2342 3652
624 345 841 385 PREMOERE
862 342 1018 383 ANNEE.
1041 368 1079 373 —
1101 350 1286 381 LETTRES
1309 351 1531 382 CURIALEs.
2063 352 2116 382 125

45 427 138 458 etiam
153 433 171 454 a
184 423 344 461 magistris
360 431 415 452 seu
430 422 584 460 capitibus
598 422 715 451 artium
737 418 987 458 particulariter,
1007 422 1047 448 et*

44 487 63 510 a
84 477 221 518 predicto
239 475 405 506 communi
422 480 452 504 et
474 475 568 504 etiam
592 483 610 503 a
631 472 745 512 populo
765 471 961 502 Bononiensi
981 479 1036 508 per

45 530 202 562 sindicum
216 529 255 559 ad
271 529 330 559 hoc
348 526 530 567 specialiter
544 526 736 561 ordinatum,
753 524 792 554 de
815 523 926 553 stando
943 531 1035 552 man-

44 583 124 615 datis
143 582 261 612 eisdem
280 591 374 620 super
395 580 544 610 omnibus
565 584 594 608 et
619 577 755 615 singulis
777 577 924 616 predictis
945 576 1035 614 jura-

44 641 150 668 mento
162 639 284 673 recepto
294 639 324 665 et
337 633 485 663 exhibitis
500 632 634 672 ydoneis
645 630 843 661 cautionibus
853 629 893 659 ab
905 628 1035 664 eisdem,

43 689 120 730 ipsis
134 697 170 719 ex
187 692 272 727 parte
288 691 394 717 nostra
411 687 469 716 sub
489 686 592 728 debito
607 685 706 723 ipsius
723 683 897 722 juramenti
916 681 1037 720 prestiti

42 742 215 774 'districtius
230 740 408 779 injungatis
424 739 507 778 quod
523 741 637 768 statuta
661 736 768 766 omnia
783 734 918 777 civitatis
937 734 1038 763 Bono-

45 794 174 830 niensis,
191 793 519 832 quejurisdictionem
535 790 675 829 aliquam
691 788 741 818 vel
753 796 878 817 merum
893 791 946 816 aut
960 787 1038 815 mix-

45 852 111 879 tum
127 846 298 885 imperium
314 846 348 874 in
367 850 449 874 terra
471 843 629 873 Medicine
646 841 784 880 predicte
803 838 1038 879 quomodolibet

45 899 214 932 exercenda
229 923 235 936 ‚
267 907 323 928 seu
353 905 568 936 quascumque
590 894 735 925 collectas
759 893 826 923 sive
852 892 953 922 tallias
985 895 1038 921 aut

44 954 216 986 exactiones
233 951 312 981 alias
327 951 407 981 inibi
423 948 614 988 generaliter
627 947 677 977 vel
690 946 867 986 specialiter
881 945 1038 975 faciendas

45 1010 186 1047 saperent
205 1003 436 1044 quoquomodo,
461 1003 498 1032 de
522 1001 614 1031 libris
635 1010 690 1030 seu
714 999 941 1039 capitularibus
959 999 1039 1037 ipso-

44 1069 114 1092 rum
128 1058 280 1089 abradant
294 1057 441 1092 omnino,
455 1064 491 1085 ea
506 1054 557 1085 vel
572 1053 690 1084 similia
702 1053 792 1083 nullo
803 1061 946 1091 unquam
962 1056 1039 1081 tem-

41 1121 117 1154 pure
130 1110 336 1150 resumpturi;
355 1114 384 1139 et
404 1108 489 1148 quod
504 1113 654 1147 potestas,
673 1107 874 1146 capitaneus,
891 1105 1036 1140 amiani,

44 1165 197 1202 eonsules,
213 1163 357 1202 magistri
379 1167 409 1193 et
423 1162 541 1192 artium
557 1161 659 1200 'capita
681 1160 847 1190 memorati
873 1159 1038 1188 universos

42 1219 83 1251 de
95 1217 233 1258 predicta
244 1221 325 1247 terra
335 1215 495 1246 Medicine
506 1214 654 1245 bannitos
670 1213 851 1252 quantotius
864 1211 1038 1242 liberaliter

44 1271 214 1308 nbanniri,
238 1278 411 1308 eorumque
430 1268 563 1298 nomina
577 1268 611 1297 in
634 1266 726 1297 libris
747 1266 952 1296 bannitoinm
977 1265 1038 1295 Bo-

45 1324 257 1360 noniensium,
273 1322 308 1352 in
322 1322 438 1360 quibus
453 1320 631 1359 conscripta
647 1320 810 1356 dicuntur,
827 1319 952 1358 penitus
968 1326 1038 1348 can-

45 1376 160 1414 conari,
179 1375 310 1406 ulterius
334 1374 368 1404 in
392 1373 483 1404 libris
506 1373 583 1412 ipsis
606 1372 655 1402 vel
677 1372 748 1402 aliis
767 1371 903 1401 minime
925 1371 1040 1400 rescri-

45 1429 150 1467 bendi,
163 1438 200 1459 ac
211 1437 321 1459 eorum
336 1427 504 1467 ymagines
519 1428 554 1456 in
568 1426 712 1464 ejusdem
728 1425 909 1455 communis
926 1424 1039 1463 palatio

46 1487 78 1514 et
87 1481 184 1522 portis
197 1481 332 1512 civitatis
349 1480 502 1519 prelibate
517 1479 657 1518 depictas
672 1479 789 1508 faciant
809 1477 945 1508 totaliter
964 1477 1040 1506 abo-

46 1535 115 1567 hri.
142 1534 293 1573 Quodque
320 1533 358 1563 de
387 1533 572 1563 bominibus
601 1537 682 1562 terre
714 1531 872 1561 Medicine
904 1530 1039 1569 predicte

48 1596 211 1621 commune
222 1587 378 1627 prefatum
396 1586 445 1617 vel
459 1586 638 1624 singulares
655 1585 756 1624 ipsius
771 1593 904 1623 persone
921 1592 1039 1622 nequa·

49 1651 142 1682 qnam
156 1641 216 1672 sibi
229 1641 388 1681 justitiam
405 1641 540 1676 faciant,
558 1639 612 1669 sed
629 1647 699 1668 eam
720 1647 738 1667 a
757 1642 877 1668 rectore
893 1637 973 1667 dicte
991 1636 1041 1666 vel

50 1695 116 1736 ejus
129 1694 331 1732 officialibus,
349 1703 403 1724 seu
425 1703 443 1723 a
465 1698 583 1723 rectore
599 1691 799 1728 Romaniole,
818 1691 872 1730 qui
888 1699 943 1729 pro
962 1694 1040 1720 tem-

49 1756 120 1788 pore
131 1747 234 1786 fuerit,
249 1747 298 1778 vel
313 1748 382 1786 ejus
394 1746 585 1777 officialibus
601 1745 769 1784 requirant
785 1748 815 1774 et
831 1743 985 1782 recipiant
1003 1743 1040 1773 de

50 1800 182 1839 eisdem,
204 1800 268 1831 illis
293 1800 457 1831 dumtaxat
474 1799 610 1838 exceptis
626 1799 681 1837 qui
698 1794 821 1837 dejure
836 1802 876 1832 et,
894 1801 986 1836 prout
1003 1796 1041 1826 de

47 1855 127 1895 iure,
142 1854 262 1885 ratione
281 1853 388 1884 delicti
403 1853 507 1883 forum
524 1852 725 1882 Bononiense
741 1851 940 1881 sortirentur.
962 1850 1041 1886 Qui-

50 1908 108 1940 bus
126 1908 272 1939 omnibus
288 1912 318 1938 et
333 1907 467 1945 singulis
486 1906 656 1937 efficaciter
673 1905 864 1944 adimpletis,
886 1904 1042 1943 predictos

51 1965 240 2002 potestatem,
257 1961 469 2000 capitaneum,
486 1960 648 1997 ansianos,
665 1958 811 1989 consules
828 1961 857 1988 et
875 1958 1043 1996 magistros

52 2023 106 2046 sen
119 2015 217 2054 capita
230 2015 346 2044 artium
363 2017 393 2043 et
408 2012 620 2049 consiliarios,
640 2012 697 2051 qui
714 2016 789 2041 sunt
802 2015 832 2041 et
846 2011 901 2050 qui
914 2011 1044 2040 fuerunt

0 2073 4 2078 '
50 2075 104 2108 pro
118 2071 255 2107 tempore
267 2091 275 2105 ‚
295 2067 517 2106 undecumque
531 2066 606 2103 sint,
626 2074 662 2095 ac
676 2065 756 2095 alias
773 2064 952 2102 singulares
970 2073 1042 2102 per-

51 2128 139 2152 sonas
156 2121 290 2151 civitatis
311 2124 341 2151 et
359 2120 521 2150 districtus
547 2119 667 2158 ipsius,
695 2118 728 2148 id
748 2117 916 2148 humiliter
938 2122 1044 2156 postu-

52 2172 161 2211 lantes,
176 2173 215 2206 ab
230 2173 339 2204 eadem
352 2172 694 2204 excommunicationis
709 2171 869 2202 sententia
883 2171 973 2209 juxta
986 2170 1047 2200 for-

52 2235 134 2258 mam
151 2227 280 2258 ecclesie
301 2227 482 2264 absolvatis,
501 2231 531 2257 et
547 2226 753 2257 interdictum
771 2224 977 2264 hujusmodi,
995 2224 1047 2254 cui

51 2279 187 2320 predicta
200 2280 311 2311 civitas
334 2285 364 2311 et
387 2280 540 2311 suburbia
558 2284 683 2319 propter
706 2279 862 2318 premissa
883 2278 1047 2317 subjacere

53 2337 236 2370 noscuntur,
259 2333 444 2364 auctoritate
459 2338 567 2363 nostra
590 2332 731 2362 relaxare
751 2332 878 2362 curetis.
898 2331 1046 2362 Ceterum

53 2384 194 2417 volumus
211 2390 241 2417 et
255 2395 291 2417 ex
311 2395 398 2417 nunc
417 2387 615 2426 presentium
638 2386 825 2416 auctoritate
844 2385 1048 2415 decernimus

54 2442 98 2476 ut,
121 2440 264 2478 quotiens
287 2439 465 2478 predictum
490 2448 659 2470 commune
678 2448 732 2478 per
753 2448 785 2469 se
802 2438 852 2468 vel
867 2447 924 2477 per
945 2438 1047 2468 alium

55 2499 107 2523 seu
121 2491 197 2523 alios
213 2492 331 2523 dictam
347 2497 463 2523 terram
479 2493 529 2523 vel
547 2494 614 2532 ejus
636 2493 817 2523 districtum
835 2496 889 2522 aut
905 2491 1049 2530 aliquam

55 2545 120 2585 ejus
139 2549 257 2585 partem
272 2546 421 2585 deinceps
437 2547 674 2585 occupaverint,
694 2546 872 2576 invaserint
888 2549 918 2575 et
937 2546 1048 2575 devas-

55 2598 198 2636 taverint,
217 2608 271 2629 seu
296 2608 422 2629 merum
441 2604 496 2629 aut
517 2599 654 2629 mixtum
676 2599 848 2638 imperium
869 2598 918 2628 vel
951 2597 1047 2636 juris-

56 2649 223 2682 dictionem
238 2651 378 2691 aliquam
395 2652 477 2682 inibi
493 2652 700 2688 exercuerint,
719 2661 773 2681 seu
799 2655 982 2690 potestatem
1001 2649 1050 2679 vel

57 2702 204 2734 officiales
219 2703 374 2742 elegerint
392 2704 431 2734 ad
448 2705 596 2741 eandem,
622 2709 676 2735 aut
691 2706 760 2743 ejus
776 2704 902 2741 incolis,
919 2703 1051 2734 domum

43 2755 91 2785 'in
121 2756 245 2788 civitate
276 2757 325 2787 vel
357 2758 500 2788 districtu
526 2757 722 2788 Bononiensi
755 2762 810 2788 aut
839 2757 1051 2797 possessiones

57 2806 175 2848 aliquas
199 2810 232 2839 in
254 2810 400 2854 districtu
424 2811 492 2849 ipso
514 2810 650 2840 minime
675 2811 902 2847 obtinentibus,
930 2810 1052 2840 ratione

57 2860 195 2899 ipsarum
215 2862 388 2899 dumtaxat,
407 2863 586 2893 functiones
608 2863 731 2901 aliquas
748 2864 979 2902 imposuerint,
1003 2862 1053 2892 vel

59 2911 201 2944 collectas
215 2919 270 2945 aut
289 2915 352 2945 alia
373 2924 470 2945 onera
491 2924 546 2945 seu
568 2915 690 2945 dudum
708 2916 869 2954 impositas
892 2916 1054 2953 exegerint

60 2965 99 2996 ah
113 2966 242 3004 eisdem,
260 2972 393 3006 potestas
409 2973 438 2997 et
452 2968 633 3006 capitaneus
650 2968 880 3006 Bononienses,
900 2968 959 2998 sub
975 2976 1053 3007 quo-

61 3026 131 3048 rum
154 3020 308 3058 regimine
332 3021 471 3059 predicta
492 3020 539 3050 vel
557 3020 685 3059 aliquod
701 3021 914 3059 predictorum
935 3022 1055 3051 fuerint

1116 419 1309 455 attemptata,
1324 426 1448 447 necnon
1462 417 1599 454 ansiani,
1615 417 1772 453 consules,
1786 417 1931 454 magistri
1944 426 2001 447 seu
2014 418 2118 456 capita

1117 470 1244 505 artium,
1262 470 1437 500 consiliarii
1453 474 1481 500 et
1496 471 1602 509 quivis
1620 470 1703 500 dicte
1718 470 1855 500 civitatis
1871 470 2022 500 officiales
2036 494 2043 507 ,
2061 471 2117 509 qui

1118 523 1152 552 in
1180 523 1242 552 hiis
1268 523 1411 552 dederint
1432 524 1623 560 consilium,
1648 523 1805 553 auxilium
1826 524 1875 553 vel
1898 523 2058 558 favorem,
2082 532 2118 554 ac

1118 583 1312 605 successores
1328 585 1448 612 eorum,
1465 577 1491 606 si
1509 586 1545 606 ea
1559 577 1643 606 infra
1661 585 1805 606 mensem
1821 585 1886 606 non
1899 577 2119 607 revocaverint

1119 636 1191 658 cum
1208 629 1332 665 effectu,
1349 632 1379 658 et
1403 629 1440 659 de
1457 629 1603 668 dampnis
1622 634 1653 659 et
1674 629 1806 667 injuriis
1829 629 1971 668 plenarie
1994 630 2118 660 satisfe-

1119 681 1236 718 cerint,
1261 682 1600 712 excommunicationis
1618 683 1683 711 sint
1698 682 1826 713 vinculo
1844 683 2004 719 innodati,
2022 689 2052 713 et
2066 684 2117 713 ni-

1119 734 1314 764 chilominus
1337 735 1475 773 predicta
1495 735 1624 771 civitas,
1645 736 1706 765 nisi
1732 736 1884 774 prefatam
1902 741 2018 766 terram
2035 737 2120 767 infra

1119 790 1186 817 octo
1202 787 1268 816 dies
1284 792 1351 825 post
1365 788 1605 826 occupationem
1627 788 1729 826 ipsius
1745 789 1930 819 immediate
1950 794 2120 828 sequentes

1119 839 1219 870 libere
1234 841 1440 877 restituerint,
1459 844 1487 870 et
1504 840 1596 879 plene
1612 842 1825 871 satisfecerint
1840 842 1878 872 de
1895 843 2054 881 dampnis,
2071 845 2118 873 in-

1117 892 1211 931 juriis
1228 897 1258 922 et
1272 893 1400 922 offensis
1416 893 1525 930 illatis,
1547 893 1595 923 vel
1611 903 1672 932 que
1690 894 1802 923 inferri
1822 896 1995 933 continget,
2015 896 2120 926 eidem

1121 945 1330 976 ecclesiastico
1354 947 1515 985 subjaceat
1534 947 1713 977 interdicto.
1740 947 1894 978 Volumus
1914 953 2021 978 autem
2038 950 2122 988 quod

1120 998 1158 1028 de
1173 998 1324 1037 predictis
1344 999 1493 1029 omnibus
1511 1004 1541 1029 et
1563 999 1700 1037 singulis
1720 1000 1833 1030 confici
1853 1001 1976 1031 faciatis
1996 1001 2122 1040 publica

1119 1052 1344 1088 instrumenta,
1366 1052 1422 1082 illa
1439 1053 1532 1082 nobis
1553 1062 1607 1091 per
1632 1053 1759 1083 fidelem
1781 1054 1933 1084 nuntium
1953 1056 2121 1085 transmis-

1121 1106 1198 1142 suri,
1217 1115 1252 1136 ac
1267 1106 1478 1143 significaturi
1494 1106 1585 1136 nobis
1601 1115 1656 1145 per
1671 1111 1790 1136 vestras
1805 1107 1927 1137 litteras
1943 1107 2058 1138 harum
2074 1118 2122 1139 se-

1120 1159 1202 1198 riem
1228 1159 1426 1189 continentes
1444 1159 1597 1198 quicquid
1622 1159 1760 1189 feceritis
1785 1160 1819 1189 in
1844 1161 2018 1198 premissis.
2049 1161 2122 1192 Dat.

1121 1213 1218 1242 Reate
1232 1236 1240 1249 ‚
1262 1222 1285 1242 11
1305 1212 1458 1243 kalendas
1476 1213 1680 1252 septembris,
1696 1222 1781 1243 anno
1797 1214 1910 1252 primo.
1937 1226 1949 1240 n

1193 1439 1385 1468 617-(318
1733 1440 1826 1474 Rieti,
1844 1440 1873 1466 -21
1891 1441 1958 1467 aont
1977 1440 2052 1468 1288.

1158 1529 1275 1556 Decima
1294 1530 1498 1556 beneficiorum
1519 1529 1780 1556 ecclesiasticorum
1803 1539 1853 1565 pro
1874 1529 1988 1556 Siciliae
2011 1530 2124 1564 negotio

1122 1579 1287 1605 constituta.
1306 1578 1388 1610 (Reti.
1408 1578 1449 1609 44,
1466 1587 1491 1605 c.
1510 1579 1552 1612 50,
1571 1579 1587 1605 f.
1605 1578 1638 1605 98
1655 1580 1701 1610 νῦ.)

1161 1723 1301 1752 Nicotaus
1316 1727 1367 1752 etc.
1390 1723 1612 1751 Venerabilibus
1626 1722 1776 1758 fratribus
1793 1723 1943 1751 universis
1959 1722 2125 1759 archiepis-

1123 1777 1203 1813 copis
1220 1780 1246 1804 et
1262 1776 1414 1813 episcopis,
1434 1784 1468 1804 ac
1483 1775 1599 1804 dilectis
1622 1774 1696 1811 filiis
1712 1775 1828 1810 electis,
1847 1775 2013 1809 abbatibus,
2038 1776 2124 1812 prio-

1123 1830 1219 1865 ribus,
1240 1830 1378 1865 decanis,
1397 1829 1623 1857 archidiaconis
1639 1829 1818 1865 ,prepositis
1831 1852 1838 1865 ,
1857 1828 2126 1866 archipresbyteris

1106 1896 1108 1898 v
1124 1887 1149 1912 et
1164 1883 1235 1911 aliis
1257 1882 1451 1912 ecclesiarum
1461 1882 1597 1919 prelatis,
1615 1882 1769 1919 capitulis,
1787 1883 1982 1911 conventibus
1997 1887 2021 1911 et
2039 1882 2125 1911 colle-

1123 1936 1182 1972 9iz's
1204 1935 1427 1970 Cisterciensis,
1445 1935 1669 1971 Cluniacensis,
1693 1936 1982 1964 Premonstracensis
1995 1957 2002 1970 ‚
2022 1934 2127 1964 Sancti

1126 1989 1285 2024 Benedicti,
1301 1989 1406 2018 Sancti
1420 1989 1598 2025 Augustini,
1614 1988 1826 2023 Cartusiensis,
1842 1989 2128 2017 Grandimontensis

1126 2046 1151 2071 et
1168 2043 1301 2071 aliorum
1317 2042 1473 2077 ordinum,
1490 2051 1603 2071 necnon
1623 2043 1779 2079 prioribus
1793 2041 1899 2071 Sancti
1917 2043 2066 2071 Jolmnnis
2080 2042 2128 2071 Je-

1126 2095 1344 2131 rosolimitani,
1363 2095 1521 2124 domorum
1536 2096 1645 2124 militie
1665 2095 1775 2132 Templi
1791 2095 1913 2124 etBeate
1928 2095 2021 2123 Marie
2040 2095 2129 2124 Theo-

1129 2149 1299 2178 ionicorum
1312 2149 1545 2186 preceptoribus,
1564 2149 1725 2186 ceterisque
1741 2149 1880 2178 omnibus
1898 2149 2034 2186 personis
2044 2148 2130 2177 eccle-

1127 2203 1258 2231 siasticis
1267 2203 1461 2239 reyularibus
1472 2207 1498 2231 et
1510 2203 1707 2236 secularibus,
1718 2203 1860 2239 exemptis
1868 2207 1894 2231 et
1906 2211 1965 2231 non
1975 2203 2129 2239 exemptis,

1125 2263 1179 2292 per
1203 2263 1333 2292 reqnum
1350 2255 1453 2284 Sicilie
1470 2256 1651 2291 constitutis,
1676 2256 1804 2284 salutem
1822 2260 1875 2284 etc.
1902 2255 1961 2285 Eos
1985 2258 2073 2292 rogat
2097 2258 2132 2283 ut

1129 2308 1285 2337 decimam
1304 2316 1433 2338 suorum
1452 2308 1599 2338 omnium
1619 2307 1902 2338 ecclesiasticorum
1926 2308 2109 2338 reddituum
2121 2332 2128 2345 ,

1130 2366 1342 2400 proventuum
1358 2365 1388 2390 et
1407 2361 1635 2391 obventionum
1652 2370 1707 2400 per
1728 2370 1852 2391 annum
1870 2370 1973 2391 unum
1990 2360 2130 2391 liberali-

1130 2418 1177 2443 ter
1203 2414 1241 2443 ad
1266 2413 1497 2444 deffensionem
1519 2413 1645 2443 Siciliae
1661 2414 1855 2451 concedant,
1878 2418 1907 2444 et
1924 2413 1976 2451 G.,
1993 2413 2131 2452 episcopi

1130 2467 1334 2503 Sabinensis,
1360 2467 1547 2505 apostolicae
1571 2467 1655 2496 sedis
1678 2467 1784 2505 legati,
1802 2472 1832 2497 et
1857 2466 1974 2497 nobilis
1992 2467 2053 2495 viri
2069 2467 2130 2502 R.‚

1130 2521 1255 2551 comitis
1272 2521 1500 2556 Atrebatensis,
1518 2521 1697 2559 bajulorum
1716 2521 1798 2558 regis
1815 2520 1943 2550 Siciliae
1961 2528 2056 2558 super
2072 2519 2131 2549 hoc

1132 2575 1388 2611 constitutorum,
1407 2574 1678 2605 exhortationibus
1697 2578 1837 2613 pareant.

1175 2639 1187 2654 α
1206 2627 1309 2657 Habet
1327 2632 1362 2657 ut
1376 2628 1552 2657 creditur...
1570 2645 1608 2648 —
1628 2627 1698 2656 Dat.
1716 2627 1824 2663 Reate,
1843 2636 1883 2656 x11
1900 2625 2052 2656 kalendas
2067 2634 2133 2664 sep-

1133 2681 1274 2717 tembris,
1291 2689 1376 2710 anno
1394 2681 1506 2719 primo.
1528 2693 1541 2707 n

1173 2735 1211 2764 In
1237 2743 1264 2764 e.
1282 2743 1325 2763 m.
1344 2734 1474 2763 eisdem.
1503 2746 1516 2760 α
1538 2734 1636 2763 Habet
1655 2737 1689 2762 ut
1705 2732 1843 2762 creditur
1871 2736 1929 2762 etc.
1947 2756 1954 2769 ,
1982 2736 2016 2762 ut
2040 2740 2135 2770 supra

1134 2796 1234 2827 usque
1259 2787 1294 2816 in
1315 2786 1390 2816 fine.
1414 2785 1568 2825 Alioquin
1596 2785 1699 2814 eidem
1725 2785 1828 2822 legato
1853 2793 1907 2823 per
1922 2784 1999 2813 alias
2014 2783 2134 2814 litteras

1135 2845 1258 2871 nostras
1281 2840 1483 2879 injungimus
1502 2843 1537 2868 ut
1553 2847 1608 2868 vos
1634 2839 1799 2867 universos
1816 2842 1846 2867 et
1873 2836 2016 2875 singulos
2033 2836 2071 2866 ad
2088 2836 2132 2871 id,

1135 2894 1312 2924 monitione
1327 2892 1491 2931 premissa,
1511 2891 1694 2921 auctoritate
1712 2894 1831 2927 nostra,
1846 2891 1958 2929 quavis
1973 2894 2076 2919 vestra
2085 2898 2137 2928 ap-

1136 2947 1308 2986 pellatione
1324 2945 1502 2985 postposita,
1521 2944 1698 2983 compellat.
1717 2944 1788 2973 Dat.
1806 2948 1842 2973 ut
1858 2952 1962 2982 supra.
1982 2955 1995 2969 n
