2342 3652
934 363 1167 402 TaoismME
1182 364 1340 403 ANNE'E.

91 437 256 467 Leodiensis
270 437 404 466 diocesis.
418 436 658 474 Indulgentiam
671 436 769 466 unius
780 437 858 466 anni
873 441 902 466 et
916 447 953 467 xr.
970 437 1097 467 dierum

88 489 233 520 concedit
251 490 296 519 eis
313 489 370 527 qui
385 488 550 519 ecclesiam
569 489 761 527 praedictam
778 489 813 518 in
831 490 967 527 singulis
989 491 1098 520 beatae

92 543 211 573 Mariae
224 542 369 580 virginis,
383 542 415 572 S.
434 542 605 572 Michaelis
621 542 807 580 archangeli
821 548 851 572 et
862 547 988 572 sanctae
1003 544 1098 573 Kate-

91 596 180 626 rinae
194 595 417 625 festivitatibus
430 619 436 632 ‚
454 604 510 634 per
523 599 592 625 octo
608 595 675 625 dies
690 595 876 626 festivitates
891 598 974 634 ipsas
986 597 1097 626 imme-

90 648 174 678 diate
189 652 357 686 sequentes
373 652 405 677 et
420 648 456 677 in
473 649 697 678 anniversario
715 648 767 678 die
783 649 993 679 dedicationis
1010 650 1095 688 ejus-

90 701 163 732 dem
179 701 327 731 ecclesiae
343 701 556 732 visitaverint.

133 767 146 782 ι
163 754 244 785 Cum
261 754 301 783 ad
316 754 567 793 promerenda...
592 771 632 778 —
653 755 726 784 Dat.
749 756 870 790 Rome,
895 755 977 794 apud
998 755 1094 785 Sanc-

91 812 155 838 tam
173 807 308 837 Mariam
330 808 506 846 Majorem,
523 817 579 837 xm
601 808 756 838 kalendas
782 808 910 847 aprilis,
929 817 1014 838 auno
1035 813 1094 838 ter-

91 861 146 893 tio.
165 873 179 888 2
313 894 316 898 ,

130 915 168 945 In
183 923 210 944 e.
222 923 264 944 m.
277 936 298 945 ..
312 914 589 953 archipresbytero
604 919 632 945 et
647 915 784 954 capitulo
795 915 947 945 ecelesiae
960 914 1094 945 Sanctae

90 967 208 998 Mariae
223 967 261 997 de
277 966 423 997 Palliano
437 991 445 1005 ,
463 968 671 997 Penestrinae
694 968 857 998 dioecesis.
883 968 1024 997 Eandem
1044 969 1094 998 in-

87 1020 288 1058 dulgentiam
304 1021 449 1050 concedit
465 1021 512 1050 eis
533 1021 589 1060 qui
612 1021 695 1050 hanc
717 1021 882 1051 ecclesiam
905 1022 938 1050 in
957 1021 1094 1060 singulis

89 1073 315 1104 festivitatibus
344 1073 454 1103 beatae
484 1074 606 1103 Mariae
635 1074 770 1111 virginis
794 1079 823 1104 et
852 1084 906 1113 per
933 1078 1000 1104 octo
1026 1075 1094 1105 dies

89 1125 274 1156 festivitates
289 1126 374 1165 ipsas
391 1125 580 1166 immediate
595 1130 765 1165 sequentes
781 1127 993 1157 visitaverint.

467 1326 827 1361 sainte-Marie-Majeure,
849 1328 878 1354 13
893 1328 962 1354 avril
980 1328 1056 1355 1290.

125 1326 379 1355 2583-2300

122 1388 330 1423 Indulgentiae.
346 1388 428 1421 (Rae.
451 1389 483 1415 45
498 1410 503 1416 .
525 1397 550 1415 c.
579 1389 650 1423 1312,
666 1389 686 1415 f.
702 1389 735 1415 ‘22
753 1390 798 1423 ro.)

130 1529 150 1536 ..
166 1505 276 1535 rectori
292 1505 411 1534 ecclesie
426 1505 510 1533 Beate
531 1505 626 1533 Marte
648 1506 681 1534 de
704 1505 830 1540 Busche,
847 1507 1014 1536 Leodiensis
1030 1508 1093 1536 dio-

87 1559 170 1589 cesis.
189 1557 429 1595 Indulgentiam
446 1558 542 1587 unius
557 1559 635 1587 anni
653 1563 682 1588 et
697 1568 734 1588 xx,
752 1559 877 1589 dierum
893 1560 1092 1590 concediteis

86 1611 142 1650 qui
159 1610 351 1650 praedictam
366 1611 534 1641 ecclesiam
550 1612 583 1640 in
600 1611 738 1650 siugulis
760 1612 867 1642 beatae
895 1613 1015 1644 Mariae
1031 1614 1092 1643 vir-

87 1665 171 1703 ginis
185 1668 216 1694 et
230 1664 317 1694 beati
339 1665 503 1694 Laurentii
520 1665 672 1704 martyris
689 1665 932 1702 festivitatibus,
951 1676 1006 1705 per
1024 1671 1091 1698 octo

85 1718 154 1748 dies
168 1717 354 1748 festivitates
372 1718 457 1756 ipsas
482 1718 668 1748 immediate
692 1723 862 1757 sequentes
888 1724 916 1749 et
937 1720 969 1749 in
995 1720 1090 1749 anni-

86 1771 229 1801 versario
246 1770 299 1800 die
318 1770 526 1801 dedicationis
548 1771 692 1811 ejusdem
709 1771 860 1802 ecclesiae
878 1773 1089 1804 visitaverint.

127 1836 142 1852 «
161 1823 291 1854 Excelsa
306 1833 401 1863 super
416 1825 568 1863 sydera...
583 1840 624 1847 —
639 1825 709 1855 Dat.
727 1825 839 1861 Rome,
857 1831 890 1855 ut
910 1835 1015 1864 supra,
1030 1827 1090 1856 idi-

85 1877 144 1908 bus
158 1877 267 1916 aprilis
278 1900 287 1914 ‚
303 1886 390 1907 anno
406 1878 508 1909 tertio.
528 1890 542 1904 »

123 1931 164 1961 In
178 1939 205 1961 e.
224 1940 268 1960 m.
292 1931 452 1961 universis
467 1931 588 1961 Christi
605 1931 753 1961 fidelibus
775 1936 956 1970 praesentes
969 1932 1090 1962 litteras

83 1985 286 2026 inspecturis.
300 1986 443 2016 Eandem
458 1986 697 2025 indulgentiam
711 1987 855 2018 concedit
868 1988 912 2017 eis
928 1988 982 2027 qui
993 1988 1091 2018 eccle-

85 2039 164 2069 siam
191 2039 299 2069 Sancti
326 2040 492 2069 Laurentii
519 2041 671 2079 martyris
695 2040 733 2070 de
755 2040 875 2077 Helue,
908 2041 1090 2071 Leodiensis

80 2091 248 2129 dioecesis,
267 2092 302 2121 in
319 2092 463 2132 ejusdem
479 2093 631 2132 martyris
647 2098 677 2123 et
693 2093 801 2123 beatae
818 2094 936 2124 Mariae
954 2094 1090 2131 virginis

83 2145 308 2176 festivitatibus
324 2170 331 2183 ‚
348 2155 404 2185 per
418 2150 486 2176 octo
502 2147 569 2176 dies
593 2147 780 2176 festivitates
800 2147 884 2186 ipsas
904 2147 1089 2177 immediate

83 2201 254 2238 sequentes
275 2203 306 2228 et
329 2199 363 2228 in
386 2199 612 2229 anniversario
635 2199 686 2230 die
709 2200 919 2230 dedicationis
945 2200 1088 2239 ejusdem
1120 2230 1123 2231 γ

83 2251 236 2282 ecclesiae
249 2252 463 2282 visitaverint.

125 2316 138 2332 α
154 2305 244 2335 Inter
253 2305 450 2335 venerabilia
467 2307 677 2336 martirum...
692 2323 729 2328 —
744 2307 816 2336 Dat.
834 2310 986 2345 utsupra.
1008 2318 1020 2332 υ

153 2501 265 2532 zeni

118 2563 303 2600 Dispensatio
318 2565 502 2592 matrimonii.
524 2565 606 2593 (Rae.
623 2566 671 2598 45,
687 2574 711 2592 c.
732 2566 790 2597 132,
812 2566 830 2592 f.
849 2566 881 2592 22
898 2568 944 2597 r0.)

435 2503 795 2539 Sainte-Marie-Majeure,
814 2505 851 2531 1⁶¹·
866 2505 921 2531 mai
942 2504 1015 2532 1290.

125 2689 146 2696 ..
157 2667 331 2704 quar-diano
341 2667 479 2703 fratrum
495 2668 613 2696 ordinis
624 2668 777 2697 minorum
794 2669 1090 2706 Tranensscommit-

82 2718 120 2748 tit
137 2722 295 2757 quatenus
317 2728 390 2749 cum
415 2719 518 2750 nobili
541 2720 609 2750 viro
630 2720 778 2751 Maziotto
800 2721 924 2751 Nicolai
948 2722 1034 2751 Petri
1052 2722 1090 2752 de

80 2769 161 2802 Octa
175 2775 206 2801 et
221 2771 321 2801 nobili
336 2771 473 2802 muliere
488 2772 639 2802 Johanna
653 2773 814 2811 dispenset
831 2778 863 2803 ut
879 2774 912 2803 in
929 2775 1088 2806 matrimo-

83 2823 138 2853 nio
159 2823 364 2862 quodrolim,
394 2825 579 2863 ignorantes
605 2835 638 2855 se
665 2831 776 2865 quarto
803 2829 1090 2865 consanguinitatis

79 2877 183 2915 gradu
198 2878 403 2916 conjunctos,
421 2879 459 2908 ad
476 2873 633 2909 sedandas
648 2880 836 2910 inimicitias
850 2881 936 2910 inter
954 2890 1090 2912 consan-

83 2931 234 2968 guineos,
252 2935 480 2961 contraxerunt
496 2941 663 2968 remanere
683 2932 818 2963 valeant.

124 2994 139 3011 ι
160 2983 306 3014 Exhibita
322 2985 412 3014 nobis
431 2984 577 3015 dilecti...
597 3002 632 3008 —-
651 2986 722 3015 Dat.
745 2986 866 3024 Rome,
885 2987 968 3026 apud
991 2988 1089 3018 Sanc-

84 3040 148 3066 tam
167 3037 302 3066 Mariam
321 3038 476 3077 Majorem
488 3061 496 3075 ,
513 3038 660 3068 kalendis
676 3040 771 3077 maii,
790 3048 875 3070 anno
895 3041 994 3070 tertio.
1014 3051 1028 3070 )

2125 381 2184 413 437

1249 439 1365 469 2802
1553 442 1910 479 Sainte-Marie-MaJ‘eure‚
1929 447 1943 472 7
1959 446 2014 472 mai
2031 447 2108 474 1290.

1213 499 1375 527 Matthaeus
1394 502 1620 538 Famagustanus
1636 507 1791 541 episcopus
1810 507 2006 535 confirmatur.
2026 508 2106 539 (Rae.
2132 511 2179 543 45,

1178 556 1203 574 c.
1226 549 1283 582 133,
1300 550 1318 576 f.
1337 550 1368 576 22
1385 554 1432 584 r0.)

1222 636 1388 667 Venerabili
1403 640 1500 674 fratri
1513 642 1626 671 Matheo
1641 667 1647 677 ‚
1661 645 1794 682 episcopo
1807 645 2040 682 Famaqustano.
2058 645 2180 675 Confir-

1177 694 1242 718 mat
1260 690 1380 720 litteras
1400 693 1515 731 quibus
1538 695 1734 732 Matthaeus,
1760 697 1867 727 Sancti
1884 698 2048 728 Laurentii
2064 699 2099 728 in
2117 699 2181 728 Da-

1177 750 1264 772 maso
1279 745 1633 784 presbytercardinalis,
1647 749 1833 779 electionem
1847 751 2001 781 Matthaei
2013 752 2051 781 ad
2066 752 2181 790 episco-

1177 799 1285 843 patum
1307 797 1578 835 Famagnstanum
1603 802 1818 839 confirmavit3
1841 813 1979 842 quarum
2001 804 2180 835 litterarum

1177 852 1268 878 tenor
1283 849 1334 879 hic
1353 856 1399 880 est
1417 861 1423 881 :

1219 913 1232 927 «ι
1250 902 1434 933 Venerabili
1452 905 1483 933 in
1502 905 1631 936 Christo
1647 907 1747 944 patri,
1766 908 1855 937 tratri
1874 910 2018 947 Matheo,
2037 911 2095 940 Dei
2113 920 2181 950 gra-

1177 965 1192 980 »
1217 955 1259 983 tia
1282 956 1515 995 Famagustano
1540 959 1702 998 episcopo,
1732 960 1826 990 frater
1857 962 2021 999 Matheus‚
2047 964 2180 993 misera-

1179 1018 1191 1033 »
1217 1008 1302 1037 tione
1311 1008 1419 1038 divina
1431 1010 1514 1039 tituli
1525 1010 1636 1040 Sancti
1646 1012 1811 1041 Laurentii
1823 1014 1856 1042 in
1869 1014 2006 1044 Damaso
2018 1016 2182 1054 presbyter

1177 1071 1191 1086 »
1215 1061 1388 1090 cardinalis
1403 1086 1409 1097 ,
1428 1062 1562 1092 salutem
1579 1068 1607 1092 et
1624 1064 1778 1093 sinceram
1798 1065 1833 1094 in
1851 1066 1986 1096 Domino
2006 1068 2177 1098 caritatem.

1177 1125 1190 1140 n
1216 1114 1416 1151 Significavit
1439 1121 1541 1146 vestra
1562 1119 1734 1155 paternitas
1757 1120 1957 1150 sanctissimo
1975 1122 2054 1159 patri
2075 1126 2104 1151 et
2129 1122 2182 1152 do-

1177 1179 1190 1194 »
1215 1169 1304 1198 mino
1330 1169 1460 1199 domino
1482 1170 1612 1201 Nicolao
1636 1181 1714 1210 pape
1738 1172 1803 1202 IIII
1826 1173 1927 1211 quod,
1951 1183 2024 1204 cum
2043 1174 2120 1205 olim
2146 1176 2180 1205 in

1176 1232 1190 1247 »
1213 1222 1394 1261 episcopum
1408 1223 1539 1254 ecclesie
1554 1225 1798 1263 Famagustane,
1816 1227 1958 1257 vacantis
1976 1237 2030 1266 per
2047 1233 2181 1258 mortem

1176 1287 1190 1301 ⁷>
1215 1275 1338 1305 domini
1357 1276 1523 1306 Guillelmi
1540 1278 1676 1316 episcopi
1690 1303 1696 1315 ,
1713 1287 1766 1308 vos
1782 1279 1955 1318 capitulum
1971 1281 2071 1319 ipsius
2083 1281 2181 1311 eccle-

1176 1340 1190 1355 »
1215 1329 1276 1365 sie,
1293 1329 1332 1358 ad
1347 1339 1426 1368 quos
1442 1331 1600 1369 spectabat
1617 1331 1727 1361 electio
1740 1355 1748 1368 ,
1764 1333 1962 1362 concorditer
1981 1337 2011 1362 et
2027 1334 2181 1364 canonice

1175 1393 1190 1407 »
1214 1382 1401 1420 elegissent.
1427 1384 1608 1413 obtinuistis
1633 1384 1819 1415 electionem
1842 1386 1960 1424 ipsam,
1989 1387 2180 1417 examinatis

1177 1446 1189 1461 ι)
1215 1435 1377 1465 electionis
1399 1445 1544 1474 processu
1567 1442 1596 1466 et
1618 1447 1751 1475 persone
1768 1439 1906 1470 meritis,
1924 1440 2108 1470 confirmari
2127 1450 2180 1479 per

1177 1500 1190 1515 n
1214 1489 1392 1518 Heni-icum
1409 1490 1447 1519 de
1463 1490 1616 1527 Gibeleto,
1634 1491 1894 1522 archidiaconum
1911 1497 1939 1523 et
1952 1493 2086 1523 electum
2104 1498 2181 1524 tunc

1175 1554 1190 1569 »
1214 1543 1454 1581 Nicosiensem,
1475 1553 1539 1573 non
1565 1545 1806 1581 confirmatum,
1831 1547 1920 1584 cujus
1943 1547 2177 1584 Famagustana

1172 1608 1185 1623 ι
1213 1597 1343 1626 ecclesia
1366 1597 1564 1633 suffraganea
1584 1599 1749 1635 existebat,
1769 1599 1824 1637 qui
1847 1600 2021 1638 HeuricuS,
2040 1605 2178 1638 tempore

1175 1663 1188 1677 n
1210 1651 1464 1680 confirmationis
1476 1656 1588 1680 vestre.
1608 1653 1820 1682 communiter
1832 1653 1865 1681 in
1882 1653 2024 1691 partibus
2035 1653 2100 1682 illis
2111 1662 2177 1683 cre-

1176 1716 1188 1731 n
1213 1704 1346 1733 debatur
1365 1704 1560 1734 concorditer
1581 1705 1613 1734 in
1632 1706 1902 1744 archiepiscopum
1926 1706 2059 1744 electus,
2086 1709 2115 1736 et
2138 1707 2178 1736 ad

1175 1770 1188 1786 ι)
1211 1758 1337 1798 ipsum.
1360 1766 1416 1796 pro
1436 1757 1533 1787 electo
1548 1759 1745 1788 concorditer
1760 1768 1792 1789 se
1812 1764 1975 1796 gerentem
1999 1764 2028 1789 et
2055 1759 2178 1798 publice

1174 1824 1188 1839 ³>
1213 1812 1326 1841 tamin
1352 1811 1574 1850 spiritualibus
1593 1821 1688 1850 quam
1714 1813 1747 1841 in
1773 1812 1999 1851 temporalibus
2020 1813 2178 1842 adminis-

1175 1878 1188 1892 ,ν
1214 1870 1366 1896 trantem.
1392 1875 1408 1894 a
1426 1865 1634 1903 suffraganeis
1651 1871 1681 1895 et
1697 1866 1788 1901 aliis,
1809 1875 1862 1905 pro
1883 1867 2004 1896 actibus
2017 1868 2089 1904 jure
2109 1876 2176 1896 me-

1175 1932 1187 1946 n
1214 1919 1388 1958 tropolitico
1404 1919 1617 1957 requirendis,
1635 1920 1753 1958 passim
1770 1920 1946 1949 habebatur
1962 1930 2125 1956 recursus;
2143 1930 2178 1950 ac

1176 1985 1187 1999 n
1211 1973 1338 2003 obtenta
1356 1972 1600 2002 confirmatione
1617 1973 1800 2011 hujusmodi
1821 1974 1858 2003 ad
1876 1974 2061 2003 mandatum
2077 1974 2178 2013 ipsius

1173 2039 1187 2053 x>
1211 2026 1317 2055 fuistis
1333 2025 1364 2055 in
1381 2026 1563 2064 episcopum
1579 2026 1660 2055 dicte
1673 2026 1804 2056 ecclesie
1820 2027 2008 2061 consecrati,
2023 2027 2179 2056 adminis-

1172 2092 1187 2107 »
1212 2080 1316 2109 trastis
1335 2088 1463 2118 quoque
1477 2081 1588 2108 tamin
1603 2079 1824 2118 spiritualibus
1837 2089 1933 2118 quam
1949 2081 1981 2109 in
2001 2080 2179 2118 temporali-

1173 2146 1187 2161 »
1210 2134 1269 2164 bus
1290 2134 1325 2162 in
1349 2133 1469 2162 eadem.
1498 2133 1536 2162 Et
1557 2134 1649 2171 quia,
1678 2138 1844 2172 postquam
1873 2134 1959 2163 idem
1982 2133 2178 2163 Nicosiensis

1172 2200 1185 2214 »
1211 2187 1329 2217 electus
1345 2186 1561 2223 resignaverat
1582 2186 1731 2216 electioni
1754 2196 1809 2216 sue
1832 2191 1861 2216 et
1879 2187 2046 2225 omnijuri
2069 2196 2105 2216 ex
2129 2195 2178 2215 ea-

1171 2252 1186 2268 »
1209 2241 1282 2270 dem
1305 2240 1478 2278 acquisito,
1497 2239 1696 2268 asserebatur
1713 2248 1768 2277 pro
1790 2243 1874 2269 certo
1894 2239 1976 2277 quod
1993 2238 2105 2269 electio
2121 2248 2178 2268 sua

1172 2305 1184 2321 »ι
1209 2294 1244 2323 in
1258 2293 1416 2323 discordia
1432 2292 1534 2321 fuerat
1548 2292 1627 2321 facta
1643 2316 1648 2327 ,
1668 2292 1851 2321 dubitantes
1868 2301 1907 2321 ne
1925 2291 2033 2330 aliqua
2053 2296 2177 2329 propter

1172 2359 1184 2374 n
1209 2356 1245 2377 ea
1270 2351 1343 2376 nota
1364 2346 1398 2374 in
1418 2349 1578 2383 posterum
1600 2345 1689 2374 vobis
1711 2349 1812 2383 posset
1834 2345 1971 2384 impingi
1997 2344 2046 2373 vel
2068 2345 2176 2383 preju-

1171 2413 1185 2428 ι»
1208 2400 1329 2430 dicium
1353 2398 1498 2436 generari
1521 2402 1549 2427 et
1572 2397 1611 2427 ad
1635 2397 1821 2437 scrupulum
1852 2402 1954 2427 vestre
1983 2397 2177 2427 conscientie

1172 2466 1186 2481 v>
1210 2452 1373 2492 quodlibet
1388 2450 1635 2487 removendum,
1653 2451 1736 2480 dicto
1759 2459 1885 2480 summo
1901 2451 2043 2489 pontifici
2059 2450 2177 2488 suppli-

1172 2520 1186 2534 »
1209 2506 1302 2537 castis
1316 2510 1472 2544 quatenus
1488 2504 1570 2534 circa
1586 2504 1645 2533 hec
1661 2504 1749 2533 vobis
1764 2508 1895 2542 paterna
1918 2503 2087 2533 clementia
2105 2511 2176 2541 pro-

1172 2573 1186 2588 »
1207 2559 1338 2589 videret.
1358 2558 1424 2587 Nos
1440 2557 1553 2595 igitur,
1575 2557 1614 2586 de
1633 2557 1775 2595 ejusdem
1794 2557 1913 2585 summi
1934 2556 2101 2595 pontificis,
2122 2563 2176 2585 vo-

1173 2626 1186 2640 „
1209 2612 1305 2642 lentis
1315 2611 1478 2641 vobiscum
1491 2614 1621 2648 paterne
1634 2619 1728 2647 agere
1738 2610 1771 2638 in
1782 2609 1941 2648 predictis,
1953 2608 2176 2638 commissione

1173 2679 1187 2693 »
1211 2670 1240 2696 et
1255 2664 1379 2703 spetiali
1396 2663 1544 2692 mandato
1572 2663 1645 2692 vive
1665 2663 1750 2694 vocis
1771 2662 1900 2692 oraculo
1920 2662 1958 2691 de
1976 2661 2177 2700 plenitudine

1173 2732 1187 2747 »
1210 2718 1370 2758 potestatis
1391 2725 1484 2754 super
1499 2716 1561 2745 hiis
1578 2716 1670 2745 nobis
1689 2715 1796 2752 factis,
1816 2715 2093 2744 confirmationem
2110 2723 2177 2744 ves-

1174 2786 1186 2800 »
1213 2778 1258 2802 tre
1286 2770 1465 2800 electionis.
1490 2769 1777 2803 consecrationem,
1807 2767 2120 2797 administrationem
2148 2771 2178 2797 et

1173 2838 1187 2853 η
1211 2823 1363 2864 quicquid
1386 2823 1520 2858 factum,
1539 2825 1663 2859 gestum
1686 2830 1742 2850 seu
1761 2821 1905 2850 habitum
1927 2823 1973 2850 est
1994 2820 2058 2850 huc
2076 2829 2177 2858 usque

1173 2891 1187 2906 »
1212 2888 1265 2918 per
1283 2885 1338 2906 vos
1361 2875 1410 2904 vel
1429 2884 1484 2914 per
1501 2874 1578 2904 alios
1603 2874 1733 2903 nomine
1750 2878 1873 2908 vestro,
1894 2877 1956 2902 tam
1975 2873 2010 2902 in
2031 2873 2177 2911 spiritua-

1172 2945 1187 2959 »
1211 2932 1294 2961 libus
1319 2938 1415 2968 quam
1439 2929 1472 2957 in
1498 2927 1742 2966 temporalibus,
1765 2926 1935 2966 episcopali
1961 2926 2112 2962 nomine,
2141 2935 2178 2956 ac

1173 2998 1186 3013 ῃ
1211 2989 1354 3015 secutum
1371 2987 1417 3011 est
1429 2982 1468 3012 ob
1484 2990 1520 3011 ea
1537 2981 1584 3011 vel
1598 2990 1634 3010 ex
1649 2981 1787 3016 eisdem,
1804 2980 1990 3010 auctoritate
2005 2979 2177 3018 apostolica

1173 3051 1187 3066 »
1211 3038 1303 3068 nobis
1318 3036 1499 3071 commissa,
1513 3039 1578 3064 rata
1595 3039 1623 3065 et
1639 3039 1728 3072 grata
1746 3034 1912 3070 habemus,
1930 3037 1959 3063 et
1974 3033 2102 3072 penitus
2117 3032 2176 3062 ha-
