2477 3637
172 359 228 390 302
493 364 508 389 Q
547 388 550 389 ⁷

171 426 245 456 tatis
260 423 550 456 examinationibus
565 421 763 461 procedatur,
774 421 966 461 precipimus
982 425 1017 450 ut
1031 420 1175 457 magistri

171 479 278 518 legere
301 479 335 508 in
356 477 467 508 eodem
489 475 592 506 studio
613 475 793 514 cupientes,
810 477 982 513 antequam
1005 473 1174 512 incipiant,

170 536 313 571 prestent.
328 530 454 570 publice
468 530 690 569 juramentum
705 527 791 566 quod
806 527 867 566 ipsi
883 527 983 558 vocati
999 527 1038 556 ad
1055 526 1175 556 exami-

171 585 318 616 nationes
333 584 460 614 easdem
477 583 622 619 venient,
641 581 703 611 nisi
720 580 839 611 suerint
854 580 996 618 legitime
1011 579 1172 618 impediti,

171 647 206 668 ac
228 637 343 676 gratis,
372 637 442 666 sine
465 635 666 672 difficultate,
696 634 768 665 odio
791 638 822 664 et
846 634 951 664 favore
977 633 1174 672 postpositis,

170 691 292 721 dabunt
307 690 518 720 examinatori
541 689 635 719 fidele
657 688 829 719 consilium
851 688 907 726 qui
931 687 970 717 de
985 686 1175 716 examinatis

170 744 221 774 vel
246 748 280 773 ut
291 743 383 781 digni
399 743 567 783 approbari
583 742 719 773 debeant
733 746 786 771 aut
802 745 838 771 ut
851 740 980 778 indigni
995 739 1111 770 merito
1128 748 1174 769 re·

169 797 307 838 probari.
333 797 397 834 Qui
421 805 496 828 vero
512 798 735 836 juramentum
752 795 941 834 hujusmodi
961 797 1102 833 prestare
1122 801 1175 823 no-

170 852 304 888 luerint,
318 860 375 881 nec
390 851 429 881 ad
443 850 616 889 legendum
633 858 692 880 nec
708 849 747 879 ad
762 848 1017 879 examinationes
1029 847 1156 877 easdem
1167 870 1174 882 ,

170 915 228 936 nec
242 906 338 936 etiam
353 905 392 935 ad
403 905 512 943 aliqua
527 903 746 935 universitatis
761 904 866 933 vestre
876 901 1009 932 comoda
1020 899 1070 930 vel
1082 900 1175 930 bene-

169 961 241 991 ficia
267 960 429 990 ullatenus
453 958 702 989 admittantur...
727 957 799 986 Dat.
826 956 945 992 Rome,
970 954 1053 994 apud
1076 953 1174 984 Sanc-

171 1019 233 1046 tam
263 1014 400 1045 Mariam
425 1013 594 1051 Majorem,
616 1021 657 1041 vn
683 1010 839 1041 kalendas
866 1008 1065 1044 novembris,
1089 1015 1174 1037 anno

169 1070 320 1101 secundo.
343 1081 357 1095 υ

241 1215 356 1244 ¹585
748 1210 840 1241 Rieti.
858 1210 871 1235 7
889 1208 1005 1235 octobre
1025 1207 1101 1234 1289.

204 1278 247 1304 De
271 1277 381 1304 decima
407 1275 511 1302 Terrae
535 1274 657 1301 Sanctae
690 1272 821 1300 subsidio
848 1272 876 1298 in
904 1270 1010 1305 Augila
1034 1269 1171 1296 ordinata.

168 1328 250 1361 (Rae.
268 1327 310 1359 44,
329 1335 354 1353 c.
373 1326 433 1359 565,
450 1326 470 1352 f.
486 1324 538 1351 240
554 1330 597 1356 v⁰;
617 1323 734 1356 Porru„
753 1321 862 1354 23099.)

208 1430 372 1459 Carissimo
390 1430 425 1458 in
441 1428 559 1457 Christo
576 1427 640 1464 filio
658 1425 813 1461 Eduardo,
830 1425 896 1461 reql
911 1423 1019 1460 Anylie
1033 1422 1172 1455 illustri,

166 1482 336 1521 respondet
350 1481 389 1511 ad
408 1489 444 1511 ea
463 1488 545 1519 quae
560 1479 628 1518 ipse
644 1487 699 1508 rex
717 1487 774 1514 per
791 1475 922 1507 nuntios
940 1483 1014 1505 suos
1029 1474 1175 1514 pontifici

167 1536 206 1566 de
229 1540 369 1574 tempore
396 1533 535 1573 passagii
562 1531 767 1562 ultramarini
793 1534 823 1560 et
844 1529 882 1560 de
910 1529 1033 1559 decima
1059 1528 1176 1557 Terrae

169 1589 303 1620 Sanctae
319 1587 461 1618 subsidio
481 1587 515 1616 iu
531 1584 669 1624 Angliae
685 1588 715 1615 et
728 1584 852 1614 Scotiae
864 1582 972 1621 regnis
985 1586 1015 1612 et
1030 1582 1063 1611 in
1083 1580 1175 1610 terris

169 1642 309 1672 VValliae
327 1645 357 1672 et
375 1640 551 1671 Hiberniae
569 1638 697 1669 collecta
714 1641 745 1668 et
759 1636 941 1675 colligenda
959 1634 1112 1674 exposuit.

215 1709 228 1722 ι
243 1696 398 1735 Copiosus
416 1696 449 1724 in
465 1692 724 1724 misericordia...
741 1709 778 1713 —
795 1691 866 1734 Dat.
885 1690 994 1724 Reate,
1013 1689 1108 1719 nonis
1123 1696 1173 1718 oc-

170 1750 278 1785 tobris
297 1756 382 1778 anno
400 1747 550 1777 secundo.
570 1758 584 1773 »

244 1894 358 1925 1588
737 1892 829 1922 Rieti.
846 1890 880 1917 ‘28
892 1890 1008 1917 octobre
1028 1889 1103 1916 1289.

209 1958 391 1994 Dispensatio
407 1957 590 1984 matrimonii.
606 1956 689 2004 (Rpe.
707 1955 751 1989 44,
769 1963 795 1981 c.
813 1954 873 1983 566.
891 1954 910 1980 ί.
927 1953 976 1980 241
995 1959 1041 1984 v⁰;
1057 1951 1123 1979 Lar.
1142 1960 1176 1978 nu

171 2009 273 2040 Tuam,
292 2007 333 2038 H,
350 2007 424 2040 ²289.)

219 2098 385 2127 Venerabili
400 2097 494 2134 fratri
510 2119 529 2124 ..
543 2096 674 2132 episcopo
690 2093 821 2123 Eduensi
835 2092 1007 2123 committit
1020 2095 1178 2130 quatenus

174 2160 246 2181 cum
264 2150 362 2181 nobili
380 2150 447 2180 viro
461 2149 622 2184 Johanne,
639 2147 771 2178 domino
786 2146 824 2177 de
841 2145 1004 2182 Frollesio,
1021 2145 1178 2175 Eduensis

173 2204 339 2239 dioecesis,
356 2207 387 2233 et
403 2201 503 2232 nobili
521 2201 658 2231 muliere
676 2202 812 2238 Agnete,
831 2199 963 2230 domina
979 2199 1018 2228 de
1038 2199 1178 2238 Expeys-

175 2257 233 2295 sia,
251 2257 412 2295 dispenset
428 2260 462 2285 ut
479 2255 513 2284 in
531 2254 737 2284 matrimonio
755 2253 839 2292 quod
855 2252 945 2290 olim,
963 2253 1178 2291 impedimen-

176 2315 243 2340 tum
266 2319 334 2340 esse
359 2310 560 2347 ignorantes,
590 2311 834 2344 contraxerunt,
859 2307 944 2337 etin
969 2314 1032 2345 quo
1057 2305 1179 2344 prolem

174 2367 397 2403 procrearunt,
429 2371 595 2392 remanere
623 2361 771 2397 valeant,
797 2369 983 2400 quanquam
1017 2359 1180 2399 quondam

175 2416 382 2454 Guillelmus,
399 2415 550 2446 domiuus
566 2415 604 2445 dc
620 2415 804 2454 Expeyssia‚
822 2415 908 2453 prior
926 2415 1059 2444 maritus
1075 2415 1183 2452 Agne-

177 2471 217 2500 tis
231 2495 238 2508 ,
259 2469 402 2500 «Iohanni
428 2473 540 2508 quarto
564 2468 852 2507 consanguinitatis
876 2467 977 2506 gradu
994 2467 1183 2506 conjunctus

175 2528 251 2554 erat.

219 2591 231 2605 «
257 2577 491 2616 significarunt
504 2576 600 2613 ,nobis
619 2575 790 2605 dilectus...
812 2593 850 2597 -
867 2575 938 2605 Dat.
961 2575 1082 2613 Rome,
1099 2575 1184 2614 apud

177 2632 326 2663 Sanctam
345 2631 478 2661 Mariam
497 2630 663 2668 Maiorem,
681 2639 700 2659 v
717 2628 871 2659 kalendas
887 2629 1084 2669 novembris,
1098 2637 1184 2659 anno

179 2686 329 2717 secundo.
353 2698 365 2712 »

253 2833 271 2859 i
280 2833 363 2861 58³7

215 2894 364 2921 contentio
396 2896 468 2921 inter
503 2895 672 2929 episcopum
705 2893 961 2920 Catlialaunenscm
989 2897 1015 2919 et
1049 2892 1186 2918 comitem

181 2943 358 2977 Campaniae.
377 2943 458 2973 (Rau.
476 2943 518 2974 411,
536 2952 561 2970 c.
584 2943 644 2974 567,
659 2943 677 2969 f.
695 2942 742 2969 ‘241
763 2943 814 2972 νο.)

753 2830 827 2856 Rieti
842 2851 848 2861 ,
866 2830 878 2856 7
899 2830 1015 2856 octobre
1036 2829 1112 2857 1289.

228 3039 394 3068 Venerabili
409 3040 502 3074 fratri
517 3039 662 3073 Iohanni,
676 3039 810 3076 episcopo
824 3038 1076 3068 Catlmlamzensi.
1095 3049 1109 3063 «
1127 3037 1186 3067 Pe-

918 353 1152 385 REGISTRES
1174 353 1228 384 DE
1251 351 1432 383 NICOLAS
1454 352 1510 382 lv.

1259 419 1327 449 titio
1345 422 1398 448 tua
1414 418 1506 448 nobis
1525 417 1668 448 exhibita
1683 417 1868 448 continebat
1888 418 1972 456 quod
1992 418 2094 449 felicis
2113 418 2258 449 recorda-

1259 472 1354 502 tiouis
1376 471 1560 502 Alexander
1581 480 1660 510 papa
1676 471 1764 508 IIII,
1785 470 1986 509 predecessor
2002 476 2119 509 noster,
2138 495 2158 502 ..
2179 472 2259 512 epis-

1258 533 1335 564 copo
1347 524 1611 561 Cathalaunensi,
1626 524 1694 562 ejus
1706 525 1838 554 nomine
1852 532 1916 555 non
1932 533 2090 564 expresso,
2107 525 2262 556 concessit

1257 578 1412 618 quasdam
1431 577 1620 617 apostolicas
1637 577 1759 608 litteras
1775 577 1809 607 iu
1824 577 1926 608 forma
1943 578 2130 617 subscripta,
2146 587 2208 618 que
2223 578 2261 610 de

1258 631 1354 662 verbo
1370 630 1409 660 ad
1426 631 1559 661 verbum
1580 630 1652 660 talis
1667 635 1715 661 est
1733 639 1740 660 :

1300 696 1313 711 α
1332 683 1526 720 Alexander,
1545 683 1709 722 episcopus
1725 691 1834 713 servus
1850 691 2013 713 servorum
2030 683 2102 713 Dei.
2122 683 2261 714 Venera-

1260 749 1274 765 »
1298 737 1354 767 bili
1370 737 1461 766 fratri
1478 759 1498 767 ..
1517 736 1662 775 episcopo
1682 735 1952 773 Cathalaunensi,
1974 735 2108 766 salutem
2127 740 2158 766 et
2173 743 2261 775 apos·

1261 802 1274 817 ι)
1300 789 1426 820 tolicam
1450 789 1746 819 benedictionem...
1765 800 1779 816 ι»

1294 843 1490 880 Alexander,
1506 843 1545 873 ad
1562 843 1664 872 instar
1680 842 1862 872 iunocentii
1878 842 1956 879 IIII,
1973 842 2101 872 inhibet
2115 850 2156 872 ne
2167 842 2263 874 abbas

1258 899 1289 926 et
1310 899 1486 926 conventus
1503 895 1690 926 monasterii
1709 895 1816 925 Sancti
1836 895 1983 925 Memmii
1996 894 2263 927 Cathalaunensis
2307 891 2315 933 ‚¹

1259 953 1369 980 contra
1394 949 1576 988 episcopum
1600 948 1891 979 Cathalaunensem
1915 948 1966 978 vel
1993 949 2063 988 ejus
2091 948 2261 988 officiales,

1258 1003 1293 1033 in
1315 1003 1615 1039 contestationibus,
1637 1003 1786 1033 comitem
1802 1001 1997 1042 Campaniae
2019 1002 2069 1032 vel
2085 1003 2154 1042 ejus
2170 993 2320 1034 balli-‘1'-

1259 1065 1313 1088 vos
1335 1058 1495 1087 invocent.
2300 1044 2303 1054 ’

1301 1123 1315 1138 α
1340 1111 1544 1149 Inspeximns
1559 1110 1678 1140 litteras
1695 1109 1834 1140 felicis...
1849 1125 1889 1132 —
1904 1109 1975 1139 Dat.
1990 1109 2151 1148 Anagnie‚
2168 1118 2189 1139 v
2205 1108 2264 1140 ka-

1262 1176 1275 1191 »
1300 1164 1411 1194 lendas
1424 1163 1509 1203 julii,
1527 1163 1728 1203 pontificatus
1744 1162 1845 1192 nostri
1860 1170 1946 1192 anno
1963 1162 2076 1201 primo.
2091 1173 2104 1190 n

1299 1218 1445 1256 Cumque
1461 1226 1503 1247 nu
1508 1226 1563 1256 per
1578 1217 1676 1247 abbas
1687 1219 1716 1246 et
1734 1220 1911 1246 conventus
1926 1215 2094 1246 memorati
2108 1218 2267 1247 monaste·
2315 1207 2317 1211 ¹

1259 1271 1299 1301 rii
1326 1271 1435 1301 Sancti
1465 1270 1629 1307 Memmii,
1657 1273 1766 1299 contra
1790 1268 2018 1299 inhibitionem
2041 1268 2092 1307 pie
2110 1255 2271 1300 memorie

1259 1323 1443 1354 Innocentii
1459 1332 1536 1362 pape
1554 1322 1634 1360 1111,
1653 1322 1885 1361 predecessoris
1904 1321 2016 1358 nostri,
2032 1325 2216 1352 contentam
2229 1321 2266 1352 in>
2314 1350 2317 1357 ,

1260 1374 1442 1417 prescriptis
1463 1376 1579 1406 litteris
1598 1375 1674 1405 dicti
1695 1375 1926 1414 predecessoris
1941 1375 2129 1413 Alexandri,
2147 1379 2178 1406 et
2195 1383 2263 1415 pre-

1258 1431 1391 1460 missam
1407 1429 1550 1469 ejusdem
1566 1430 1797 1469 predecessoris
1813 1429 1991 1459 Alexandri
2005 1429 2265 1468 approbationem

1260 1488 1378 1514 temere
1394 1484 1570 1521 venientes,
1589 1484 1764 1513 sententias
1777 1487 1808 1513 et
1821 1492 1917 1522 penas
1933 1491 2096 1522 expressas
2106 1483 2141 1512 in
2151 1491 2265 1522 appro—
2286 1515 2298 1522 .-

1257 1537 1339 1568 batis
1366 1546 1422 1576 per
1445 1536 1564 1567 dictum
1592 1536 1846 1576 predecessorem
1871 1536 2092 1566 Alexandrum
2121 1535 2265 1575 eiusdem

1257 1590 1489 1630 predecessoris
1511 1590 1694 1620 Innocentii
1711 1590 1827 1620 litteris
1848 1590 2078 1627 incurrissent,
2095 1594 2129 1620 tu
2144 1589 2205 1621 hoc
2219 1579 2274 1621 fe?
2314 1604 2327 1621 ·.

1259 1644 1330 1675 cisti
1346 1653 1402 1683 per
1418 1648 1504 1674 tuam
1519 1643 1682 1674 civitatem
1698 1647 1728 1673 et
1744 1643 1910 1680 diocesim,
1927 1644 2008 1673 sicut
2025 1643 2065 1672 ad
2081 1647 2110 1673 te
2125 1647 2265 1682 spectare
2294 1677 2298 1683 ⁴

1260 1698 1385 1734 asseris,
1404 1697 1530 1736 publice
1549 1697 1704 1732 nuntiari,
1722 1697 1833 1726 abbate
1846 1700 1952 1727 autem
1969 1700 1999 1726 et
2014 1699 2177 1727 conventu
2191 1704 2264 1736 pre·
2293 1714 2301 1725 .

1260 1751 1332 1781 satis
1350 1750 1389 1780 ad
1411 1750 1614 1780 carissimum
1639 1750 1674 1779 in
1697 1749 1823 1780 Christo
1844 1749 1949 1779 filium
1972 1753 2118 1780 nostrum
2141 1749 2264 1789 Philip-

1261 1812 1349 1842 pum,
1366 1811 1474 1840 regem
1489 1802 1685 1832 Francorum
1700 1801 1871 1839 illustrem,
1882 1801 2068 1832 comitatum
2078 1801 2264 1840 Campanie,
2345 1803 2349 1807 '
2393 1808 2397 1837 χ’

1260 1856 1384 1886 ratione
1399 1855 1564 1885 carissime
1579 1855 1613 1884 in
1631 1854 1757 1886 Christo
1776 1854 1841 1885 filie
1859 1859 1966 1885 nostre
1987 1877 2009 1884 ..
2036 1855 2148 1893 regine
2169 1848 2289 1886 Fran-'¹¹

1261 1911 1321 1947 cie,
1338 1909 1491 1940 consortis
1509 1918 1577 1946 sue,
1598 1913 1759 1939 tenentem
1775 1909 1814 1938 ad
1826 1917 1967 1947 presens,
1985 1911 2015 1938 et
2027 1901 2278 1948 propierhoeart·

1262 1969 1291 1994 te
1306 1965 1467 2004 pertinere
1482 1963 1599 1993 dictam
1614 1962 1790 1993 custodiam
1806 1966 2013 2000 asserentem,
2033 1971 2199 1993 recursum
2213 1962 2268 1994 ha·
2287 1958 2292 1962 ”

1261 2019 1423 2055 bentibus,
1434 2017 1517 2047 idem
1531 2025 1597 2053 rex,
1617 2021 1646 2046 te
1662 2025 1727 2047 non
1745 2020 1852 2046 vocato
1868 2024 1926 2046 nec
1940 2017 2062 2046 monito
2077 2025 2132 2046 seu
2146 2015 2268 2056 aliqua·
2288 2011 2294 2045 ¹.

1262 2077 1356 2102 tenus
1372 2070 1535 2109 requisito,
1555 2070 1703 2109 quamvis
1721 2070 1754 2099 in
1771 2068 1836 2099 illis
1854 2069 1996 2108 partibus
2016 2077 2147 2108 presens
2171 2077 2264 2106 esses,
2319 2107 2321 2110 ι

1261 2126 1370 2156 omnia
1385 2124 1467 2155 bona
1483 2128 1536 2153 tua
1551 2127 1582 2153 et
1599 2122 1743 2162 ejusdem
1761 2122 2031 2153 Catbalaunensis
2047 2122 2180 2153 ecclesie
2199 2121 2268 2162 capi
2292 2131 2298 2141 ²

1262 2179 1346 2209 fecit.
1366 2178 1403 2208 Et
1418 2177 1494 2207 licet
1513 2181 1543 2206 tu
1559 2176 1668 2215 ipsum
1684 2185 1779 2214 super
1796 2176 1855 2206 hoc
1872 2175 2041 2206 humiliter
2055 2175 2191 2213 adieris,
2209 2175 2268 2206 sihi

1262 2240 1446 2272 processum
1462 2235 1552 2260 tuum
1569 2229 1654 2260 circa
1667 2230 1725 2260 bec
1742 2229 1889 2259 habitum
1905 2229 2082 2260 recusando
2096 2233 2126 2259 et
2131 2227 2266 2269 justum,
2302 2262 2303 2267 ,

1264 2290 1355 2326 prout
1370 2289 1505 2324 poteraS,
1517 2283 1726 2319 ostendendo,
1744 2283 1812 2322 ipse
1825 2287 1929 2313 tamen
1944 2283 2029 2312 inter
2043 2282 2108 2313 alia
2125 2283 2181 2313 tibi
2191 2281 2284 2313 dixit*
2316 2271 2321 2273 ’

1263 2339 1347 2380 quod
1366 2338 1488 2369 amicus
1513 2337 1582 2377 ejus
1607 2346 1675 2367 esse
1701 2345 1763 2366 non
1789 2345 1895 2375 posses
1921 2335 2064 2375 quandiu
2087 2345 2164 2367 eum
2187 2335 2270 2367 circa.
2294 2367 2302 2379 ⁴,

1263 2392 1431 2424 memorati
1446 2390 1631 2421 monasterii
1644 2390 1821 2420 custodiam
1837 2389 1941 2420 taliter
1954 2390 2020 2429 ipse
2031 2389 2117 2420 dires
2129 2389 2199 2430 (sic)
2213 2398 2271 2421 seu

1264 2448 1360 2478 etiam
1377 2445 1573 2476 molestares.
1591 2444 1637 2473 Tu
1650 2452 1734 2480 vero,
1747 2446 1865 2473 attente
1876 2443 2082 2473 considerans
2093 2443 2178 2482 quod
2188 2437 2295 2484 ejus-‚⁹
2305 2469 2312 2478 ,

1263 2502 1335 2532 dem
1355 2499 1439 2538 regis
1456 2498 1592 2528 turbatio
1609 2497 1665 2527 tibi
1682 2501 1712 2527 et
1728 2497 1832 2527 eidem
1849 2496 1981 2527 ecclesie
2002 2501 2053 2527 tue
2075 2496 2183 2535 gravis
2201 2504 2270 2527 esse
2300 2498 2317 2539 Ἀ

1268 2558 1367 2595 potest
1382 2552 1553 2583 admodum
1571 2556 1601 2581 et
1616 2551 1803 2589 dampnosa,
1821 2551 1970 2590 quodque
1987 2550 2014 2580 si
2030 2550 2140 2588 etiam,
2157 2557 2193 2580 ea
2205 2540 2269 2580 non

1267 2609 1377 2644 vitata,
1401 2614 1532 2636 murum
1558 2609 1587 2635 te
1603 2612 1658 2643 pro
1674 2604 1767 2634 domo
1785 2603 1918 2633 Domini
1941 2602 2040 2633 velles
2061 2610 2219 2642 opponere
2235 2601 2271 2633 in

1267 2660 1451 2702 premissis,
1477 2663 1583 2688 tamen
1611 2664 1640 2687 te
1667 2666 1703 2687 ac
1725 2657 1828 2696 ipsam
1851 2656 2017 2687 ecclesiam
2040 2656 2078 2686 de
2097 2657 2170 2696 jure
2192 2653 2272 2686 tueri
2318 2687 2319 2691 ,

1268 2723 1332 2744 non
1350 2721 1474 2752 posses,
1494 2719 1550 2750 pro
1565 2719 1601 2741 eo
1618 2710 1715 2749 quod,
1730 2718 1803 2740 curn
1817 2709 1935 2749 prefate
1951 2709 2056 2740 littere
2071 2709 2148 2739 dicti
2161 2707 2272 2748 prede·
2300 2700 2325 2714 ’“

1269 2767 1402 2799 cessoris
1418 2765 1600 2796 Innocentii
1617 2765 1682 2794 sint
1700 2763 1832 2799 amisse,
1852 2762 1957 2794 littere
1976 2762 2144 2793 memorati
2160 2760 2272 2801 prede-
2310 2771 2315 2803 i

1269 2820 1401 2852 cessoris
1426 2818 1600 2849 Alexandri
1621 2817 1660 2847 de
1683 2817 1762 2856 ipsis
1787 2816 1999 2846 sufficientem
2020 2815 2118 2846 fidem
2139 2823 2202 2844 non
2222 2813 2271 2844 fa·
2311 2836 2315 2845 .

1268 2875 1368 2912 ciunt,
1383 2881 1567 2912 quanquam
1586 2871 1703 2901 saciant
1719 2870 1929 2907 mentionem,
1940 2866 2272 2906 libenter,deconsilio

1269 2928 1461 2970 peritorum,
1486 2925 1619 2964 eligeres
1635 2925 1667 2954 in
1688 2924 1751 2954 hiis
1768 2932 1823 2963 per
1838 2924 1922 2953 viam
1939 2923 2024 2962 pacis
2040 2926 2071 2952 et
2087 2919 2270 2957 concordie,

1269 2982 1388 3020 absque
1401 2979 1484 3019 juris
1503 2979 1547 3009 tui
1571 2983 1599 3008 et
1617 2977 1748 3009 ecclesie
1764 2977 1883 3016 pretate
1904 2976 2042 3013 lesione,
2059 2983 2133 3006 cum
2151 2981 2272 3004 memo-
2302 2987 2303 2991 ¹

1270 3039 1338 3065 rato
1355 3043 1427 3072 rege
1444 3032 1579 3062 transire
1594 3056 1600 3068 ,
1618 3040 1713 3071 super
1731 3039 1792 3070 quo
1812 3029 1852 3060 ad
1869 3031 2023 3069 majorem
2043 3032 2095 3058 tue
2109 3026 2273 3058 conscien-
2320 3047 2321 3050 =
2336 3046 2338 3050 »
