2342 3652
873 368 1091 407 PREMIERE
1116 365 1271 404 ANNEE.
2078 371 2113 401 87

104 457 192 487 453
334 450 693 485 Sainte-Marie-Majeure,
710 447 742 475 28
753 445 866 481 janvier
882 443 960 470 1289.

72 519 254 554 Dispensatio
276 516 458 544 matrimonii.
475 514 559 548 (Rea.
576 513 626 546 44,
642 519 667 538 c.
683 510 748 540 287,
766 508 785 534 f.
802 507 834 535 66
850 513 895 539 v⁰;
912 505 979 532 Lu.
994 511 1030 531 nu

37 569 134 600 Tuam,
150 568 172 601 1,
192 567 261 600 1-23.)

83 670 248 700 Venerabili
262 669 356 705 fratri
370 689 390 696 ..
407 667 537 704 episcopo
551 662 716 701 Ayennensi
728 657 858 688 mandat
872 659 1030 695 quatenus

38 732 111 754 cum
132 722 230 752 nobili
253 722 321 750 viro
343 718 515 750 Guillelmo
534 716 614 755 Aysi
635 715 673 744 de
695 710 854 743 Fonsariis
874 717 910 739 ac
929 707 1031 738 nobili

41 776 172 807 muliere
197 773 389 810 Bertranda,
411 780 507 802 uxore
527 771 609 808 eJus‚
627 767 784 805 dispenset
805 766 839 793 ut
863 763 894 791 iu
920 760 1030 790 matri-

40 830 146 860 monio
163 829 239 859 olim
259 827 298 857 ab
323 827 417 865 ipsis,
438 822 657 863 ignorantibus
682 827 748 849 sese
766 820 876 856 quarto
893 822 1030 845 consan-

39 882 203 922 guinitatis
227 880 325 919 gradu
349 879 533 918 conjunctos
555 883 640 910 esse,
658 872 696 902 ad
719 869 873 901 sedandas
899 876 1029 906 guerras

40 937 123 966 inter
141 935 355 974 progenitores
378 933 518 971 ipsorum
537 932 634 963 ortas,
659 926 693 955 in
717 924 833 963 quibus
856 922 955 952 multa
969 920 1031 951 fuit

42 988 194 1019 nobilium
213 991 242 1017 et
256 985 445 1024 ignobilium
461 987 588 1019 strages,
607 980 776 1013 contracto,
794 984 960 1006 remanere
978 983 1028 1004 va-

43 1041 138 1072 leant.

81 1107 94 1121 α
110 1094 256 1132 Exposita
268 1100 373 1123 coram
386 1089 512 1120 nobis...
527 1102 566 1109 —
581 1086 650 1116 Dat.
668 1085 766 1114 Rome
781 1082 864 1122 apud
881 1082 1030 1112 Sanctam

43 1148 177 1178 Mariam
193 1147 361 1185 Majorem,
377 1153 397 1174 v
408 1141 557 1173 kalendas
574 1138 740 1175 februarii,
757 1145 842 1167 anno
859 1137 971 1175 primo.
990 1147 1003 1162 n

111 1306 198 1334 454

79 1367 225 1395 Fratribus
240 1364 400 1393 monasterii
414 1363 448 1390 de
462 1362 601 1393 Lumtors,
615 1359 713 1387 Sancti
729 1359 862 1386 Andreae
879 1357 1032 1389 dioecesis,

43 1417 224 1444 donationem
244 1414 378 1441 ecclesiae
392 1413 425 1439 de
444 1411 572 1445 Cullessy
583 1431 590 1441 ‚
613 1411 655 1436 eis
677 1418 693 1436 a
709 1408 852 1443 quondam
868 1406 982 1441 Rogero
999 1405 1033 1432 de

44 1465 162 1498 Quensi,
175 1461 462 1498 comiteWyntoniae‚
477 1460 587 1490 factam,
600 1458 759 1485 confirmat.
773 1456 854 1492 (Rno.
868 1457 910 1487 44,
927 1464 953 1482 c.
969 1455 1032 1486 288,

47 1515 63 1541 f.
82 1514 113 1542 67
131 1521 172 1547 r⁰;
186 1512 300 1546 Pom-u„
316 1511 422 1543 22837.)

309 1299 647 1334 Sainte-MariedllaJem-e,
666 1297 697 1324 13
713 1297 867 1324 decembre
884 1296 962 1323 1288.

89 1639 108 1646 ..
117 1616 215 1645 abbati
223 1619 248 1643 el
257 1613 413 1643 conventui
420 1611 595 1640 monasterii
606 1610 639 1638 de
648 1609 796 1644 Lundors,
805 1609 922 1637 ordinis
931 1607 1034 1637 Sancti

49 1669 206 1704 Benedicti,
217 1667 318 1698 Sancti
327 1666 440 1695 Andree
450 1665 580 1694 diocesis.
596 1675 609 1690 α
623 1663 702 1693 Cum
714 1671 732 1691 a
746 1662 845 1692 uobis.
855 1684 874 1690 ..
888 1661 971 1690 Sane
983 1670 1035 1698 pe-

51 1721 116 1752 titio
128 1724 226 1751 vestra
241 1719 328 1749 nobis
343 1717 480 1748 exhibita
493 1716 674 1747 continebat
690 1715 772 1754 quod
788 1714 949 1753 quondam
969 1714 1033 1743 Ro-

49 1783 142 1813 gerus
152 1773 189 1804 de
199 1772 329 1809 Quenci,
341 1780 444 1802 comes
456 1771 643 1809 Wyntonie,
657 1768 909 1799 constabularius
920 1767 1034 1802 Scotie,

47 1828 100 1866 jus
113 1829 289 1866 patronatus
300 1824 427 1855 ecclesie
438 1824 476 1854 de
489 1823 646 1861 Cullessy,
665 1822 777 1852 Sancti>
790 1820 919 1851 Andree
935 1820 1037 1850 dioce-

50 1880 103 1915 sis,
117 1883 190 1909 tunc
203 1877 242 1908 ad
257 1878 359 1916 ipsum
374 1877 545 1915 pertinens,
558 1875 646 1905 vobis
662 1879 692 1904 et
707 1873 901 1904 monasterio
920 1876 1034 1909 vestro,

51 1932 126 1962 dum
136 1931 265 1967 viveret,
276 1930 314 1960 de
328 1938 482 1960 consensu
497 1929 577 1958 bone
589 1928 743 1957 memorie
760 1926 932 1962 Gamelini‚
951 1926 1036 1964 epis-

55 1984 124 2024 copi
145 1983 251 2014 Sancti
274 1983 409 2020 Andree,
432 1982 489 2012 loci
512 1981 687 2018 diocesani,
707 1980 879 2010 liberaliter
903 1979 1038 2010 contulit

53 2036 173 2067 intuitu
182 2036 314 2075 pietatis,
325 2044 360 2066 ac
370 2035 452 2065 idem
464 2035 624 2074 episcopus
640 2034 678 2064 de
695 2043 827 2064 assensu
843 2033 972 2072 capituli
989 2033 1038 2062 sui

52 2090 139 2119 vobis
153 2088 283 2119 eandem
300 2087 461 2118 ecclesiam
476 2088 510 2117 in
530 2088 669 2127 proprios
689 2096 765 2117 usus
788 2086 951 2117 ordinaria
968 2094 1040 2116 auc-

51 2143 173 2173 toritate
192 2142 357 2178 concessit,
373 2142 415 2172 ita
430 2142 522 2181 quod,
541 2142 670 2172 cedente
687 2141 735 2171 vel
752 2141 924 2171 decedente
939 2140 1039 2178 ipsius

51 2195 180 2226 ecclesie
195 2198 322 2232 rectore,
339 2195 394 2233 qui
410 2199 482 2225 tunc
496 2195 632 2232 vivebat,
650 2194 795 2233 ejusdem
813 2193 946 2224 ecclesie
967 2201 1040 2232 pos-

51 2249 226 2279 sessionem
247 2247 370 2285 ingredi
390 2248 486 2278 libere
504 2249 652 2287 possetis,
670 2247 807 2287 alicujus
823 2255 955 2277 assensu
977 2246 1040 2275 mi-
1088 2268 1090 2270 .

52 2301 141 2331 nime
155 2301 317 2339 requisito,
337 2301 450 2331 vicario
468 2306 614 2341 perpetuo
635 2301 669 2330 in
687 2301 771 2330 dicta
789 2300 922 2330 ecclesia
938 2300 1040 2329 servi-

53 2359 122 2384 turo
149 2353 292 2393 portione
319 2361 455 2391 congrua
481 2354 519 2384 de
548 2354 648 2393 ipsius
676 2353 807 2384 ecclesie
834 2352 1042 2392 proventibus

52 2410 226 2444 reservata,
244 2415 279 2436 ex
297 2415 358 2446 qua
380 2407 506 2437 comode
528 2407 695 2437 sustentari
718 2410 839 2447 posset,
862 2415 897 2436 ac
914 2406 1042 2436 incum—

51 2460 159 2490 bentia
174 2459 234 2489 sibi
255 2467 351 2489 onera
366 2465 555 2498 supportare,
573 2464 661 2499 prout
676 2461 711 2490 in
731 2459 912 2499 patentibus
928 2458 1043 2488 litteris

52 2513 126 2543 inde
141 2513 290 2543 confectis
305 2513 428 2543 comitis
443 2517 472 2542 et
489 2514 622 2552 episcopi
637 2522 672 2544 ac
687 2513 816 2552 capituli
828 2512 1042 2552 predictorum

53 2565 165 2604 sigillis
185 2566 319 2595 munitis
339 2565 462 2604 plenius
485 2566 598 2596 dicitur
622 2567 788 2597 contineri.
812 2566 940 2605 Vosque
959 2569 1042 2604 post-

53 2618 182 2649 modum
197 2618 314 2648 dictam
330 2618 495 2648 ecclesiam
511 2628 563 2657 per
577 2619 753 2650 cessionem
774 2619 886 2658 prefati
912 2618 1043 2649 rectoris

54 2676 218 2702 vacantem
240 2673 327 2710 juxta
351 2673 584 2702 concessionem
610 2673 791 2712 hujusmodi
823 2673 858 2702 in
888 2672 1043 2712 predictos

55 2732 130 2754 usus
146 2724 308 2761 habentes,
324 2724 426 2763 ipsam
441 2725 474 2754 in
491 2734 565 2755 usus
580 2726 705 2756 eosdem
719 2726 871 2756 canonice
887 2725 1042 2761 retinetis,

55 2776 172 2807 vicario
186 2785 240 2816 per
257 2785 323 2814 vos,
340 2781 374 2806 ut
390 2777 588 2815 premittitur,
605 2779 757 2809 servituro
771 2779 804 2808 in
822 2778 932 2808 eadem
949 2778 1045 2808 eccle-

55 2829 102 2860 sia
116 2830 296 2866 constituto,
314 2830 439 2868 sibique
453 2830 492 2860 de
504 2830 603 2870 ipsius
618 2831 747 2862 ecclesie
758 2832 962 2870 proventibus
978 2840 1046 2870 por-

56 2881 140 2912 tione
152 2891 290 2921 congrua
306 2883 476 2921 assignata.
499 2883 563 2913 Nos
581 2884 685 2923 itaque
704 2885 814 2915 vestris
837 2884 1045 2924 supplicatio-

56 2935 150 2966 nibus
174 2936 339 2974 inclinati,
366 2936 449 2975 quod
472 2946 566 2975 super
587 2938 746 2975 premissis
776 2938 903 2977 provide
928 2938 1046 2968 sactum

56 2992 103 3018 est
119 2992 224 3019 ratum
241 2994 272 3019 et
286 2989 417 3019 firmum
434 2990 605 3027 habentes,
622 2990 655 3020 id
674 2991 854 3021 auctoritate
877 2990 1047 3030 apostolica

55 3040 282 3072 confirmamus
308 3047 338 3072 et
363 3043 516 3081 presentis
535 3043 644 3082 scripti
670 3043 842 3082 patrocinio
867 3044 1047 3074 communi-

1112 449 1222 470 mus...
1258 440 1328 470 Dat.
1360 440 1460 469 Rome
1491 438 1574 477 apud
1604 438 1752 468 Sanctam
1781 437 1915 466 Mariam
1943 437 2114 476 Maiorem,

1112 494 1184 524 idus
1199 493 1268 533 (sic)
1283 493 1472 530 decembris,
1491 501 1577 522 auno
1594 492 1707 531 primo.
1724 503 1736 518 n

1181 680 1270 708 455
1624 677 1700 704 Rieti
1712 698 1718 710 ‚
1736 676 1770 703 ‘26
1787 675 1949 710 septembre
1967 675 2044 702 1288.

1147 741 1266 768 Collatio
1283 741 1424 768 beneficii.
1438 740 1520 774 (Res.
1539 741 1586 772 44,
1604 748 1627 766 c.
1645 740 1713 771 ⁶289,
1731 740 1750 765 f.
1768 739 1799 766 67
1818 745 1860 771 r⁰;
1878 738 1946 765 Lim.
1962 747 1998 765 nu
2012 737 2115 771 Tuum,

1112 789 1138 821 Ι,
1158 790 1230 822 125.)

1152 892 1336 929 Berenyario
1354 892 1387 920 de
1403 891 1547 926 Thescmo,
1565 891 1707 919 canonico
1727 890 1904 918 Biterrensi.
1922 888 2002 917 Eum
2018 887 2119 918 absol-

1113 944 1158 974 vit
1168 944 1207 974 ab
1218 943 1432 983 appellatione
1444 947 1553 973 contra
1563 943 1668 981 ipsum
1681 942 1720 971 ab
1731 941 1876 980 episcopo
1889 943 1918 969 et
1927 940 2117 978 quibusdam

1112 998 1277 1028 canonicis
1296 997 1533 1027 Biterrensibus
1549 996 1714 1031 suscitata,
1732 1004 1767 1024 ex
1785 1003 1821 1024 eo
1841 994 1925 1033 quod
1942 994 1975 1023 hi
1997 1002 2119 1023 assere-

1113 1052 1190 1082 bant
1207 1051 1374 1081 ecclesiam
1396 1051 1433 1080 de
1449 1051 1599 1080 Tertiauo
1623 1058 1687 1079 nou
1707 1048 1846 1078 ruralem
1863 1048 1918 1078 sed
1936 1047 2119 1087 parrochia-

1113 1105 1177 1134 lem
1194 1113 1261 1134 esse
1285 1108 1314 1133 et
1337 1112 1448 1134 curam
1469 1103 1651 1132 animarum
1672 1101 1809 1137 habere,
1833 1110 1930 1139 quam
1953 1100 2118 1130 ecclesiam

1114 1159 1216 1188 dictus
1236 1157 1449 1195 Berengarius
1467 1156 1604 1186 obtinuit
1627 1164 1773 1185 asserens
1795 1163 1864 1184 eam
1883 1163 1949 1184 esse
1965 1153 2118 1184 ruralem.

1116 1212 1227 1242 Eidem
1245 1214 1375 1241 renovat
1386 1210 1636 1240 reservationem
1652 1208 1862 1238 canonicatus
1878 1212 1908 1237 et
1922 1207 2120 1246 praebendae

1115 1266 1150 1295 in
1167 1264 1298 1295 ecclesia
1314 1263 1489 1293 Biterrensi
1508 1262 1650 1301 proximo
1669 1265 1893 1291 vacaturorum
1911 1265 1940 1290 et
1958 1260 2121 1298 possiden-

1115 1318 1229 1348 dorum
1246 1326 1310 1348 una
1331 1325 1404 1347 cum
1420 1315 1551 1346 ecclesia
1575 1315 1612 1345 de
1631 1315 1792 1351 Tertiam,
1809 1314 1906 1343 etiam
1923 1313 1950 1343 si
1972 1313 2049 1343 haec
2065 1321 2120 1343 cn·

1115 1380 1184 1401 ram
1201 1371 1384 1400 animarum
1400 1369 1525 1399 habeat.

1158 1436 1171 1450 <a
1189 1423 1274 1454 Olim
1292 1423 1347 1452 tibi
1364 1422 1459 1461 qui...
1476 1438 1516 1445 —
1533 1422 1605 1451 Dat.
1625 1421 1736 1457 Reate,
1756 1430 1786 1449 VI
1804 1419 1956 1450 kalendas
1971 1418 2120 1456 octobris,

1116 1486 1201 1507 anno
1222 1477 1336 1516 primo.
1360 1489 1379 1503 »⁷

1186 1650 1274 1678 456

1154 1713 1228 1747 Regi
1249 1713 1335 1747 Cypri
1356 1711 1518 1738 Johannem
1544 1710 1684 1736 ecclesiae
1706 1709 1871 1735 Nicosieusi
1895 1708 2071 1743 praefectum
2092 1707 2121 1733 in

1118 1761 1367 1796 archiepiscopum
1383 1761 1505 1794 eJusque
1521 1759 1659 1785 vicarium
1677 1761 1704 1784 et
1721 1757 1836 1783 nuntios
1859 1757 1963 1783 iterum
1979 1763 2122 1782 commen-

1119 1811 1174 1837 dat.
1192 1810 1274 1843 (Rec.
1293 1810 1335 1843 44,
1353 1817 1379 1836 e.
1394 1808 1457 1842 ⁶290,
1475 1809 1494 1835 f.
1512 1807 1544 1835 67
1561 1813 1609 1840 v⁰;
1629 1806 1746 1841 Porm„
1764 1806 1874 1840 22871.)

1438 1646 1783 1680 Sainte-Marie-Majeure,
1801 1646 1838 1672 10¹·
1852 1645 1955 1672 fevi-ier
1972 1644 2050 1671 1289.

1161 1913 1325 1942 Carissimo
1341 1913 1375 1941 in
1393 1911 1510 1941 Christo
1527 1911 1591 1948 filio
1614 1933 1632 1939 ..
1657 1910 1720 1949 reyi
1737 1909 1826 1946 Cypri
1845 1909 1969 1937 illustri.
1995 1919 2007 1933 ιι
2025 1905 2126 1936 Celsi-

1121 1965 1266 1995 tudinem
1287 1964 1411 2002 regiam
1431 1973 1564 2002 super...
1586 1980 1624 1984 —
1645 1962 1718 1991 Dat.
1745 1962 1846 1991 Rome
1868 1960 1950 1999 apud
1977 1960 2127 1989 Sanctam

1122 2019 1259 2049 Mariam
1276 2019 1440 2057 MaJorern,
1457 2016 1602 2046 kalendis
1621 2015 1785 2052 februarii,
1803 2023 1887 2044 anno
1903 2014 2017 2053 primo.
2038 2025 2051 2040 n

1192 2199 1278 2227 452

1159 2260 1202 2287 De
1216 2260 1424 2296 compositione
1438 2260 1513 2286 inter
1528 2258 1778 2294 archiepiscopum
1792 2261 1819 2284 et
1830 2257 1983 2292 episcopos
1996 2255 2130 2282 infradic-

1123 2315 1169 2338 tos
1180 2314 1209 2337 et
1224 2313 1425 2346 procuratores
1437 2310 1513 2344 regis
1526 2308 1708 2342 Portugaliae
1724 2307 1864 2334 facienda.
1878 2306 1960 2340 (Res.
1974 2305 2017 2336 44,
2030 2313 2054 2332 c.
2067 2304 2128 2336 291,

1123 2360 1142 2387 f.
1161 2360 1194 2387 67
1211 2361 1261 2392 νο.)

1429 2195 1791 2230 Sainte-Marie-Majeui·e‚
1809 2195 1846 2221 18Γ
1861 2195 1964 2221 fevrier
1980 2193 2056 2220 1289.

1170 2460 1551 2498 Venerabilibztsfracribus
1568 2459 1610 2494 T.‚
1625 2459 1847 2495 archiepiscopo
1860 2457 2071 2492 Bracharensi,
2084 2455 2130 2491 Β.,

1125 2515 1267 2549 Silvensi,
1286 2515 1334 2550 A„
1349 2513 1573 2548 colombriensi,
1590 2516 1615 2541 et
1631 2512 1672 2549 J.,
1685 2512 1856 2540 Lameceusi
1874 2511 2027 2547 episcopis,
2045 2516 2131 2537 nunc

1125 2567 1208 2606 apud
1225 2566 1331 2596 sedem
1350 2565 1555 2604 apostolicam
1571 2564 1792 2603 praesentibus
1809 2572 1844 2593 ac
1855 2561 2129 2601 persequentibus,

1126 2620 1308 2650 facultatem
1338 2618 1484 2648 concedit
1512 2617 1725 2655 componendi
1757 2625 1831 2646 cum
1862 2616 2000 2645 Martiuo
2026 2614 2130 2650 Petri,

1126 2677 1254 2703 cantore
1271 2672 1449 2708 Elborensi,
1467 2676 1498 2701 et
1513 2671 1664 2701 Johanue
1683 2669 1825 2705 Martini,
1843 2669 1996 2699 canonico
2011 2667 2132 2697 Colim-

1127 2726 1260 2762 briensi,
1278 2725 1534 2764 procuratoribus
1551 2723 1711 2763 Dyonisii,
1729 2722 1930 2759 Portugaliae
1944 2726 1974 2752 et
1987 2721 2134 2759 Algarbii

1128 2780 1224 2818 regis,
1240 2788 1333 2817 super
1343 2777 1583 2816 gravaminibus
1600 2781 1630 2806 et
1646 2776 1775 2815 injuriis
1788 2784 1868 2814 quae
1882 2784 1935 2814 per
1950 2783 2041 2812 reges
2056 2775 2134 2804 Por-

1130 2832 1266 2870 tugaliae
1282 2836 1311 2861 et
1329 2830 1471 2868 Algarbii
1488 2830 1626 2867 irrogata
1643 2833 1719 2859 suut
1734 2829 1810 2868 ipsis
1831 2837 1868 2858 ac
1882 2828 2133 2867 praedecessori-

1128 2887 1187 2916 bus
1203 2894 1313 2915 eorum
1329 2884 1467 2922 aliisque
1483 2883 1631 2922 praelatis
1647 2882 1736 2921 regui
1750 2882 1906 2921 ejusdem.

1172 2950 1186 2965 α
1213 2938 1384 2976 Cupientes
1411 2942 1444 2967 ut
1467 2937 1720 2967 controversie...
1751 2953 1790 2957 —
1821 2936 1892 2965 Dat.
1922 2936 2023 2965 Rome
2051 2934 2135 2974 apud

1131 2991 1282 3021 Sanctam
1313 2990 1448 3019 Mariam
1477 2990 1651 3028 Maj0rem,
1681 2988 1828 3019 kalendis
1850 2988 2021 3025 februarii,
2050 2995 2136 3017 anno

1130 3044 1246 3083 primo.
1272 3056 1285 3071 n
