2342 3652
918 374 1145 414 DEUXIEME
1166 373 1323 413 ANNEE.
1474 384 1475 387 ¹
2105 386 2161 416 339

149 455 168 482 Ι
175 453 261 482 886

111 513 293 550 Dispensatio
301 521 388 547 super
399 513 511 538 defectu
522 511 668 537 natalium.
681 511 763 544 (Rae.
776 512 818 543 44,
830 520 854 537 c.
868 511 930 545 695,
942 512 961 538 f.
971 511 1019 538 ‘267
1032 513 1078 543 ro.)

335 450 696 484 Sainte-Marie-Majeure,
714 450 745 476 13
761 449 913 483 decembre
930 450 1007 476 1289.

114 617 235 653 Alsonso
250 614 415 649 Fernandi,
433 613 577 642 canonico
594 613 710 641 ecclesie
723 613 872 648 Lucensis,
888 613 973 648 juris
989 621 1080 641 cano-

75 672 136 701 nici
149 669 336 707 professori,
354 674 491 705 quocum
509 665 586 694 olim
603 665 668 703 jam
687 665 906 703 dispensatum
927 667 972 693 est
989 674 1082 702 super

75 723 194 753 defectu
213 719 366 750 natalium
384 727 478 757 quem
501 722 636 756 patitur,
653 727 689 746 ex
707 717 820 747 acolito
836 718 963 754 genitus
979 721 1008 746 et
1030 726 1080 746 so-

75 775 159 811 luta,
178 778 212 804 ut
228 773 266 802 ad
286 780 399 802 omnes
417 771 546 801 ordines
570 770 750 808 promoveri
773 775 803 799 et
820 770 1011 799 beneficium
1029 779 1080 799 ec-

77 828 285 859 clesiasticum
305 826 450 855 obtinere
473 824 607 859 valeret,
624 823 770 861 indulget
787 827 821 852 ut
837 823 875 852 ad
892 823 1081 852 ecclesiasti-

77 890 147 912 cum
181 884 386 918 personatum
415 877 464 907 vel
491 877 679 915 dignitatem
694 900 702 913 ,
731 876 899 915 episcopali
924 876 1081 913 dignitate

77 938 211 972 excepta,
229 933 348 962 assumi
368 931 480 966 valeat.

117 999 130 1015 ι
156 985 335 1025 Apostolice
357 985 440 1014 sedis
464 984 687 1022 benignitas...
711 1002 746 1005 —
768 984 838 1012 Dat.
865 984 980 1019 Rome,
998 983 1099 1021 apud*

77 1041 222 1072 Sanctam
246 1039 380 1069 Mariam
401 1039 574 1077 Majorem,
593 1038 700 1067 idibus
717 1037 911 1073 decembris,
930 1046 1016 1067 anno
1032 1046 1079 1066 se-

76 1093 190 1125 cundo.
206 1105 220 1119 ι

147 1265 167 1294 Ι
175 1265 260 1294 86Ἷ

108 1328 292 1363 Dispensatio
317 1336 407 1362 super
430 1328 544 1354 defectu
577 1327 721 1353 natalium.
757 1326 839 1359 (Rae.
871 1327 918 1358 44,
949 1334 974 1354 c.
1005 1326 1078 1357 6952,

74 1379 92 1406 Ι.
107 1377 156 1406 267
172 1379 220 1410 ro.)

334 1264 694 1298 Sainte-Marie-Majeure‚
714 1263 745 1290 13
761 1263 913 1290 decembre
932 1263 1007 1290 1289.

112 1480 220 1509 Dilecto
243 1479 309 1516 szlio
339 1502 358 1510 ..
387 1480 475 1508 electo
503 1479 640 1508 Ovelensi
665 1477 798 1507 mandat
824 1481 980 1516 quatenus
1005 1487 1079 1508 cum

74 1532 234 1564 Menendo
251 1532 423 1568 Fernandi,
442 1532 564 1562 scolare
581 1531 750 1562 Ovetensis
766 1531 930 1567 dioecesiS,
948 1532 1078 1570 dispen-

75 1591 121 1616 set
137 1591 187 1622 ut,
211 1594 273 1615 non
295 1586 439 1616 obstante
461 1586 584 1615 delectu
608 1585 763 1614 natalium
781 1594 875 1623 quem
901 1587 1035 1623 patitur,
1063 1595 1079 1616 e

75 1639 174 1670 soluto
191 1631 320 1677 genitus
333 1644 364 1668 et
380 1639 481 1668 solnta
496 1639 528 1668 in
545 1644 658 1678 qnarto
676 1639 964 1676 consanguinitatis
979 1639 1079 1676 gradu

75 1692 272 1732 conjunctis,
291 1692 330 1721 ad
354 1701 466 1722 omnes
487 1692 616 1722 ordines
638 1692 817 1731 promoveri
837 1697 867 1722 et
887 1693 1079 1723 ecclesiasti-

75 1755 148 1777 cum
165 1746 357 1776 beneficium
374 1747 519 1776 obtinere
536 1747 648 1776 valeat.

119 1812 131 1827 ι
151 1800 314 1830 Accedens
329 1800 368 1830 ad
387 1801 617 1838 presentiam...
634 1816 674 1822 —
689 1801 760 1829 Dat.
782 1799 816 1829 ut
831 1809 936 1838 supra.
957 1812 969 1826 n

147 1972 261 2001 1888

109 2035 153 2061 Ad
177 2035 348 2061 solutionem
371 2034 532 2061 debitorum
549 2034 754 2069 Lugdunensis
770 2034 910 2061 ecclesiae
927 2034 1009 2067 (Rae.
1031 2035 1079 2068 44,

75 2091 99 2110 c.
115 2083 174 2115 696,
190 2084 210 2110 f.
227 2084 277 2110 267
295 2091 339 2114 νος
356 2083 422 2110 Lar.
440 2093 476 2111 nu
491 2083 590 2115 Tum,
608 2083 646 2115 ΙΙ,
665 2084 738 2115 345.)

331 1972 694 2007 Sainte-Marie-Majcure,
713 1973 746 1999 ‘28
763 1972 914 1999 decembre
934 1973 1008 1999 1289.

114 2187 157 2222 B.,
181 2187 269 2216 electo
289 2187 504 2223 Luydunensz',
525 2186 670 2216 concedit
691 2191 725 2216 ut
750 2195 823 2216 cum
848 2186 914 2216 loca
932 2186 1080 2221 civitatis,

75 2239 224 2270 dioecesis
241 2245 271 2269 et
286 2240 469 2278 provinciae
491 2248 566 2269 suae
585 2239 762 2269 visitaverit
782 2239 1021 2278 procurationes
1046 2239 1078 2268 in

75 2294 218 2332 pecunia,
241 2293 275 2323 in
301 2293 495 2323 solutionem
514 2293 694 2323 debitorum
712 2293 862 2323 ecclesiae
882 2293 1080 2331 Lugdunen-

77 2347 118 2377 sis
134 2347 376 2383 convertendas,
396 2348 536 2386 recipere
554 2346 668 2376 valeat.

117 2411 132 2427 «
157 2399 403 2430 Considerantes
426 2408 541 2437 magne
566 2400 780 2429 devotionis...
803 2416 842 2422 —
863 2400 934 2429 Dat.
962 2400 1078 2434 Rome,

76 2453 157 2492 apud
180 2453 330 2484 Sanctam
353 2453 490 2483 Mariam
515 2454 671 2492 Majorem
684 2476 692 2489 ‚
711 2463 730 2482 v
748 2453 902 2483 kalendas
918 2453 1060 2491 Jannarii
1073 2477 1080 2490 ,

76 2508 160 2530 anno
175 2500 325 2530 secundo.
345 2512 357 2526 ι

111 2732 242 2760 Facultas
257 2735 423 2761 conferendi
439 2735 587 2762 beneficia.
605 2735 688 2769 (Rea.
711 2736 755 2770 44,
778 2744 804 2762 c.
825 2736 898 2766 6962.
920 2736 941 2762 s.
963 2735 1012 2762 ‘267
1035 2740 1080 2768 v⁰;

77 2781 141 2809 Ian.
157 2791 192 2810 nu
206 2783 303 2815 Tacit„
316 2783 354 2818 ΙΙ,
371 2784 435 2816 346;
454 2784 570 2815 Poma..
588 2784 696 2818 23109.)

346 2672 712 2707 Sainte-Ma1·ie-Majeure.
728 2673 744 2700 9
759 2673 914 2699 novembre
933 2672 1008 2699 1289.

119 2905 137 2912 ..
154 2886 303 2922 preposito
320 2891 347 2915 et
369 2886 500 2922 capitulo
517 2887 635 2915 ecclesie
650 2887 815 2921 Albiensis,
833 2887 952 2915 ordinis
971 2886 1002 2916 S.
1019 2887 1080 2916 Au-

76 2937 203 2974 qustini.
223 2949 236 2964 α
260 2938 307 2967 Ad
333 2938 529 2968 audientiam
552 2944 691 2969 nostram
714 2940 859 2977 pervenit
874 2939 956 2978 quod
973 2939 1004 2968 in
1025 2938 1081 2968 Al-

77 2989 181 3019 hiensi
197 2991 329 3021 ecclesia
347 2992 504 3030 quoddam
526 2992 668 3022 officinm
687 2996 885 3031 perpetuum,
904 2992 1082 3022 Comei-aria

77 3042 252 3081 vulgariter
270 3045 484 3084 appellatum,
502 3045 585 3084 quod
605 3045 747 3075 modicos
769 3045 866 3075 habet
887 3045 1007 3075 fructus
1018 3067 1028 3082 ‚
1047 3052 1083 3074 ac

1163 448 1269 477 Sancti
1288 448 1453 486 Stephani,
1470 449 1574 478 Sancti
1588 449 1723 486 Jtiliani,
1743 450 1857 479 Sancte
1872 450 1972 480 Mai-ie
1987 451 2025 480 de
2040 452 2162 482 Castro-

1162 502 1271 535 veteri,
1288 502 1395 531 Sancti
1415 502 1499 530 l’etri
1516 503 1554 531 de
1574 504 1673 534 Buxo,
1693 503 1800 532 Sancti
1817 503 1940 532 Claudii
1956 504 1994 533 de
2010 505 2160 541 Gestatio,

1163 554 1268 583 Sancti
1288 555 1448 584 Vincentii
1467 556 1504 584 de
1521 555 1673 592 Causato⁷
1695 556 1800 585 Sancti
1820 557 1964 586 Medardi
1981 559 2018 587 de
2035 559 2162 588 Audih-

1163 606 1228 636 laco
1243 631 1249 641 ,
1269 607 1375 637 Sancti
1400 609 1482 637 Petri
1508 609 1545 637 de
1566 609 1660 645 Lior,
1687 609 1801 639 Sancte
1824 610 1924 639 Marie
1948 611 1984 639 de
2010 612 2163 642 Ladrechi

1164 661 1377 698 parrochiales
1396 661 1536 697 ecclesie,
1555 663 1717 691 Albiensis
1733 663 1867 691 civitatis
1885 669 1913 692 et
1930 664 2074 702 diocesis,
2088 674 2162 695 con-

1164 718 1250 742 sueta
1273 715 1434 743 canonicis
1458 715 1537 743 dicte
1560 715 1720 744 Albiensis
1737 717 1868 745 ecclesie
1885 717 2043 754 assignari
2061 742 2066 753 ,
2086 728 2162 757 quo-

1163 776 1232 795 rnin
1251 767 1375 796 collatio
1391 768 1429 796 ad
1447 776 1499 796 vos
1517 768 1594 796 alias
1611 769 1767 806 pertinere
1782 769 1908 805 dicitur,
1925 775 2009 800 tauto
2026 776 2164 809 tempore

1160 819 1227 858 jam
1245 826 1397 849 vacarunt
1414 821 1498 858 quod
1515 822 1553 850 ad
1571 822 1676 849 sedem
1694 822 1895 859 apostolicam
1914 828 1959 851 est
1977 834 2085 853 earum
2102 825 2164 854 col-

1164 872 1238 902 latio
1255 873 1430 902 secundum
1451 874 1670 902 Lateranensis
1687 880 1801 902 statuta
1819 875 1943 903 concilii
1961 876 2099 913 legitime
2113 877 2165 907 de-

1165 926 1280 955 voluta.
1299 927 1364 955 Nos
1380 926 1488 963 igitur,
1503 926 1683 955 animarum
1702 927 1795 956 salnai
1811 929 2090 965 parrochianorum
2103 931 2165 960 dic·

1165 983 1266 1007 tarnin
1285 978 1491 1007 ecclesiarum
1516 978 1762 1016 parrochialium
1783 985 1812 1008 et
1835 980 1960 1010 utilitati
1981 983 2163 1011 earumdem

1164 1031 1381 1065 ecclesiarum,
1401 1041 1439 1060 ne
1459 1032 1600 1061 officium
1621 1038 1651 1061 et
1667 1033 1798 1062 ecclesie
1818 1034 2029 1071 parrochiales
2048 1036 2165 1072 prefata

1164 1077 1336 1114 vacationis
1356 1085 1479 1114 diutine
1496 1086 1660 1123 dispendia
1682 1086 1855 1123 patiantur,
1875 1087 2038 1124 providere
2057 1088 2165 1118 volen-

1166 1143 1223 1173 tes,
1250 1149 1285 1167 ac
1309 1139 1346 1167 de
1373 1139 1659 1176 circumspectione
1676 1145 1778 1168 vestra
1796 1144 1943 1177 gerentes
1966 1141 1997 1169 in
2030 1141 2166 1172 Domino

1164 1192 1309 1221 fidutiam
1330 1192 1517 1230 pleniorem,
1535 1192 1718 1221 conferendi
1735 1194 1941 1222 camerariam
1965 1199 1993 1223 et
2018 1194 2167 1225 ecclesias

1164 1246 1378 1284 parrochiales
1398 1246 1554 1284 predictas
1571 1246 1734 1275 canonicis
1752 1247 1833 1276 dicte
1855 1247 1985 1277 ecclesie
2004 1249 2166 1278 Albiensis

1162 1309 1239 1338 quos
1256 1300 1294 1329 ad
1319 1300 1377 1329 lioc
1398 1300 1538 1338 ydoneos
1556 1309 1622 1329 esse
1641 1301 1802 1333 videritis,
1822 1306 1912 1339 prout
1934 1303 2069 1331 conferri
2089 1311 2165 1332 con-

1163 1359 1351 1389 sueverunt,
1378 1362 1441 1383 non
1469 1354 1667 1383 obstantibus
1694 1353 1878 1391 hujusmodi
1906 1355 1993 1394 lapsu
2019 1357 2167 1395 temporis

1162 1413 1216 1436 aut
1237 1407 1264 1436 si
1290 1416 1423 1446 persona
1454 1407 1505 1435 cui
1530 1407 1737 1436 camerariam
1770 1408 1939 1445 predictam
1969 1409 2166 1438 contuleritis

1162 1460 1240 1489 alias
1264 1461 1451 1489 beneficiata
1469 1461 1593 1496 existat,
1615 1461 1746 1490 liberam
1767 1461 1854 1490 vobis
1870 1463 2076 1492 concedimus
2092 1472 2165 1493 auc-

1162 1514 1287 1543 toritate
1313 1514 1507 1552 presentium
1532 1514 1724 1542 facultatem.
1745 1514 1816 1543 Dat.
1834 1515 1945 1549 Rome,
1964 1516 2045 1554 apnd
2065 1516 2165 1547 Sanc·

1165 1572 1225 1596 tani
1239 1567 1374 1596 Mariani
1388 1568 1553 1605 Majorein,
1568 1578 1585 1596 v
1599 1568 1670 1596 idus
1683 1568 1876 1604 novembris,
1890 1578 1974 1598 anno
1987 1570 2135 1599 secundo.
2148 1581 2160 1596 ι

1201 1719 1453 1748 isto-1822
1469 1719 1827 1753 Saiute-Maric-Majouro,
1848 1720 1877 1746 13
1889 1720 2040 1746 decembre
2054 1720 2129 1747 1⁵:89.

1199 1782 1315 1808 Blasius
1332 1782 1503 1815 choluicnsi
1518 1782 1658 1808 ecclesiae
1674 1782 1829 1816 episcopus
1841 1782 2013 1816 praeficitur.
2030 1782 2109 1814 (Rae.
2123 1783 2165 1814 44,

1163 1840 1188 1858 c.
1207 1831 1267 1863 607,
1286 1831 1304 1856 f.
1323 1831 1373 1857 ‘207
1389 1832 1438 1862 νο.)

1211 1921 1378 1949 Venerabili
1402 1919 1496 1955 fratri
1524 1920 1640 1952 Blasio,
1673 1920 1804 1956 episcopo
1824 1918 2001 1955 Seyobz'ensi.
2031 1920 2170 1949 Vacante

1164 1973 1351 2011 Segobiensi
1395 1972 1525 2002 ecclesia
1568 1981 1621 2010 per
1661 1972 1901 2001 translationem
1942 1972 2087 2002 Hoderici
2131 1973 2169 2002 ad

1163 2029 1431 2057 'l'erraconensem
1457 2015 1762 2064 aicliiepiscopatum
1777 2049 1785 2062 ,
1812 2026 1892 2064 apud
1915 2026 2021 2055 sedem
2045 2031 2168 2064 aposto-

1162 2081 1257 2110 licam
1288 2081 1419 2116 factam,
1446 2088 1525 2118 papa
1556 2079 1652 2117 hujus
1681 2079 1831 2108 ecclesiae
1856 2079 2071 2118 provistonem
2109 2079 2168 2108 sibi

1163 2134 1355 2169 reservavit,
1378 2133 1431 2162 sed
1450 2156 1470 2162 ..
1492 2133 1632 2162 decanus
1658 2137 1687 2161 et
1702 2133 1891 2170 capitulum,
1909 2133 2004 2171 liujus
2026 2142 2168 2162 reserva-

1165 2189 1259 2217 tionis
1279 2187 1401 2225 ignari,
1421 2187 1579 2223 Blasnnn,
1608 2192 1682 2216 tnnc
1707 2187 1966 2230 archidiaconum
1993 2186 2168 2223 Segobien-

1163 2250 1241 2275 sein,
1259 2241 1442 2279 episcopum
1463 2240 1628 2277 elegerunt
1644 2245 1673 2268 et
1697 2240 1778 2268 lianc
1795 2240 1982 2268 electionem
2003 2262 2023 2268 ..
2042 2239 2167 2268 archie-

1164 2295 1309 2333 piscopus
1333 2293 1522 2329 Toletanis,
1551 2293 1813 2331 metropolitanus
1844 2293 1918 2328 loci,
1944 2292 2166 2328 confirniavit3

1165 2348 1290 2378 Blasius
1305 2356 1388 2383 vero,
1408 2346 1458 2376 ubi
1477 2346 1668 2384 praedictam
1688 2347 1933 2376 reservationem
1950 2347 2107 2383 cognovit,
2128 2345 2167 2374 ad

1164 2402 1271 2431 sedem
1292 2400 1494 2439 apostolicam
1517 2400 1604 2429 venit
1625 2404 1655 2428 et
1681 2400 1769 2429 omni
1789 2400 1854 2438 juri
1875 2399 1935 2428 sibi
1961 2408 1995 2428 ex
2015 2399 2167 2428 electione

1163 2454 1317 2493 acquisito
1344 2453 1558 2486 renuntiavit,
1580 2453 1634 2482 sed
1657 2462 1754 2491 papa,
1773 2462 1840 2490 ejus
1860 2452 2012 2482 electione
2039 2456 2068 2481 et
2094 2460 2167 2481 con-

1164 2508 1344 2537 firmatione
1362 2507 1504 2541 cassatis,
1523 2515 1597 2536 eum
1612 2515 1698 2536 nunc
1712 2506 1901 2543 Segobiensi
1917 2505 2067 2535 ecclesiae
2085 2504 2167 2543 epis-

1163 2570 1275 2600 copum
1293 2561 1443 2598 praeficit.

1205 2627 1218 2640 a
1253 2614 1304 2643 list
1334 2618 1438 2642 nostre
1467 2612 1727 2642 sollicitudinis...
1755 2628 1794 2633 —
1823 2612 1893 2641 Dat.
1928 2611 2050 2647 Rome,
2084 2610 2167 2649 apud

1164 2668 1312 2697 Sanctam
1345 2666 1479 2695 Mariani
1509 2666 1683 2710 Majorem„
1714 2665 1821 2694 idibus
1853 2664 2050 2699 decembris,
2081 2672 2167 2693 anno

1163 2721 1312 2751 secundo.
1333 2733 1344 2744 υ

1204 2775 1239 2803 ln
1265 2783 1291 2802 e.
1316 2782 1357 2801 m.
1384 2796 1403 2803 ..
1428 2772 1546 2802 decano
1573 2776 1602 2801 et
1626 2771 1762 2810 capitulo
1784 2770 1935 2801 ecclesiae
1961 2770 2168 2808 Segobiensis

1164 2827 1293 2857 mandat
1314 2831 1347 2855 ut
1369 2826 1471 2855 eidem
1495 2825 1639 2863 episcopo
1662 2824 1800 2853 debitam
1827 2824 2043 2853 obedientiam
2074 2832 2166 2861 prae-

1161 2882 1265 2911 beant.

1204 2935 1240 2963 In
1258 2944 1285 2962 e.
1306 2942 1348 2961 m.
1367 2932 1524 2967 Sentium,
1546 2940 1651 2968 regem
1668 2930 1822 2960 Castellae
1839 2935 1868 2959 et
1886 2929 2046 2967 Legionis,
2064 2928 2168 2959 horta-

1165 2992 1214 3017 tur
1232 2992 1264 3016 nt
1279 2986 1380 3015 eidem
1398 2984 1542 3023 episcopo
1559 2984 1680 3021 regium
1697 2983 1838 3012 favorem
1855 2982 2012 3021 praebeat.

1207 3053 1219 3067 u
1238 3039 1383 3069 Occurrit
1399 3037 1490 3068 nobis
1506 3037 1580 3066 de...
1599 3053 1637 3058 -
1654 3037 1725 3066 Dat.
1745 3042 1776 3065 ut
1793 3045 1898 3074 supra.
1917 3047 1931 3061 »
