2342 3652
905 389 1134 430 DEUXIEME
1155 385 1313 427 ANNiiE.
2099 394 2163 423 209.

65 474 278 510 Aberdonensz's
295 471 426 501 mandat
449 473 606 508 quatenus
627 476 700 498 cum
723 467 862 497 Roberto
889 466 971 495 dicto
996 464 1068 494 Fla-

65 530 185 566 mingo,
195 525 308 561 milite,
322 528 352 554 et
367 523 487 558 Africa,
503 526 577 551 nata
594 520 713 550 nobilis
730 519 793 548 viri
809 517 982 556 Reginaldi
994 517 1070 547 dicti

67 581 184 614 Lichen
197 601 206 616 ,
222 575 463 608 Aberdonensis
477 573 641 611 dioecesis,
661 573 838 611 dispenset,
861 571 941 600 utin
957 569 1068 599 matri-

67 633 174 667 monio
188 631 265 662 olim
279 630 319 659 ab
341 629 436 668 ipsis,
453 626 723 665 impedimentum
742 634 810 654 esse
834 623 1069 662 ignorantibuS‚

68 689 242 720 contracto,
259 691 427 713 remanere
443 680 579 711 valeant.

108 752 123 768 ci
147 737 296 769 Exhibita
323 735 415 766 nobis
439 734 584 765 dilecti...
612 749 651 754 —
675 732 747 762 Dat.
778 731 893 767 Beate,
922 739 968 759 1111
998 729 1072 759 idus

64 793 164 836 junii,
183 798 268 821 anno
284 789 436 819 secundo.
456 799 470 815 n

138 948 330 979 924-3'25
682 944 777 977 Rieu,
796 943 905 978 18juin
925 943 1001 970 1289.

92 1009 313 1046 'Indulgentiae.
334 1010 418 1043 (ΒΕΘ.
435 1009 483 1042 44,
499 1016 525 1035 c.
541 1008 608 1039 247,
627 1008 646 1034 f.
665 1007 715 1034 ι160
732 1013 773 1039 1·⁰;
792 1005 898 1033 Porrn.
910 1005 1021 1038 22982.)

113 1114 264 1145 universis
289 1113 406 1142 Christi
421 1111 560 1148 fidelibus
578 1115 730 1148 presentes
749 1110 866 1139 litteras
883 1109 1074 1146 inspecturis.

73 1166 309 1205 Indulgentiam
327 1166 424 1194 unius
439 1164 517 1194 anni
533 1168 562 1194 et
577 1163 636 1193 XL
652 1163 778 1193 dierum
799 1162 945 1193 concedit
959 1162 1004 1192 eis
1020 1162 1075 1200 qui

73 1220 235 1253 ecclesiam
256 1219 392 1248 fratrum
413 1218 577 1248 minorum
599 1216 874 1247 Mediolanensem
894 1216 930 1245 in
949 1221 1075 1246 sancto-

71 1283 143 1306 rum
163 1273 323 1303 Francisci
349 1276 380 1302 et
403 1271 554 1307 Antonii,
573 1276 763 1309 sanctaeque
789 1269 902 1300 Clarae
922 1274 951 1299 et
974 1269 1076 1299 sancti

71 1326 209 1359 Naboris
223 1325 376 1364 martyris
393 1324 635 1360 festivitatibus,
656 1327 687 1353 et
701 1332 757 1362 per
772 1328 841 1353 octo
857 1323 924 1353 dies
940 1332 1076 1363 sequen-

73 1384 129 1417 tes,
142 1379 356 1409 visitaverint.

113 1444 127 1460 ι
144 1433 224 1462 Loca
239 1435 421 1461 sanctorum
444 1431 630 1461 omnium...
648 1447 686 1452 —
704 1430 775 1462 Dat.
800 1430 914 1467 Reate,
932 1439 1000 1459 xnn
1017 1430 1076 1460 ka-

73 1485 181 1517 lendas
192 1484 279 1525 julii,
296 1493 381 1515 anno
396 1484 547 1514 secundo.
568 1495 582 1510 n
900 1484 903 1485 ’

687 1563 780 1596 Rieu,
797 1564 830 1591 27
843 1564 907 1599 juin
927 1564 1004 1591 1289.

63 1672 66 1675 -
111 1629 150 1659 In
166 1638 194 1658 e.
210 1637 254 1659 m.
280 1651 301 1659 ..
328 1628 482 1665 magistro
504 1631 534 1656 et
558 1627 710 1657 fratribus
731 1627 900 1666 hospitalis
922 1627 959 1657 de
982 1628 1078 1657 Petra

75 1681 206 1719 Sancta,
229 1681 376 1711 Lucanae
398 1680 561 1710 dioecesis.
587 1680 731 1710 Eandem
746 1680 985 1719 indulgentiam
1001 1689 1077 1711 con-

76 1735 156 1766 cedit
170 1743 225 1774 pro
240 1734 372 1765 ecclesia
389 1733 557 1773 hospitalis
573 1733 739 1772 praedicti.
759 1734 831 1764 Dat.
851 1735 964 1771 Reate,
982 1744 1002 1764 v
1020 1734 1078 1765 ka-

76 1788 184 1820 lendas
194 1788 283 1828 julii,
300 1796 385 1818 anno
401 1787 552 1818 secundo.
567 1787 628 1827 (En
642 1788 767 1827 mar-qe).

143 1954 229 1984 εἴθ
688 1953 781 1986 Rieu,
800 1954 832 1981 r13
845 1955 909 1989 juin
927 1955 1006 1982 1289.

110 2016 154 2044 De
166 2016 326 2044 redditibus
341 2015 530 2051 quarumdam
546 2015 733 2042 ecclesiarum
750 2016 982 2044 Constantiensis
1002 2017 1081 2044 dioe-

78 2067 160 2094 cesis.
176 2066 259 2100 (Rae.
276 2066 324 2097 44,
340 2074 366 2092 c.
383 2065 452 2099 ⁵248,
468 2065 488 2092 f.
515 2064 566 2092 -160
582 2071 626 2096 1·⁰;
653 2064 721 2091 Lai>-
744 2074 781 2092 nt:
804 2065 911 2097 Tuam,
935 2066 980 2098 ΙΙ,
1007 2067 1078 2097 ιΙΞἹ.)

121 2167 343 2197 Venerabilibus
353 2167 505 2203 fratribus
517 2187 537 2195 ..
554 2167 687 2204 episcopo
699 2171 726 2195 et
739 2167 844 2196 dilecto
855 2167 921 2204 filio
934 2190 954 2196 ..
967 2169 1085 2198 cantori

78 2221 300 2252 Basiliensibus.
320 2232 334 2247 α
351 2219 524 2250 Pastoralis
540 2219 640 2250 officii
657 2219 803 2249 debitum
822 2225 1025 2259 exequentes,
1042 2222 1083 2251 ad

80 2273 259 2305 ealihenter
273 2273 473 2303 intendimus
486 2277 516 2303 et
530 2272 675 2302 studium
689 2273 799 2303 efficax
811 2274 1017 2312 impertimur
1029 2285 1083 2314 per

79 2337 149 2368 que,
176 2327 340 2358 subductis
363 2326 540 2358 obstaculis
564 2331 595 2357 et
622 2327 864 2366 impedimentis
889 2329 1085 2367 quibuslibet

80 2381 175 2422 pulsis
193 2381 312 2421 procul,
335 2381 504 2411 insistatur
519 2380 634 2411 cotidie
648 2380 751 2411 cultui
773 2381 971 2412 divinorum.
990 2383 1084 2414 Lecta

81 2434 237 2474 siqnidem
252 2443 358 2465 coram
379 2435 472 2465 nobis
492 2434 687 2464 venerabilis
706 2434 812 2464 fratris
837 2437 936 2465 nostri
962 2460 982 2466 ..
1003 2426 1086 2468 Con-

82 2488 262 2519 stantiensis
287 2488 424 2526 episcopi
449 2487 562 2526 petitio
585 2488 770 2517 continebat
792 2489 894 2526 quod,
917 2489 992 2520 licet
1012 2500 1084 2529 per·

82 2542 179 2581 ceptio
194 2546 305 2581 quarte
320 2541 416 2580 partis
441 2541 591 2571 omnium
607 2540 807 2571 decimarum
827 2544 1085 2581 provenientium

83 2594 122 2626 ad
134 2595 285 2634 quasdam
301 2594 486 2633 collegiatas
502 2599 533 2624 et
548 2594 766 2633 parrochiales
782 2595 931 2626 ecclesias
945 2607 1001 2628 sue
1017 2598 1085 2628 dio-

83 2648 160 2679 cesis
174 2648 267 2678 annis
282 2647 419 2686 singulis
435 2648 475 2677 ad
484 2647 623 2678 eundem
641 2648 837 2687 episcopum,
859 2649 897 2679 de
912 2651 1044 2689 antiqua
1058 2656 1087 2681 et

83 2702 248 2742 approbata
273 2706 303 2732 et
330 2701 485 2731 hactenus
507 2702 638 2740 pacifice
655 2701 821 2732 observata
841 2704 1086 2741 consuetudine,

84 2755 238 2794 pertinere
254 2759 419 2791 noscatur,
438 2754 514 2793 quia
531 2759 636 2784 tamen
663 2754 747 2793 apud
772 2754 898 2794 aliquos
924 2757 1086 2795 predeces—

85 2815 166 2838 sores
186 2816 259 2838 suos
278 2807 538 2837 Constantienses
557 2808 720 2845 episcopos
743 2808 827 2837 circa
850 2811 1087 2848 perceptionem

86 2859 276 2890 decimarum
299 2860 442 2899 ipsarum
470 2868 565 2898 prava
584 2859 723 2898 quedam
749 2865 780 2890 et
799 2862 906 2898 gravis
932 2871 996 2892 non
1019 2872 1088 2893 mo-

85 2913 191 2945 dicum
207 2913 412 2951 consuetudo,
432 2918 466 2942 ut
481 2913 608 2949 dicitur,
625 2913 778 2950 inolevit,
797 2914 945 2946 videlicet
962 2922 995 2946 ut
1015 2927 1087 2956 pre-

86 2965 140 2998 tati
152 2971 181 2997 et
195 2967 304 2997 clerici
317 2966 524 2996 ecclesiarum
535 2965 677 3004 ipsarum
692 2975 746 3005 per
759 2967 938 2998 triennium
949 2969 1089 3000 decimas

85 3019 238 3059 predictas
253 3029 288 3050 ex
303 3019 440 3057 integro,
458 3018 597 3057 prefatus
612 3027 688 3048 vero
700 3019 863 3059 episcopus
880 3027 991 3060 quarto
1004 3032 1089 3053 anno

86 3081 140 3113 pro
159 3073 260 3103 tribus
283 3072 379 3117 annis
400 3071 558 3111 preteritis
579 3071 718 3101 decimas
743 3072 828 3111 ipsas
852 3083 963 3104 omnes
986 3076 1088 3114 perci-

224 3140 297 3166 Rsc.
318 3139 440 3166 N1cotAs
459 3137 512 3165 IV.

1151 471 1226 501 pere
1244 462 1381 491 debeant
1396 466 1427 491 et
1444 461 1572 497 habere,
1594 470 1667 499 sepe
1687 461 1843 498 contingit
1859 461 1942 499 quod
1959 459 2107 490 nonnulli
2119 469 2155 489 ex

1152 515 1280 554 prelatis
1292 514 1451 544 etclericis
1459 514 1659 553 supradictis,
1669 514 1703 543 in
1711 514 1897 552 hujusmodi
1909 517 2111 552 quai-toanno
2119 512 2157 542 de

1153 569 1286 598 decimis
1300 568 1386 606 ipsis,
1404 577 1421 597 a
1437 568 1553 606 quibus
1568 569 1659 606 quasi
1684 567 1787 597 totalis
1810 576 1920 597 eorum
1937 567 2062 596 videtur
2087 566 2158 596 sub-

1154 622 1302 651 stentatio
1315 621 1506 659 dependere,
1521 620 1622 650 nichil
1639 620 1791 650 habentes
1802 620 1849 649 vel
1862 619 2072 658 percipientes
2087 628 2156 649 om-

1155 675 1234 705 nino
1247 698 1254 711 ,
1283 674 1399 704 nolunt
1420 674 1453 703 in
1475 674 1624 712 predictis
1642 674 1782 703 ecelesiis
1801 673 1851 703 vel
1871 682 1980 703 earum
1997 672 2159 711 aliquibus

1155 727 1297 757 residere
1312 750 1318 761 ‚
1336 732 1462 765 propter
1481 727 1564 764 quod
1583 727 1691 756 eedem
1707 726 1838 756 ecclesie
1850 726 1962 756 debitis
1972 726 2160 755 defraudan-

1158 784 1207 809 tur
1216 779 1378 818 obsequiis
1389 784 1418 808 et
1429 788 1504 809 cura
1513 779 1886 816 negligituranimarum.
1897 779 2002 814 Unde,
2013 787 2048 808 cu
2056 787 2085 807 m
2097 782 2159 808 tam

1157 832 1260 862 eidem
1271 833 1415 870 episcopo
1427 832 1593 861 etecclesie
1601 841 1655 861 sue
1664 840 1759 870 quam
1771 831 1898 870 prelatis
1906 837 1935 860 et
1944 831 2160 861 clericisante-

1157 885 1251 914 dictis
1273 885 1458 924 hujusmodi
1482 885 1640 923 perceptio
1659 893 1721 913 non
1740 884 1901 913 modicum
1920 885 1959 913 sit
1974 886 2159 922 dampnosa,

1159 939 1325 976 episcopus
1339 938 1407 976 ipse
1419 937 1509 967 nobis
1520 937 1685 966 humiliter
1696 936 1883 975 supplicavit
1893 941 1927 965 ut
1937 945 2113 973 congruum
2125 936 2161 965 in

1157 991 1217 1020 hac
1237 996 1324 1029 parte
1343 990 1523 1019 remedium
1547 989 1699 1019 adhibere
1723 989 1762 1018 de
1782 989 1873 1018 solita
1893 989 1976 1018 sedis
1991 988 2161 1027 apostolice

1157 1044 1359 1083 providentia
1381 1043 1600 1081 dignaremur.
1624 1042 1776 1072 Nolentes
1800 1042 1899 1079 igitur
1920 1041 2089 1080 prelibatas
2110 1050 2162 1071 ec-

1157 1097 1269 1128 clesias
1285 1097 1449 1127 occasione
1464 1095 1649 1135 huJusmodi
1661 1095 1799 1133 dampna
1817 1095 1993 1130 incurrere,
2012 1094 2062 1123 vel
2073 1094 2162 1124 debi-

1159 1151 1198 1181 tis
1216 1150 1377 1189 obsequiis
1393 1149 1589 1184 defraudari,
1607 1153 1661 1177 aut
1677 1149 1710 1177 in
1725 1149 1768 1177 eis
1784 1156 1893 1177 curam
1907 1147 2163 1184 negligianima—

1158 1214 1247 1240 rum,
1273 1208 1435 1243 sperantes
1460 1203 1557 1232 etiam
1573 1201 1657 1241 quod
1680 1210 1716 1230 ea
1740 1210 1802 1240 que
1822 1201 1912 1230 vobis
1936 1200 2164 1230 committimus

1158 1259 1333 1298 prudenter
1354 1261 1383 1287 et
1409 1257 1540 1295 provide
1567 1255 1720 1285 studeatis
1748 1254 1919 1293 perducere
1939 1254 1978 1283 ad
2000 1254 2164 1290 effectum,

1159 1312 1344 1342 discretioni
1360 1316 1463 1341 vestre
1483 1319 1539 1349 per
1556 1308 1729 1348 apostolica
1745 1308 1861 1346 scripta
1879 1307 2069 1337 mandamus
2085 1316 2164 1346 qua-

1161 1370 1252 1395 tenus
1267 1374 1362 1404 super
1380 1364 1443 1393 hiis
1459 1372 1532 1400 vos,
1552 1362 1601 1392 vel
1617 1362 1698 1392 alter
1711 1366 1870 1395 vestrum,
1891 1360 2075 1390 auctoritate
2090 1368 2165 1389 nos-

1160 1423 1207 1449 tra
1223 1418 1413 1456 diligentius
1430 1416 1650 1455 inquirentes,
1669 1415 1793 1444 faciatis
1815 1415 1850 1443 in
1870 1414 1928 1444 hac
1954 1418 2058 1452 parte,
2080 1421 2165 1442 com-

1160 1472 1330 1502 suetudine
1360 1479 1425 1500 non
1456 1470 1600 1500 obstante
1632 1467 1792 1507 predicta,
1826 1466 1910 1506 quod
1946 1465 2077 1496 utilitati
2103 1469 2166 1494 tam

1160 1524 1413 1556 Constantiensis
1431 1532 1526 1562 quam
1555 1521 1691 1552 aliarum
1719 1520 1924 1550 ecclesiarum
1952 1519 2167 1558 predictarum

1160 1579 1262 1617 magis
1288 1578 1434 1608 videritis
1458 1576 1605 1615 expedire
1626 1575 1762 1603 firmiter
1783 1573 1954 1603 observari.
1980 1571 2166 1602 Contradic-

1161 1639 1242 1664 tores
1273 1638 1331 1662 etc.
1364 1631 1472 1661 Testes
1497 1634 1555 1660 etc.
1589 1628 1660 1658 Dat.
1689 1628 1803 1663 Reate,
1824 1626 1930 1656 idibus
1950 1626 2050 1664 junii,
2082 1633 2167 1655 anno

1161 1686 1312 1718 secundo.
1331 1699 1343 1711 »2

1232 1860 1318 1888 9³2⁸?

1198 1922 1302 1949 Contra
1326 1919 1543 1955 dilapidationes
1567 1917 1679 1943 abbatis
1705 1914 1870 1941 monasterii
1898 1914 1995 1939 Sancti
2022 1912 2169 1947 Peregrini

1163 1972 1197 1998 de
1217 1970 1353 2006 Alpibus.
1374 1968 1454 2000 (Rau.
1472 1967 1504 1994 44
1517 1988 1524 1999 ‚
1542 1975 1567 1993 c.
1586 1966 1654 1996 ζ249,
1674 1965 1693 1991 f.
1714 1964 1761 1990 160
1778 1970 1822 1994 r⁰;
1842 1962 1946 1989 Porrn.
1965 1961 2072 1993 22974.)

1775 1852 1867 1882 Rieti,
1888 1851 2001 1885 terjuin
2022 1850 2097 1877 1239.

1204 2075 1322 2104 Dilectis
1338 2073 1412 2110 filiis
1429 2094 1449 2100 ..
1479 2070 1581 2099 abbati
1600 2067 1775 2096 monasterii
1793 2066 1826 2094 de
1843 2066 1957 2094 Guamo
1974 2065 2087 2092 Lucani
2103 2067 2127 2091 el
2148 2085 2169 2093 .,

1163 2128 1337 2168 quat-diano
1349 2125 1467 2154 ordinis
1480 2124 1616 2159 fratrum
1628 2122 1782 2149 minorum
1797 2127 1831 2148 ac
1843 2140 1862 2147 ..
1876 2118 1977 2155 priori
1990 2118 2171 2145 Sanctorum

1165 2181 1316 2211 Johannis
1331 2185 1357 2208 et
1380 2180 1524 2216 Reparate
1541 2176 1669 2204 Lucanis
1687 2172 1818 2202 mandat
1838 2175 1994 2209 quatenus
2010 2170 2048 2198 de
2068 2169 2172 2198 Bona-

1166 2243 1279 2269 curso,
1305 2231 1472 2271 hospitalis
1495 2229 1604 2259 Sancti
1622 2226 1790 2264 Peregrini
1814 2225 1853 2254 de
1875 2223 2011 2262 Alpibus
2036 2222 2148 2251 abbate
2163 2245 2170 2258 ‚

1168 2289 1314 2318 Lucanae
1329 2283 1495 2319 dioecesis,
1513 2281 1781 2320 dilapidationum
1797 2278 1836 2307 ab
1854 2276 2073 2309 Aldebrando,
2092 2275 2172 2305 Ger-

1166 2341 1314 2371 miniano
1330 2344 1360 2368 et
1376 2339 1582 2371 Parmesano,
1600 2333 1743 2371 ejusdem
1762 2330 1927 2369 hospitalis
1943 2328 2104 2363 iratribus,
2119 2336 2170 2356 ac-

1167 2399 1291 2429 cusato,
1310 2395 1520 2430 cognoscant,
1539 2388 1609 2418 etsi
1625 2396 1703 2426 opus
1720 2386 1831 2420 suerit,
1855 2384 1889 2413 in
1908 2382 2055 2421 hospitali
2074 2380 2171 2411 corri-

1167 2452 1244 2487 gant
1261 2452 1291 2476 et
1306 2446 1491 2475 reforment.

1209 2514 1222 2527 α
1241 2500 1309 2530 Etsi
1323 2508 1360 2528 ex
1375 2499 1609 2536 injuncto...—
1620 2494 1690 2523 Dat.
1709 2487 2075 2527 fleate,1;atendisjunii,
2087 2493 2174 2515 anno

1168 2554 1318 2585 secundo.
1341 2564 1355 2579 »

1790 2689 1885 2721 Rieu,
1906 2687 1935 2713 ¹8
1951 2686 2007 2712 mai
2027 2685 2101 2711 1289.

1257 2699 1344 2728 978

1205 2760 1390 2796 Dispensatio
1410 2765 1497 2792 super
1518 2756 1630 2782 defectu
1647 2753 1748 2780 aetatis
1768 2755 1795 2777 et
1816 2750 1947 2777 ordinum
1968 2751 1996 2774 et
2016 2746 2176 2781 pluralitate

1171 2810 1385 2842 beneficiorum.
1403 2806 1486 2839 (Rae.
1505 2805 1552 2832 44.
1569 2812 1594 2829 e.
1611 2803 1673 2833 250,
1692 2802 1708 2827 s.
1732 2800 1778 2826 160
1795 2806 1838 2831 v⁰;
1858 2798 1967 2824 I'orrn.
1986 2795 2096 2827 22965.)

1210 2913 1354 2949 Magistro
1373 2906 1547 2941 Guillelmo,
1566 2905 1675 2934 rectori
1691 2903 1806 2932 ecclesie
1823 2901 1856 2929 cle
1874 2898 2076 2937 Tyritachtin,
2099 2896 2176 2925 Tua-

1172 2967 1283 2997 mensis
1298 2963 1431 2997 diocesis,
1446 2959 1616 2990 confirmat
1636 2957 1756 2986 litteras
1775 2954 1890 2992 quibus
1907 2951 2084 2986 Johannes,
2100 2949 2175 2978 Tus·
2218 2955 2221 2958 ·

1171 3020 1304 3050 culanus
1327 3016 1490 3054 episcopus
1503 3036 1511 3049 ‚
1539 3010 1726 3050 apostolicae
1755 3007 1837 3037 sedis
1861 3005 1992 3035 nomine
2003 3026 2011 3040 ,
2039 3011 2112 3032 cum
2140 3008 2178 3030 eo

1172 3070 1367 3112 dispensavit
1383 3076 1477 3106 super
1488 3075 1524 3096 eo
1541 3064 1624 3104 quod
1641 3062 1788 3093 ecclesias
1801 3061 1838 3090 de
1850 3057 2058 3093 Cuccanffan,
2077 3054 2177 3085 unde-

2001 3123 2033 3149 27
