2477 3637
182 355 242 386 272
407 369 412 374 ·
503 385 506 390 ,
931 349 1169 381 REGISTRES
1191 350 1246 380 DE
1269 348 1454 380 NICOLAS
1476 349 1533 380 IV.

223 421 263 452 In
282 430 310 450 e.
326 429 370 450 m.
388 418 530 449 Eandem
546 415 784 455 indulgentiam
799 416 943 447 concedit
957 417 1004 446 eis
1019 416 1076 455 qui
1092 415 1191 446 eccle-

183 475 264 504 siam
282 473 395 504 domus
411 471 544 502 militiae
559 469 684 509 Templi
705 469 899 500 Parisiensis
910 494 917 508 ,
940 469 975 499 in
997 469 1106 500 beatae
1122 469 1190 499 Ma-

183 528 265 564 riae,
287 536 342 566 per
368 529 436 556 octo
463 524 530 554 dies
553 527 740 562 sequentes,
765 526 796 553 et
822 523 857 552 in
888 523 1114 553 anniversario
1138 522 1191 552 die

183 579 392 611 dedicationis
410 578 553 618 ejusdem
569 576 739 614 ecclesiae,
757 576 971 607 visitaverint.

702 656 790 688 Rieu,
812 657 844 684 15
859 657 1023 692 septembre
1039 657 1118 684 1289.

222 724 261 754 In
275 732 303 753 e.
320 731 364 753 m.
382 722 526 752 Eandem
544 720 780 759 indulgentiam
795 720 941 751 concedit
957 720 1004 750 eis
1018 719 1076 758 qui
1089 719 1191 750 eccle-

182 778 262 807 siam
280 777 396 807 Beatae
413 775 534 805 Mariae
550 775 589 805 de
602 773 868 814 Aquamundula,
881 773 1055 804 Gaietanae
1071 773 1192 804 dioece-

183 831 242 867 sis,
262 831 296 860 in
320 830 433 860 beatae
451 829 572 859 Mariae
588 831 619 858 et
636 828 667 859 S.
690 827 841 858 Damiani
861 827 1015 866 martyris
1034 827 1192 857 festivita-

185 885 286 920 tibus,
317 888 348 914 et
375 893 432 923 per
464 887 534 913 octo
565 882 633 912 dies
665 885 852 921 sequentes,
873 881 1083 911 visitaverint.
1114 880 1187 910 Dat.

185 939 296 975 Reate,
315 947 380 968 xvn
397 936 550 968 kalendas
565 935 702 967 octobris
717 935 776 975 (En
790 934 924 974 mar-qe.)

257 1125 370 1154 1349
717 1122 811 1154 Rieti,
829 1122 844 1149 3
860 1120 1024 1156 septembre
1041 1120 1119 1148 1289.

217 1187 413 1223 Transeriptio
428 1186 580 1221 privilegii.
597 1185 681 1219 (Rso.
698 1185 742 1219 44,
759 1192 785 1211 c.
801 1184 862 1216 454,
879 1184 898 1210 f.
915 1184 966 1210 ‘207
983 1184 1032 1216 r0.)

221 1291 343 1320 Dilectis
359 1288 434 1327 filiis
447 1311 468 1318 ..
481 1289 582 1318 abbati
592 1292 619 1317 et
631 1287 794 1317 conventui
802 1285 982 1315 monasterti
991 1285 1098 1314 Sancti
1107 1284 1192 1314 Mar-

183 1345 241 1374 tini
252 1345 286 1373 in
297 1344 405 1379 Monte,
419 1342 626 1372 cisterciensis
636 1340 766 1375 ordinis,
790 1338 978 1369 Viterbiensis
989 1338 1123 1367 diocesis.
1141 1335 1193 1366 Ad

180 1396 444 1436 supplicationem
461 1394 584 1425 abbatis
607 1397 637 1424 et
659 1396 835 1423 conventus
855 1391 1041 1422 transcribit
1059 1389 1192 1429 privile-

179 1451 269 1490 gium
296 1449 402 1480 eidem
427 1447 622 1478 monasterio
642 1447 681 1477 ab
704 1445 897 1476 Innocentio
919 1445 970 1475 111
990 1452 1190 1479 concessum,

180 1513 237 1544 pro
260 1512 297 1534 eo
320 1502 405 1542 quod
427 1502 488 1532 hoc
507 1500 716 1541 privilegium
736 1508 830 1530 suam
848 1498 971 1529 bullam
990 1498 1071 1528 forte
1090 1496 1194 1536 perdi-

179 1557 236 1588 dit.

223 1624 237 1639 α
262 1611 471 1642 Innocentius
491 1609 657 1648 episcopus
678 1616 789 1638 servus
807 1614 973 1637 servorum
990 1604 1062 1635 Dei.
1085 1603 1192 1635 Dilec-

182 1678 196 1694 ιι
223 1665 263 1696 tis
283 1665 359 1695 filiis
379 1665 492 1701 Petro,
517 1662 624 1693 abbati
646 1660 836 1692 monasterii
863 1660 974 1690 Sancti
996 1658 1129 1689 Martini
1153 1657 1194 1688 de

182 1731 196 1747 1,
222 1719 341 1755 Monte,
354 1718 487 1757 ejusque
497 1715 648 1746 fratribus
659 1719 723 1745 tam
734 1713 939 1753 presentibus
953 1721 1051 1752 quam
1062 1711 1192 1748 futuris,

183 1784 197 1800 a
221 1771 403 1810 regularem
425 1770 524 1801 vitam
541 1768 702 1808 professis.
725 1768 763 1798 In
786 1770 987 1807 perpetuum.
1013 1766 1102 1796 Licet
1123 1773 1193 1795 mo-

182 1838 196 1854 »
221 1825 397 1855 nasterinm
424 1828 604 1854 vestrum...
630 1839 669 1844 —
696 1823 767 1852 Dat.
801 1822 914 1858 Rome,
932 1820 1016 1860 apud
1038 1820 1193 1851 Sanctum

182 1891 197 1907 i>
221 1880 371 1916 Petrum,
390 1887 445 1917 per
460 1886 593 1907 manum
618 1876 791 1912 Jobannis,
811 1875 926 1905 Sancte
943 1874 1044 1904 Marie
1061 1874 1097 1903 in
1115 1872 1192 1904 Cos·-

181 1945 195 1962 »
220 1933 334 1963 midim
350 1932 475 1962 diaconi
491 1929 675 1967 cardinalis,
694 1932 802 1959 sancte
818 1937 952 1959 romane
966 1927 1099 1958 ecclesie
1115 1935 1191 1957 can-

181 1999 197 2015 »
220 1986 357 2023 cellarii,
387 1985 534 2015 kalendis
565 1983 736 2020 februarii,
757 1982 934 2012 indictione
954 1989 1018 2019 211³,
1039 1980 1192 2010 incarna-

181 2053 195 2069 η
220 2041 315 2071 tionis
330 2039 490 2070 dominice
504 2046 591 2068 anno
611 2038 752 2073 M⁰cc⁰vr³,
769 2035 974 2075 pontificatus
995 2042 1071 2064 vero
1089 2033 1192 2064 donni

182 2107 195 2124 ιι
218 2094 401 2125 Innocentii
417 2101 496 2132 pape
511 2092 560 2121 ΙΙΙ
577 2100 663 2121 anno
681 2090 816 2120 decimo.
834 2101 848 2116 n
866 2088 1018 2128 (Pomm,
1038 2087 1140 2127 2997).

222 2160 236 2175 α
255 2147 467 2185 Privilegium
485 2145 569 2185 quod
591 2144 730 2175 felicis...
753 2160 792 2165 —
807 2143 878 2173 Dat.
900 2143 1016 2179 Reate,
1036 2151 1069 2170 111
1088 2149 1191 2171 nonas

181 2202 370 2242 septembris
383 2225 390 2237 ‚
407 2208 494 2230 anno
509 2198 659 2229 secundo.
681 2210 694 2225 n

255 2388 372 2416 135⁰
799 2383 886 2416 Rieti,
905 2382 934 2410 31
952 2383 1020 2409 aoi'it
1038 2382 1117 2410 1289.

215 2451 370 2479 Absolutio
385 2449 583 2478 observantiae
598 2448 749 2484 regularis.
769 2446 852 2481 (Rae.
869 2446 912 2482 lili,
929 2454 954 2473 c.
968 2446 1029 2478 455,
1041 2445 1061 2472 f.
1073 2445 1124 2472 c208
1141 2446 1188 2479 νο.)

225 2555 393 2585 Venerabili
403 2553 527 2590 fratri..
540 2551 763 2590 archiepiscopo
772 2546 944 2580 Bisuneino.
961 2560 976 2576 «
989 2547 1191 2586 Significavit

179 2608 272 2638 nobis
288 2606 405 2638 nobilis
432 2605 548 2636 mulier
568 2605 715 2642 Beati-ix,
746 2603 814 2634 filia
837 2603 999 2643 quondam
1021 2602 1186 2641 Hugonis,

180 2661 307 2692 comitis
324 2659 513 2698 Burgundie
539 2658 673 2698 palatini
694 2666 730 2688 ac
747 2657 867 2688 domini
885 2656 1063 2687 Salinensis
1076 2679 1083 2692 ‚
1105 2655 1189 2694 quod

180 2714 258 2744 olim
290 2718 436 2752 parentes
468 2713 519 2743 sui
542 2721 630 2749 eam,
668 2716 744 2742 tunc
767 2710 852 2741 infra
873 2714 988 2740 etatem
1009 2708 1188 2747 legitimam

180 2767 400 2803 constitutam,
434 2766 571 2796 invitam
609 2770 640 2795 et
674 2764 869 2795 renitentem
882 2786 891 2800 ‚
924 2762 1119 2793 monasterio
1149 2761 1188 2792 de

180 2819 308 2857 Palma,
326 2819 449 2849 ordinis
465 2819 497 2849 S.
516 2818 705 2855 Benedicti,
727 2822 778 2847 tue
794 2816 929 2847 diocesis
943 2841 950 2854 ‚
972 2815 1187 2852 tradiderunt,

180 2872 346 2910 ipsamque
361 2872 433 2902 duci
456 2872 494 2902 ad
510 2872 608 2902 altare
628 2871 730 2910 ipsius
746 2869 933 2901 monasterii
956 2869 1125 2907 facientes,
1148 2868 1188 2898 ad

181 2925 420 2963 suscipiendum
443 2925 622 2963 regularem
644 2925 790 2955 habitum
813 2923 948 2954 eandem
964 2921 1189 2961 compulerunt

180 2988 236 3018 per
252 2978 319 3008 vim
333 2983 362 3007 et
378 2983 497 3009 metum
513 2979 569 3017 qui
583 2978 695 3008 cadere
707 2981 853 3017 poterant
866 2977 1120 3006 inconstantem.
1137 2975 1185 3013 Et,

180 3031 254 3063 licet
272 3031 354 3062 dicta
379 3032 517 3067 Beati-ix,
537 3041 634 3071 qnam
654 3031 714 3062 cito
729 3031 769 3061 ad
783 3030 962 3069 legitimam
979 3033 1095 3060 etatem
1115 3037 1186 3068 per—

1273 415 1378 452 venit,
1405 414 1489 454 quod
1513 413 1618 444 taliter
1641 413 1761 444 factum
1781 413 1885 444 suerat
1909 422 1984 453 erga
2001 423 2072 446 eam
2095 420 2201 446 ratum
2216 425 2280 449 non

1273 468 1414 505 habens,
1432 467 1487 497 tibi
1510 476 1566 497 sue
1581 466 1774 497 intentionis
1792 467 1987 506 propositum
2003 467 2191 508 revelasset,
2207 479 2278 509 pro-
2307 466 2315 475 ²

1274 525 1393 551 testans
1409 520 1492 560 quod
1515 524 1625 551 contra
1640 519 1837 551 voluntatem
1855 529 1947 550 suam
1964 521 1999 550 in
2020 521 2132 552 eodem
2150 530 2279 554 monas-

1276 574 1355 605 terio
1370 574 1578 613 permanebat
1596 577 1626 604 et
1645 573 1832 604 nullatenus
1855 573 1979 604 volebat
2000 573 2085 604 effici
2111 575 2278 615 monialis,
2326 581 2330 589 '
2356 606 2361 617 ,

1274 632 1393 664 tamen,
1412 631 1539 667 propter
1553 630 1675 658 metum
1692 627 1818 658 illatum
1835 627 1940 658 eidem
1951 637 2007 667 per
2022 627 2164 659 nobilem
2175 629 2281 662 virum
2298 638 2303 646 ·

1274 681 1441 719 Ottonem,
1459 681 1609 712 comitem
1632 681 1839 719 Burgundie,
1858 681 1989 711 fratrem
2005 690 2117 719 suurn,
2141 682 2176 712 in
2197 682 2280 715 dicto

1274 735 1468 765 monasterio
1484 744 1540 773 per
1557 734 1664 774 plures
1682 742 1801 770 annos,
1821 734 1856 764 in
1873 734 1985 765 eodem
2003 739 2111 765 tamen
2126 735 2284 775 proposi*

1275 787 1547 824 contradictionis,
1565 787 1759 826 permansit,
1776 795 1958 827 proponens
1977 796 2074 827 qnam
2088 787 2152 818 cito
2167 774 2289 831 posset,-

1275 841 1359 872 dicto
1375 846 1461 872 metu
1473 846 1616 872 cessante
1629 865 1637 880 ,
1649 841 1688 872 de
1701 841 1895 872 monasterio
1910 841 2073 887 discedere
2088 841 2290 886 supradicto.

1276 900 1307 926 et
1330 895 1370 925 ad
1393 895 1537 926 seculum
1559 894 1660 925 libere
1685 903 1845 932 remeare,
1867 895 1920 925 cui
1946 895 2043 925 etiam
2064 895 2196 926 interim
2221 895 2236 926 f

1275 947 1512 979 administratio
1534 948 1693 979 bonorum
1716 948 1819 987 ipsius
1836 948 2025 979 monasterii
2041 943 2289 981 commendata*

1276 1010 1338 1041 que
1363 1001 1442 1031 alias
1469 1001 1689 1032 commendari
1713 1001 1858 1041 personis
1882 1001 2080 1034 secularibus
2104 1000 2279 1051 consuevit}⁵

1275 1055 1381 1091 Quare
1397 1054 1539 1094 predicta
1565 1055 1691 1086 Beati-ix
1715 1055 1808 1086 nobis
1826 1054 1996 1086 humiliter
2021 1054 2213 1094 supplicavit
2229 1056 2270 1090 ult'

1274 1117 1348 1139 cum
1378 1109 1447 1148 ipsa
1473 1117 1643 1147 nunquam
1669 1108 1862 1148 applicuerit
1886 1117 1944 1139 nec
1969 1107 2108 1148 applicet
2135 1109 2225 1138 anim
2257 1122 2286 1139 ε;

1275 1161 1476 1192 observantie
1492 1161 1643 1201 regulari,
1665 1162 1778 1201 ipsam,
1797 1171 1838 1192 ne
1851 1161 1947 1200 alicuj
1953 1171 1989 1192 us
2005 1161 2226 1192 detractionis
2258 1173 2285 1204 er:

1270 1214 1391 1254 jaceat,
1408 1215 1537 1246 decerni
1548 1219 1675 1255 propter
1689 1215 1846 1255 premissa
1857 1223 1922 1246 non
1942 1215 2045 1246 teneri
2059 1215 2100 1246 ad
2115 1215 2282 1246 observ«

1275 1268 1352 1298 tiam
1368 1268 1548 1307 regularem
1563 1293 1569 1307 ,
1588 1269 1627 1299 de
1642 1269 1841 1308 benignitate
1858 1268 2028 1308 apostolica
2043 1257 2263 1300 mandaremu

1275 1321 1357 1358 Quia
1375 1330 1449 1352 vero
1467 1322 1560 1352 nobis
1583 1331 1649 1353 non
1668 1322 1809 1353 constitit
1823 1322 1862 1352 de
1881 1321 2068 1362 premissis,
2094 1321 2286 1360 fraternis&

1275 1379 1328 1405 tue
1338 1374 1394 1414 per
1406 1374 1578 1414 apostolica
1593 1376 1709 1415 scripta
1724 1375 1917 1406 mandamus
1933 1379 2093 1414 quatenus
2104 1398 2114 1413 ‚
2129 1374 2286 1414 inquisiti

1275 1437 1370 1468 super
1385 1428 1448 1458 hiis
1459 1452 1467 1466 ,
1484 1438 1579 1468 super
1596 1429 1713 1468 quibus
1729 1433 1817 1459 tuam
1834 1429 2037 1460 intendimus
2052 1428 2273 1460 conscientia·

1274 1490 1424 1520 onerare,
1442 1482 1631 1520 diligentius
1654 1484 1786 1513 veritate
1798 1507 1806 1520 ‚
1831 1483 2020 1513 auctoritate
2042 1486 2152 1513 nostra
2167 1485 2257 1512 statu
2272 1486 2286 1515 3th

1274 1536 1358 1566 circa
1377 1545 1447 1566 eam
1462 1545 1524 1575 que
1539 1536 1719 1567 secundum
1731 1536 1837 1567 Deum
1852 1536 1962 1566 anime
1979 1545 2036 1566 sue
2052 1535 2150 1566 saluti
2164 1534 2237 1566 vide
2257 1533 2286 1563 ’ἲν

1274 1589 1435 1629 expedire.
1473 1590 1545 1620 Dat.
1577 1590 1695 1627 Reate,
1723 1599 1746 1619 11
1771 1589 1926 1620 kalendas
1962 1589 2151 1628 septembris
2162 1613 2170 1627 ,
2181 1605 2185 1608 ·
2198 1589 2287 1626 ana-J.
2324 1618 2327 1620 ,

1275 1643 1425 1674 secundo.
1444 1655 1459 1671 »

1350 1844 1602 1873 1351-1352
1896 1843 1983 1875 Rieti,
1999 1843 2034 1871 26
2049 1843 2118 1870 aont
2134 1842 2214 1870 1289.
2234 1852 2241 1860 ·
2267 1848 2281 1873 ,’

1309 1921 1494 1957 Dispensatio
1511 1920 1692 1948 residentiae.
1710 1920 1793 1954 (Rea.
1810 1920 1854 1955 44,
1870 1928 1896 1948 c.
1915 1919 1976 1955 456,
1997 1919 2017 1947 f.
2034 1919 2086 1948 208
2102 1920 2151 1954 ro.)

1312 2032 1411 2068 Nobili
1425 2039 1492 2068 viro
1510 2037 1612 2067 Ottoni
1623 2061 1630 2075 ,
1648 2037 1771 2067 domino
1789 2037 1823 2066 de
1840 2037 2066 2074 Grandissono,
2083 2037 2183 2066 Lause
2213 2049 2216 2052 ¹
2266 2011 2283 2062 ζ

1274 2092 1406 2128 diocesis,
1422 2090 1570 2129 indulget
1585 2095 1620 2120 ut
1632 2095 1768 2130 quatuor
1783 2099 1819 2120 ex
1833 2089 1958 2120 clericis
1973 2090 2043 2130 ejus
2054 2089 2239 2123 beneficiorr
2255 2088 2282 2132 'J

1273 2154 1406 2176 suorum
1420 2145 1541 2174 fructus
1557 2144 1627 2174 sine
1641 2144 1816 2174 residentia
1834 2143 1958 2182 integre
1973 2143 2163 2183 percipiant.
2263 2136 2266 2138 ⁸

1315 2210 1328 2225 <a
1346 2198 1389 2229 Ut
1403 2206 1478 2235 erga
1488 2196 1635 2227 sedem...
1649 2214 1689 2218 —
1703 2197 1775 2226 Dat.
1790 2196 1902 2235 Reate,
1919 2206 1964 2227 vn
1979 2195 2134 2227 kalendas
2149 2195 2278 2236 septem}

1272 2252 1339 2283 bris
1350 2275 1357 2289 ,
1375 2259 1461 2282 anno
1479 2250 1630 2281 secundo.
1647 2262 1660 2277 »
2280 2285 2281 2289 Ἰ

1312 2307 1349 2336 In
1368 2315 1395 2336 e.
1413 2314 1456 2336 m.
1477 2329 1495 2334 ..
1517 2304 1717 2341 Lausanensi
1731 2308 1761 2334 et
1777 2326 1798 2333 ..
1818 2303 2029 2334 Bathouiensi
2044 2303 2199 2343 episcopis
2213 2302 2290 2344 eli-‚rt

1272 2360 1370 2391 electo
1394 2358 1604 2397 Lugdunensi
1627 2357 1759 2387 mandat
1776 2361 1811 2388 ut
1832 2357 2010 2397 praedictos
2025 2357 2148 2388 fructus
2163 2355 2283 2389 eisdae

1271 2413 1396 2444 clericis
1410 2412 1534 2450 integre
1550 2410 1729 2441 ministrari
1744 2410 1874 2441 faciant.
1894 2411 1966 2442 Dat.
1982 2414 2018 2441 ut
2036 2419 2143 2450 supra.
2268 2407 2270 2410 ’

2256 2542 2298 2595 af

1815 2610 1904 2644 Rieu,
1921 2611 1936 2639 3
1952 2610 2117 2646 septembre
2133 2609 2211 2638 1289.
2266 2606 2292 2625 ’-

2267 2661 2270 2666 -
2282 2657 2294 2673 0

1310 2700 1323 2715 (ι
1339 2689 1387 2717 Hii
1402 2692 1470 2716 sunt
1485 2689 1598 2716 articuli
1615 2689 1812 2724 exprimentes
1832 2688 1927 2724 aliqua
1941 2687 1977 2715 de
1991 2687 2049 2715 hiis
2069 2695 2157 2722 super
2175 2683 2283 2722 ιιιιίἲι7

1270 2739 1397 2773 abbates,
1412 2739 1522 2774 priores
1533 2741 1561 2765 ct
1572 2742 1734 2766 conventus
1750 2738 1992 2765 monasteriorum
2004 2736 2035 2764 S.
2047 2735 2199 2764 Benedicti
2208 2727 2267 2764 ets
2278 2725 2286 2735 ’

1271 2788 1429 2823 Augustini
1453 2787 1601 2819 ordinum,
1629 2796 1663 2815 ac
1687 2791 1815 2815 rectores
1840 2787 2029 2814 ecclesiarum
2053 2785 2228 2814 secularium
2250 2782 2290 2811 “ι·.··

1271 2846 1360 2872 regno
1377 2836 1552 2871 portugalie,
1572 2845 1624 2872 per
1638 2836 1867 2864 Bracharensem
1883 2839 1911 2863 et
1926 2836 1997 2863 alias
2012 2835 2154 2870 dioceses,
2169 2836 2199 2862 et
2211 2839 2282 2870 spes

1270 2886 1373 2914 tialiter
1388 2886 1462 2913 inter
1478 2886 1598 2913 Dorium
1613 2890 1641 2913 et
1656 2886 1789 2918 Minium,
1812 2886 1974 2920 constituti,
1992 2893 2024 2912 se
2043 2893 2059 2912 a
2081 2883 2238 2911 baronibus
2250 2886 2294 2928 2

1269 2937 1333 2964 aliis
1357 2936 1500 2963 nobilibus
1524 2936 1656 2971 ejusdem
1681 2937 1763 2971 regni
1787 2943 1891 2971 graves
1915 2935 2052 2970 injurias,
2075 2932 2298 2974 oppressiones

1271 2985 1457 3021 multiplices,
1481 2986 1622 3012 iininensa
1638 2985 1805 3020 gravamina
1822 2984 2001 3012 sustinuisse
2015 2983 2125 3010 diutius
2140 2985 2168 3010 et
2186 2975 2299 3021 adhud?

1269 3035 1350 3070 quasi
1367 3035 1503 3062 continue
1525 3035 1671 3061 sustinere
1692 3036 1867 3069 queruntur,
1885 3032 1920 3060 de
1943 3033 2050 3068 quibus
2074 3031 2190 3067 quidem
2201 3027 2306 3058 'uti-ev

1346 2615 1366 2642 Ι
1373 2613 1461 2642 353
