<?xml version="1.0" encoding="UTF-8"?>
<!DOCTYPE html PUBLIC "-//W3C//DTD XHTML 1.0 Transitional//EN"
    "http://www.w3.org/TR/xhtml1/DTD/xhtml1-transitional.dtd">
<html xmlns="http://www.w3.org/1999/xhtml" xml:lang="en" lang="en">
 <head>
  <title>
</title>
<meta http-equiv="Content-Type" content="text/html;charset=utf-8" />
  <meta name='ocr-system' content='tesseract 3.04.00' />
  <meta name='ocr-capabilities' content='ocr_page ocr_carea ocr_par ocr_line ocrx_word'/>
</head>
<body>
  <div class='ocr_page' id='page_1' title='image "./lesregistresdeni01romeuoft_0030.png"; bbox 0 0 2477 3637; ppageno 0'>
   <div class='ocr_carea' id='block_1_1' title="bbox 234 366 1579 400">
    <p class='ocr_par' dir='ltr' id='par_1_1' title="bbox 234 366 1579 400">
     <span class='ocr_line' id='line_1_1' title="bbox 234 366 1579 400; baseline -0.002 0"><span class='ocrx_word' id='word_1_1' title='bbox 234 370 272 400; x_wconf 78' lang='lat'>22</span> <span class='ocrx_word' id='word_1_2' title='bbox 981 366 1217 398; x_wconf 85' lang='lat' dir='ltr'>REGISTRES</span> <span class='ocrx_word' id='word_1_3' title='bbox 1241 367 1295 398; x_wconf 84' lang='lat' dir='ltr'>DE</span> <span class='ocrx_word' id='word_1_4' title='bbox 1317 367 1500 399; x_wconf 81' lang='lat' dir='ltr'>NICOLAS</span> <span class='ocrx_word' id='word_1_5' title='bbox 1524 368 1579 399; x_wconf 91' lang='lat' dir='ltr'>IV.</span> 
     </span>
    </p>
   </div>
   <div class='ocr_carea' id='block_1_2' title="bbox 190 430 1240 741">
    <p class='ocr_par' dir='ltr' id='par_1_2' title="bbox 190 430 1239 634">
     <span class='ocr_line' id='line_1_2' title="bbox 190 430 1239 475; baseline -0.004 -8"><span class='ocrx_word' id='word_1_6' title='bbox 190 459 192 461; x_wconf 67' lang='lat'>.</span> <span class='ocrx_word' id='word_1_7' title='bbox 233 436 401 475; x_wconf 85' lang='lat' dir='ltr'>guinitatis</span> <span class='ocrx_word' id='word_1_8' title='bbox 423 435 522 474; x_wconf 84' lang='lat' dir='ltr'>gradu</span> <span class='ocrx_word' id='word_1_9' title='bbox 543 430 698 475; x_wconf 57' lang='lat' dir='ltr'>pffiefatae</span> <span class='ocrx_word' id='word_1_10' title='bbox 718 434 845 472; x_wconf 87' lang='lat' dir='ltr'>Helvigi</span> <span class='ocrx_word' id='word_1_11' title='bbox 863 434 1052 464; x_wconf 78' lang='lat' dir='ltr'><strong>attinentem</strong></span> <span class='ocrx_word' id='word_1_12' title='bbox 1067 433 1239 464; x_wconf 81' lang='lat' dir='ltr'>carnaliter</span> 
     </span>
     <span class='ocr_line' id='line_1_3' title="bbox 234 486 1239 529; baseline -0.005 -8"><span class='ocrx_word' id='word_1_13' title='bbox 234 494 444 529; x_wconf 86' lang='lat' dir='ltr'>cognoverat,</span> <span class='ocrx_word' id='word_1_14' title='bbox 461 489 546 528; x_wconf 89' lang='lat' dir='ltr'>quod</span> <span class='ocrx_word' id='word_1_15' title='bbox 563 489 644 518; x_wconf 87' lang='lat' dir='ltr'>dicta</span> <span class='ocrx_word' id='word_1_16' title='bbox 662 488 807 525; x_wconf 88' lang='lat' dir='ltr'>Helvigis</span> <span class='ocrx_word' id='word_1_17' title='bbox 827 492 966 525; x_wconf 90' lang='lat' dir='ltr'>tempore</span> <span class='ocrx_word' id='word_1_18' title='bbox 990 487 1141 517; x_wconf 84' lang='lat' dir='ltr'>contracti</span> <span class='ocrx_word' id='word_1_19' title='bbox 1163 486 1239 517; x_wconf 90' lang='lat' dir='ltr'>dicti</span> 
     </span>
     <span class='ocr_line' id='line_1_4' title="bbox 234 539 1237 581; baseline -0.004 -8"><span class='ocrx_word' id='word_1_20' title='bbox 234 543 434 573; x_wconf 85' lang='lat' dir='ltr'><strong>matrimonii</strong></span> <span class='ocrx_word' id='word_1_21' title='bbox 458 543 583 581; x_wconf 89' lang='lat' dir='ltr'>penitus</span> <span class='ocrx_word' id='word_1_22' title='bbox 609 541 776 579; x_wconf 82' lang='lat' dir='ltr'>ignorabat</span> <span class='ocrx_word' id='word_1_23' title='bbox 802 544 832 570; x_wconf 88' lang='lat' dir='ltr'>et</span> <span class='ocrx_word' id='word_1_24' title='bbox 852 539 891 570; x_wconf 89' lang='lat' dir='ltr'>ad</span> <span class='ocrx_word' id='word_1_25' title='bbox 910 539 991 576; x_wconf 81' lang='lat' dir='ltr'>huc,</span> <span class='ocrx_word' id='word_1_26' title='bbox 1013 544 1106 579; x_wconf 88' lang='lat' dir='ltr'>prout</span> <span class='ocrx_word' id='word_1_27' title='bbox 1127 540 1237 574; x_wconf 81' lang='lat' dir='ltr'>fertur,</span> 
     </span>
     <span class='ocr_line' id='line_1_5' title="bbox 234 595 463 634; baseline -0.013 -7"><span class='ocrx_word' id='word_1_28' title='bbox 234 595 290 627; x_wconf 87' lang='lat' dir='ltr'>alii</span> <span class='ocrx_word' id='word_1_29' title='bbox 304 597 463 634; x_wconf 88' lang='lat' dir='ltr'>ignorant.</span> 
     </span>
    </p>

    <p class='ocr_par' dir='ltr' id='par_1_3' title="bbox 230 645 1240 741">
     <span class='ocr_line' id='line_1_6' title="bbox 277 645 1240 683; baseline -0.004 -4"><span class='ocrx_word' id='word_1_30' title='bbox 277 660 291 675; x_wconf 71' lang='grc' dir='ltr'>ι</span> <span class='ocrx_word' id='word_1_31' title='bbox 315 649 364 679; x_wconf 91' lang='lat' dir='ltr'>Ob</span> <span class='ocrx_word' id='word_1_32' title='bbox 380 653 517 683; x_wconf 90' lang='lat' dir='ltr'>tuorum,</span> <span class='ocrx_word' id='word_1_33' title='bbox 535 647 735 677; x_wconf 82' lang='lat' dir='ltr'><strong>carissime...</strong></span> <span class='ocrx_word' id='word_1_34' title='bbox 752 662 792 669; x_wconf 95' lang='lat'>-—</span> <span class='ocrx_word' id='word_1_35' title='bbox 807 646 879 676; x_wconf 88' lang='lat' dir='ltr'>Dat.</span> <span class='ocrx_word' id='word_1_36' title='bbox 898 646 1007 682; x_wconf 87' lang='lat' dir='ltr'>Reate,</span> <span class='ocrx_word' id='word_1_37' title='bbox 1027 654 1070 675; x_wconf 88' lang='lat' dir='ltr'>xn</span> <span class='ocrx_word' id='word_1_38' title='bbox 1085 645 1240 676; x_wconf 87' lang='lat' dir='ltr'><strong>kalendas</strong></span> 
     </span>
     <span class='ocr_line' id='line_1_7' title="bbox 230 701 600 741; baseline -0.008 -8"><span class='ocrx_word' id='word_1_39' title='bbox 230 702 332 741; x_wconf 86' lang='lat' dir='ltr'>junii,</span> <span class='ocrx_word' id='word_1_40' title='bbox 349 709 434 730; x_wconf 87' lang='lat' dir='ltr'>anno</span> <span class='ocrx_word' id='word_1_41' title='bbox 450 701 563 739; x_wconf 88' lang='lat' dir='ltr'>primo.</span> <span class='ocrx_word' id='word_1_42' title='bbox 589 712 600 726; x_wconf 58' lang='lat' dir='ltr'>»i</span> 
     </span>
    </p>
   </div>
   <div class='ocr_carea' id='block_1_3' title="bbox 306 903 1167 939">
    <p class='ocr_par' dir='ltr' id='par_1_4' title="bbox 306 903 1167 939">
     <span class='ocr_line' id='line_1_8' title="bbox 306 903 1167 939; baseline -0.003 -6"><span class='ocrx_word' id='word_1_43' title='bbox 306 904 495 933; x_wconf 67' lang='lat'>125-134</span> <span class='ocrx_word' id='word_1_44' title='bbox 868 903 960 938; x_wconf 71' lang='lat' dir='ltr'>Rieu,</span> <span class='ocrx_word' id='word_1_45' title='bbox 979 904 993 931; x_wconf 84' lang='lat'>4</span> <span class='ocrx_word' id='word_1_46' title='bbox 1005 905 1071 939; x_wconf 90' lang='lat' dir='ltr'>juin</span> <span class='ocrx_word' id='word_1_47' title='bbox 1089 903 1167 931; x_wconf 71' lang='lat'>1288.</span> 
     </span>
    </p>
   </div>
   <div class='ocr_carea' id='block_1_4' title="bbox 232 965 1239 1099">
    <p class='ocr_par' dir='ltr' id='par_1_5' title="bbox 232 965 1239 1099">
     <span class='ocr_line' id='line_1_9' title="bbox 267 965 1239 1002; baseline -0.002 -8"><span class='ocrx_word' id='word_1_48' title='bbox 267 967 458 1002; x_wconf 83' lang='lat' dir='ltr'>Raymundus</span> <span class='ocrx_word' id='word_1_49' title='bbox 475 967 648 993; x_wconf 84' lang='lat' dir='ltr'>monasterio</span> <span class='ocrx_word' id='word_1_50' title='bbox 665 965 696 994; x_wconf 90' lang='lat' dir='ltr'>S.</span> <span class='ocrx_word' id='word_1_51' title='bbox 716 965 843 993; x_wconf 86' lang='lat' dir='ltr'>Victoris</span> <span class='ocrx_word' id='word_1_52' title='bbox 859 966 1033 993; x_wconf 82' lang='lat' dir='ltr'>Massiliensi</span> <span class='ocrx_word' id='word_1_53' title='bbox 1048 970 1075 992; x_wconf 91' lang='lat' dir='ltr'>et</span> <span class='ocrx_word' id='word_1_54' title='bbox 1089 965 1239 992; x_wconf 86' lang='lat' dir='ltr'>Johannes</span> 
     </span>
     <span class='ocr_line' id='line_1_10' title="bbox 232 1015 1238 1050; baseline -0.002 -6"><span class='ocrx_word' id='word_1_55' title='bbox 232 1017 407 1044; x_wconf 87' lang='lat' dir='ltr'>monasterio</span> <span class='ocrx_word' id='word_1_56' title='bbox 424 1016 454 1043; x_wconf 85' lang='lat' dir='ltr'>S.</span> <span class='ocrx_word' id='word_1_57' title='bbox 476 1016 611 1043; x_wconf 79' lang='lat' dir='ltr'>Germani</span> <span class='ocrx_word' id='word_1_58' title='bbox 628 1016 663 1042; x_wconf 89' lang='lat' dir='ltr'>de</span> <span class='ocrx_word' id='word_1_59' title='bbox 687 1015 781 1042; x_wconf 87' lang='lat' dir='ltr'>Pratis</span> <span class='ocrx_word' id='word_1_60' title='bbox 802 1015 957 1043; x_wconf 87' lang='lat' dir='ltr'>Parisiensi</span> <span class='ocrx_word' id='word_1_61' title='bbox 983 1016 1187 1050; x_wconf 85' lang='lat' dir='ltr'>praeficiuntur</span> <span class='ocrx_word' id='word_1_62' title='bbox 1210 1015 1238 1042; x_wconf 93' lang='lat' dir='ltr'>in</span> 
     </span>
     <span class='ocr_line' id='line_1_11' title="bbox 233 1064 1149 1099; baseline -0.003 -6"><span class='ocrx_word' id='word_1_63' title='bbox 233 1066 358 1093; x_wconf 84' lang='lat' dir='ltr'>abbates.</span> <span class='ocrx_word' id='word_1_64' title='bbox 378 1065 459 1099; x_wconf 63' lang='lat' dir='ltr'>(Risu.</span> <span class='ocrx_word' id='word_1_65' title='bbox 479 1066 520 1097; x_wconf 76' lang='lat'>44,</span> <span class='ocrx_word' id='word_1_66' title='bbox 539 1074 565 1092; x_wconf 91' lang='lat' dir='ltr'>c.</span> <span class='ocrx_word' id='word_1_67' title='bbox 582 1066 625 1099; x_wconf 82' lang='lat'>66,</span> <span class='ocrx_word' id='word_1_68' title='bbox 642 1066 662 1091; x_wconf 83' lang='lat' dir='ltr'>f.</span> <span class='ocrx_word' id='word_1_69' title='bbox 682 1066 710 1092; x_wconf 84' lang='lat'>17</span> <span class='ocrx_word' id='word_1_70' title='bbox 727 1072 774 1099; x_wconf 80' lang='lat' dir='ltr'>v⁰;</span> <span class='ocrx_word' id='word_1_71' title='bbox 792 1065 859 1092; x_wconf 63' lang='lat' dir='ltr'>LAr.</span> <span class='ocrx_word' id='word_1_72' title='bbox 876 1073 910 1092; x_wconf 86' lang='lat' dir='ltr'>nu</span> <span class='ocrx_word' id='word_1_73' title='bbox 926 1064 1031 1097; x_wconf 70' lang='lat' dir='ltr'>Tneit,</span> <span class='ocrx_word' id='word_1_74' title='bbox 1049 1064 1075 1095; x_wconf 90' lang='lat'>1,</span> <span class='ocrx_word' id='word_1_75' title='bbox 1095 1065 1149 1097; x_wconf 83' lang='lat'>15.)</span> 
     </span>
    </p>
   </div>
   <div class='ocr_carea' id='block_1_5' title="bbox 223 1166 1240 3067">
    <p class='ocr_par' dir='ltr' id='par_1_6' title="bbox 229 1166 1240 1793">
     <span class='ocr_line' id='line_1_12' title="bbox 271 1166 1240 1206; baseline -0.004 -8"><span class='ocrx_word' id='word_1_76' title='bbox 271 1170 380 1198; x_wconf 75' lang='lat' dir='ltr'>Dilecto</span> <span class='ocrx_word' id='word_1_77' title='bbox 398 1170 462 1205; x_wconf 78' lang='lat' dir='ltr'>silio</span> <span class='ocrx_word' id='word_1_78' title='bbox 478 1169 782 1206; x_wconf 75' lang='lat' dir='ltr'>Raymundo,abbati</span> <span class='ocrx_word' id='word_1_79' title='bbox 798 1168 974 1197; x_wconf 78' lang='lat' dir='ltr'>monasterii</span> <span class='ocrx_word' id='word_1_80' title='bbox 990 1166 1096 1197; x_wconf 77' lang='lat' dir='ltr'>Sancti</span> <span class='ocrx_word' id='word_1_81' title='bbox 1114 1167 1240 1196; x_wconf 72' lang='lat' dir='ltr'>Victoris</span> 
     </span>
     <span class='ocr_line' id='line_1_13' title="bbox 231 1221 1238 1258; baseline -0.005 -5"><span class='ocrx_word' id='word_1_82' title='bbox 231 1224 444 1257; x_wconf 76' lang='lat' dir='ltr'>Massiliensis,</span> <span class='ocrx_word' id='word_1_83' title='bbox 472 1222 511 1251; x_wconf 74' lang='lat' dir='ltr'>cul</span> <span class='ocrx_word' id='word_1_84' title='bbox 533 1223 701 1251; x_wconf 81' lang='lat' dir='ltr'><em>Romanam</em></span> <span class='ocrx_word' id='word_1_85' title='bbox 725 1222 879 1251; x_wconf 80' lang='lat' dir='ltr'>ecclesiam</span> <span class='ocrx_word' id='word_1_86' title='bbox 905 1222 991 1249; x_wconf 80' lang='lat' dir='ltr'>nullo</span> <span class='ocrx_word' id='word_1_87' title='bbox 1018 1221 1115 1249; x_wconf 80' lang='lat' dir='ltr'>medio</span> <span class='ocrx_word' id='word_1_88' title='bbox 1138 1221 1238 1258; x_wconf 76' lang='lat' dir='ltr'>perti-</span> 
     </span>
     <span class='ocr_line' id='line_1_14' title="bbox 231 1274 1239 1313; baseline -0.004 -5"><span class='ocrx_word' id='word_1_89' title='bbox 231 1280 341 1313; x_wconf 79' lang='lat' dir='ltr'>nentis,</span> <span class='ocrx_word' id='word_1_90' title='bbox 360 1279 479 1306; x_wconf 76' lang='lat' dir='ltr'>ordinis</span> <span class='ocrx_word' id='word_1_91' title='bbox 494 1278 598 1307; x_wconf 75' lang='lat' dir='ltr'>Sancti</span> <span class='ocrx_word' id='word_1_92' title='bbox 614 1277 773 1306; x_wconf 71' lang='lat' dir='ltr'>Benedicti.</span> <span class='ocrx_word' id='word_1_93' title='bbox 788 1276 881 1312; x_wconf 86' lang='lat' dir='ltr'>Eum,</span> <span class='ocrx_word' id='word_1_94' title='bbox 896 1275 951 1313; x_wconf 89' lang='lat' dir='ltr'>qni</span> <span class='ocrx_word' id='word_1_95' title='bbox 968 1274 1044 1304; x_wconf 89' lang='lat' dir='ltr'>olim</span> <span class='ocrx_word' id='word_1_96' title='bbox 1060 1275 1156 1304; x_wconf 83' lang='lat' dir='ltr'>abbas</span> <span class='ocrx_word' id='word_1_97' title='bbox 1172 1282 1239 1304; x_wconf 88' lang='lat' dir='ltr'>mo-</span> 
     </span>
     <span class='ocr_line' id='line_1_15' title="bbox 231 1327 1238 1360; baseline -0.004 0"><span class='ocrx_word' id='word_1_98' title='bbox 231 1330 362 1360; x_wconf 87' lang='lat' dir='ltr'>nasterii</span> <span class='ocrx_word' id='word_1_99' title='bbox 386 1330 494 1360; x_wconf 85' lang='lat' dir='ltr'>Sancti</span> <span class='ocrx_word' id='word_1_100' title='bbox 516 1329 670 1359; x_wconf 83' lang='lat' dir='ltr'>Germani</span> <span class='ocrx_word' id='word_1_101' title='bbox 694 1329 732 1358; x_wconf 87' lang='lat' dir='ltr'>de</span> <span class='ocrx_word' id='word_1_102' title='bbox 758 1329 862 1357; x_wconf 88' lang='lat' dir='ltr'>Pratis</span> <span class='ocrx_word' id='word_1_103' title='bbox 884 1327 1076 1357; x_wconf 85' lang='lat' dir='ltr'>Parisiensis</span> <span class='ocrx_word' id='word_1_104' title='bbox 1099 1328 1238 1357; x_wconf 78' lang='lat' dir='ltr'>existens</span> 
     </span>
     <span class='ocr_line' id='line_1_16' title="bbox 231 1380 1240 1421; baseline -0.004 -8"><span class='ocrx_word' id='word_1_105' title='bbox 231 1384 388 1414; x_wconf 87' lang='lat' dir='ltr'>abbatiam</span> <span class='ocrx_word' id='word_1_106' title='bbox 405 1382 548 1421; x_wconf 85' lang='lat' dir='ltr'>ejusdem</span> <span class='ocrx_word' id='word_1_107' title='bbox 565 1382 749 1412; x_wconf 87' lang='lat' dir='ltr'>monasterii</span> <span class='ocrx_word' id='word_1_108' title='bbox 767 1381 875 1411; x_wconf 79' lang='lat' dir='ltr'>Sancti</span> <span class='ocrx_word' id='word_1_109' title='bbox 889 1380 1044 1411; x_wconf 84' lang='lat' dir='ltr'>Germani</span> <span class='ocrx_word' id='word_1_110' title='bbox 1059 1389 1114 1419; x_wconf 90' lang='lat' dir='ltr'>per</span> <span class='ocrx_word' id='word_1_111' title='bbox 1129 1389 1240 1418; x_wconf 90' lang='lat' dir='ltr'>procu-</span> 
     </span>
     <span class='ocr_line' id='line_1_17' title="bbox 231 1433 1238 1474; baseline -0.004 -7"><span class='ocrx_word' id='word_1_112' title='bbox 231 1442 368 1467; x_wconf 87' lang='lat' dir='ltr'>ratorem</span> <span class='ocrx_word' id='word_1_113' title='bbox 402 1436 594 1474; x_wconf 73' lang='lat' dir='ltr'>resignavit,</span> <span class='ocrx_word' id='word_1_114' title='bbox 626 1435 659 1464; x_wconf 92' lang='lat' dir='ltr'>in</span> <span class='ocrx_word' id='word_1_115' title='bbox 695 1435 842 1464; x_wconf 80' lang='lat' dir='ltr'>abbatem</span> <span class='ocrx_word' id='word_1_116' title='bbox 869 1434 1012 1473; x_wconf 87' lang='lat' dir='ltr'>praeficit</span> <span class='ocrx_word' id='word_1_117' title='bbox 1045 1433 1238 1464; x_wconf 88' lang='lat' dir='ltr'>monasterio</span> 
     </span>
     <span class='ocr_line' id='line_1_18' title="bbox 232 1487 1237 1526; baseline -0.004 -6"><span class='ocrx_word' id='word_1_118' title='bbox 232 1490 340 1521; x_wconf 89' lang='lat' dir='ltr'>Sancti</span> <span class='ocrx_word' id='word_1_119' title='bbox 356 1489 489 1519; x_wconf 77' lang='lat' dir='ltr'>Victoris</span> <span class='ocrx_word' id='word_1_120' title='bbox 511 1488 722 1524; x_wconf 75' lang='lat' dir='ltr'>Massiliensi,</span> <span class='ocrx_word' id='word_1_121' title='bbox 737 1488 828 1526; x_wconf 88' lang='lat' dir='ltr'>cujus</span> <span class='ocrx_word' id='word_1_122' title='bbox 845 1487 1031 1518; x_wconf 86' lang='lat' dir='ltr'>monasterii</span> <span class='ocrx_word' id='word_1_123' title='bbox 1053 1487 1237 1524; x_wconf 85' lang='lat' dir='ltr'>Johannes,</span> 
     </span>
     <span class='ocr_line' id='line_1_19' title="bbox 233 1541 1238 1581; baseline -0.005 -7"><span class='ocrx_word' id='word_1_124' title='bbox 233 1548 308 1574; x_wconf 87' lang='lat' dir='ltr'>tunc</span> <span class='ocrx_word' id='word_1_125' title='bbox 335 1543 445 1578; x_wconf 80' lang='lat' dir='ltr'>abbas,</span> <span class='ocrx_word' id='word_1_126' title='bbox 467 1542 650 1581; x_wconf 80' lang='lat' dir='ltr'>capellanus</span> <span class='ocrx_word' id='word_1_127' title='bbox 676 1550 790 1581; x_wconf 86' lang='lat' dir='ltr'>papae,</span> <span class='ocrx_word' id='word_1_128' title='bbox 817 1541 949 1580; x_wconf 82' lang='lat' dir='ltr'>cupiens</span> <span class='ocrx_word' id='word_1_129' title='bbox 973 1549 1049 1570; x_wconf 83' lang='lat' dir='ltr'>suae</span> <span class='ocrx_word' id='word_1_130' title='bbox 1072 1541 1238 1579; x_wconf 90' lang='lat' dir='ltr'>providere</span> 
     </span>
     <span class='ocr_line' id='line_1_20' title="bbox 231 1593 1239 1636; baseline -0.004 -9"><span class='ocrx_word' id='word_1_131' title='bbox 231 1597 346 1636; x_wconf 80' lang='lat' dir='ltr'>quieti,</span> <span class='ocrx_word' id='word_1_132' title='bbox 369 1596 577 1635; x_wconf 77' lang='lat' dir='ltr'>Raymnndo,</span> <span class='ocrx_word' id='word_1_133' title='bbox 593 1595 690 1634; x_wconf 83' lang='lat' dir='ltr'>priori</span> <span class='ocrx_word' id='word_1_134' title='bbox 707 1595 813 1625; x_wconf 79' lang='lat' dir='ltr'>Sancti</span> <span class='ocrx_word' id='word_1_135' title='bbox 830 1595 917 1624; x_wconf 87' lang='lat' dir='ltr'>Petri</span> <span class='ocrx_word' id='word_1_136' title='bbox 933 1594 971 1624; x_wconf 85' lang='lat' dir='ltr'>de</span> <span class='ocrx_word' id='word_1_137' title='bbox 988 1593 1146 1631; x_wconf 82' lang='lat' dir='ltr'>Alvardo,</span> <span class='ocrx_word' id='word_1_138' title='bbox 1163 1594 1239 1624; x_wconf 91' lang='lat' dir='ltr'>resi-</span> 
     </span>
     <span class='ocr_line' id='line_1_21' title="bbox 231 1647 1237 1689; baseline -0.003 -9"><span class='ocrx_word' id='word_1_139' title='bbox 231 1651 353 1689; x_wconf 86' lang='lat' dir='ltr'>gnandi</span> <span class='ocrx_word' id='word_1_140' title='bbox 374 1650 532 1680; x_wconf 87' lang='lat' dir='ltr'>abbatiam</span> <span class='ocrx_word' id='word_1_141' title='bbox 556 1649 699 1687; x_wconf 82' lang='lat' dir='ltr'>ejusdem</span> <span class='ocrx_word' id='word_1_142' title='bbox 720 1648 906 1678; x_wconf 84' lang='lat' dir='ltr'>monasterii</span> <span class='ocrx_word' id='word_1_143' title='bbox 924 1648 1080 1678; x_wconf 80' lang='lat' dir='ltr'>concessit</span> <span class='ocrx_word' id='word_1_144' title='bbox 1102 1647 1237 1677; x_wconf 84' lang='lat' dir='ltr'>liberam</span> 
     </span>
     <span class='ocr_line' id='line_1_22' title="bbox 229 1701 1238 1743; baseline -0.004 -9"><span class='ocrx_word' id='word_1_145' title='bbox 229 1707 433 1743; x_wconf 87' lang='lat' dir='ltr'>potestatem,</span> <span class='ocrx_word' id='word_1_146' title='bbox 451 1703 506 1742; x_wconf 87' lang='lat' dir='ltr'>qui</span> <span class='ocrx_word' id='word_1_147' title='bbox 527 1702 658 1732; x_wconf 87' lang='lat' dir='ltr'>demum</span> <span class='ocrx_word' id='word_1_148' title='bbox 685 1702 719 1731; x_wconf 91' lang='lat' dir='ltr'>in</span> <span class='ocrx_word' id='word_1_149' title='bbox 742 1703 826 1732; x_wconf 87' lang='lat' dir='ltr'>sedis</span> <span class='ocrx_word' id='word_1_150' title='bbox 848 1701 1036 1740; x_wconf 88' lang='lat' dir='ltr'>apostolicae</span> <span class='ocrx_word' id='word_1_151' title='bbox 1059 1702 1238 1740; x_wconf 87' lang='lat' dir='ltr'>praesentia</span> 
     </span>
     <span class='ocr_line' id='line_1_23' title="bbox 230 1755 948 1793; baseline -0.004 -6"><span class='ocrx_word' id='word_1_152' title='bbox 230 1757 419 1787; x_wconf 87' lang='lat' dir='ltr'>constitutus</span> <span class='ocrx_word' id='word_1_153' title='bbox 435 1756 595 1786; x_wconf 87' lang='lat' dir='ltr'>abbatiam</span> <span class='ocrx_word' id='word_1_154' title='bbox 611 1756 747 1786; x_wconf 86' lang='lat' dir='ltr'>eandem</span> <span class='ocrx_word' id='word_1_155' title='bbox 763 1755 948 1793; x_wconf 83' lang='lat' dir='ltr'>resignavit.</span> 
     </span>
    </p>

    <p class='ocr_par' dir='ltr' id='par_1_7' title="bbox 227 1809 1237 1905">
     <span class='ocr_line' id='line_1_24' title="bbox 272 1809 1237 1846; baseline -0.001 -7"><span class='ocrx_word' id='word_1_156' title='bbox 272 1823 285 1838; x_wconf 72' lang='grc' dir='ltr'>α</span> <span class='ocrx_word' id='word_1_157' title='bbox 310 1811 361 1840; x_wconf 81' lang='lat' dir='ltr'>Ad</span> <span class='ocrx_word' id='word_1_158' title='bbox 387 1810 577 1840; x_wconf 80' lang='lat' dir='ltr'>universalis</span> <span class='ocrx_word' id='word_1_159' title='bbox 604 1809 774 1840; x_wconf 85' lang='lat' dir='ltr'>ecclesie...</span> <span class='ocrx_word' id='word_1_160' title='bbox 792 1825 832 1832; x_wconf 92' lang='lat'>-—</span> <span class='ocrx_word' id='word_1_161' title='bbox 849 1810 918 1839; x_wconf 89' lang='lat' dir='ltr'>Dat.</span> <span class='ocrx_word' id='word_1_162' title='bbox 943 1809 1057 1846; x_wconf 85' lang='lat' dir='ltr'>Reate,</span> <span class='ocrx_word' id='word_1_163' title='bbox 1086 1819 1108 1838; x_wconf 92' lang='lat'>11</span> <span class='ocrx_word' id='word_1_164' title='bbox 1136 1817 1237 1839; x_wconf 88' lang='lat' dir='ltr'>nonas</span> 
     </span>
     <span class='ocr_line' id='line_1_25' title="bbox 227 1864 597 1905; baseline -0.011 -10"><span class='ocrx_word' id='word_1_165' title='bbox 227 1865 323 1905; x_wconf 85' lang='lat' dir='ltr'>junii,</span> <span class='ocrx_word' id='word_1_166' title='bbox 341 1873 426 1894; x_wconf 91' lang='lat' dir='ltr'>anno</span> <span class='ocrx_word' id='word_1_167' title='bbox 444 1864 557 1903; x_wconf 89' lang='lat' dir='ltr'>primo.</span> <span class='ocrx_word' id='word_1_168' title='bbox 584 1876 597 1890; x_wconf 70' lang='grc' dir='ltr'>ιι</span> 
     </span>
    </p>

    <p class='ocr_par' dir='ltr' id='par_1_8' title="bbox 229 1916 1236 2054">
     <span class='ocr_line' id='line_1_26' title="bbox 270 1916 1236 1955; baseline -0.001 -8"><span class='ocrx_word' id='word_1_169' title='bbox 270 1920 308 1948; x_wconf 88' lang='lat' dir='ltr'>In</span> <span class='ocrx_word' id='word_1_170' title='bbox 328 1927 354 1948; x_wconf 89' lang='lat' dir='ltr'>e.</span> <span class='ocrx_word' id='word_1_171' title='bbox 375 1926 419 1946; x_wconf 88' lang='lat' dir='ltr'>m.</span> <span class='ocrx_word' id='word_1_172' title='bbox 439 1940 459 1946; x_wconf 90' lang='lat'>..</span> <span class='ocrx_word' id='word_1_173' title='bbox 480 1917 579 1955; x_wconf 88' lang='lat' dir='ltr'>priori</span> <span class='ocrx_word' id='word_1_174' title='bbox 598 1920 628 1946; x_wconf 87' lang='lat' dir='ltr'>et</span> <span class='ocrx_word' id='word_1_175' title='bbox 645 1917 818 1947; x_wconf 89' lang='lat' dir='ltr'>conventui</span> <span class='ocrx_word' id='word_1_176' title='bbox 841 1916 1028 1946; x_wconf 88' lang='lat' dir='ltr'>monasterii</span> <span class='ocrx_word' id='word_1_177' title='bbox 1046 1916 1078 1946; x_wconf 90' lang='lat' dir='ltr'>S.</span> <span class='ocrx_word' id='word_1_178' title='bbox 1100 1916 1236 1946; x_wconf 87' lang='lat' dir='ltr'>Victoris</span> 
     </span>
     <span class='ocr_line' id='line_1_27' title="bbox 229 1969 1235 2008; baseline -0.002 -7"><span class='ocrx_word' id='word_1_179' title='bbox 229 1971 441 2001; x_wconf 83' lang='lat' dir='ltr'>Massiliensis</span> <span class='ocrx_word' id='word_1_180' title='bbox 458 1970 589 1999; x_wconf 88' lang='lat' dir='ltr'>mandat</span> <span class='ocrx_word' id='word_1_181' title='bbox 604 1974 762 2008; x_wconf 86' lang='lat' dir='ltr'>quatenus</span> <span class='ocrx_word' id='word_1_182' title='bbox 779 1969 883 1999; x_wconf 90' lang='lat' dir='ltr'>eidem</span> <span class='ocrx_word' id='word_1_183' title='bbox 906 1969 944 1999; x_wconf 83' lang='lat' dir='ltr'>R.</span> <span class='ocrx_word' id='word_1_184' title='bbox 962 1969 1068 1999; x_wconf 88' lang='lat' dir='ltr'>abbati</span> <span class='ocrx_word' id='word_1_185' title='bbox 1082 1969 1235 1999; x_wconf 88' lang='lat' dir='ltr'>obedien-</span> 
     </span>
     <span class='ocr_line' id='line_1_28' title="bbox 229 2023 663 2054; baseline -0.005 0"><span class='ocrx_word' id='word_1_186' title='bbox 229 2025 307 2054; x_wconf 83' lang='lat' dir='ltr'>tiam</span> <span class='ocrx_word' id='word_1_187' title='bbox 322 2023 462 2053; x_wconf 79' lang='lat' dir='ltr'>debitam</span> <span class='ocrx_word' id='word_1_188' title='bbox 479 2023 663 2053; x_wconf 80' lang='lat' dir='ltr'>exhibeant.</span> 
     </span>
    </p>

    <p class='ocr_par' dir='ltr' id='par_1_9' title="bbox 229 2076 1235 2162">
     <span class='ocr_line' id='line_1_29' title="bbox 269 2076 1235 2108; baseline -0.001 -1"><span class='ocrx_word' id='word_1_189' title='bbox 269 2079 306 2108; x_wconf 93' lang='lat' dir='ltr'>In</span> <span class='ocrx_word' id='word_1_190' title='bbox 333 2087 360 2107; x_wconf 86' lang='lat' dir='ltr'>e.</span> <span class='ocrx_word' id='word_1_191' title='bbox 389 2086 432 2106; x_wconf 89' lang='lat' dir='ltr'>m.</span> <span class='ocrx_word' id='word_1_192' title='bbox 459 2077 618 2106; x_wconf 80' lang='lat' dir='ltr'>universis</span> <span class='ocrx_word' id='word_1_193' title='bbox 648 2076 793 2106; x_wconf 88' lang='lat' dir='ltr'>vassallis</span> <span class='ocrx_word' id='word_1_194' title='bbox 822 2077 1008 2106; x_wconf 88' lang='lat' dir='ltr'>monasterii</span> <span class='ocrx_word' id='word_1_195' title='bbox 1038 2076 1070 2107; x_wconf 91' lang='lat' dir='ltr'>S.</span> <span class='ocrx_word' id='word_1_196' title='bbox 1099 2077 1235 2107; x_wconf 88' lang='lat' dir='ltr'>Victoris</span> 
     </span>
     <span class='ocr_line' id='line_1_30' title="bbox 229 2131 441 2162; baseline -0.005 -1"><span class='ocrx_word' id='word_1_197' title='bbox 229 2131 441 2162; x_wconf 87' lang='lat' dir='ltr'>Massiliensis</span> 
     </span>
    </p>

    <p class='ocr_par' dir='ltr' id='par_1_10' title="bbox 227 2183 1235 2330">
     <span class='ocr_line' id='line_1_31' title="bbox 268 2183 1234 2222; baseline 0 -8"><span class='ocrx_word' id='word_1_198' title='bbox 268 2185 307 2214; x_wconf 91' lang='lat' dir='ltr'>In</span> <span class='ocrx_word' id='word_1_199' title='bbox 326 2193 353 2213; x_wconf 89' lang='lat' dir='ltr'>e.</span> <span class='ocrx_word' id='word_1_200' title='bbox 371 2193 415 2213; x_wconf 90' lang='lat' dir='ltr'>m.</span> <span class='ocrx_word' id='word_1_201' title='bbox 434 2184 591 2213; x_wconf 87' lang='lat' dir='ltr'>universis</span> <span class='ocrx_word' id='word_1_202' title='bbox 608 2183 775 2213; x_wconf 87' lang='lat' dir='ltr'>abbatibus</span> <span class='ocrx_word' id='word_1_203' title='bbox 796 2187 826 2213; x_wconf 90' lang='lat' dir='ltr'>et</span> <span class='ocrx_word' id='word_1_204' title='bbox 846 2183 1004 2222; x_wconf 89' lang='lat' dir='ltr'>prioribus</span> <span class='ocrx_word' id='word_1_205' title='bbox 1023 2184 1234 2214; x_wconf 87' lang='lat' dir='ltr'>monasterio-</span> 
     </span>
     <span class='ocr_line' id='line_1_32' title="bbox 227 2237 1235 2276; baseline 0 -9"><span class='ocrx_word' id='word_1_206' title='bbox 227 2247 299 2267; x_wconf 89' lang='lat' dir='ltr'>rum</span> <span class='ocrx_word' id='word_1_207' title='bbox 327 2242 357 2267; x_wconf 91' lang='lat' dir='ltr'>et</span> <span class='ocrx_word' id='word_1_208' title='bbox 380 2238 576 2276; x_wconf 84' lang='lat' dir='ltr'>prioratuum</span> <span class='ocrx_word' id='word_1_209' title='bbox 602 2237 796 2266; x_wconf 80' lang='lat' dir='ltr'>monasterio</span> <span class='ocrx_word' id='word_1_210' title='bbox 820 2237 852 2267; x_wconf 86' lang='lat' dir='ltr'>S.</span> <span class='ocrx_word' id='word_1_211' title='bbox 877 2237 1014 2267; x_wconf 90' lang='lat' dir='ltr'>Victoris</span> <span class='ocrx_word' id='word_1_212' title='bbox 1042 2237 1235 2268; x_wconf 84' lang='lat' dir='ltr'>Massiliensi</span> 
     </span>
     <span class='ocr_line' id='line_1_33' title="bbox 227 2289 841 2330; baseline -0.003 -9"><span class='ocrx_word' id='word_1_213' title='bbox 227 2291 459 2330; x_wconf 81' lang='lat' dir='ltr'>subjectorum,</span> <span class='ocrx_word' id='word_1_214' title='bbox 475 2290 597 2320; x_wconf 83' lang='lat' dir='ltr'>ordinis</span> <span class='ocrx_word' id='word_1_215' title='bbox 614 2290 645 2320; x_wconf 86' lang='lat' dir='ltr'>S.</span> <span class='ocrx_word' id='word_1_216' title='bbox 667 2289 841 2320; x_wconf 83' lang='lat' dir='ltr'>Benedicti.</span> 
     </span>
    </p>

    <p class='ocr_par' dir='ltr' id='par_1_11' title="bbox 226 2343 1235 2482">
     <span class='ocr_line' id='line_1_34' title="bbox 267 2343 1232 2374; baseline 0 0"><span class='ocrx_word' id='word_1_217' title='bbox 267 2345 305 2374; x_wconf 92' lang='lat' dir='ltr'>In</span> <span class='ocrx_word' id='word_1_218' title='bbox 330 2353 356 2373; x_wconf 81' lang='lat' dir='ltr'>e.</span> <span class='ocrx_word' id='word_1_219' title='bbox 377 2353 421 2372; x_wconf 87' lang='lat' dir='ltr'>m.</span> <span class='ocrx_word' id='word_1_220' title='bbox 443 2343 600 2373; x_wconf 83' lang='lat' dir='ltr'>universis</span> <span class='ocrx_word' id='word_1_221' title='bbox 625 2343 800 2373; x_wconf 86' lang='lat' dir='ltr'>rectoribus</span> <span class='ocrx_word' id='word_1_222' title='bbox 825 2347 856 2374; x_wconf 92' lang='lat' dir='ltr'>et</span> <span class='ocrx_word' id='word_1_223' title='bbox 882 2343 1005 2373; x_wconf 87' lang='lat' dir='ltr'>clericis</span> <span class='ocrx_word' id='word_1_224' title='bbox 1028 2343 1232 2374; x_wconf 89' lang='lat' dir='ltr'>ecclesiarum</span> 
     </span>
     <span class='ocr_line' id='line_1_35' title="bbox 227 2396 1235 2437; baseline -0.001 -8"><span class='ocrx_word' id='word_1_225' title='bbox 227 2397 422 2429; x_wconf 83' lang='lat' dir='ltr'>secularium</span> <span class='ocrx_word' id='word_1_226' title='bbox 442 2397 634 2426; x_wconf 88' lang='lat' dir='ltr'>monasterio</span> <span class='ocrx_word' id='word_1_227' title='bbox 653 2396 683 2426; x_wconf 88' lang='lat' dir='ltr'>S.</span> <span class='ocrx_word' id='word_1_228' title='bbox 704 2397 839 2427; x_wconf 88' lang='lat' dir='ltr'>Victoris</span> <span class='ocrx_word' id='word_1_229' title='bbox 856 2397 1050 2427; x_wconf 88' lang='lat' dir='ltr'>Massiliensi</span> <span class='ocrx_word' id='word_1_230' title='bbox 1077 2399 1235 2437; x_wconf 85' lang='lat' dir='ltr'>subjecta-</span> 
     </span>
     <span class='ocr_line' id='line_1_36' title="bbox 226 2460 310 2482; baseline -0.012 -1"><span class='ocrx_word' id='word_1_231' title='bbox 226 2460 310 2482; x_wconf 90' lang='lat' dir='ltr'>rum.</span> 
     </span>
    </p>

    <p class='ocr_par' dir='ltr' id='par_1_12' title="bbox 226 2504 1234 2651">
     <span class='ocr_line' id='line_1_37' title="bbox 268 2504 1234 2535; baseline 0.001 -1"><span class='ocrx_word' id='word_1_232' title='bbox 268 2506 303 2535; x_wconf 93' lang='lat' dir='ltr'>In</span> <span class='ocrx_word' id='word_1_233' title='bbox 327 2513 353 2534; x_wconf 90' lang='lat' dir='ltr'>e.</span> <span class='ocrx_word' id='word_1_234' title='bbox 378 2513 421 2533; x_wconf 90' lang='lat' dir='ltr'>m.</span> <span class='ocrx_word' id='word_1_235' title='bbox 444 2504 587 2533; x_wconf 79' lang='lat' dir='ltr'>Johanni</span> <span class='ocrx_word' id='word_1_236' title='bbox 617 2504 722 2533; x_wconf 88' lang='lat' dir='ltr'>abbati</span> <span class='ocrx_word' id='word_1_237' title='bbox 750 2505 934 2534; x_wconf 87' lang='lat' dir='ltr'>monasterii</span> <span class='ocrx_word' id='word_1_238' title='bbox 960 2504 989 2534; x_wconf 87' lang='lat' dir='ltr'>S.</span> <span class='ocrx_word' id='word_1_239' title='bbox 1016 2504 1169 2535; x_wconf 83' lang='lat' dir='ltr'>Germani</span> <span class='ocrx_word' id='word_1_240' title='bbox 1195 2506 1234 2535; x_wconf 90' lang='lat' dir='ltr'>de</span> 
     </span>
     <span class='ocr_line' id='line_1_38' title="bbox 226 2557 1233 2589; baseline 0.001 -1"><span class='ocrx_word' id='word_1_241' title='bbox 226 2559 329 2588; x_wconf 85' lang='lat' dir='ltr'>Pratis</span> <span class='ocrx_word' id='word_1_242' title='bbox 353 2557 543 2587; x_wconf 69' lang='lat' dir='ltr'>parisiensis</span> <span class='ocrx_word' id='word_1_243' title='bbox 568 2557 606 2586; x_wconf 87' lang='lat' dir='ltr'>ad</span> <span class='ocrx_word' id='word_1_244' title='bbox 624 2557 803 2586; x_wconf 82' lang='lat' dir='ltr'>Romanam</span> <span class='ocrx_word' id='word_1_245' title='bbox 826 2557 992 2587; x_wconf 87' lang='lat' dir='ltr'>eeclesiam</span> <span class='ocrx_word' id='word_1_246' title='bbox 1017 2557 1106 2588; x_wconf 91' lang='lat' dir='ltr'>nullo</span> <span class='ocrx_word' id='word_1_247' title='bbox 1128 2558 1233 2589; x_wconf 90' lang='lat' dir='ltr'>medio</span> 
     </span>
     <span class='ocr_line' id='line_1_39' title="bbox 226 2610 743 2651; baseline -0.004 -9"><span class='ocrx_word' id='word_1_248' title='bbox 226 2612 428 2651; x_wconf 85' lang='lat' dir='ltr'>pertinentis,</span> <span class='ocrx_word' id='word_1_249' title='bbox 450 2610 617 2649; x_wconf 87' lang='lat' dir='ltr'>capellano</span> <span class='ocrx_word' id='word_1_250' title='bbox 636 2619 743 2650; x_wconf 87' lang='lat' dir='ltr'>papae.</span> 
     </span>
    </p>

    <p class='ocr_par' dir='ltr' id='par_1_13' title="bbox 225 2662 1233 2916">
     <span class='ocr_line' id='line_1_40' title="bbox 268 2662 1233 2701; baseline 0.004 -10"><span class='ocrx_word' id='word_1_251' title='bbox 268 2676 280 2689; x_wconf 73' lang='grc' dir='ltr'>ι(</span> <span class='ocrx_word' id='word_1_252' title='bbox 302 2664 446 2701; x_wconf 82' lang='lat' dir='ltr'>Nuper...</span> <span class='ocrx_word' id='word_1_253' title='bbox 466 2662 681 2701; x_wconf 69' lang='lat' dir='ltr'>Raymundus</span> <span class='ocrx_word' id='word_1_254' title='bbox 701 2667 776 2692; x_wconf 84' lang='lat' dir='ltr'>tunc</span> <span class='ocrx_word' id='word_1_255' title='bbox 798 2662 894 2692; x_wconf 88' lang='lat' dir='ltr'>abbas</span> <span class='ocrx_word' id='word_1_256' title='bbox 919 2664 1105 2693; x_wconf 89' lang='lat' dir='ltr'>monasterii</span> <span class='ocrx_word' id='word_1_257' title='bbox 1124 2664 1233 2695; x_wconf 85' lang='lat' dir='ltr'>Sancti</span> 
     </span>
     <span class='ocr_line' id='line_1_41' title="bbox 226 2715 1232 2755; baseline 0.003 -10"><span class='ocrx_word' id='word_1_258' title='bbox 226 2716 379 2746; x_wconf 79' lang='lat' dir='ltr'>Germani</span> <span class='ocrx_word' id='word_1_259' title='bbox 405 2717 443 2745; x_wconf 90' lang='lat' dir='ltr'>de</span> <span class='ocrx_word' id='word_1_260' title='bbox 472 2716 573 2745; x_wconf 82' lang='lat' dir='ltr'>l&#39;ratis</span> <span class='ocrx_word' id='word_1_261' title='bbox 601 2716 809 2752; x_wconf 88' lang='lat' dir='ltr'>Parisiensis,</span> <span class='ocrx_word' id='word_1_262' title='bbox 848 2715 958 2746; x_wconf 89' lang='lat' dir='ltr'>volens</span> <span class='ocrx_word' id='word_1_263' title='bbox 986 2726 1042 2746; x_wconf 90' lang='lat' dir='ltr'>sue</span> <span class='ocrx_word' id='word_1_264' title='bbox 1068 2718 1232 2755; x_wconf 87' lang='lat' dir='ltr'>providere</span> 
     </span>
     <span class='ocr_line' id='line_1_42' title="bbox 225 2769 1231 2808; baseline 0.003 -9"><span class='ocrx_word' id='word_1_265' title='bbox 225 2769 336 2808; x_wconf 76' lang='lat' dir='ltr'>quieti,</span> <span class='ocrx_word' id='word_1_266' title='bbox 355 2769 464 2799; x_wconf 85' lang='lat' dir='ltr'>Bruno</span> <span class='ocrx_word' id='word_1_267' title='bbox 482 2770 578 2807; x_wconf 88' lang='lat' dir='ltr'>priori</span> <span class='ocrx_word' id='word_1_268' title='bbox 595 2769 633 2798; x_wconf 85' lang='lat' dir='ltr'>de</span> <span class='ocrx_word' id='word_1_269' title='bbox 652 2769 855 2808; x_wconf 83' lang='lat' dir='ltr'>Mandanoys</span> <span class='ocrx_word' id='word_1_270' title='bbox 872 2771 1056 2807; x_wconf 84' lang='lat' dir='ltr'>resignandi</span> <span class='ocrx_word' id='word_1_271' title='bbox 1073 2771 1231 2802; x_wconf 85' lang='lat' dir='ltr'>abbatiam</span> 
     </span>
     <span class='ocr_line' id='line_1_43' title="bbox 226 2822 1233 2862; baseline 0.004 -10"><span class='ocrx_word' id='word_1_272' title='bbox 226 2822 368 2861; x_wconf 88' lang='lat' dir='ltr'>ejusdem</span> <span class='ocrx_word' id='word_1_273' title='bbox 387 2823 573 2852; x_wconf 78' lang='lat' dir='ltr'>monasterii</span> <span class='ocrx_word' id='word_1_274' title='bbox 588 2823 742 2853; x_wconf 84' lang='lat' dir='ltr'>concessit</span> <span class='ocrx_word' id='word_1_275' title='bbox 756 2823 890 2853; x_wconf 87' lang='lat' dir='ltr'>liberam</span> <span class='ocrx_word' id='word_1_276' title='bbox 908 2828 1105 2862; x_wconf 87' lang='lat' dir='ltr'>potestatem,</span> <span class='ocrx_word' id='word_1_277' title='bbox 1122 2830 1180 2856; x_wconf 87' lang='lat' dir='ltr'>etc.</span> <span class='ocrx_word' id='word_1_278' title='bbox 1199 2830 1233 2856; x_wconf 89' lang='lat' dir='ltr'>ut</span> 
     </span>
     <span class='ocr_line' id='line_1_44' title="bbox 225 2876 1132 2916; baseline 0 -10"><span class='ocrx_word' id='word_1_279' title='bbox 225 2885 336 2915; x_wconf 86' lang='lat' dir='ltr'>supra,</span> <span class='ocrx_word' id='word_1_280' title='bbox 353 2876 483 2905; x_wconf 88' lang='lat' dir='ltr'>mutatis</span> <span class='ocrx_word' id='word_1_281' title='bbox 499 2876 684 2906; x_wconf 84' lang='lat' dir='ltr'>nominibus</span> <span class='ocrx_word' id='word_1_282' title='bbox 701 2877 887 2907; x_wconf 89' lang='lat' dir='ltr'>monasterii</span> <span class='ocrx_word' id='word_1_283' title='bbox 907 2882 938 2907; x_wconf 92' lang='lat' dir='ltr'>et</span> <span class='ocrx_word' id='word_1_284' title='bbox 952 2887 1096 2916; x_wconf 88' lang='lat' dir='ltr'>persone.</span> <span class='ocrx_word' id='word_1_285' title='bbox 1118 2891 1132 2906; x_wconf 87' lang='lat'>»</span> 
     </span>
    </p>

    <p class='ocr_par' dir='ltr' id='par_1_14' title="bbox 223 2929 1231 3067">
     <span class='ocr_line' id='line_1_45' title="bbox 266 2929 1231 2966; baseline 0.004 -7"><span class='ocrx_word' id='word_1_286' title='bbox 266 2930 302 2959; x_wconf 90' lang='lat' dir='ltr'>In</span> <span class='ocrx_word' id='word_1_287' title='bbox 319 2938 345 2959; x_wconf 90' lang='lat' dir='ltr'>e.</span> <span class='ocrx_word' id='word_1_288' title='bbox 359 2938 401 2958; x_wconf 92' lang='lat' dir='ltr'>m.</span> <span class='ocrx_word' id='word_1_289' title='bbox 418 2952 436 2957; x_wconf 91' lang='lat'>..</span> <span class='ocrx_word' id='word_1_290' title='bbox 450 2929 546 2966; x_wconf 84' lang='lat' dir='ltr'>priori</span> <span class='ocrx_word' id='word_1_291' title='bbox 559 2930 773 2960; x_wconf 76' lang='lat' dir='ltr'>etconventui</span> <span class='ocrx_word' id='word_1_292' title='bbox 784 2931 970 2961; x_wconf 86' lang='lat' dir='ltr'>monasterii</span> <span class='ocrx_word' id='word_1_293' title='bbox 983 2933 1014 2961; x_wconf 87' lang='lat' dir='ltr'>S.</span> <span class='ocrx_word' id='word_1_294' title='bbox 1027 2931 1182 2963; x_wconf 90' lang='lat' dir='ltr'>Germani</span> <span class='ocrx_word' id='word_1_295' title='bbox 1192 2932 1231 2963; x_wconf 88' lang='lat' dir='ltr'>de</span> 
     </span>
     <span class='ocr_line' id='line_1_46' title="bbox 225 2981 1231 3022; baseline 0.002 -9"><span class='ocrx_word' id='word_1_296' title='bbox 225 2983 329 3013; x_wconf 87' lang='lat' dir='ltr'>Pratis</span> <span class='ocrx_word' id='word_1_297' title='bbox 355 2981 545 3011; x_wconf 78' lang='lat' dir='ltr'>Parisiensis</span> <span class='ocrx_word' id='word_1_298' title='bbox 569 2982 699 3011; x_wconf 88' lang='lat' dir='ltr'>mandat</span> <span class='ocrx_word' id='word_1_299' title='bbox 723 2987 882 3021; x_wconf 84' lang='lat' dir='ltr'>quatenus</span> <span class='ocrx_word' id='word_1_300' title='bbox 905 2985 1066 3022; x_wconf 85' lang='lat' dir='ltr'>praedicto</span> <span class='ocrx_word' id='word_1_301' title='bbox 1087 2985 1231 3015; x_wconf 89' lang='lat' dir='ltr'>Johanni</span> 
     </span>
     <span class='ocr_line' id='line_1_47' title="bbox 223 3035 910 3067; baseline -0.003 0"><span class='ocrx_word' id='word_1_302' title='bbox 223 3037 330 3067; x_wconf 84' lang='lat' dir='ltr'>abbati</span> <span class='ocrx_word' id='word_1_303' title='bbox 345 3036 556 3066; x_wconf 88' lang='lat' dir='ltr'>obedientiam</span> <span class='ocrx_word' id='word_1_304' title='bbox 573 3035 712 3065; x_wconf 80' lang='lat' dir='ltr'>debitam</span> <span class='ocrx_word' id='word_1_305' title='bbox 728 3036 910 3067; x_wconf 86' lang='lat' dir='ltr'>exhibeant.</span> 
     </span>
    </p>
   </div>
   <div class='ocr_carea' id='block_1_6' title="bbox 1321 433 2326 847">
    <p class='ocr_par' dir='ltr' id='par_1_15' title="bbox 1321 433 2325 518">
     <span class='ocr_line' id='line_1_48' title="bbox 1359 433 2325 465; baseline 0 -1"><span class='ocrx_word' id='word_1_306' title='bbox 1359 434 1397 464; x_wconf 93' lang='lat' dir='ltr'>In</span> <span class='ocrx_word' id='word_1_307' title='bbox 1415 444 1441 464; x_wconf 87' lang='lat' dir='ltr'>e.</span> <span class='ocrx_word' id='word_1_308' title='bbox 1460 444 1502 465; x_wconf 91' lang='lat' dir='ltr'>m.</span> <span class='ocrx_word' id='word_1_309' title='bbox 1521 435 1679 465; x_wconf 88' lang='lat' dir='ltr'>universis</span> <span class='ocrx_word' id='word_1_310' title='bbox 1696 433 1841 464; x_wconf 88' lang='lat' dir='ltr'>vassallis</span> <span class='ocrx_word' id='word_1_311' title='bbox 1858 435 2043 465; x_wconf 87' lang='lat' dir='ltr'>monasterii</span> <span class='ocrx_word' id='word_1_312' title='bbox 2061 434 2094 465; x_wconf 90' lang='lat' dir='ltr'>S.</span> <span class='ocrx_word' id='word_1_313' title='bbox 2113 433 2268 465; x_wconf 87' lang='lat' dir='ltr'>Germani</span> <span class='ocrx_word' id='word_1_314' title='bbox 2286 433 2325 464; x_wconf 86' lang='lat' dir='ltr'>de</span> 
     </span>
     <span class='ocr_line' id='line_1_49' title="bbox 1321 488 1644 518; baseline 0 0"><span class='ocrx_word' id='word_1_315' title='bbox 1321 488 1425 518; x_wconf 85' lang='lat' dir='ltr'>Pratis</span> <span class='ocrx_word' id='word_1_316' title='bbox 1441 488 1644 518; x_wconf 86' lang='lat' dir='ltr'>Parisiensis.</span> 
     </span>
    </p>

    <p class='ocr_par' dir='ltr' id='par_1_16' title="bbox 1322 540 2325 679">
     <span class='ocr_line' id='line_1_50' title="bbox 1361 540 2324 580; baseline -0.003 -8"><span class='ocrx_word' id='word_1_317' title='bbox 1361 542 1400 572; x_wconf 92' lang='lat' dir='ltr'>In</span> <span class='ocrx_word' id='word_1_318' title='bbox 1419 550 1446 572; x_wconf 92' lang='lat' dir='ltr'>e.</span> <span class='ocrx_word' id='word_1_319' title='bbox 1466 551 1510 572; x_wconf 92' lang='lat' dir='ltr'>m.</span> <span class='ocrx_word' id='word_1_320' title='bbox 1529 541 1688 572; x_wconf 87' lang='lat' dir='ltr'>universis</span> <span class='ocrx_word' id='word_1_321' title='bbox 1707 540 1866 580; x_wconf 86' lang='lat' dir='ltr'>prioribus</span> <span class='ocrx_word' id='word_1_322' title='bbox 1881 544 1912 571; x_wconf 89' lang='lat' dir='ltr'>et</span> <span class='ocrx_word' id='word_1_323' title='bbox 1926 541 2111 580; x_wconf 85' lang='lat' dir='ltr'>praepositis</span> <span class='ocrx_word' id='word_1_324' title='bbox 2126 541 2324 579; x_wconf 86' lang='lat' dir='ltr'>prioratuum</span> 
     </span>
     <span class='ocr_line' id='line_1_51' title="bbox 1322 592 2325 634; baseline -0.002 -10"><span class='ocrx_word' id='word_1_325' title='bbox 1322 595 1515 626; x_wconf 85' lang='lat' dir='ltr'>monasterio</span> <span class='ocrx_word' id='word_1_326' title='bbox 1535 595 1567 626; x_wconf 89' lang='lat' dir='ltr'>S.</span> <span class='ocrx_word' id='word_1_327' title='bbox 1589 595 1742 625; x_wconf 89' lang='lat' dir='ltr'>Germani</span> <span class='ocrx_word' id='word_1_328' title='bbox 1766 594 1805 625; x_wconf 87' lang='lat' dir='ltr'>de</span> <span class='ocrx_word' id='word_1_329' title='bbox 1825 594 1929 624; x_wconf 89' lang='lat' dir='ltr'>Pratis</span> <span class='ocrx_word' id='word_1_330' title='bbox 1954 595 2186 634; x_wconf 84' lang='lat' dir='ltr'>subjectorum,</span> <span class='ocrx_word' id='word_1_331' title='bbox 2202 592 2325 624; x_wconf 84' lang='lat' dir='ltr'>ordinis</span> 
     </span>
     <span class='ocr_line' id='line_1_52' title="bbox 1322 647 1551 679; baseline 0 -1"><span class='ocrx_word' id='word_1_332' title='bbox 1322 647 1354 678; x_wconf 89' lang='lat' dir='ltr'>S.</span> <span class='ocrx_word' id='word_1_333' title='bbox 1374 648 1551 679; x_wconf 88' lang='lat' dir='ltr'>Benedicti.</span> 
     </span>
    </p>

    <p class='ocr_par' dir='ltr' id='par_1_17' title="bbox 1321 700 2326 847">
     <span class='ocr_line' id='line_1_53' title="bbox 1363 700 2326 732; baseline 0 -2"><span class='ocrx_word' id='word_1_334' title='bbox 1363 702 1399 731; x_wconf 91' lang='lat' dir='ltr'>In</span> <span class='ocrx_word' id='word_1_335' title='bbox 1417 711 1443 731; x_wconf 88' lang='lat' dir='ltr'>e.</span> <span class='ocrx_word' id='word_1_336' title='bbox 1461 711 1504 731; x_wconf 93' lang='lat' dir='ltr'>m.</span> <span class='ocrx_word' id='word_1_337' title='bbox 1523 702 1681 732; x_wconf 88' lang='lat' dir='ltr'>universis</span> <span class='ocrx_word' id='word_1_338' title='bbox 1699 701 1874 732; x_wconf 89' lang='lat' dir='ltr'>rectoribus</span> <span class='ocrx_word' id='word_1_339' title='bbox 1889 705 1920 731; x_wconf 89' lang='lat' dir='ltr'>et</span> <span class='ocrx_word' id='word_1_340' title='bbox 1933 701 2058 732; x_wconf 88' lang='lat' dir='ltr'>clericis</span> <span class='ocrx_word' id='word_1_341' title='bbox 2073 700 2279 732; x_wconf 88' lang='lat' dir='ltr'>ecclesiarum</span> <span class='ocrx_word' id='word_1_342' title='bbox 2295 704 2326 730; x_wconf 87' lang='lat' dir='ltr'>et</span> 
     </span>
     <span class='ocr_line' id='line_1_54' title="bbox 1321 753 2326 786; baseline -0.001 -2"><span class='ocrx_word' id='word_1_343' title='bbox 1321 754 1469 785; x_wconf 89' lang='lat' dir='ltr'>altarium</span> <span class='ocrx_word' id='word_1_344' title='bbox 1500 756 1692 786; x_wconf 90' lang='lat' dir='ltr'>monasterio</span> <span class='ocrx_word' id='word_1_345' title='bbox 1718 755 1750 785; x_wconf 90' lang='lat' dir='ltr'>S.</span> <span class='ocrx_word' id='word_1_346' title='bbox 1777 754 1930 785; x_wconf 89' lang='lat' dir='ltr'>Germani</span> <span class='ocrx_word' id='word_1_347' title='bbox 1958 755 1998 785; x_wconf 84' lang='lat' dir='ltr'>de</span> <span class='ocrx_word' id='word_1_348' title='bbox 2023 755 2126 785; x_wconf 88' lang='lat' dir='ltr'>Pratis</span> <span class='ocrx_word' id='word_1_349' title='bbox 2150 753 2326 784; x_wconf 88' lang='lat' dir='ltr'>Parisiensi</span> 
     </span>
     <span class='ocr_line' id='line_1_55' title="bbox 1321 808 1548 847; baseline 0 -9"><span class='ocrx_word' id='word_1_350' title='bbox 1321 808 1548 847; x_wconf 75' lang='lat' dir='ltr'>subJectorum.</span> 
     </span>
    </p>
   </div>
   <div class='ocr_carea' id='block_1_7' title="bbox 1395 979 2254 1012">
    <p class='ocr_par' dir='ltr' id='par_1_18' title="bbox 1395 979 2254 1012">
     <span class='ocr_line' id='line_1_56' title="bbox 1395 979 2254 1012; baseline -0.002 -4"><span class='ocrx_word' id='word_1_351' title='bbox 1395 981 1480 1009; x_wconf 72' lang='lat'>135</span> <span class='ocrx_word' id='word_1_352' title='bbox 1821 980 2018 1007; x_wconf 87' lang='lat' dir='ltr'>Saint-Pierre</span> <span class='ocrx_word' id='word_1_353' title='bbox 2029 1003 2035 1012; x_wconf 87' lang='lat'>,</span> <span class='ocrx_word' id='word_1_354' title='bbox 2053 981 2091 1006; x_wconf 54' lang='grc'>18·-</span> <span class='ocrx_word' id='word_1_355' title='bbox 2106 981 2160 1007; x_wconf 89' lang='lat' dir='ltr'>mai</span> <span class='ocrx_word' id='word_1_356' title='bbox 2177 979 2254 1008; x_wconf 72' lang='lat'>1288.</span> 
     </span>
    </p>
   </div>
   <div class='ocr_carea' id='block_1_8' title="bbox 1357 1044 1973 1079">
    <p class='ocr_par' dir='ltr' id='par_1_19' title="bbox 1357 1044 1973 1079">
     <span class='ocr_line' id='line_1_57' title="bbox 1357 1044 1973 1079; baseline -0.003 -8"><span class='ocrx_word' id='word_1_357' title='bbox 1357 1045 1555 1079; x_wconf 83' lang='lat' dir='ltr'>Indulgentiae</span> <span class='ocrx_word' id='word_1_358' title='bbox 1572 1044 1653 1078; x_wconf 70' lang='lat' dir='ltr'>(Rea.</span> <span class='ocrx_word' id='word_1_359' title='bbox 1672 1045 1714 1076; x_wconf 78' lang='lat'>44,</span> <span class='ocrx_word' id='word_1_360' title='bbox 1732 1053 1756 1072; x_wconf 88' lang='lat' dir='ltr'>c.</span> <span class='ocrx_word' id='word_1_361' title='bbox 1776 1046 1820 1078; x_wconf 72' lang='lat'>67,</span> <span class='ocrx_word' id='word_1_362' title='bbox 1836 1045 1856 1071; x_wconf 86' lang='lat' dir='ltr'>f.</span> <span class='ocrx_word' id='word_1_363' title='bbox 1878 1044 1906 1070; x_wconf 81' lang='grc' dir='ltr'><strong><em>Π</em></strong></span> <span class='ocrx_word' id='word_1_364' title='bbox 1924 1044 1973 1078; x_wconf 72' lang='grc' dir='ltr'><strong>νο.)</strong></span> 
     </span>
    </p>
   </div>
   <div class='ocr_carea' id='block_1_9' title="bbox 1318 1145 2328 2040">
    <p class='ocr_par' dir='ltr' id='par_1_20' title="bbox 1321 1145 2328 1290">
     <span class='ocr_line' id='line_1_58' title="bbox 1361 1145 2327 1184; baseline -0.001 -8"><span class='ocrx_word' id='word_1_365' title='bbox 1361 1148 1469 1177; x_wconf 79' lang='lat' dir='ltr'>Dilecto</span> <span class='ocrx_word' id='word_1_366' title='bbox 1484 1148 1549 1184; x_wconf 84' lang='lat' dir='ltr'>filio</span> <span class='ocrx_word' id='word_1_367' title='bbox 1564 1148 1670 1177; x_wconf 78' lang='lat' dir='ltr'>Jacobo</span> <span class='ocrx_word' id='word_1_368' title='bbox 1685 1147 1794 1177; x_wconf 73' lang='lat' dir='ltr'>Sancte</span> <span class='ocrx_word' id='word_1_369' title='bbox 1808 1147 1902 1176; x_wconf 70' lang='lat' dir='ltr'>Mario</span> <span class='ocrx_word' id='word_1_370' title='bbox 1916 1147 1948 1175; x_wconf 84' lang='lat' dir='ltr'>in</span> <span class='ocrx_word' id='word_1_371' title='bbox 1966 1147 2016 1175; x_wconf 83' lang='lat' dir='ltr'>Via</span> <span class='ocrx_word' id='word_1_372' title='bbox 2032 1146 2104 1176; x_wconf 82' lang='lat' dir='ltr'>Lata</span> <span class='ocrx_word' id='word_1_373' title='bbox 2117 1145 2241 1176; x_wconf 82' lang='lat' dir='ltr'>diacono</span> <span class='ocrx_word' id='word_1_374' title='bbox 2256 1153 2327 1175; x_wconf 83' lang='lat' dir='ltr'>car-</span> 
     </span>
     <span class='ocr_line' id='line_1_59' title="bbox 1322 1198 2328 1238; baseline -0.001 -8"><span class='ocrx_word' id='word_1_375' title='bbox 1322 1201 1431 1237; x_wconf 80' lang='lat' dir='ltr'>dinali,</span> <span class='ocrx_word' id='word_1_376' title='bbox 1440 1201 1712 1238; x_wconf 75' lang='lat' dir='ltr'>archipresbytero,</span> <span class='ocrx_word' id='word_1_377' title='bbox 1729 1205 1780 1230; x_wconf 78' lang='lat' dir='ltr'>et..</span> <span class='ocrx_word' id='word_1_378' title='bbox 1790 1201 1890 1238; x_wconf 62' lang='lat' dir='ltr'>priori</span> <span class='ocrx_word' id='word_1_379' title='bbox 1905 1209 1938 1229; x_wconf 85' lang='lat' dir='ltr'>ac</span> <span class='ocrx_word' id='word_1_380' title='bbox 1949 1198 2080 1238; x_wconf 75' lang='lat' dir='ltr'>capitulo</span> <span class='ocrx_word' id='word_1_381' title='bbox 2093 1200 2208 1229; x_wconf 82' lang='lat' dir='ltr'>ecclesie</span> <span class='ocrx_word' id='word_1_382' title='bbox 2219 1199 2328 1230; x_wconf 81' lang='lat' dir='ltr'>Sancte</span> 
     </span>
     <span class='ocr_line' id='line_1_60' title="bbox 1321 1253 1709 1290; baseline -0.003 -7"><span class='ocrx_word' id='word_1_383' title='bbox 1321 1255 1415 1283; x_wconf 80' lang='lat' dir='ltr'>Marie</span> <span class='ocrx_word' id='word_1_384' title='bbox 1429 1253 1555 1290; x_wconf 73' lang='lat' dir='ltr'>Majoris</span> <span class='ocrx_word' id='word_1_385' title='bbox 1573 1254 1606 1282; x_wconf 85' lang='lat' dir='ltr'>de</span> <span class='ocrx_word' id='word_1_386' title='bbox 1627 1253 1709 1282; x_wconf 83' lang='lat' dir='ltr'>Urbe.</span> 
     </span>
    </p>

    <p class='ocr_par' dir='ltr' id='par_1_21' title="bbox 1318 1305 2328 1935">
     <span class='ocr_line' id='line_1_61' title="bbox 1361 1305 2328 1345; baseline 0.001 -10"><span class='ocrx_word' id='word_1_387' title='bbox 1361 1305 1601 1344; x_wconf 86' lang='lat' dir='ltr'>Indulgentiam</span> <span class='ocrx_word' id='word_1_388' title='bbox 1617 1306 1762 1336; x_wconf 88' lang='lat' dir='ltr'>concedit</span> <span class='ocrx_word' id='word_1_389' title='bbox 1780 1306 1874 1337; x_wconf 90' lang='lat' dir='ltr'>unius</span> <span class='ocrx_word' id='word_1_390' title='bbox 1889 1307 1968 1336; x_wconf 92' lang='lat' dir='ltr'>anni</span> <span class='ocrx_word' id='word_1_391' title='bbox 1987 1311 2016 1336; x_wconf 85' lang='lat' dir='ltr'>et</span> <span class='ocrx_word' id='word_1_392' title='bbox 2032 1306 2243 1345; x_wconf 83' lang='lat' dir='ltr'>quadraginta</span> <span class='ocrx_word' id='word_1_393' title='bbox 2258 1306 2328 1337; x_wconf 91' lang='lat' dir='ltr'>die-</span> 
     </span>
     <span class='ocr_line' id='line_1_62' title="bbox 1321 1360 2326 1400; baseline 0.002 -11"><span class='ocrx_word' id='word_1_394' title='bbox 1321 1369 1393 1389; x_wconf 84' lang='lat' dir='ltr'>rum</span> <span class='ocrx_word' id='word_1_395' title='bbox 1411 1360 1561 1390; x_wconf 89' lang='lat' dir='ltr'>omnibus</span> <span class='ocrx_word' id='word_1_396' title='bbox 1580 1369 1653 1390; x_wconf 87' lang='lat' dir='ltr'>vere</span> <span class='ocrx_word' id='word_1_397' title='bbox 1669 1360 1907 1398; x_wconf 88' lang='lat' dir='ltr'>poenitentibus</span> <span class='ocrx_word' id='word_1_398' title='bbox 1927 1365 1957 1390; x_wconf 89' lang='lat' dir='ltr'>et</span> <span class='ocrx_word' id='word_1_399' title='bbox 1975 1360 2127 1390; x_wconf 86' lang='lat' dir='ltr'>confessis</span> <span class='ocrx_word' id='word_1_400' title='bbox 2149 1361 2206 1400; x_wconf 85' lang='lat' dir='ltr'>qui</span> <span class='ocrx_word' id='word_1_401' title='bbox 2224 1360 2326 1392; x_wconf 86' lang='lat' dir='ltr'>eccle-</span> 
     </span>
     <span class='ocr_line' id='line_1_63' title="bbox 1321 1412 2328 1452; baseline 0.002 -10"><span class='ocrx_word' id='word_1_402' title='bbox 1321 1413 1401 1443; x_wconf 87' lang='lat' dir='ltr'>siam</span> <span class='ocrx_word' id='word_1_403' title='bbox 1417 1412 1560 1442; x_wconf 80' lang='lat' dir='ltr'>etaltare</span> <span class='ocrx_word' id='word_1_404' title='bbox 1584 1413 1668 1442; x_wconf 88' lang='lat' dir='ltr'>insra</span> <span class='ocrx_word' id='word_1_405' title='bbox 1692 1413 1793 1450; x_wconf 88' lang='lat' dir='ltr'>dicta,</span> <span class='ocrx_word' id='word_1_406' title='bbox 1814 1414 1848 1443; x_wconf 91' lang='lat' dir='ltr'>in</span> <span class='ocrx_word' id='word_1_407' title='bbox 1870 1414 1920 1443; x_wconf 87' lang='lat' dir='ltr'>die</span> <span class='ocrx_word' id='word_1_408' title='bbox 1943 1422 2005 1452; x_wconf 89' lang='lat' dir='ltr'>quo</span> <span class='ocrx_word' id='word_1_409' title='bbox 2028 1413 2226 1444; x_wconf 87' lang='lat' dir='ltr'>dedicabitur</span> <span class='ocrx_word' id='word_1_410' title='bbox 2240 1413 2328 1444; x_wconf 87' lang='lat' dir='ltr'>idem</span> 
     </span>
     <span class='ocr_line' id='line_1_64' title="bbox 1320 1465 2328 1505; baseline 0 -9"><span class='ocrx_word' id='word_1_411' title='bbox 1320 1466 1418 1496; x_wconf 88' lang='lat' dir='ltr'>altare</span> <span class='ocrx_word' id='word_1_412' title='bbox 1437 1470 1466 1496; x_wconf 89' lang='lat' dir='ltr'>et</span> <span class='ocrx_word' id='word_1_413' title='bbox 1484 1475 1586 1505; x_wconf 87' lang='lat' dir='ltr'>usque</span> <span class='ocrx_word' id='word_1_414' title='bbox 1601 1465 1639 1495; x_wconf 88' lang='lat' dir='ltr'>ad</span> <span class='ocrx_word' id='word_1_415' title='bbox 1659 1470 1728 1496; x_wconf 87' lang='lat' dir='ltr'>octo</span> <span class='ocrx_word' id='word_1_416' title='bbox 1751 1466 1819 1496; x_wconf 87' lang='lat' dir='ltr'>dies</span> <span class='ocrx_word' id='word_1_417' title='bbox 1842 1466 2026 1496; x_wconf 89' lang='lat' dir='ltr'>immediate</span> <span class='ocrx_word' id='word_1_418' title='bbox 2046 1470 2216 1505; x_wconf 89' lang='lat' dir='ltr'>sequentes</span> <span class='ocrx_word' id='word_1_419' title='bbox 2241 1469 2272 1497; x_wconf 83' lang='lat' dir='ltr'>et</span> <span class='ocrx_word' id='word_1_420' title='bbox 2292 1466 2328 1496; x_wconf 88' lang='lat' dir='ltr'>in</span> 
     </span>
     <span class='ocr_line' id='line_1_65' title="bbox 1320 1519 2328 1558; baseline 0.001 -9"><span class='ocrx_word' id='word_1_421' title='bbox 1320 1520 1542 1550; x_wconf 83' lang='lat' dir='ltr'>anniversario</span> <span class='ocrx_word' id='word_1_422' title='bbox 1558 1519 1765 1550; x_wconf 86' lang='lat' dir='ltr'>dedicationis</span> <span class='ocrx_word' id='word_1_423' title='bbox 1782 1519 1884 1558; x_wconf 87' lang='lat' dir='ltr'>ipsius</span> <span class='ocrx_word' id='word_1_424' title='bbox 1903 1519 1972 1557; x_wconf 88' lang='lat' dir='ltr'>die,</span> <span class='ocrx_word' id='word_1_425' title='bbox 1994 1520 2090 1550; x_wconf 92' lang='lat' dir='ltr'>annis</span> <span class='ocrx_word' id='word_1_426' title='bbox 2113 1519 2249 1558; x_wconf 85' lang='lat' dir='ltr'>singulis</span> <span class='ocrx_word' id='word_1_427' title='bbox 2271 1528 2328 1550; x_wconf 85' lang='lat' dir='ltr'>ve-</span> 
     </span>
     <span class='ocr_line' id='line_1_66' title="bbox 1321 1572 2328 1611; baseline -0.002 -7"><span class='ocrx_word' id='word_1_428' title='bbox 1321 1573 1507 1604; x_wconf 87' lang='lat' dir='ltr'>nerabiliter</span> <span class='ocrx_word' id='word_1_429' title='bbox 1526 1573 1699 1603; x_wconf 85' lang='lat' dir='ltr'>visitarint.</span> <span class='ocrx_word' id='word_1_430' title='bbox 1725 1573 1793 1603; x_wconf 86' lang='lat' dir='ltr'>Hoc</span> <span class='ocrx_word' id='word_1_431' title='bbox 1813 1577 1920 1603; x_wconf 90' lang='lat' dir='ltr'>autem</span> <span class='ocrx_word' id='word_1_432' title='bbox 1944 1572 2042 1602; x_wconf 86' lang='lat' dir='ltr'>altare</span> <span class='ocrx_word' id='word_1_433' title='bbox 2065 1573 2217 1611; x_wconf 84' lang='lat' dir='ltr'>magister</span> <span class='ocrx_word' id='word_1_434' title='bbox 2241 1573 2328 1603; x_wconf 90' lang='lat' dir='ltr'>Pan-</span> 
     </span>
     <span class='ocr_line' id='line_1_67' title="bbox 1321 1626 2327 1666; baseline -0.001 -9"><span class='ocrx_word' id='word_1_435' title='bbox 1321 1628 1429 1658; x_wconf 73' lang='lat' dir='ltr'>dulfus</span> <span class='ocrx_word' id='word_1_436' title='bbox 1450 1628 1488 1657; x_wconf 90' lang='lat' dir='ltr'>de</span> <span class='ocrx_word' id='word_1_437' title='bbox 1511 1628 1729 1664; x_wconf 88' lang='lat' dir='ltr'>Pontecurvo,</span> <span class='ocrx_word' id='word_1_438' title='bbox 1747 1627 1880 1665; x_wconf 88' lang='lat' dir='ltr'>scriptor</span> <span class='ocrx_word' id='word_1_439' title='bbox 1898 1635 1996 1665; x_wconf 86' lang='lat' dir='ltr'>papae</span> <span class='ocrx_word' id='word_1_440' title='bbox 2009 1651 2016 1663; x_wconf 93' lang='lat'>,</span> <span class='ocrx_word' id='word_1_441' title='bbox 2033 1627 2067 1656; x_wconf 90' lang='lat' dir='ltr'>in</span> <span class='ocrx_word' id='word_1_442' title='bbox 2086 1626 2218 1657; x_wconf 82' lang='lat' dir='ltr'>ecclesia</span> <span class='ocrx_word' id='word_1_443' title='bbox 2234 1635 2327 1666; x_wconf 86' lang='lat' dir='ltr'>prae-</span> 
     </span>
     <span class='ocr_line' id='line_1_68' title="bbox 1319 1679 2327 1718; baseline -0.001 -7"><span class='ocrx_word' id='word_1_444' title='bbox 1319 1682 1403 1711; x_wconf 88' lang='lat' dir='ltr'>dicta</span> <span class='ocrx_word' id='word_1_445' title='bbox 1424 1681 1464 1711; x_wconf 87' lang='lat' dir='ltr'>ad</span> <span class='ocrx_word' id='word_1_446' title='bbox 1479 1681 1635 1711; x_wconf 86' lang='lat' dir='ltr'>honorem</span> <span class='ocrx_word' id='word_1_447' title='bbox 1654 1681 1714 1710; x_wconf 91' lang='lat' dir='ltr'>Dei</span> <span class='ocrx_word' id='word_1_448' title='bbox 1730 1689 1766 1710; x_wconf 88' lang='lat' dir='ltr'>ac</span> <span class='ocrx_word' id='word_1_449' title='bbox 1788 1680 1896 1710; x_wconf 87' lang='lat' dir='ltr'>beatae</span> <span class='ocrx_word' id='word_1_450' title='bbox 1914 1680 2059 1718; x_wconf 86' lang='lat' dir='ltr'>Virginis</span> <span class='ocrx_word' id='word_1_451' title='bbox 2074 1684 2104 1710; x_wconf 90' lang='lat' dir='ltr'>et</span> <span class='ocrx_word' id='word_1_452' title='bbox 2121 1679 2249 1710; x_wconf 88' lang='lat' dir='ltr'>titulum</span> <span class='ocrx_word' id='word_1_453' title='bbox 2271 1688 2327 1710; x_wconf 87' lang='lat' dir='ltr'>seu</span> 
     </span>
     <span class='ocr_line' id='line_1_69' title="bbox 1319 1732 2328 1772; baseline -0.003 -7"><span class='ocrx_word' id='word_1_454' title='bbox 1319 1735 1508 1766; x_wconf 89' lang='lat' dir='ltr'>vocabulum</span> <span class='ocrx_word' id='word_1_455' title='bbox 1527 1734 1559 1765; x_wconf 87' lang='lat' dir='ltr'>S.</span> <span class='ocrx_word' id='word_1_456' title='bbox 1578 1734 1744 1765; x_wconf 88' lang='lat' dir='ltr'>Laurentii</span> <span class='ocrx_word' id='word_1_457' title='bbox 1766 1734 1907 1764; x_wconf 90' lang='lat' dir='ltr'>martiris</span> <span class='ocrx_word' id='word_1_458' title='bbox 1925 1733 1964 1764; x_wconf 90' lang='lat' dir='ltr'>de</span> <span class='ocrx_word' id='word_1_459' title='bbox 1983 1741 2064 1764; x_wconf 90' lang='lat' dir='ltr'>novo</span> <span class='ocrx_word' id='word_1_460' title='bbox 2086 1732 2125 1763; x_wconf 89' lang='lat' dir='ltr'>de</span> <span class='ocrx_word' id='word_1_461' title='bbox 2145 1733 2238 1763; x_wconf 83' lang='lat' dir='ltr'>honis</span> <span class='ocrx_word' id='word_1_462' title='bbox 2253 1741 2328 1772; x_wconf 89' lang='lat' dir='ltr'>pro-</span> 
     </span>
     <span class='ocr_line' id='line_1_70' title="bbox 1318 1785 2328 1828; baseline -0.002 -10"><span class='ocrx_word' id='word_1_463' title='bbox 1318 1789 1396 1828; x_wconf 91' lang='lat' dir='ltr'>priis</span> <span class='ocrx_word' id='word_1_464' title='bbox 1422 1789 1521 1818; x_wconf 86' lang='lat' dir='ltr'>erexit</span> <span class='ocrx_word' id='word_1_465' title='bbox 1549 1792 1580 1818; x_wconf 92' lang='lat' dir='ltr'>et</span> <span class='ocrx_word' id='word_1_466' title='bbox 1603 1787 1742 1828; x_wconf 85' lang='lat' dir='ltr'>dotavit,</span> <span class='ocrx_word' id='word_1_467' title='bbox 1769 1791 1802 1817; x_wconf 90' lang='lat' dir='ltr'>ut</span> <span class='ocrx_word' id='word_1_468' title='bbox 1828 1791 1998 1826; x_wconf 85' lang='lat' dir='ltr'>perpetuus</span> <span class='ocrx_word' id='word_1_469' title='bbox 2032 1785 2216 1825; x_wconf 88' lang='lat' dir='ltr'>capellanus</span> <span class='ocrx_word' id='word_1_470' title='bbox 2245 1785 2328 1817; x_wconf 87' lang='lat' dir='ltr'>inibi</span> 
     </span>
     <span class='ocr_line' id='line_1_71' title="bbox 1319 1839 2326 1879; baseline -0.004 -6"><span class='ocrx_word' id='word_1_471' title='bbox 1319 1843 1508 1873; x_wconf 86' lang='lat' dir='ltr'>constitutus</span> <span class='ocrx_word' id='word_1_472' title='bbox 1524 1842 1559 1872; x_wconf 90' lang='lat' dir='ltr'>in</span> <span class='ocrx_word' id='word_1_473' title='bbox 1578 1850 1614 1872; x_wconf 92' lang='lat' dir='ltr'>eo</span> <span class='ocrx_word' id='word_1_474' title='bbox 1628 1841 1739 1872; x_wconf 86' lang='lat' dir='ltr'>offerat</span> <span class='ocrx_word' id='word_1_475' title='bbox 1753 1841 1947 1871; x_wconf 89' lang='lat' dir='ltr'>sacrificium</span> <span class='ocrx_word' id='word_1_476' title='bbox 1970 1840 2191 1879; x_wconf 88' lang='lat' dir='ltr'>vespertinum</span> <span class='ocrx_word' id='word_1_477' title='bbox 2202 1863 2210 1877; x_wconf 91' lang='lat'>,</span> <span class='ocrx_word' id='word_1_478' title='bbox 2228 1839 2326 1870; x_wconf 87' lang='lat' dir='ltr'>illud-</span> 
     </span>
     <span class='ocr_line' id='line_1_72' title="bbox 1319 1893 2104 1935; baseline -0.004 -9"><span class='ocrx_word' id='word_1_479' title='bbox 1319 1905 1380 1935; x_wconf 88' lang='lat' dir='ltr'>que</span> <span class='ocrx_word' id='word_1_480' title='bbox 1397 1896 1499 1926; x_wconf 88' lang='lat' dir='ltr'>dictus</span> <span class='ocrx_word' id='word_1_481' title='bbox 1515 1895 1666 1933; x_wconf 83' lang='lat' dir='ltr'>magister</span> <span class='ocrx_word' id='word_1_482' title='bbox 1680 1894 1820 1925; x_wconf 88' lang='lat' dir='ltr'>intendit</span> <span class='ocrx_word' id='word_1_483' title='bbox 1836 1894 1938 1924; x_wconf 76' lang='lat' dir='ltr'>facere</span> <span class='ocrx_word' id='word_1_484' title='bbox 1953 1893 2104 1924; x_wconf 87' lang='lat' dir='ltr'>dedicari.</span> 
     </span>
    </p>

    <p class='ocr_par' dir='ltr' id='par_1_22' title="bbox 1319 1945 2327 2040">
     <span class='ocr_line' id='line_1_73' title="bbox 1360 1945 2327 1986; baseline 0 -9"><span class='ocrx_word' id='word_1_485' title='bbox 1360 1961 1373 1976; x_wconf 76' lang='lat' dir='ltr'>&lt;t</span> <span class='ocrx_word' id='word_1_486' title='bbox 1400 1949 1509 1978; x_wconf 85' lang='lat' dir='ltr'>Levita</span> <span class='ocrx_word' id='word_1_487' title='bbox 1529 1948 1720 1978; x_wconf 84' lang='lat' dir='ltr'>Laurentius</span> <span class='ocrx_word' id='word_1_488' title='bbox 1743 1945 1938 1978; x_wconf 87' lang='lat' dir='ltr'>bonorum...</span> <span class='ocrx_word' id='word_1_489' title='bbox 1962 1964 2000 1970; x_wconf 89' lang='lat'>—</span> <span class='ocrx_word' id='word_1_490' title='bbox 2016 1947 2088 1978; x_wconf 87' lang='lat' dir='ltr'>Dat.</span> <span class='ocrx_word' id='word_1_491' title='bbox 2115 1947 2228 1985; x_wconf 87' lang='lat' dir='ltr'>Rome,</span> <span class='ocrx_word' id='word_1_492' title='bbox 2243 1946 2327 1986; x_wconf 86' lang='lat' dir='ltr'>apud</span> 
     </span>
     <span class='ocr_line' id='line_1_74' title="bbox 1319 2001 2046 2040; baseline -0.007 -7"><span class='ocrx_word' id='word_1_493' title='bbox 1319 2003 1350 2033; x_wconf 90' lang='lat' dir='ltr'>S.</span> <span class='ocrx_word' id='word_1_494' title='bbox 1370 2003 1514 2040; x_wconf 90' lang='lat' dir='ltr'>Petrum,</span> <span class='ocrx_word' id='word_1_495' title='bbox 1531 2001 1679 2031; x_wconf 87' lang='lat' dir='ltr'>kalendis</span> <span class='ocrx_word' id='word_1_496' title='bbox 1694 2001 1782 2038; x_wconf 90' lang='lat' dir='ltr'>maii,</span> <span class='ocrx_word' id='word_1_497' title='bbox 1798 2009 1885 2031; x_wconf 89' lang='lat' dir='ltr'>anno</span> <span class='ocrx_word' id='word_1_498' title='bbox 1900 2001 2013 2040; x_wconf 85' lang='lat' dir='ltr'>primo.</span> <span class='ocrx_word' id='word_1_499' title='bbox 2034 2013 2046 2028; x_wconf 85' lang='grc'><strong><em>»</em></strong></span> 
     </span>
    </p>
   </div>
   <div class='ocr_carea' id='block_1_10' title="bbox 1391 2187 2254 2221">
    <p class='ocr_par' dir='ltr' id='par_1_23' title="bbox 1391 2187 2254 2221">
     <span class='ocr_line' id='line_1_75' title="bbox 1391 2187 2254 2221; baseline -0.002 -3"><span class='ocrx_word' id='word_1_500' title='bbox 1391 2189 1475 2218; x_wconf 75' lang='grc'>136</span> <span class='ocrx_word' id='word_1_501' title='bbox 1819 2187 2031 2221; x_wconf 86' lang='lat' dir='ltr'>Saint-Pierre,</span> <span class='ocrx_word' id='word_1_502' title='bbox 2051 2189 2089 2215; x_wconf 75' lang='lat'><strong>1⁶¹·</strong></span> <span class='ocrx_word' id='word_1_503' title='bbox 2103 2189 2160 2216; x_wconf 91' lang='lat' dir='ltr'>mai</span> <span class='ocrx_word' id='word_1_504' title='bbox 2175 2188 2254 2216; x_wconf 65' lang='lat'>1288.</span> 
     </span>
    </p>
   </div>
   <div class='ocr_carea' id='block_1_11' title="bbox 1317 2250 2324 2334">
    <p class='ocr_par' dir='ltr' id='par_1_24' title="bbox 1317 2250 2324 2334">
     <span class='ocr_line' id='line_1_76' title="bbox 1353 2250 2324 2286; baseline 0.001 -8"><span class='ocrx_word' id='word_1_505' title='bbox 1353 2251 1395 2278; x_wconf 89' lang='lat' dir='ltr'>De</span> <span class='ocrx_word' id='word_1_506' title='bbox 1411 2251 1585 2286; x_wconf 84' lang='lat' dir='ltr'>quibusdam</span> <span class='ocrx_word' id='word_1_507' title='bbox 1609 2250 1846 2286; x_wconf 84' lang='lat' dir='ltr'>possessionibus</span> <span class='ocrx_word' id='word_1_508' title='bbox 1870 2251 1999 2286; x_wconf 80' lang='lat' dir='ltr'>episcopi</span> <span class='ocrx_word' id='word_1_509' title='bbox 2024 2250 2132 2278; x_wconf 89' lang='lat' dir='ltr'>Lucani</span> <span class='ocrx_word' id='word_1_510' title='bbox 2156 2251 2324 2279; x_wconf 84' lang='lat' dir='ltr'>vendendis.</span> 
     </span>
     <span class='ocr_line' id='line_1_77' title="bbox 1317 2300 1716 2334; baseline 0 -7"><span class='ocrx_word' id='word_1_511' title='bbox 1317 2300 1398 2334; x_wconf 74' lang='lat' dir='ltr'>(Rae.</span> <span class='ocrx_word' id='word_1_512' title='bbox 1418 2301 1459 2332; x_wconf 80' lang='lat'>44,</span> <span class='ocrx_word' id='word_1_513' title='bbox 1478 2309 1502 2327; x_wconf 89' lang='lat' dir='ltr'>c.</span> <span class='ocrx_word' id='word_1_514' title='bbox 1521 2300 1564 2333; x_wconf 83' lang='lat'>68,</span> <span class='ocrx_word' id='word_1_515' title='bbox 1583 2300 1602 2327; x_wconf 81' lang='lat' dir='ltr'>f.</span> <span class='ocrx_word' id='word_1_516' title='bbox 1621 2301 1652 2327; x_wconf 82' lang='lat'>18</span> <span class='ocrx_word' id='word_1_517' title='bbox 1669 2301 1716 2333; x_wconf 77' lang='lat'>1¹⁰.)</span> 
     </span>
    </p>
   </div>
   <div class='ocr_carea' id='block_1_12' title="bbox 1314 2403 2326 3082">
    <p class='ocr_par' dir='ltr' id='par_1_25' title="bbox 1314 2403 2326 3082">
     <span class='ocr_line' id='line_1_78' title="bbox 1363 2403 2323 2441; baseline 0.001 -9"><span class='ocrx_word' id='word_1_518' title='bbox 1363 2403 1528 2432; x_wconf 81' lang='lat' dir='ltr'>Venerabili</span> <span class='ocrx_word' id='word_1_519' title='bbox 1558 2404 1677 2439; x_wconf 77' lang='lat' dir='ltr'>fratri..</span> <span class='ocrx_word' id='word_1_520' title='bbox 1708 2403 1841 2441; x_wconf 81' lang='lat' dir='ltr'>episcopo</span> <span class='ocrx_word' id='word_1_521' title='bbox 1871 2403 2002 2432; x_wconf 78' lang='lat' dir='ltr'>Lunensi</span> <span class='ocrx_word' id='word_1_522' title='bbox 2031 2408 2058 2432; x_wconf 86' lang='lat' dir='ltr'>et</span> <span class='ocrx_word' id='word_1_523' title='bbox 2094 2403 2200 2434; x_wconf 78' lang='lat' dir='ltr'>dilecto</span> <span class='ocrx_word' id='word_1_524' title='bbox 2233 2403 2323 2440; x_wconf 81' lang='lat' dir='ltr'>filio..</span> 
     </span>
     <span class='ocr_line' id='line_1_79' title="bbox 1314 2455 2326 2493; baseline 0.002 -9"><span class='ocrx_word' id='word_1_525' title='bbox 1314 2457 1415 2493; x_wconf 78' lang='lat' dir='ltr'>priori</span> <span class='ocrx_word' id='word_1_526' title='bbox 1436 2458 1571 2492; x_wconf 70' lang='lat' dir='ltr'>fhntrum</span> <span class='ocrx_word' id='word_1_527' title='bbox 1599 2457 1718 2485; x_wconf 78' lang='lat' dir='ltr'>ordinis</span> <span class='ocrx_word' id='word_1_528' title='bbox 1743 2456 1971 2493; x_wconf 78' lang='lat' dir='ltr'>predicatorum</span> <span class='ocrx_word' id='word_1_529' title='bbox 1992 2456 2165 2486; x_wconf 79' lang='lat' dir='ltr'>Florentino</span> <span class='ocrx_word' id='word_1_530' title='bbox 2194 2455 2326 2486; x_wconf 88' lang='lat' dir='ltr'>mandat</span> 
     </span>
     <span class='ocr_line' id='line_1_80' title="bbox 1316 2508 2326 2547; baseline 0.002 -10"><span class='ocrx_word' id='word_1_531' title='bbox 1316 2512 1477 2547; x_wconf 87' lang='lat' dir='ltr'>quatenus</span> <span class='ocrx_word' id='word_1_532' title='bbox 1490 2509 1656 2547; x_wconf 86' lang='lat' dir='ltr'>inquirant</span> <span class='ocrx_word' id='word_1_533' title='bbox 1671 2508 1710 2537; x_wconf 90' lang='lat' dir='ltr'>de</span> <span class='ocrx_word' id='word_1_534' title='bbox 1725 2509 1857 2538; x_wconf 87' lang='lat' dir='ltr'>veritate</span> <span class='ocrx_word' id='word_1_535' title='bbox 1873 2508 2112 2547; x_wconf 88' lang='lat' dir='ltr'>supplicationis</span> <span class='ocrx_word' id='word_1_536' title='bbox 2128 2516 2192 2547; x_wconf 86' lang='lat' dir='ltr'>qua</span> <span class='ocrx_word' id='word_1_537' title='bbox 2207 2508 2244 2539; x_wconf 91' lang='lat' dir='ltr'>P.</span> <span class='ocrx_word' id='word_1_538' title='bbox 2265 2509 2326 2540; x_wconf 92' lang='lat' dir='ltr'>Lu-</span> 
     </span>
     <span class='ocr_line' id='line_1_81' title="bbox 1316 2554 2324 2601; baseline 0.001 -10"><span class='ocrx_word' id='word_1_539' title='bbox 1316 2569 1414 2591; x_wconf 89' lang='lat' dir='ltr'>canus</span> <span class='ocrx_word' id='word_1_540' title='bbox 1441 2561 1606 2601; x_wconf 88' lang='lat' dir='ltr'>episcopus</span> <span class='ocrx_word' id='word_1_541' title='bbox 1631 2554 1794 2591; x_wconf 89' lang='lat' dir='ltr'>licentiam</span> <span class='ocrx_word' id='word_1_542' title='bbox 1816 2562 1892 2601; x_wconf 85' lang='lat' dir='ltr'>petit</span> <span class='ocrx_word' id='word_1_543' title='bbox 1917 2561 2078 2592; x_wconf 89' lang='lat' dir='ltr'>vendendi</span> <span class='ocrx_word' id='word_1_544' title='bbox 2101 2560 2152 2591; x_wconf 88' lang='lat' dir='ltr'>vel</span> <span class='ocrx_word' id='word_1_545' title='bbox 2175 2561 2324 2592; x_wconf 88' lang='lat' dir='ltr'>mutandi</span> 
     </span>
     <span class='ocr_line' id='line_1_82' title="bbox 1314 2614 2324 2655; baseline 0.002 -11"><span class='ocrx_word' id='word_1_546' title='bbox 1314 2614 1501 2645; x_wconf 86' lang='lat' dir='ltr'>infradictas</span> <span class='ocrx_word' id='word_1_547' title='bbox 1524 2615 1747 2653; x_wconf 88' lang='lat' dir='ltr'>possessiones.</span> <span class='ocrx_word' id='word_1_548' title='bbox 1768 2615 1951 2646; x_wconf 87' lang='lat' dir='ltr'>Praedictus</span> <span class='ocrx_word' id='word_1_549' title='bbox 1974 2615 2010 2645; x_wconf 93' lang='lat' dir='ltr'>P.</span> <span class='ocrx_word' id='word_1_550' title='bbox 2034 2615 2177 2654; x_wconf 85' lang='lat' dir='ltr'>exposuit</span> <span class='ocrx_word' id='word_1_551' title='bbox 2200 2627 2214 2642; x_wconf 79' lang='grc' dir='ltr'><em>α</em></span> <span class='ocrx_word' id='word_1_552' title='bbox 2239 2615 2324 2655; x_wconf 86' lang='lat' dir='ltr'>quod</span> 
     </span>
     <span class='ocr_line' id='line_1_83' title="bbox 1316 2668 2324 2708; baseline 0.002 -10"><span class='ocrx_word' id='word_1_553' title='bbox 1316 2668 1385 2707; x_wconf 87' lang='lat' dir='ltr'>ipse</span> <span class='ocrx_word' id='word_1_554' title='bbox 1400 2668 1435 2697; x_wconf 89' lang='lat' dir='ltr'>in</span> <span class='ocrx_word' id='word_1_555' title='bbox 1452 2668 1620 2698; x_wconf 88' lang='lat' dir='ltr'>nonnullis</span> <span class='ocrx_word' id='word_1_556' title='bbox 1635 2668 1745 2698; x_wconf 85' lang='lat' dir='ltr'>castris</span> <span class='ocrx_word' id='word_1_557' title='bbox 1761 2674 1791 2698; x_wconf 85' lang='lat' dir='ltr'>et</span> <span class='ocrx_word' id='word_1_558' title='bbox 1807 2669 1922 2706; x_wconf 87' lang='lat' dir='ltr'>rochis,</span> <span class='ocrx_word' id='word_1_559' title='bbox 1933 2668 2018 2699; x_wconf 88' lang='lat' dir='ltr'>villis</span> <span class='ocrx_word' id='word_1_560' title='bbox 2033 2676 2170 2708; x_wconf 88' lang='lat' dir='ltr'>quoque,</span> <span class='ocrx_word' id='word_1_561' title='bbox 2186 2670 2280 2700; x_wconf 89' lang='lat' dir='ltr'>terris</span> <span class='ocrx_word' id='word_1_562' title='bbox 2293 2674 2324 2700; x_wconf 84' lang='lat' dir='ltr'>et</span> 
     </span>
     <span class='ocr_line' id='line_1_84' title="bbox 1316 2720 2322 2760; baseline 0.002 -10"><span class='ocrx_word' id='word_1_563' title='bbox 1316 2720 1390 2750; x_wconf 90' lang='lat' dir='ltr'>aliis</span> <span class='ocrx_word' id='word_1_564' title='bbox 1406 2720 1494 2757; x_wconf 86' lang='lat' dir='ltr'>locis,</span> <span class='ocrx_word' id='word_1_565' title='bbox 1507 2721 1652 2751; x_wconf 88' lang='lat' dir='ltr'>videlicet</span> <span class='ocrx_word' id='word_1_566' title='bbox 1669 2722 1776 2752; x_wconf 90' lang='lat' dir='ltr'>Sancti</span> <span class='ocrx_word' id='word_1_567' title='bbox 1793 2722 1948 2757; x_wconf 86' lang='lat' dir='ltr'>Cernasii,</span> <span class='ocrx_word' id='word_1_568' title='bbox 1962 2721 2160 2759; x_wconf 87' lang='lat' dir='ltr'>Pratilionis,</span> <span class='ocrx_word' id='word_1_569' title='bbox 2172 2721 2322 2760; x_wconf 88' lang='lat' dir='ltr'>Colleuli,</span> 
     </span>
     <span class='ocr_line' id='line_1_85' title="bbox 1317 2774 2325 2813; baseline 0.002 -9"><span class='ocrx_word' id='word_1_570' title='bbox 1317 2774 1551 2813; x_wconf 86' lang='lat' dir='ltr'>Montistopoli,</span> <span class='ocrx_word' id='word_1_571' title='bbox 1577 2775 1727 2813; x_wconf 80' lang='lat' dir='ltr'>Pallarie,</span> <span class='ocrx_word' id='word_1_572' title='bbox 1757 2775 2017 2812; x_wconf 85' lang='lat' dir='ltr'>Montiscastelli,</span> <span class='ocrx_word' id='word_1_573' title='bbox 2044 2775 2157 2805; x_wconf 90' lang='lat' dir='ltr'>Toiani</span> <span class='ocrx_word' id='word_1_574' title='bbox 2180 2779 2211 2806; x_wconf 90' lang='lat' dir='ltr'>et</span> <span class='ocrx_word' id='word_1_575' title='bbox 2232 2775 2325 2806; x_wconf 92' lang='lat' dir='ltr'>Tem-</span> 
     </span>
     <span class='ocr_line' id='line_1_86' title="bbox 1316 2827 2321 2868; baseline 0.004 -12"><span class='ocrx_word' id='word_1_576' title='bbox 1316 2827 1416 2866; x_wconf 81' lang='lat' dir='ltr'>piani,</span> <span class='ocrx_word' id='word_1_577' title='bbox 1433 2827 1516 2857; x_wconf 87' lang='lat' dir='ltr'>ultra</span> <span class='ocrx_word' id='word_1_578' title='bbox 1532 2827 1667 2857; x_wconf 81' lang='lat' dir='ltr'>fluvium</span> <span class='ocrx_word' id='word_1_579' title='bbox 1683 2829 1777 2865; x_wconf 90' lang='lat' dir='ltr'>Arni,</span> <span class='ocrx_word' id='word_1_580' title='bbox 1795 2838 1906 2859; x_wconf 88' lang='lat' dir='ltr'>versus</span> <span class='ocrx_word' id='word_1_581' title='bbox 1924 2832 2029 2868; x_wconf 84' lang='lat' dir='ltr'>partes</span> <span class='ocrx_word' id='word_1_582' title='bbox 2043 2828 2176 2859; x_wconf 87' lang='lat' dir='ltr'>Pisanas</span> <span class='ocrx_word' id='word_1_583' title='bbox 2192 2828 2321 2868; x_wconf 89' lang='lat' dir='ltr'>positis,</span> 
     </span>
     <span class='ocr_line' id='line_1_87' title="bbox 1316 2879 2322 2921; baseline 0.003 -12"><span class='ocrx_word' id='word_1_584' title='bbox 1316 2880 1356 2910; x_wconf 88' lang='lat' dir='ltr'>ad</span> <span class='ocrx_word' id='word_1_585' title='bbox 1374 2879 1540 2910; x_wconf 89' lang='lat' dir='ltr'>ecclesiam</span> <span class='ocrx_word' id='word_1_586' title='bbox 1557 2890 1648 2911; x_wconf 85' lang='lat' dir='ltr'>suam</span> <span class='ocrx_word' id='word_1_587' title='bbox 1667 2883 1898 2921; x_wconf 85' lang='lat' dir='ltr'>spectantibus,</span> <span class='ocrx_word' id='word_1_588' title='bbox 1917 2883 2043 2912; x_wconf 89' lang='lat' dir='ltr'>Lucane</span> <span class='ocrx_word' id='word_1_589' title='bbox 2061 2881 2194 2912; x_wconf 87' lang='lat' dir='ltr'>diocesis</span> <span class='ocrx_word' id='word_1_590' title='bbox 2208 2906 2215 2919; x_wconf 92' lang='lat'>‚</span> <span class='ocrx_word' id='word_1_591' title='bbox 2228 2882 2322 2921; x_wconf 88' lang='lat' dir='ltr'>juris-</span> 
     </span>
     <span class='ocr_line' id='line_1_88' title="bbox 1317 2933 2324 2975; baseline 0.003 -12"><span class='ocrx_word' id='word_1_592' title='bbox 1317 2933 1489 2964; x_wconf 86' lang='lat' dir='ltr'>dictionem</span> <span class='ocrx_word' id='word_1_593' title='bbox 1506 2934 1626 2964; x_wconf 84' lang='lat' dir='ltr'>obtinet</span> <span class='ocrx_word' id='word_1_594' title='bbox 1642 2936 1858 2974; x_wconf 87' lang='lat' dir='ltr'>temporalem,</span> <span class='ocrx_word' id='word_1_595' title='bbox 1873 2945 1934 2975; x_wconf 88' lang='lat' dir='ltr'>que</span> <span class='ocrx_word' id='word_1_596' title='bbox 1947 2935 2051 2974; x_wconf 85' lang='lat' dir='ltr'>longis</span> <span class='ocrx_word' id='word_1_597' title='bbox 2065 2935 2229 2966; x_wconf 89' lang='lat' dir='ltr'>retroactis</span> <span class='ocrx_word' id='word_1_598' title='bbox 2245 2939 2324 2966; x_wconf 84' lang='lat' dir='ltr'>tem-</span> 
     </span>
     <span class='ocr_line' id='line_1_89' title="bbox 1315 2987 2322 3028; baseline 0.003 -12"><span class='ocrx_word' id='word_1_599' title='bbox 1315 2987 1444 3026; x_wconf 83' lang='lat' dir='ltr'>poribus</span> <span class='ocrx_word' id='word_1_600' title='bbox 1463 2987 1619 3018; x_wconf 87' lang='lat' dir='ltr'>violenter</span> <span class='ocrx_word' id='word_1_601' title='bbox 1638 2997 1656 3018; x_wconf 93' lang='lat' dir='ltr'>a</span> <span class='ocrx_word' id='word_1_602' title='bbox 1677 2989 1803 3019; x_wconf 88' lang='lat' dir='ltr'>Pisanis</span> <span class='ocrx_word' id='word_1_603' title='bbox 1819 2989 1946 3020; x_wconf 89' lang='lat' dir='ltr'>detenta</span> <span class='ocrx_word' id='word_1_604' title='bbox 1961 2988 2000 3019; x_wconf 88' lang='lat' dir='ltr'>de</span> <span class='ocrx_word' id='word_1_605' title='bbox 2014 2989 2156 3028; x_wconf 86' lang='lat' dir='ltr'>ipsorum</span> <span class='ocrx_word' id='word_1_606' title='bbox 2171 2988 2322 3019; x_wconf 90' lang='lat' dir='ltr'>manibus</span> 
     </span>
     <span class='ocr_line' id='line_1_90' title="bbox 1317 3040 2322 3082; baseline 0.003 -13"><span class='ocrx_word' id='word_1_607' title='bbox 1317 3040 1434 3080; x_wconf 87' lang='lat' dir='ltr'>eripuit</span> <span class='ocrx_word' id='word_1_608' title='bbox 1449 3040 1609 3072; x_wconf 89' lang='lat' dir='ltr'>laboribus</span> <span class='ocrx_word' id='word_1_609' title='bbox 1625 3043 1828 3082; x_wconf 88' lang='lat' dir='ltr'>sumptuosis,</span> <span class='ocrx_word' id='word_1_610' title='bbox 1841 3042 1927 3073; x_wconf 88' lang='lat' dir='ltr'>unde</span> <span class='ocrx_word' id='word_1_611' title='bbox 1942 3042 2045 3073; x_wconf 87' lang='lat' dir='ltr'>dictus</span> <span class='ocrx_word' id='word_1_612' title='bbox 2060 3043 2322 3082; x_wconf 83' lang='lat' dir='ltr'>episcopus,con-</span> 
     </span>
    </p>
   </div>
   <div class='ocr_carea' id='block_1_13' title="bbox 2402 0 2477 3637">
    <p class='ocr_par' dir='ltr' id='par_1_26' title="bbox 2402 0 2477 3637">
     <span class='ocr_line' id='line_1_91' title="bbox 2402 0 2477 3637; baseline 0 0"><span class='ocrx_word' id='word_1_613' title='bbox 2402 0 2477 3637; x_wconf 95' lang='lat' dir='ltr'> </span> 
     </span>
    </p>
   </div>
  </div>
 </body>
</html>
