2477 3637
315 406 370 438 134
1057 398 1291 429 REGISTRES
1314 399 1367 428 DE
1390 398 1572 428 NICOLAS
1596 397 1650 426 tv.

313 478 342 504 et
373 472 571 502 carissimam
604 470 636 498 in
666 468 792 498 Christo
819 466 918 496 filiam
953 470 1092 496 nostram
1120 489 1139 495 ..
1168 466 1314 503 reginam

314 526 450 564 Anglie,
475 528 649 554 consortem
679 521 793 561 ipsius,
819 520 970 556 illustres,
991 528 1164 557 eorumque
1181 517 1313 556 liberos,

313 576 650 611 excommnuit-ationis
667 574 840 604 sententias
854 573 1051 612 proferendo.
1070 572 1214 611 Cumque
1231 577 1313 611 post-

314 634 443 663 modnm
467 632 604 670 prelatus
631 632 811 667 procurator
832 628 871 657 ab
893 627 1003 656 eodem
1031 626 1183 663 magistro
1211 626 1313 655 Bene-

312 687 394 716 dicto
410 694 481 715 cnm
499 683 650 713 instantia
664 681 849 720 postulasset
867 685 899 709 nt
912 679 1098 709 mandatnm
1118 677 1313 716 hujusmodi,

313 739 370 769 sibi
395 742 423 768 et
445 737 548 767 eidem
578 736 727 772 magistro
756 733 896 763 Henrico
921 742 973 772 per
997 732 1171 772 predictum
1196 731 1314 769 magis-

313 797 396 822 trum
411 790 595 820 ¹Iohannem
623 788 750 818 factum.
770 786 945 825 adimplere
967 790 1092 815 curaret
1107 794 1143 814 00
1162 785 1276 814 faceret
1297 793 1315 813 a

311 845 532 884 prenominato
560 841 698 880 capitulo
723 840 911 879 adimpleri,
942 839 1118 869 secundnm
1146 838 1313 868 continen-

313 899 389 928 tiam
426 897 605 926 litterarum
643 894 718 923 dicti
755 892 986 932 predecessoris
1025 900 1120 930 super
1157 890 1215 921 lioc
1255 890 1314 928 ipsi

310 951 453 982 Johanni
470 955 499 979 et
514 949 585 978 aliis
603 947 751 988 predictis
772 945 995 976 executoribus
1011 945 1203 974 directarum
1218 968 1224 979 ,
1243 952 1314 982 pre-

311 1005 392 1035 fatus
417 1003 566 1041 magister
592 1001 784 1031 Benedictus
812 1000 842 1030 id
865 999 966 1029 facero
990 1007 1043 1037 pro
1067 1006 1122 1027 suo
1139 996 1229 1027 libito
1251 1004 1312 1026 non

310 1058 440 1093 curavit,
453 1065 515 1086 non
526 1057 644 1094 absque
658 1053 827 1093 apostolice
839 1053 924 1083 sedis
941 1052 1061 1090 injuria
1073 1056 1103 1081 et
1118 1053 1312 1088 contemptu.

310 1111 391 1141 Cum
406 1114 512 1140 autem
531 1109 688 1139 Bonectus
704 1107 742 1137 de
761 1107 876 1137 Sancto
892 1105 1060 1142 Quintilio,
1074 1104 1220 1140 clericus,
1241 1111 1313 1141 pre-

310 1163 447 1194 bendam
468 1163 567 1202 ipsam
588 1162 706 1200 injuste
734 1161 892 1196 detineat,
918 1159 1000 1188 sicut
1027 1158 1200 1192 assei-itur,
1221 1164 1314 1185 occu-

310 1222 427 1257 patam,
447 1217 479 1246 in
497 1216 639 1254 ejusdem
655 1213 831 1253 cappellani
850 1221 911 1242 non
928 1211 1086 1242 modicum
1100 1209 1313 1249 prejudicium

310 1276 340 1302 et
357 1278 528 1308 gravamen
543 1292 550 1305 ‚
571 1277 627 1298 nec
644 1268 803 1307 permittat
819 1275 892 1296 eum
911 1265 1048 1304 predicte
1065 1262 1223 1302 prebende
1248 1270 1315 1300 pos-

310 1323 483 1353 sessionem
511 1321 673 1360 pacificam
693 1319 848 1358 adipisci,
879 1318 1018 1358 prefatus
1040 1315 1204 1346 Rolandus
1226 1314 1315 1344 nobis

309 1375 476 1406 humiliter
487 1373 675 1412 supplicavit
687 1377 721 1402 nt
730 1371 895 1411 providere
906 1371 965 1400 sibi
976 1379 1070 1408 super
1083 1369 1141 1399 1100
1152 1368 1190 1397 de
1203 1367 1314 1405 benig-

310 1428 408 1458 nitate
429 1427 512 1456 sedis
532 1424 702 1465 apostolice
729 1424 948 1462 dignaremur.
974 1423 1038 1452 Nos
1066 1421 1183 1459 igitur,
1207 1421 1315 1449 inten-

310 1481 420 1511 dentes
440 1484 473 1509 ut
489 1479 572 1508 idem
591 1477 770 1512 Rolandus,
789 1485 896 1515 quem,
914 1475 982 1505 suis
999 1474 1200 1512 exigentibus
1221 1473 1316 1502 meri-

312 1535 361 1570 tis,
373 1532 502 1572 speciali
511 1532 678 1561 affectione
687 1530 922 1569 prosequimur,
935 1528 1075 1558 fructum
1087 1536 1122 1557 ex
1130 1525 1317 1565 hujusmodi

312 1587 413 1626 gratia
428 1589 639 1623 consequatur
655 1588 795 1623 optatum
812 1607 818 1620 ,
835 1582 1020 1612 discretioni
1037 1585 1139 1611 vestre
1155 1589 1210 1620 per
1224 1587 1315 1618 apos-

314 1640 404 1671 tolica
423 1640 537 1678 scripta
558 1638 748 1667 mandamus
764 1641 922 1676 quatenus
939 1644 993 1665 vos
1010 1634 1059 1665 vel
1074 1634 1153 1664 alter
1176 1637 1316 1663 vestrum

313 1691 469 1731 prefatum
488 1690 663 1720 Bonectum
675 1711 682 1725 ‚
700 1697 754 1727 per
770 1696 823 1718 vos
841 1687 889 1716 vet
906 1696 961 1726 per
976 1685 1075 1716 alium
1095 1694 1150 1715 500
1164 1684 1262 1721 01105,
1280 1692 1316 1713 ex

313 1750 400 1784 parte
422 1747 529 1773 nostra
555 1742 726 1780 diligenter
748 1750 878 1771 monere
898 1739 1016 1770 curetis
1036 1744 1070 1769 ut
1095 1739 1179 1768 10110
1207 1738 1318 1768 decem

313 1798 379 1828 dies
398 1802 466 1837 post
489 1796 698 1826 monitionem
722 1799 858 1824 vestram
880 1793 1018 1824 eundem
1042 1791 1240 1829 Rolandum‚
1267 1790 1317 1821 vel

313 1855 549 1892 procuratorem
567 1858 661 1879 500111
680 1857 736 1887 pro
753 1857 806 1885 eo,
832 1848 1003 1887 predictam
1029 1846 1223 1886 prebendam
1243 1853 1316 1884 per-

313 1905 418 1935 mittat
451 1903 549 1933 libere
580 1902 707 1941 assequi
738 1906 767 1931 et
803 1899 949 1940 adeptam
982 1900 1110 1939 pacifice
1144 1898 1315 1938 possidere.

313 1958 467 1997 Alioquin
481 1956 619 1987 eundem
638 1956 813 1986 Bouectum
830 1959 859 1985 et
873 1954 1028 1994 predictos
1046 1953 1215 1991 magistros
1230 1953 1316 1982 Hen-

313 2013 414 2042 ricum
446 2015 476 2041 et
502 2010 710 2040 Benedictum
737 2008 968 2048 personaliter,
996 2008 1022 2037 si
1046 2006 1176 2037 comode
1204 2005 1318 2044 poterit

313 2074 422 2096 eorum
443 2064 553 2094 haberi
567 2063 741 2102 presentia,
758 2062 904 2100 alioquin
924 2062 1008 2100 ipsos
1023 2065 1054 2090 et
1073 2068 1183 2090 eorum
1202 2067 1314 2097 quem-

311 2119 387 2149 libet
405 2119 439 2148 in
457 2117 581 2157 proprio
598 2116 768 2154 domicilio,
787 2116 836 2146 vel
854 2116 890 2145 in
908 2115 1019 2146 eadem
1044 2113 1177 2144 ecclesia
1198 2111 1317 2143 Suwel-

311 2173 411 2209 lensi,
431 2181 466 2202 ac
486 2171 642 2210 prefatum
665 2170 840 2209 capitulum
868 2179 903 2199 ex
932 2173 1020 2208 parte
1042 2172 1150 2198 nostra
1168 2175 1315 2206 peremp-

313 2227 392 2257 torie
401 2226 497 2256 citare
505 2224 622 2254 curetis
638 2229 672 2254 ut
683 2224 768 2254 idem
782 2224 939 2253 Bonettus
952 2221 1172 2260 personaliter,
1183 2219 1316 2258 predicti

313 2287 387 2309 vero
411 2278 571 2308 Henricus
595 2282 624 2307 et
655 2276 844 2307 Benedictus
863 2284 920 2315 per
940 2283 973 2304 se
995 2274 1044 2304 vel
1062 2283 1116 2312 per
1135 2277 1316 2312 procurato-

313 2342 382 2362 rem
400 2332 575 2371 ydoneum,
592 2330 768 2369 capitulum
789 2334 895 2359 autem
911 2337 968 2367 per
986 2331 1221 2366 procuratorem
1238 2325 1316 2365 ydo-

314 2394 412 2416 neum
429 2385 468 2414 ad
485 2385 543 2414 hoc
565 2383 741 2422 specialiter
763 2382 950 2412 constitutos
966 2405 972 2417 ,
994 2381 1077 2410 infra
1096 2380 1174 2410 duos
1192 2387 1317 2408 menses

312 2444 382 2479 post
408 2439 591 2469 citationem
629 2436 814 2476 hujusmodi
847 2444 920 2466 cnm
954 2435 1104 2472 omnibus
1130 2433 1257 2473 J'uribus
1288 2437 1318 2462 et

312 2492 526 2523 munimentis
548 2492 614 2521 suis
629 2490 800 2530 apostolico
816 2499 848 2520 se
869 2488 1050 2528 conspectui
1072 2491 1291 2527 representem
1307 2510 1314 2523 ,

313 2546 405 2577 nobis
420 2546 459 2576 de
480 2545 701 2575 inobedientia
716 2549 747 2574 et
763 2544 866 2574 eidem
887 2541 1031 2572 Rolando
1053 2541 1091 2571 de
1104 2541 1230 2581 justitia
1250 2549 1316 2570 105-

312 2600 456 2640 ponsuri.
481 2599 553 2629 Non
567 2597 764 2629 obstantibus
784 2595 986 2634 indulgentia
1003 2604 1065 2634 qua
1080 2594 1146 2625 illis
1161 2594 1200 2624 de
1218 2601 1317 2632 regno

313 2653 431 2692 Anglie
460 2653 576 2682 dicitur
607 2660 675 2682 esse
706 2659 914 2686 concessum,
945 2649 1030 2687 quod
1061 2652 1150 2678 extra
1181 2655 1316 2686 regnum

313 2707 418 2746 ipsum
437 2705 487 2736 vel
507 2706 586 2735 citra
609 2713 696 2734 mare
722 2703 941 2742 Anglicanum
959 2702 993 2732 in
1014 2711 1142 2732 cansam
1161 2701 1242 2731 tralii
1268 2700 1316 2730 vel

313 2760 352 2790 ad
367 2760 523 2799 judicium
541 2759 665 2789 evocari
684 2767 747 2788 non
766 2758 887 2796 possint
906 2766 960 2796 per
984 2755 1104 2786 litteras
1129 2754 1315 2793 apostolicas

314 2822 378 2844 non
403 2814 552 2843 facientes
575 2812 702 2851 plenam
730 2815 759 2841 et
779 2819 960 2849 expressam
983 2809 1022 2839 de
1051 2808 1176 2838 indulto
1200 2807 1315 2846 hujus-

314 2866 399 2911 modi
416 2867 623 2902 mentionem,
641 2870 671 2895 et
687 2865 912 2896 constitutione
927 2864 966 2893 de
983 2863 1106 2893 duabus
1122 2862 1216 2892 dietis
1231 2860 1316 2890 edita

314 2921 349 2950 in
377 2919 511 2949 concilio
535 2918 687 2956 generali.
718 2918 811 2948 Diem
845 2926 917 2947 vero
940 2916 1099 2946 citationis
1125 2920 1154 2945 et
1179 2914 1314 2944 formam

315 2978 346 3004 et
361 2972 512 3012 quicquid
532 2972 562 3001 in
580 2972 638 3001 hac
659 2975 744 3010 parte
760 2970 899 3001 feceritis
917 2970 1008 3000 nobis
1025 2978 1079 3008 per
1095 2972 1214 2998 vestras
1229 2967 1314 2996 litte-

314 3035 365 3057 ras
376 3027 488 3056 harum
502 3026 616 3055 seriem
628 3027 826 3055 continentes
839 3024 992 3054 studeatis
1002 3022 1140 3052 fideliter
1150 3021 1312 3051 intimare.

315 3080 386 3110 Dat.
403 3079 513 3113 Rome,
533 3082 685 3116 utsupra.
705 3089 717 3104 n

1467 464 1552 492 658

1434 525 1615 561 Dispensatio
1631 533 1719 560 super
1730 524 1842 550 defectu
1855 523 1998 549 0010111101.
2011 522 2094 555 (lieo.
2111 523 2154 556 44,
2166 530 2191 549 c.
2205 522 2229 554 3,
2243 523 2265 549 1⁶⁰
2284 523 2329 550 107
2346 524 2396 559 νο.)

1703 460 2062 495 Salute-Mario-Majeure.
2080 461 2111 487 ⁸27
2129 461 2232 487 fevi-ier
2252 460 2325 488 1289.

1443 628 1608 657 t'vnerabile'
1625 627 1721 663 fratri
1740 650 1759 656 ..
1777 628 1910 664 episcopo
1933 625 2117 655 Sleswiccnsi
2133 624 2263 654 mandat
2285 629 2395 664 quate-

1398 691 1457 711 nus
1476 690 1548 711 011111
1567 680 1741 718 ingilberto
1756 680 1936 718 Tnboysom
1952 701 1959 715 ‚
1978 678 2161 718 presbytero
2177 677 2396 709 Sleswieensis

1397 734 1560 771 dioecesis,
1577 743 1671 773 super
1688 733 1810 763 delectu
1829 732 1995 768 natalium,
2010 740 2106 771 quem
2123 731 2240 770 patitur
2255 731 2294 760 de
2313 739 2395 769 pres·
2415 733 2430 775 j

1397 788 1507 827 hytero
1523 787 1650 826 genitus
1668 792 1697 817 et
1714 787 1831 823 soluta,
1851 786 2022 825 dispenset,
2042 789 2075 815 nt
2092 785 2124 814 in
2143 783 2296 823 susceptis
2311 783 2412 815 ordi-*⁴

1398 841 1490 870 nibus
1507 841 1691 870 ministrare
1707 845 1736 869 et
1747 839 1938 869 beneficium
1956 837 2076 868 nullam
2091 838 2274 868 animarum
2289 844 2364 868 cura

1398 895 1518 924 habens
1536 899 1641 924 tenere
1662 893 1770 933 possit.

1438 960 1450 974 u
1469 947 1632 978 Accedens
1645 947 1683 976 ad
1699 946 1930 986 presentiam...
1946 962 1984 966 —
2001 945 2071 974 Dat.
2091 944 2190 974 Rome
2206 943 2289 982 apud
2305 942 2399 975 Sano-

1397 1005 1460 1031 tam
1486 1001 1620 1030 Mariam
1646 1000 1820 1039 Majorem‚
1849 1009 1879 1028 111
1907 998 2058 1028 kalendas
2086 997 2211 1033 martii,
2236 1004 2321 1028 anno
2347 994 2411 1031 504.

1396 1055 1511 1086 cundo.
1535 1067 1548 1082 n

1468 1214 1554 1243 659

1433 1275 1521 1310 Symo
1537 1271 1571 1302 de
1587 1275 1726 1302 Mai-ziaco
1742 1276 1775 1302 ad
1788 1279 1931 1302 trecentos
1945 1275 2070 1301 florenos
2084 1273 2216 1308 hospitali
2225 1272 2324 1300 Sancti
2334 1271 2415 1309 spi-¹

1398 1325 1470 1350 ritus
1491 1325 1518 1350 in
1544 1324 1629 1350 Saxia
1651 1324 1685 1351 de
1709 1324 1783 1351 Urbe
1805 1324 1997 1351 restituendos
2020 1324 2140 1357 cogitur.
2159 1322 2242 1354 (Rae.
2265 1322 2309 1356 44,
2325 1329 2351 1349 c.
2373 1321 2399 1358 4,

1397 1373 1416 1399 s.
1436 1374 1481 1400 107
1500 1379 1548 1403 vo.)

1707 1213 2067 1247 Sainte-Mario-Majcnre,
2083 1211 2116 1238 23
2132 1211 2236 1238 fevi-ier
2252 1210 2330 1238 1289.

1445 1476 1609 1505 Venerabili
1623 1477 1718 1512 fratri
1736 1499 1755 1505 ..
1772 1477 1904 1514 episeopo
1930 1477 2071 1505 leeatino
2092 1474 2223 1504 mandat
2246 1477 2406 1513 quatenus.

1400 1529 1541 1560 nobilem
1573 1529 1678 1559 virum
1712 1530 1888 1569 Symonem
1918 1529 1957 1559 de
1985 1528 2159 1565 Mai-ziam,
2191 1519 2410 1567 justitiarium

1400 1583 1595 1621 Aprutinum
1626 1582 1704 1612 citra
1735 1582 1853 1612 {lumen
1885 1582 2064 1617 piscariae,
2096 1585 2225 1612 moneat
2253 1585 2288 1611 ut
2319 1580 2404 1612 infra

1399 1636 1498 1666 unius
1518 1636 1639 1666 mensis
1663 1636 1799 1676 spatium
1825 1641 1892 1675 post
1917 1635 2127 1666 monitionem
2152 1637 2308 1665 trecentos
2332 1634 2403 1666 anri

1400 1689 1534 1719 florenos
1552 1711 1572 1718 ..
1593 1690 1784 1728 praeceptori
1803 1694 1833 1719 et
1849 1689 2001 1719 fratribus
2019 1687 2182 1727 hospitalis
2205 1687 2315 1719 Sancti
2329 1687 2400 1727 Spi-

1400 1743 1478 1773 ritus
1499 1743 1533 1772 in
1560 1742 1655 1772 Saxia
1671 1742 1709 1773 de
1733 1742 1818 1773 Urbe
1844 1743 1998 1778 restituat,
2023 1747 2053 1771 et
2070 1742 2109 1772 de
2133 1741 2265 1781 injuriis
2280 1740 2407 1772 eisdem·

1398 1795 1495 1826 illatis
1519 1796 1768 1827 satisfactionem
1797 1796 1979 1835 iinpendat3
2006 1795 2150 1835 alioquin
2177 1803 2252 1825 eum
2273 1795 2348 1825 citet
2367 1797 2403 1826 ut

1399 1849 1482 1879 infra
1504 1849 1689 1889 quindecim
1710 1849 1778 1880 dies
1802 1854 1870 1888 post
1888 1849 2072 1887 huJusmodi
2090 1848 2274 1879 citationem
2295 1855 2403 1878 coram

1399 1903 1472 1933 sede
1491 1902 1659 1941 apostolica
1684 1907 1872 1942 compareat.
1894 1920 1932 1924 —
1953 1902 2033 1933 Cum
2056 1901 2241 1932 Desiderius
2262 1892 2400 1940 Angeli,

1399 1956 1477 1986 civis
1492 1956 1684 1993 Tlieatinus,
1704 1956 1855 1986 omnibus
1877 1956 1970 1986 bonis
1993 1956 2058 1986 suis
2079 1954 2227 1994 hospitali
2243 1954 2404 1994 praedicto

1399 2018 1454 2048 per
1476 2009 1681 2040 donationem
1703 2010 1787 2039 inter
1809 2010 1895 2039 vivos
1917 2009 2014 2046 datis,
2039 2018 2072 2039 se
2091 2009 2126 2038 in
2144 2008 2230 2039 idem
2249 2004 2411 2047 hospitales

1399 2063 1584 2101 recepisset,
1613 2063 1770 2102 praefatus
1799 2063 1922 2102 Symon
1949 2062 2087 2092 eundem
2111 2062 2314 2092 Desiderium
2334 2061 2406 2101 capi‘

1399 2117 1472 2146 fecit
1492 2120 1522 2146 et
1540 2116 1573 2146 in
1595 2125 1721 2146 carcere
1742 2116 1880 2147 detinuit
1898 2116 2000 2147 donec
2023 2116 2061 2146 de
2084 2116 2176 2146 bonis
2198 2115 2273 2146 dicti
2292 2114 2383 2155 hospi

1401 2170 1470 2200 talis
1491 2179 1547 2209 pro
1569 2170 1785 2209 redemptione
1807 2170 1973 2200 Desiderii
2000 2174 2153 2200 trecentos
2176 2169 2246 2200 0011
2267 2168 2405 2200 florenos

1399 2224 1590 2254 extorsisset.
2389 2252 2392 2262 ,

1441 2289 1455 2304 α
1476 2277 1540 2308 Sua
1564 2277 1653 2307 nobis
1677 2277 1823 2307 dilecti...
1848 2294 1887 2298 —
1910 2278 1978 2307 Dat.
2010 2278 2110 2307 Rome
2137 2276 2221 2316 apud
2247 2275 2403 2307 Sanctam

1401 2330 1536 2360 Mariam
1554 2331 1724 2368 Maiorem,
1743 2340 1784 2360 vn
1802 2328 2074 2361 kalendas'martii
2086 2353 2094 2368 ‚
2110 2337 2197 2360 anno
2216 2328 2367 2360 secundo.
2385 2341 2403 2356 ι

1469 2483 1557 2512 660

1433 2547 1567 2575 Sanctius
1584 2548 1689 2583 Pelagii
1700 2551 1728 2574 et
1743 2547 1844 2574 Petrus
1855 2548 2024 2575 Gundisalvi
2032 2546 2068 2574 de
2079 2547 2180 2574 ordine
2195 2547 2294 2574 relicto
2308 2545 2389 2574 absol

1398 2600 1512 2624 vuntur.
1534 2596 1616 2630 (Rue.
1635 2597 1678 2629 44,
1694 2605 1720 2623 c.
1738 2597 1763 2631 5,
1780 2598 1799 2624 s.
1818 2598 1865 2624 107
1884 2598 1937 2630 νο.)
2399 2592 2402 2596 ’

1707 2482 2063 2518 Sainte-Marie-Majeure‚
2080 2482 2113 2510 25
2127 2482 2234 2510 fevrier
2249 2481 2331 2510 1289.
2376 2464 2380 2470 -

1436 2701 1554 2730 Dilectis
1574 2700 1648 2736 filiis
1670 2722 1689 2730 ..
1713 2701 1812 2729 abbati
1837 2701 2018 2730 monaster-tt
2039 2699 2147 2730 Sancte
2165 2700 2259 2730 Μανία
2282 2699 2318 2729 de
2343 2697 2383 2728 llr

1396 2762 1481 2790 sera,
1500 2753 1720 2790 cisterciensis,
1739 2755 1898 2783 Auriensis
1914 2754 2052 2791 diocesis,
2067 2758 2094 2782 et
2109 2775 2130 2782 ..
2147 2753 2246 2791 priori
2266 2752 2370 2789 fratria

1394 2807 1619 2845 predicatorum
1641 2807 1783 2836 ordinum
1812 2807 1948 2836 Toletano
1975 2806 2107 2836 mandat
2125 2809 2283 2844 quatenus
2302 2803 2402 2835 Sauo·-

1398 2860 1477 2889 tium
1497 2859 1617 2897 Pelagii
1634 2864 1663 2889 et
1679 2860 1810 2890 Petrum
1823 2859 2032 2895 Gundisalvi,
2048 2859 2159 2889 fratres
2174 2857 2297 2889 ordinis
2311 2855 2382 2887 mili

1398 2913 1459 2942 tiae
1474 2912 1581 2943 Sancti
1596 2912 1716 2949 Jacobi,
1729 2913 1895 2944 absolvant
1909 2913 1949 2943 ab
1965 2921 2001 2943 eo
2018 2911 2102 2951 quod
2116 2923 2129 2938 «ι
2146 2911 2206 2950 ipsi
2221 2911 2312 2948 olim,
2325 2918 2364 2940 00
2395 2914 2398 2917 “

1396 2965 1638 3005 quampluribus
1656 2966 1777 2996 ordinis
1798 2966 1915 2996 militie
1938 2966 2047 2997 Sancti
2067 2964 2198 3002 Jacohi,
2216 2963 2254 2994 ad
2277 2963 2382 2994 evitan

1395 3019 1468 3049 dam
1485 3019 1675 3049 discordiam
1691 3020 1775 3050 inter
1791 3019 1953 3059 quondam
1969 3019 2020 3056 G.‚
2040 3019 2241 3058 magistrum,
2259 3026 2296 3048 ex
2312 3015 2400 3056 parte'

1396 3081 1475 3110 0110,
1492 3077 1523 3103 et
1541 3073 1713 3104 nonnullos
1735 3074 1846 3104 fratres
1861 3074 1961 3113 ipsius
1976 3073 2100 3104 ordinis
2117 3076 2276 3108 exortam,
2299 3079 2336 3101 ex
2391 3079 2394 3081 ’
