2342 3652
926 369 1178 414 QUATRIEME
1194 368 1350 406 ANNEE.
2126 378 2182 408 679

101 446 341 485 Indulgentiam
360 446 456 476 unius
468 446 546 475 anni
567 448 596 475 et
612 454 649 475 xr.
671 445 795 474 dierum
814 444 957 474 concedit
972 444 1104 473 visitan-

102 499 185 529 tibus
201 499 368 529 ecclesiam
385 499 487 538 plebis
502 499 541 528 de
557 497 680 536 Empoli
691 521 698 533 ,
718 496 920 526 Florentinae
935 496 1101 533 dioecesis,

101 552 136 581 in
152 557 289 591 quatuor
305 553 414 582 beatae
431 552 550 581 Mariae
566 550 722 588 virginis,
745 550 776 580 S.
801 550 959 579 ι1011311015
982 550 1105 587 Baptis-

104 610 152 634 tae
167 609 196 635 et
212 605 244 635 S.
262 605 412 635 Andreae
429 603 666 639 festivitatibus,
685 612 740 641 per
761 607 828 632 octo
847 602 915 632 dies
938 606 1105 641 sequentes

102 663 132 688 et
152 658 186 687 in
203 657 432 688 anniversario
450 657 499 686 die
518 656 725 686 dedicationis
741 656 882 694 ejusdem
902 656 1063 685 ecclesiae.

144 723 157 738 «
177 711 249 741 Vite
264 708 413 749 perennis
426 709 565 748 gloria...
585 726 624 732 —
640 709 712 738 Dat.
729 709 812 747 apud
829 709 1103 745 Urbemveterem,

103 773 122 794 x
137 764 290 794 kalendas
305 763 430 802 aprilis,
448 772 533 793 anno
551 767 673 801 quarto.
694 775 706 789 n

695 842 821 873 Orvieto,
839 843 852 868 7
870 842 938 868 avril
956 841 1032 868 1‘291.

145 907 183 937 In
200 915 226 936 e.
245 915 288 935 m.
306 905 442 942 eisdem,
461 914 516 944 pro
541 905 674 935 80018513
692 905 877 935 monasterii
902 905 1015 934 Beatae
1037 904 1105 933 Ma—

105 959 172 988 riae
193 959 401 997 Magdalenae
421 959 634 995 Urbevetani,
658 958 779 988 ordinis
803 958 834 988 S.
859 958 1051 996 Augustini,
1072 957 1105 986 in

105 1012 372 1042 Annuntiationis
389 1013 496 1042 beatae
514 1012 633 1041 Mariae
646 1012 782 1050 virginis
799 1016 827 1041 et
846 1016 971 1041 sanctae
988 1011 1107 1040 Mariae

105 1066 313 1104 Magdalenae
332 1066 555 1096 festivitatibus
568 1070 598 1095 et
609 1074 664 1104 per
678 1070 746 1095 octo
759 1065 826 1094 dies
843 1069 1020 1104 sequentes.
1034 1064 1104 1094 Dat.

104 1119 188 1158 apud
203 1119 466 1150 Urbemveterem
478 1143 485 1156 ,
503 1128 548 1148 vu
565 1118 636 1148 idus
657 1117 786 1156 aprilis,
799 1126 884 1146 anno
899 1121 1022 1156 quarto.

144 1173 184 1202 In
199 1181 226 1203 e.
245 1182 288 1202 m.
307 1172 438 1207 eisdem,
453 1181 509 1211 pro
522 1171 652 1202 eeclesia
667 1170 851 1201 monasterii
869 1170 983 1199 Beatae
998 1169 1108 1199 Clarae

105 1225 144 1255 de
163 1225 317 1261 Guardia,
336 1225 512 1255 Theatinae
530 1224 696 1260 dioecesis,
714 1224 746 1253 in
764 1228 898 1262 quatuor
913 1223 1021 1252 beatae
1039 1223 1107 1251 Ma-

105 1279 171 1309 riae
187 1278 322 1317 virginis
337 1282 367 1308 et
385 1281 510 1308 sanctae
532 1277 643 1307 Clarae
664 1277 890 1307 festivitatibus
910 1281 940 1305 et
964 1286 1016 1315 per
1041 1281 1109 1306 octo

106 1331 174 1362 dies
190 1335 368 1370 sequentes.
385 1332 455 1360 Dat.
475 1335 509 1360 ut
524 1339 629 1369 supra.

695 1389 822 1420 Orviet0‚
840 1390 854 1415 5
873 1390 942 1415 avril
962 1389 1036 1416 1291.

147 1454 186 1484 In
202 1463 228 1484 e.
247 1463 290 1484 m.
308 1453 439 1489 eisdem,
456 1462 511 1492 pro
527 1452 658 1483 eeclesia
675 1453 807 1482 Sanctae
823 1453 932 1482 Crucis
949 1452 987 1481 de
1000 1452 1109 1488 Curia,

107 1507 279 1545 Pragensis
295 1507 457 1542 dioecesis,
478 1507 512 1536 in
530 1507 560 1536 S.
579 1507 738 1536 ‘Iohannis
756 1506 915 1544 Baptistae
932 1510 961 1535 et
977 1510 1111 1544 quatuor

109 1560 218 1590 beatae
234 1561 356 1590 Mariae
372 1560 510 1598 virginis
529 1560 750 1590 festivitatibus
766 1564 795 1589 et
811 1569 865 1598 per
886 1564 954 1589 octo
970 1559 1038 1588 dies
1060 1568 1110 1588 se-

109 1618 252 1653 quentes.
270 1614 342 1644 Dat.
359 1614 443 1652 apud
462 1614 741 1650 Urbemveterem,
765 1613 859 1642 nonis
878 1612 1005 1651 aprilis,
1026 1620 1111 1641 anno

111 1671 232 1705 quarto.

683 1706 808 1737 Orvieto,
828 1707 866 1732 1⁴³r
877 1706 945 1732 avril
966 1706 1040 1733 1291.

151 1771 188 1800 In
211 1779 238 1800 e.
266 1780 309 1800 m.
338 1770 475 1805 eisdem,
503 1778 558 1809 pro
589 1768 707 1808 capella
736 1768 901 1807 hospitalis
927 1768 965 1798 de
991 1768 1112 1807 Hylde-

112 1823 234 1854 brondo
250 1823 418 1853 Lemercer
434 1823 569 1852 civitatis
587 1822 815 1858 Norwicensis,
834 1822 868 1850 in
886 1826 1021 1863 quatuor
1040 1822 1112 1850 bea-

116 1881 163 1906 tae
179 1877 298 1906 Mariae
313 1877 459 1914 virginis,
477 1877 510 1905 in
528 1877 618 1914 cnjus
635 1876 789 1905 honorem
807 1876 915 1905 eadem
932 1874 1052 1913 capella
1068 1878 1114 1904 est

112 1935 303 1967 constructa,
320 1930 543 1960 festivitatibus
560 1935 589 1959 et
609 1939 663 1968 per
678 1933 745 1960 octo
761 1930 828 1959 dies
844 1934 1021 1968 sequentes.
1042 1929 1109 1958 Dat.

111 1984 195 2023 apud
211 1984 483 2022 Urbemveterem,
499 1983 646 2013 kalendis
662 1983 788 2023 aprilis,
807 1992 892 2013 anno
908 1987 1030 2022 quarto.

685 2063 812 2095 Orvieto,
830 2064 859 2090 11
877 2063 946 2089 3ν1·11
963 2063 1040 2090 1291.

151 2127 190 2156 In
204 2135 231 2157 e.
247 2136 291 2158 m.
310 2127 445 2163 eisdem,
464 2135 519 2165 pro
535 2126 667 2156 ecclesia
682 2126 790 2156 Sancti
809 2126 895 2155 Petri
913 2126 951 2155 de
966 2125 1113 2156 Comitis-

112 2179 204 2218 villa,
222 2180 451 2210 Ambianensis
474 2180 646 2216 dioecesis,
666 2181 697 2209 in
718 2183 854 2218 quatuor
868 2179 976 2209 beatae
994 2179 1114 2208 Mariae

112 2233 248 2272 virginis
272 2237 302 2263 et
323 2238 505 2263 sanctorum
529 2233 633 2268 Petri,
659 2232 818 2263 Johannis
836 2232 994 2271 Baptistae
1013 2237 1043 2261 et
1060 2232 1114 2262 Jo-

112 2286 231 2316 hannis
256 2286 477 2324 Evangelistae
503 2286 725 2316 festivitatibus
751 2290 781 2315 et
803 2295 857 2324 per
877 2291 945 2315 octo
971 2285 1039 2315 dies
1066 2294 1115 2314 se-

113 2344 257 2379 quentes.

157 2404 170 2420 ιι
188 2393 339 2432 Princeps
351 2392 563 2431 apostolorum
580 2393 731 2422 Petrus...
746 2409 785 2414 —
798 2393 866 2422 Dat.
880 2392 963 2430 apud
978 2392 1115 2422 Urbem-

116 2450 265 2483 veterem,
284 2456 318 2475 111
334 2446 406 2476 idus
422 2436 551 2484 aprilis,
565 2455 650 2476 anno
665 2450 788 2485 quarto.
811 2458 824 2472 »

679 2525 809 2559 Orvieto,
828 2526 866 2552 1⁶¹·
881 2526 950 2552 avril
967 2525 1044 2552 1291.

154 2589 193 2618 In
209 2598 236 2619 e.
253 2597 296 2620 m.
314 2589 447 2625 eisdem,
467 2597 522 2627 pro
539 2588 672 2618 ecclesia
688 2588 778 2618 Beati
798 2589 895 2618 Marci
913 2588 950 2617 de
967 2588 1064 2624 Urbe,
1080 2587 1116 2616 in

115 2646 294 2672 sanctorum
319 2642 417 2672 Marci
444 2641 680 2680 Evangelistae‚
703 2642 801 2671 Marci
824 2642 1029 2677 confessoris,
1050 2640 1115 2670 Ab·

116 2696 177 2726 don
193 2699 224 2726 et
238 2695 367 2727 Sennen
382 2700 561 2734 martyrum
578 2695 814 2732 festivitatibus,
832 2705 886 2734 per
899 2698 968 2724 octo
985 2694 1051 2724 dies
1066 2702 1116 2723 se-

115 2753 249 2788 quentes
266 2754 295 2779 et
311 2749 345 2778 in
361 2750 583 2779 anniversario
602 2749 653 2779 die
673 2749 886 2779 dedicationis
907 2748 1049 2787 ejusdem
1066 2756 1114 2777 ec-

115 2802 241 2832 clesiae.

158 2867 172 2883 «
197 2855 247 2885 Ad
262 2855 462 2885 exaltandam
479 2856 784 2894 evangelistarum...
808 2872 846 2877 —
862 2856 932 2884 Dat.
952 2854 1034 2893 apud
1051 2854 1115 2883 Ur-

117 2908 342 2945 bemveterem,
359 2908 506 2939 kalendis
520 2909 650 2948 aprilis,
669 2918 755 2939 anno
772 2913 894 2947 quarto.
915 2920 927 2934 ιι

708 2989 832 3019 Orvieto,
852 2989 866 3014 4
882 2987 950 3014 avril
969 2987 1045 3013 1291.

158 3049 195 3079 In
212 3059 239 3080 e.
261 3059 303 3079 m.
324 3050 442 3080 eisdem
455 3074 463 3087 ‚
486 3059 540 3090 pro
564 3050 696 3081 80018513
714 3051 825 3080 1383138
846 3049 964 3079 Mariae
980 3048 1018 3078 de
1036 3047 1118 3077 Cuc-

1187 442 1283 476 tiaco,
1309 443 1526 472 Narbonensis
1546 443 1717 479 dioecesis,
1745 444 1776 471 in
1803 447 1937 481 quatuor
1959 444 2100 482 ejusdem
2122 444 2183 473 vir-

1186 495 1270 531 ginis
1300 500 1329 524 et
1360 496 1392 524 S.
1423 495 1553 525 Genesii
1577 495 1798 525 festivitatibus
1821 500 1850 525 et
1873 505 1927 533 per
1950 500 2017 526 octo
2041 497 2109 526 dies
2133 506 2182 526 se-

1186 552 1330 585 quentes.
1866 538 1868 540 Ι

1227 612 1241 625 «
1259 600 1422 630 Gloriosus
1439 602 1523 631 Deus
1539 601 1611 631 in...
1628 619 1667 623 —
1680 602 1749 631 Dat.
1768 606 1801 631 ut
1819 611 1924 640 supra,
1944 612 1965 631 11
1985 611 2083 632 nonas
2096 602 2182 641 apri-

1187 651 1243 690 lis,
1263 662 1347 682 anno
1363 650 1485 691 quarto.
1505 666 1518 680 »
1541 656 1597 689 (En
1613 654 1743 693 marye.)

1779 734 1904 768 Orvieto‚
1922 735 1935 760 4
1951 735 2020 761 avril
2036 735 2113 761 1291.

1229 794 1266 823 In
1283 803 1309 823 e.
1330 803 1373 823 m.
1391 796 1528 832 eisdem,
1546 805 1601 833 pro
1618 796 1752 826 ecclesia
1770 796 1876 826 Sancti
1894 796 2051 826 Johannis
2071 797 2109 826 de
2128 797 2183 826 Se-

1189 846 1297 885 pulcro
1312 847 1441 877 Domini
1457 852 1544 877 extra
1558 857 1666 878 muros
1682 849 1914 885 Goslarienses,
1935 849 2186 879 Hildesemensis

1188 899 1351 936 dioecesis,
1370 901 1403 929 in
1420 900 1556 938 singulis
1570 901 1601 931 S.
1623 901 1782 931 ι1011301115
1800 902 1957 939 Baptistae
1973 906 2003 930 et
2021 903 2050 931 S.
2069 902 2188 931 ,1011311-

1189 953 1239 981 nis
1254 953 1475 990 Evangelistae
1491 959 1520 983 et
1535 959 1670 992 quatuor
1685 954 1792 984 beatae
1810 955 1929 984 Mariae
1953 955 2086 992 virginis
2105 956 2187 985 festi-

1189 1005 1338 1035 vitatibus
1355 1010 1384 1035 et
1401 1015 1456 1044 per
1476 1011 1544 1036 octo
1563 1007 1630 1036 dies
1646 1011 1827 1045 sequentes.

1231 1071 1245 1085 «
1270 1059 1458 1089 Sanctorum
1484 1060 1605 1089 meritis
1631 1059 1779 1090 inclita...
1808 1075 1848 1083 —
1878 1061 1946 1090 Dat.
1976 1065 2009 1090 ut
2038 1070 2141 1099 supra.
2174 1076 2186 1087 >v

1189 1112 1294 1152 (Ibid.)

1767 1152 1892 1184 Orvieto,
1912 1153 1943 1180 13
1959 1153 2027 1180 avril
2042 1154 2118 1181 1291.

1232 1217 1268 1246 In
1291 1226 1316 1246 e.
1337 1225 1379 1245 m.
1398 1217 1530 1256 eisdem,
1548 1225 1602 1255 pro
1616 1215 1747 1246 80018513
1763 1216 1871 1245 Sancti
1885 1216 2043 1246 <Iohannis
2059 1217 2096 1246 de
2110 1217 2190 1246 Gar-

1191 1269 1322 1303 donica,
1343 1269 1573 1299 Nemausensis
1590 1269 1761 1304 dioecesis,
1779 1269 1813 1297 in
1838 1269 1871 1299 S.
1893 1269 2052 1298 ι1011301115
2069 1274 2098 1298 81
2114 1279 2191 1307 qua-

1193 1327 1264 1353 tuor
1279 1323 1387 1352 beatae
1412 1323 1533 1352 Mariae
1556 1323 1691 1360 virginis
1710 1322 1951 1359 festivitatibus,
1969 1332 2022 1361 per
2040 1328 2106 1353 octo
2125 1324 2191 1353 dies

1192 1380 1360 1414 sequentes
1383 1379 1412 1405 et
1440 1375 1473 1404 in
1500 1376 1721 1405 anniversario
1747 1375 1798 1404 die
1822 1375 2028 1406 dedicationis
2050 1377 2191 1415 ejusdem

1193 1428 1353 1458 ecclesiae.

1235 1493 1247 1507 «
1272 1482 1360 1511 Licet
1379 1482 1405 1510 is
1431 1482 1505 1510 de...
1533 1499 1570 1503 —
1596 1482 1666 1510 Dat.
1686 1481 1768 1519 apud
1794 1481 2068 1517 Urbemvetereni,
2087 1483 2192 1512 idibus

1192 1534 1318 1573 aprilis,
1339 1543 1423 1564 311110
1436 1539 1556 1573 quarto.
1579 1546 1592 1561 η
1609 1534 1713 1573 (Ιὸιῗιῦ.)

1233 1588 1272 1617 In
1292 1598 1318 1618 e.
1337 1597 1381 1617 m.
1401 1588 1537 1624 eisdem,
1557 1597 1611 1626 pro
1633 1588 1766 1617 ecclesia
1786 1588 1893 1618 Sancti
1913 1589 2039 1618 Nazarii
2057 1589 2094 1618 de
2112 1589 2190 1618 Gar-

1195 1641 1273 1677 diis,
1294 1641 1522 1670 Nemausensis
1544 1641 1719 1676 dioecesis,
1745 1641 1777 1670 in
1800 1641 1832 1670 S.
1858 1641 1984 1671 Nazarii
2009 1646 2039 1671 et
2059 1645 2194 1680 quatuor

1195 1695 1303 1724 beatae
1328 1694 1446 1724 Mariae
1469 1694 1603 1731 virginis
1629 1694 1871 1730 festivitatibus,
1895 1704 1949 1733 per
1971 1698 2037 1723 0010
2062 1695 2127 1723 dies
2148 1704 2192 1724 se·

1195 1752 1328 1787 quentes
1340 1752 1368 1778 et
1383 1748 1417 1777 in
1431 1748 1649 1777 anniversario
1661 1747 1711 1777 die
1722 1747 1928 1777 dedicationis
1940 1748 2079 1786 ejusdem
2095 1748 2193 1777 eccle-

1196 1802 1270 1832 siae.
1289 1802 1359 1831 Dat.
1377 1805 1526 1840 utsupra.
1542 1801 1647 1840 (Ibsd.)

1266 1968 1382 1996 4¹736

1232 2031 1375 2065 Bulgarus
1391 2030 1528 2056 ecclesiae
1554 2029 1708 2056 Perusinae
1734 2029 1903 2063 praeficitur.
1924 2029 2004 2062 (Rea.
2023 2029 2069 2059 46,
2088 2037 2112 2054 0.
2133 2028 2195 2059 116,

1196 2082 1215 2107 f.
1231 2080 1265 2106 22
1282 2081 1333 2112 vo.)

1789 1966 1913 2000 Orvieto,
1931 1967 1946 1993 9
1961 1966 2030 1992 avril
2049 1966 2123 1993 1291.

1236 2183 1378 2219 Butyaro,
1398 2182 1530 2218 episcopo
1548 2181 1704 2209 Perusino.
1730 2180 1883 2209 Perusina
1903 2180 2033 2209 ecclesia
2054 2189 2107 2217 per
2129 2180 2196 2209 obi-

1198 2239 1264 2264 tum
1281 2234 1441 2264 Johannis
1459 2237 1602 2269 vacante,
1615 2232 1787 2271 capitulum
1804 2233 1952 2262 ecclesiae
1968 2232 2127 2271 quondam
2144 2233 2195 2268 R.,

1195 2288 1341 2317 abbatem
1355 2286 1540 2316 monasterii
1552 2286 1658 2315 Sancti
1670 2285 1756 2315 Petri
1770 2285 1931 2322 Perusini,
1943 2285 2064 2314 ordinis
2082 2285 2113 2316 S.
2134 2286 2196 2314 Be-

1196 2341 1325 2375 nedicti,
1347 2340 1528 2378 episcopum
1551 2337 1732 2376 elegerunt,
1751 2338 1804 2368 sed
1831 2338 1940 2368 eodem
1960 2338 2069 2368 abbate
2088 2338 2196 2376 hujus-

1196 2394 1281 2424 modi
1302 2393 1449 2423 electioni
1470 2392 1649 2422 consentire
1668 2391 1809 2427 nolente,
1827 2400 1922 2430 papa,
1940 2391 1977 2420 ad
1995 2391 2195 2429 supplicatio-

1197 2456 1271 2477 nem
1289 2446 1432 2485 ejusdem
1453 2445 1581 2484 capituli
1598 2449 1626 2473 et
1638 2445 1744 2483 populi
1758 2444 1918 2480 Perusini,
1934 2454 1989 2482 per
2008 2444 2196 2482 sollempnes

1197 2501 1325 2531 nuntios
1342 2499 1584 2535 manifestatam,
1603 2498 1789 2536 Bulgarum,
1806 2502 1881 2527 tunc
1896 2499 2030 2536 priorem
2049 2497 2196 2527 eeclesiae

1197 2554 1305 2584 Sancti
1319 2553 1478 2584 Johannis
1496 2552 1534 2581 de
1548 2553 1707 2587 Marsano,
1727 2552 1900 2580 Perusinae
1911 2551 2074 2586 dioecesis,
2092 2550 2195 2579 eidem

1197 2607 1346 2637 ecclesiae
1363 2606 1542 2644 episcopum
1557 2604 1716 2642 praefecit.

1239 2672 1252 2688 «
1272 2660 1376 2690 Officii
1392 2658 1492 2688 nostri
1510 2657 1636 2687 nobis...
1655 2673 1696 2680 —
1716 2658 1786 2686 Dat.
1806 2657 1888 2696 apud
1915 2656 2192 2691 Urbemveterem,

1197 2714 1303 2743 vidus
1326 2711 1452 2751 apriliS,
1470 2720 1555 2741 anno
1576 2715 1696 2749 quarto.
1718 2722 1730 2737 n

1267 2879 1380 2907 4232

1233 2941 1415 2975 Dispensatio
1432 2947 1519 2973 super
1529 2938 1640 2964 defectu
1657 2937 1894 2971 0313110111.(1100.
1907 2937 1947 2968 46,
1959 2945 1984 2963 c.
2000 2937 2056 2968 117,
2069 2937 2088 2963 f.
2102 2936 2133 2963 ⁵2²2
2145 2936 2196 2971 νο.)

1788 2875 1914 2908 Orvieto,
1931 2876 1945 2902 9
1960 2875 2029 2900 avril
2048 2875 2123 2902 1991.

1245 3042 1409 3071 Venerabili
1430 3041 1523 3077 fratri.
1545 3063 1562 3068 ..
1586 3041 1716 3076 episeopo
1737 3039 1949 3068 Lz'otcoltziensi.
1967 3038 2144 3068 Constituto
2161 3038 2194 3067 in
