2342 3652
943 341 1175 378 111015111Μο
1198 340 1356 379 ΑΝΝΕΕ.

105 432 119 448 »
141 419 241 449 (110105
267 416 318 446 vel
345 424 515 454 suspensos
539 424 556 444 3
582 415 672 445 001115
698 420 729 445 01
752 415 873 444 (100300
899 414 949 443 vel
974 413 1112 452 capitulo

105 484 119 499 »
141 469 379 501 Peronensibus
403 467 451 497 vel
470 467 598 497 officiali
618 468 794 497 Peronensi
818 467 872 505 qui
894 475 950 504 pro
971 471 1111 504 tempore

105 536 118 552 n
141 523 259 553 fuerint
275 521 377 550 dictus
393 520 559 559 episcopus
576 529 634 549 nec
651 528 848 549 successores
867 519 916 549 sui
933 519 983 548 vel
999 527 1111 548 eorum

105 588 119 604 n
141 574 285 606 officialis
308 573 534 603 Noviomensis
559 573 614 611 qui
640 581 697 611 pro
720 576 861 610 tempore
885 576 998 608 erunt,
1018 572 1045 600 si
1068 571 1112 600 sic

105 640 119 657 a
142 627 231 665 ligati
249 626 460 661 decesserint,
479 625 512 654 in
532 625 658 654 civitate
680 624 730 653 vel
748 624 868 653 diocesi
885 624 1113 653 Noviomensi-

106 694 120 710 ι
143 681 201 711 1105
218 679 373 718 recipient
391 678 441 707 vel
463 678 561 716 recipi
583 687 601 707 a
621 678 688 707 suis
710 677 844 707 subditis
866 678 1052 715 permittent
1072 676 1113 706 ad

106 746 121 762 ι
143 733 338 772 sepulturam
362 731 608 761 ecclesiasticam
629 730 678 759 vel
694 730 734 759 ad
750 729 812 759 alia
830 730 1042 759 ecclesiastica
1060 738 1112 759 sa-

105 799 120 816 »
142 790 314 816 eramenta.
335 785 372 814 Et
390 793 448 814 nos
466 790 495 814 et
513 785 652 814 decanus
671 789 699 813 et
717 783 891 822 capitulum
912 783 1112 812 Peronenses

106 853 120 870 a
143 840 199 879 qui
213 848 270 878 pro
287 844 427 877 tempore
443 839 563 868 fuerint
579 847 613 867 ac
630 837 774 868 officialis
793 841 900 866 noster
917 837 955 866 ad
977 836 1112 866 manda-

106 905 120 922 »
145 898 210 923 tum
225 892 301 922 dicti
316 892 453 931 episcopi
469 896 500 921 et
515 900 735 921 successorum
755 899 885 920 suorum
911 899 947 919 ac
966 889 1112 920 officialis

105 958 120 974 ι
141 945 368 976 Noviomensis
387 945 575 981 vitabimus,
595 945 689 973 vitari
705 953 740 973 ac
756 943 941 973 denuntiari
959 943 1112 972 faciemus

105 1011 120 1027 »
141 999 176 1029 in
189 998 265 1027 villa
278 1003 308 1027 et
321 1002 424 1027 castro
440 998 678 1028 Peronensibus
692 997 995 1032 excommunicatos,
1010 997 1112 1025 inter-

105 1064 119 1081 »
142 1052 241 1082 dictos
260 1051 311 1081 vel
329 1060 501 1089 suspensos
517 1052 556 1081 ab
572 1052 649 1090 ipsis
665 1051 810 1089 episcopo
829 1056 859 1080 et
877 1050 1112 1080 successoribus

104 1116 119 1133 »
141 1104 208 1134 suis
225 1113 260 1134 ac
277 1104 406 1134 officiali
423 1104 650 1139 Noviomensi,
670 1113 728 1133 nec
745 1113 797 1133 eos
813 1104 857 1133 sic
875 1103 987 1141 ligatos
1005 1103 1112 1133 absol-

103 1169 119 1186 »
141 1166 252 1188 vemus
276 1166 335 1187 seu
358 1157 523 1187 absolvere.
551 1158 725 1195 poterimus
754 1165 813 1186 nec
841 1165 893 1186 eos
918 1156 1111 1195 recipiemus

103 1222 118 1239 ι
139 1210 188 1240 vel
212 1210 312 1249 recipi
335 1211 557 1249 permittemus
578 1211 611 1239 in
633 1210 725 1239 dictis
747 1209 822 1239 villa
845 1214 874 1239 et
891 1214 992 1239 castro
1010 1209 1109 1239 Pero-

103 1276 118 1292 »
141 1264 315 1299 nensibus,
347 1264 374 1293 si
403 1264 450 1294 sic
478 1263 568 1301 ligati
599 1263 813 1298 decesserint,
844 1263 883 1293 ad
914 1263 1110 1302 sepulturam

104 1329 119 1346 ι
141 1316 384 1347 ecclesiasticam
402 1317 451 1347 vel
467 1317 507 1346 ad
523 1317 586 1347 alia
602 1317 814 1346 ecclesiastica
829 1320 1039 1346 sacramenta.

141 1381 156 1398 »
188 1370 270 1400 Item
297 1370 446 1400 volumus
474 1370 558 1408 quod
585 1371 725 1400 decanus
749 1370 945 1400 Peronensis
972 1370 1028 1408 qui
1055 1379 1110 1408 pro

86 1436 118 1459 ,11
143 1427 282 1462 tempore
299 1423 446 1453 fueritin
462 1424 614 1453 omnibus
635 1423 738 1453 causis
757 1428 786 1452 et
806 1423 942 1461 singulis
963 1423 1110 1453 civilibus

55 1470 59 1485 ³
103 1489 118 1505 ι
141 1480 171 1506 et
187 1477 382 1516 pecuniariis
397 1477 438 1506 sit
454 1477 492 1506 de
508 1477 573 1506 sola
586 1477 811 1515 J'urisdictione
829 1481 947 1513 nostra,
966 1481 995 1506 et
1012 1478 1107 1515 quod,

103 1541 118 1558 »
141 1530 167 1559 si
189 1530 327 1560 eundem
350 1530 507 1560 decanum
530 1531 564 1559 in
591 1530 674 1560 dicta
696 1530 828 1559 ecclesia
849 1530 1024 1560 Peronensi
1046 1540 1110 1561 non

103 1596 118 1612 ι
140 1585 280 1615 1051ᾶο10
292 1585 465 1622 contingat,
480 1593 538 1614 nos
549 1584 725 1623 capitulum
738 1584 921 1614 Pcronense
933 1585 1109 1622 predictum

103 1650 117 1666 »
141 1638 260 1682 fructus
275 1646 354 1677 quos
370 1638 404 1667 in
423 1638 533 1667 eadem
550 1637 685 1667 00010513
701 1637 751 1667 νο1
765 1638 843 1667 311111
860 1638 960 1676 1115105
976 1639 1109 1668 (100303-

53 1693 60 1703 *
102 1703 116 1720 ι
141 1696 190 1721 tus
206 1692 338 1721 nomine
364 1691 487 1721 obtinet
510 1700 565 1721 sen
587 1692 683 1720 etiam
706 1691 862 1720 obtinebit
887 1692 921 1720 10
949 1697 1109 1730 posterum

101 1757 116 1773 ι
140 1749 248 1775 nostra
262 1745 449 1775 auctoritate
463 1745 573 1774 saisire
587 1750 617 1774 et
627 1750 782 1774 arrestare
795 1745 958 1774 valeamus
972 1750 1000 1774 et
1014 1746 1109 1775 etiam

102 1811 116 1826 »
140 1798 295 1828 detinere.
811 1788 814 1791 ’

140 1862 154 1879 n
177 1852 258 1882 Item
277 1851 427 1881 volumus
445 1851 544 1890 qnod,
563 1852 591 1881 si
608 1851 749 1881 decanus
767 1851 897 1882 ecclesie
916 1852 1110 1882 Peronensis

101 1917 116 1933 ι)
137 1905 192 1944 qui
211 1913 267 1944 pro
283 1908 423 1944 tempore
439 1905 535 1935 fuerit
553 1905 719 1944 delinquat
735 1906 767 1934 in
785 1905 918 1935 ecclesia
934 1906 1110 1936 Peronensi

102 1970 115 1986 ι
137 1958 187 1988 vel
209 1958 244 1988 in
267 1957 409 1997 aliquem
431 1958 470 1988 de
494 1958 626 1988 ecclesia
648 1959 826 1989 Peroneusi
849 1968 975 1998 quoquo
998 1960 1106 1996 modo,

101 2023 115 2040 ι
133 2011 316 2051 jurisdictio
338 2016 369 2041 et
389 2013 541 2042 correctio
563 2012 706 2051 ejusdem
730 2012 844 2042 decani
866 2012 1037 2052 delictique
1059 2015 1108 2043 501

100 2076 114 2092 ι
137 2064 171 2094 in
190 2064 323 2095 ecclesia
339 2069 368 2095 et
384 2074 537 2104 personas
555 2066 690 2104 prefatas
707 2066 869 2095 commissi
886 2067 926 2095 sit
943 2070 973 2095 et
991 2071 1109 2105 spectet

99 2130 114 2156 p
136 2118 174 2148 ad
195 2127 255 2148 nos
275 2117 379 2148 solum
399 2118 574 2157 capitulum
592 2119 785 2149 Peronense.
804 2119 842 2148 In
862 2120 1012 2149 omnibus
1034 2120 1107 2149 aliis

99 2183 113 2199 ι
135 2171 196 2202 0111
226 2171 265 2201 (10
292 2171 518 2210 jurisdictione
551 2171 627 2201 dicti
658 2172 797 2211 episcopi
827 2177 858 2201 et
888 2181 1106 2203 successorum

99 2235 112 2252 ι
135 2232 279 2256 suorum.

135 2289 151 2304 »
167 2277 439 2317 Itemjurisdictio
447 2282 477 2308 et
486 2279 611 2318 justitia
622 2279 808 2309 omnimoda
822 2280 987 2319 parrochie
997 2280 1106 2310 Sancti

97 2342 112 2358 ι
134 2330 286 2368 Quintini
304 2331 337 2360 in
355 2332 447 2370 Aqua
467 2337 497 2361 et
517 2332 663 2361 omnium
680 2332 713 2361 111
733 2333 842 2362 eadem
862 2333 1028 2371 parrochia
1050 2333 1104 2363 de-

97 2395 111 2411 »
134 2384 281 2423 gentium
301 2393 510 2423 personarum
532 2385 626 2424 pleno
641 2387 714 2424 jure
733 2386 772 2415 ad
792 2386 911 2416 dictum
935 2387 1104 2417 dominum

46 2448 52 2454 ·
97 2448 110 2465 ι
134 2437 386 2467 Noviomensem
415 2439 598 2477 episcopum
627 2443 658 2468 et
682 2448 878 2470 successores
905 2449 979 2471 suos
1007 2441 1106 2471 libere

95 2501 110 2518 ι
131 2491 268 2529 pertinet
283 2496 313 2520 et
330 2492 427 2521 etiam
443 2493 626 2530 pertinebit.

135 2555 150 2571 n
168 2544 249 2574 Item
263 2544 365 2574 dictus
379 2545 543 2584 episcopus
560 2550 590 2575 et
607 2554 803 2576 successores
819 2546 870 2576 sui
883 2548 938 2585 qni
954 2556 1009 2585 pro
1030 2551 1105 2576 tem-

97 2608 112 2624 »
133 2605 208 2637 pore
230 2598 351 2627 fuerint
375 2599 408 2627 in
435 2607 492 2628 suo
513 2599 654 2637 jocundo
681 2599 820 2630 adventu
848 2601 1104 2638 procurationem

97 2660 112 2677 ι
135 2659 232 2680 unam
247 2651 413 2680 habebunt
428 2651 462 2680 in
482 2651 617 2681 ecclesia
632 2652 722 2682 Beati
739 2653 864 2682 Furseii
884 2654 1072 2684 Peronensi.

137 2715 150 2730 ι
180 2703 262 2734 Item
287 2704 390 2734 dictus
417 2704 584 2743 episcopus
612 2708 644 2734 et
666 2714 862 2736 successores
889 2706 940 2736 sui
968 2707 1023 2745 qui
1050 2716 1105 2745 pro

97 2767 112 2784 ι
136 2760 274 2795 tempore
288 2757 410 2787 fuerint
425 2757 564 2795 singulis
575 2758 671 2788 annis
688 2767 742 2797 pro
759 2760 981 2798 procuratione
997 2769 1053 2789 sua
1069 2760 1103 2789 in

98 2823 111 2837 ι
134 2811 218 2842 dicta
244 2812 378 2846 ecclesia
399 2813 490 2842 Beati
511 2813 634 2843 Furseii
655 2822 759 2843 unum
782 2814 925 2844 modium
949 2815 1103 2844 frumenti

98 2876 111 2892 ι
133 2864 173 2895 3(1
187 2874 371 2896 1110050130]
388 2866 608 2896 Peronensem
623 2867 800 2905 percipient
815 2871 846 2896 et
860 2867 1035 2897 habebunt.

134 2930 148 2946 n
172 2919 252 2949 Item
273 2919 421 2949 volumus
437 2923 468 2950 et
482 2920 516 2949 in
539 2919 598 2950 hoc
619 2929 764 2959 expresse
784 2922 1003 2951 consentimus
1018 2921 1102 2960 quod

97 2983 110 2998 ι
133 2973 296 3003 occasione
313 2973 543 3012 premissorum
560 2982 619 3003 nec
635 2982 692 3003 nos
710 2983 770 3004 nec
790 2983 985 3005 successores
1002 2975 1103 3005 nostri

97 3036 110 3051 ²
133 3034 151 3056 a
175 3026 323 3064 predictis
339 3027 484 3066 episcopo
507 3031 537 3057 et
561 3027 794 3058 successoribus
817 3028 883 3058 suis
906 3029 1028 3066 aliquid
1050 3037 1102 3057 ra·
1143 3049 1145 3051 >

235 3092 306 3120 Rso.
327 3092 451 3121 Ntcoms
472 3092 523 3119 IV.

1196 425 1209 440 D

1195 478 1210 493 )>

1195 531 1210 546 5>

1197 850 1210 864 δ
1197 797 1210 811 U
1197 744 1210 759 S
1196 692 1209 706 ὃ
1196 638 1209 653 U

2140 353 2202 383 489

1236 415 1321 444 tione
1347 416 1488 454 preteriti
1512 417 1661 455 temporis
1686 422 1790 455 petere
1815 418 1974 456 possimus
1998 419 2031 447 in
2056 419 2197 450 futurum

1234 476 1361 505 quoquo
1373 468 1482 505 modo,
1497 478 1552 499 nec
1567 470 1663 499 etiam
1677 470 1739 509 ipsi
1755 471 1921 509 episcopus
1937 471 1987 500 vel
2004 480 2200 503 successores

1234 529 1251 549 a
1268 520 1372 550 1101115.

1236 585 1250 599 n
1271 573 1309 602 Et
1324 574 1362 602 ad
1379 580 1526 613 perpetue
1543 577 1626 614 pacis
1642 577 1888 613 observantiam,
1906 586 1974 614 nos,
1994 587 2048 616 pro
2064 579 2156 608 nobis
2171 585 2201 609 et

1235 627 1368 656 ecclesia
1390 634 1497 658 nostra
1516 630 1690 659 Peronensi
1708 639 1743 660 ac
1761 631 1993 661 successoribus
2013 633 2147 668 nostris,
2165 642 2200 663 ac

1235 681 1373 718 prefatus
1402 681 1552 711 dominus
1575 683 1801 713 Noviomensis
1825 685 2007 722 011150011115,
2032 694 2086 723 pro
2111 695 2143 715 se
2170 691 2201 716 et

1235 732 1368 762 ecclesia
1390 742 1446 762 sua
1472 735 1682 764 Noviomensi
1706 740 1735 765 et
1761 737 1995 767 successoribus
2017 738 2101 773 suis,
2127 740 2198 768 uni-

1236 778 1325 815 versa
1341 787 1480 824 predicta
1494 792 1523 816 et
1537 788 1675 825 singula,
1690 781 1779 826 prout
1793 790 1938 827 superius
1951 795 2025 820 sunt
2041 800 2198 830 expressa,

1236 842 1344 868 tenere
1364 845 1515 878 perpetuo
1540 844 1569 868 et
1590 840 1820 870 inviolabiliter
1838 842 2003 872 observare
2018 867 2024 879 ,
2042 849 2071 872 et
2089 844 2200 874 eadem

1235 892 1396 930 procurari
1423 902 1476 930 per
1501 893 1608 922 sedem
1635 893 1836 931 apostolicam
1863 895 2062 932 confirmari,
2085 898 2200 927 nostris

1237 949 1267 974 et
1283 945 1383 982 ipsius
1402 946 1539 983 episcopi
1556 947 1733 984 sumptibus
1751 952 1780 975 et
1796 949 1956 985 expensis.
1974 949 2055 978 bona
2072 950 2133 979 fide
2150 960 2199 980 re-

1234 998 1449 1035 promittimus
1470 1003 1499 1027 et
1519 1008 1630 1028 sumus
1649 999 1788 1028 invicem
1805 999 2024 1039 sollempniter
2041 1002 2198 1040 stipulati;

1235 1051 1436 1088 presentibus
1452 1056 1482 1079 et
1498 1052 1654 1080 contentis
1669 1053 1701 1080 in
1718 1052 1794 1090 ipsis
1811 1057 1925 1082 extunc
1941 1053 2102 1083 dumtaxat
2121 1056 2201 1085 vali-

1236 1104 1314 1133 turis
1335 1112 1406 1133 cum
1428 1114 1484 1142 per
1505 1114 1669 1134 summum
1693 1105 1877 1143 pontificem
1901 1114 1937 1135 ex
1960 1111 2043 1136 certa
2068 1109 2201 1138 scientia

1234 1158 1354 1187 fuerint
1373 1158 1578 1193 confirmata3
1597 1167 1653 1186 nec
1675 1157 1768 1187 aliter
1787 1158 1910 1196 possint
1933 1167 2040 1188 eorum
2062 1162 2202 1191 narratio

1235 1216 1265 1241 et
1280 1211 1451 1245 confessio,
1470 1220 1533 1240 non
1556 1211 1663 1240 habita
1678 1211 1760 1240 (11013
1782 1212 2041 1247 confirmatione,
2060 1213 2202 1251 primevo

1231 1265 1296 1304 juri
1317 1265 1454 1303 partium
1476 1263 1604 1303 aliquod
1624 1264 1835 1303 prejudicium
1853 1274 2006 1302 generare
2019 1289 2027 1302 ,
2047 1266 2101 1296 sed
2119 1267 2202 1296 dicta

1233 1319 1477 1349 confirmatione
1517 1327 1581 1348 11011
1620 1318 1768 1355 obtenta,
1809 1328 1863 1357 pro
1900 1319 2025 1348 infectis
2065 1320 2202 1350 totaliter

1233 1373 1423 1402 habeantur.

1236 1439 1249 1454 n
1277 1427 1313 1456 [n
1334 1435 1469 1464 quorum
1490 1426 1637 1455 omnium
1656 1427 1872 1454 testimonium
1897 1425 2038 1463 sigillum
2056 1432 2201 1457 nostrum

1235 1480 1437 1519 presentibus
1459 1479 1573 1508 litteris
1597 1479 1748 1508 duximus
1769 1479 2006 1518 apponendum.
2026 1480 2096 1509 Dat.
2114 1489 2200 1510 anno

1235 1533 1366 1563 Domini
1384 1537 1647 1567 M⁰CC⁰LXXXV1111⁰,
1665 1532 1716 1561 die
1731 1533 1820 1562 Jovis
1836 1536 1903 1571 post
1920 1533 2117 1562 Brandones.

1236 1599 1249 1613 1>
1276 1587 1443 1617 Universis
1466 1591 1628 1625 presentes
1651 1585 1772 1615 litteras
1795 1581 2003 1624 inspecturis,
2025 1587 2198 1625 capitulum

1235 1641 1365 1670 ecclesie
1398 1640 1607 1679 Peronensis‚
1636 1640 1862 1669 Noviomensis
1893 1639 2042 1674 diocesis,
2069 1646 2200 1671 vacante

1234 1694 1336 1733 ipsius
1352 1693 1485 1723 ecclesie
1503 1694 1674 1726 decanatu,
1693 1693 1827 1722 salutem
1851 1694 1883 1721 111
1903 1693 2049 1722 Domino.
2069 1694 2201 1723 Noverit

1234 1747 1428 1776 universitas
1446 1751 1548 1775 vestra
1567 1746 1669 1784 quod,
1687 1754 1759 1775 cum
1783 1754 1878 1783 super
1897 1745 2089 1783 quibusdam
2107 1748 2201 1776 certis

1233 1801 1377 1830 articulis
1392 1801 1426 1830 in
1443 1800 1558 1830 nostris
1577 1799 1692 1829 litteris
1712 1799 1952 1837 comprehensis
1969 1809 2030 1838 que
2050 1800 2095 1829 sic
2118 1800 2200 1829 iuci—

1233 1855 1326 1893 111001
1346 1863 1352 1882 2
1371 1854 1541 1884 Universis
1559 1857 1722 1891 presentes
1744 1853 1864 1881 litteras
1886 1853 2091 1890 inspecturis,
2108 1858 2137 1882 et
2155 1853 2200 1883 sic

1234 1908 1448 1937 terminantur
1479 1919 1484 1936 :
1517 1907 1586 1936 Dat.
1618 1914 1703 1936 anno
1738 1906 1869 1935 Domini
1895 1910 1978 1936 11000ῡ
2009 1907 2201 1943 octogesimo

1233 1970 1333 1997 nono,
1358 1961 1408 1990 die
1430 1961 1520 1990 ²lovis
1549 1964 1617 1998 post
1641 1959 1844 1995 Brandoues,
1874 1960 1956 1988 inter
1987 1959 2199 1988 reverendum

1232 2019 1353 2053 patrem
1381 2022 1416 2043 30
1445 2013 1612 2043 dominum
1641 2012 1837 2046 Guidonem,
1862 2012 1919 2041 Dei
1951 2012 2051 2049 gratia
2079 2012 2198 2042 Novio-

1231 2076 1375 2097 mensem
1401 2067 1600 2106 episcopum,
1620 2076 1655 2095 ex
1680 2070 1766 2104 parte
1790 2074 1868 2101 una,
1893 2070 1922 2093 et
1946 2073 2001 2094 1105
2025 2065 2198 2103 capitulum

1231 2121 1420 2160 predictum,
1438 2130 1472 2150 ex
1492 2120 1602 2156 altera,
1621 2129 1677 2158 pax
1697 2119 1851 2148 extitisset
1868 2120 2047 2152 reformata,
2065 2119 2146 2147 sicut
2164 2119 2198 2147 in

1231 2174 1351 2204 eisdem
1372 2174 1489 2203 litteris
1508 2173 1624 2203 nostris
1644 2173 1769 2211 plenius
1787 2172 1985 2207 continetur,
2003 2180 2060 2201 nos
2079 2172 2197 2209 capitu-

1229 2228 1299 2258 lum
1311 2227 1502 2266 predictum,
1516 2226 1716 2265 postmodum
1730 2235 1824 2263 super
1837 2225 1970 2254 articulo
1983 2225 2196 2262 infrascripto,

1230 2291 1270 2311 ne
1291 2281 1425 2311 ulterius
1447 2280 1613 2310 occasione
1636 2279 1780 2318 ejusdem
1801 2279 1885 2308 inter
1905 2278 2011 2317 ipsum
2030 2278 2197 2307 dominum

1229 2336 1411 2373 episcopum
1433 2338 1463 2363 et
1483 2334 1551 2372 ejus
1570 2341 1766 2362 successores
1788 2332 1948 2370 episcopos
1967 2331 2197 2360 Noviomenses

1229 2393 1259 2418 et
1290 2396 1348 2417 nos
1379 2386 1554 2424 capitulum
1584 2385 1760 2424 predictum
1795 2385 1892 2423 possit
1923 2384 2032 2413 haberi
2064 2384 2197 2412 materia

1229 2441 1404 2480 questionis
1417 2463 1426 2476 ‚
1457 2439 1672 2478 promittimus
1705 2444 1734 2468 et
1765 2438 1804 2467 ad
1835 2438 1895 2467 hoc
1928 2446 1984 2467 nos
2016 2436 2196 2473 obligamus

1228 2495 1329 2533 quod,
1348 2494 1599 2532 quotiescunque
1620 2492 1724 2531 ipsum
1745 2491 1914 2521 dominum
1943 2490 2124 2528 episcopum
2147 2488 2197 2518 vel

1229 2550 1297 2586 ejus
1315 2555 1511 2576 successores
1525 2547 1684 2584 episcopos
1701 2545 1933 2574 Noviomenses
1954 2552 1988 2572 ex
2008 2550 2198 2581 quacunque

1228 2610 1324 2631 cansa
1345 2610 1363 2630 a
1384 2600 1472 2630 curia
1495 2608 1626 2629 romana
1649 2598 1752 2628 redire
1777 2596 1946 2635 contigerit
1970 2600 1999 2625 et
2024 2595 2133 2624 venire
2157 2595 2197 2624 ad

1227 2654 1393 2685 ecclesiam
1422 2653 1658 2687 Peronensem,
1684 2651 1805 2689 prefato
1833 2650 1964 2679 domino
1994 2649 2137 2687 episcopo
2167 2651 2198 2677 et

1228 2709 1294 2737 suis
1319 2705 1554 2736 successoribus
1578 2704 1732 2743 episcopis
1751 2702 2022 2733 Noviomensibus
2046 2709 2196 2739 procura-

1228 2761 1348 2790 tionem
1374 2760 1532 2796 integram
1555 2757 1766 2787 conferamus.
1794 2755 2002 2784 Presentibus
2030 2754 2144 2784 litteris
2167 2758 2199 2783 et

1228 2812 1383 2843 contentis
1403 2812 1436 2841 in
1459 2811 1536 2848 ipsis
1556 2814 1671 2839 extunc
1693 2808 1857 2838 dumtaxat
1877 2806 2023 2836 valituris
2045 2815 2118 2836 cum
2142 2815 2196 2845 per

1227 2874 1391 2896 summum
1420 2863 1604 2903 pontificem
1637 2872 1674 2891 ex
1704 2866 1788 2891 certa
1814 2860 1947 2890 scientia
1972 2869 2031 2898 pax
2056 2858 2197 2898 predicta

1227 2919 1323 2949 fuerit
1338 2917 1546 2952 confirmata;
1564 2924 1622 2944 nec
1635 2915 1726 2944 aliter
1743 2918 1869 2943 narrata
1885 2913 1919 2942 in
1934 2912 2074 2952 presenti
2088 2911 2196 2941 littera

1228 2978 1257 3002 et
1281 2975 1443 3007 contenta,
1467 2978 1531 2999 nou
1555 2968 1665 2998 habita
1685 2967 1769 2997 dicta
1789 2966 2052 3003 confirmatione,
2072 2965 2196 3003 possint

1227 3025 1368 3065 primevo
1394 3023 1456 3063 juri
1480 3022 1620 3061 partium
1642 3020 1774 3059 aliquod
1798 3019 2010 3059 prejudicium
2028 3027 2192 3056 generare,

2018 3085 2052 3112 62
