2477 3637
238 389 297 419 ὅλη
988 388 1222 418 til-:fits'rRES
1245 389 1300 418 DE
1322 388 1506 420 NICOLAS
1530 391 1585 420 IV.

311 455 430 482 ⁴3:38

275 517 338 543 Alia
355 517 474 542 facultas
491 516 581 542 eidem
598 523 748 542 concessa.
767 515 850 549 (Rea.
869 516 910 549 45,
928 524 953 543 c.
971 516 1015 551 68,
1032 517 1051 542 f.
1074 516 1122 543 170
1138 517 1184 548 r0.)

819 453 948 486 Orvieto,
969 454 1075 488 13juin
1097 453 1172 481 1290.

280 612 380 641 Eidem
403 610 585 640 facultatem
608 610 752 640 concedit
777 610 962 640 conferendi
990 620 1044 649 per
1065 611 1242 640 triennium

239 664 451 704 quadraginta
469 663 538 693 dies
555 663 774 701 indulgentiae
792 667 822 693 et
839 664 947 693 minus
963 664 1199 702 poenitentibus
1213 668 1244 694 et

237 717 390 746 confessis
415 717 469 755 qui
493 717 530 745 ad
560 716 694 746 fabricas
722 715 927 746 ecclesiarum
950 717 1050 756 ipsius
1075 716 1243 755 legationis

237 779 369 800 manum
386 770 576 807 adiutricem
596 770 801 808 porrexerint.

278 838 291 849 «ι
309 822 389 853 Cum
411 827 438 852 te
453 822 530 852 ad...
547 839 585 845 —
602 822 672 852 Dat.
693 826 725 851 ut
740 831 844 861 supra.
869 835 881 850 n

308 975 426 1003 4359
819 975 937 1003 Orvieto
960 976 991 1003 13
1005 977 1070 1010 juin
1091 976 1168 1004 1290.

272 1038 336 1064 Alia
361 1038 481 1064 facultas
503 1038 593 1064 eidem
619 1046 768 1066 concessa.
790 1038 871 1072 (Rea.
894 1039 937 1071 45,
960 1047 985 1066 c.
1008 1039 1051 1073 69,
1078 1040 1097 1066 s.
1124 1040 1173 1067 170
1196 1046 1237 1074 r⁰;

235 1086 352 1120 Por-nr,
371 1087 480 1119 23292.)

275 1175 388 1204 Eidem.
418 1175 477 1204 Pro
507 1175 714 1213 expediendis
741 1176 878 1213 negotiis
907 1176 1087 1214 legationis,
1112 1190 1126 1204 (ι
1147 1178 1185 1208 ad
1211 1183 1239 1209 te

234 1227 366 1257 vocandi
387 1236 603 1267 quoscumque
625 1233 654 1258 et
672 1232 968 1268 quantumcumque
989 1231 1237 1269 predicatorum,

232 1281 398 1310 minorum
421 1285 451 1310 et
473 1281 609 1311 aliorum
635 1281 851 1320 quorumlibet
874 1283 1025 1313 ordinum
1048 1284 1161 1315 fratres
1187 1288 1239 1315 tue

232 1332 410 1371 legationis,
423 1342 546 1364 necnon
558 1334 654 1364 dandi
666 1334 731 1365 illis
744 1335 907 1365 licentiam
919 1337 1123 1375 ingrediendi
1135 1342 1238 1369 tecum

232 1386 425 1415 monasteria
447 1386 654 1424 monialium,
686 1388 852 1426 equitandi
881 1393 911 1418 et
938 1391 1087 1420 vescendi
1111 1391 1238 1422 cibariis

232 1438 348 1477 quibus
363 1443 390 1469 te
407 1439 451 1468 uti
465 1440 643 1478 contigerit,
658 1440 830 1472 dummodo
840 1442 884 1472 eis
901 1442 950 1472 vel
965 1452 1075 1473 eorum
1089 1444 1186 1474 alicui
1197 1445 1238 1475 ad

231 1490 261 1520 id
279 1492 341 1521 voti
359 1492 488 1522 emissio
507 1502 568 1523 non
590 1494 757 1524 obsistat...
779 1495 984 1525 concedimus
1004 1496 1199 1528 facultatem.
1221 1510 1236 1525 »

272 1556 283 1570 «
306 1544 396 1574 Utin
413 1546 628 1575 commissis...
655 1564 684 1568 -
702 1547 774 1576 Dat.
793 1552 950 1587 utsupra.
973 1561 986 1575 n

301 1697 420 1727 4380
806 1700 933 1733 Orvieto,
948 1702 979 1728 21
999 1704 1067 1730 aont
1086 1703 1163 1731 1290.

266 1757 448 1791 Legationem
469 1759 647 1787 Benevenuti
662 1761 696 1787 ad
712 1765 799 1788 totam
817 1762 930 1790 Bosnae
945 1765 1116 1799 provintiam
1135 1770 1235 1794 exten-

230 1805 280 1832 dit.
299 1806 380 1840 (Res.
399 1808 439 1838 45,
457 1816 482 1834 c.
501 1809 549 1840 70,
565 1809 584 1835 f.
605 1810 653 1836 170
668 1812 719 1843 v0.)

269 1903 382 1931 Eidem.

269 1968 281 1981 α
300 1955 379 1985 Cum
402 1961 428 1986 te
447 1957 523 1987 ad...
540 1975 578 1980 —
597 1959 667 1989 Dat.
687 1964 720 1989 ut
736 1969 846 1999 supra,
864 1971 906 1992 xn
922 1962 1077 1994 kalendas
1093 1970 1232 2005 septem-

226 2008 301 2041 bris.
319 2019 404 2040 auno
421 2012 521 2042 tertio.
541 2023 554 2039 n

297 2161 407 2190 433¹
780 2167 906 2200 Orvieto,
929 2170 958 2196 15
972 2171 1067 2205 juillet
1083 2173 1162 2201 1290.

264 2223 326 2250 Alia
339 2224 458 2252 facultas
470 2226 561 2254 eidem
574 2228 667 2262 legato
678 2237 826 2257 concessa.
842 2232 923 2263 (Rau.
936 2233 980 2268 45,
993 2243 1019 2262 c.
1033 2237 1075 2267 71,
1090 2237 1108 2263 f.
1123 2237 1174 2265 170
1185 2239 1236 2273 νῦ.)

235 2326 238 2330 ·
266 2318 367 2348 Eidem
381 2320 560 2351 facultatem
570 2325 713 2354 concedit
726 2325 935 2365 dispensandi
943 2339 1016 2360 cum
1026 2331 1233 2364 ecclesiarum

227 2372 377 2410 praelatis·
394 2379 424 2404 et
439 2377 582 2413 personis
595 2378 816 2410 ecclesiasticis
831 2381 932 2420 ipsius
950 2383 1120 2422 legationis
1139 2396 1235 2427 super

226 2425 471 2464 irregularitate,
488 2429 513 2458 si
532 2438 640 2468 quam,
655 2432 784 2463 ferendo
799 2434 831 2464 in
849 2435 938 2473 alios,
956 2443 1065 2468 contra
1080 2441 1234 2472 constitu-

226 2477 345 2508 tionem
364 2479 562 2519 Innocentii,
582 2487 924 2519 excommunicationis
947 2493 1139 2523 sententiam
1163 2494 1232 2526 sine

225 2531 360 2570 scriptis,
378 2537 408 2563 et
423 2542 486 2564 non
505 2535 696 2568 abstinendo
710 2548 728 2569 a
745 2539 878 2579 divinis,
896 2545 1125 2576 contraxerint.

268 2600 277 2607 κ
308 2586 386 2615 Cum
415 2591 442 2617 te
462 2588 539 2619 ad...
560 2607 600 2613 —
622 2591 693 2621 Dat.
719 2598 752 2623 ut
775 2603 881 2634 supra,
906 2596 1012 2628 idibus
1030 2599 1123 2638 julii,
1147 2610 1232 2633 anno

227 2638 327 2668 tertio.
348 2651 361 2665 »

293 2785 411 2813 4362
781 2793 907 2828 Orvieto,
925 2797 957 2824 15
973 2799 1064 2832 juillet
1081 2800 1157 2829 1290.

262 2846 324 2872 Alia
340 2847 460 2876 facultas
475 2850 566 2878 eidem
580 2860 730 2882 concessa.
750 2855 831 2888 (Rno.
847 2857 891 2890 45,
907 2867 932 2886 c.
950 2860 992 2892 72,
1010 2861 1028 2888 f.
1047 2863 1098 2891 170
1115 2866 1166 2898 vo.)

264 2947 366 2977 Eidem
382 2950 559 2982 facultatem
575 2955 720 2986 concedit
732 2957 938 2998 dispensandi
950 2971 1044 3003 super
1053 2965 1229 2999 simoniaca

224 2996 304 3033 labe,
324 3001 457 3033 durante
476 3003 632 3043 legatione
649 3009 728 3047 ejus.

266 3064 277 3077 «
296 3052 374 3082 Cum
397 3060 423 3085 te
439 3056 515 3086 ad...
534 3076 570 3080 —
587 3060 657 3090 Dat.
677 3068 710 3092 ut
726 3072 830 3103 supra⁴
854 3079 867 3094 ι

1397 456 1515 485 4363
1880 456 2007 489 Orvieto,
2025 457 2058 485 15
2071 458 2168 493 juillet
2185 459 2263 488 1290.

1362 517 1528 545 Mandatum
1543 517 1636 545 eidem
1653 519 1770 546 factum.
1787 518 1871 552 (Rea.
1883 519 1929 554 45,
1946 527 1972 546 c.
1989 519 2037 552 73,
2055 520 2074 547 f.
2093 520 2144 548 170
2158 522 2210 555 νο.)

1365 606 1467 635 Eidem
1488 605 1619 636 mandat
1637 610 1672 636 ut
1692 607 1796 637 crucis
1816 607 1950 638 verbum
1971 612 2082 639 contra
2096 608 2245 640 infideles
2264 611 2334 642 Un-

1324 659 1432 697 gariae
1452 664 1482 689 et
1502 659 1736 698 provintiarum
1758 669 1832 691 cum
1855 661 1974 700 quibus
1993 670 2046 692 rex
2064 662 2227 702 Ungariae
2244 663 2336 696 fedus

1324 712 1483 742 contraxit
1499 718 1660 752 proponat.

1366 777 1380 792 «
1398 765 1479 795 Cum
1498 770 1525 796 te
1539 765 1618 797 ad...
1636 783 1675 788 —
1691 766 1763 797 Dat.
1784 772 1818 797 ut
1834 776 1942 808 supra.
1966 781 1979 797 n

1394 910 1514 939 4364
1884 913 2011 946 Orvieto,
2029 915 2061 942 15
2074 914 2169 949 juillet
2184 915 2262 944 1290.

1360 973 1425 1000 Alia
1442 974 1560 1001 facultas
1576 974 1669 1002 eidem
1685 983 1836 1003 concessa.
1853 976 1936 1010 (Rae.
1955 976 1998 1010 45,
2017 985 2042 1004 c.
2060 977 2107 1010 74,
2126 978 2146 1006 f.
2164 978 2215 1006 170
2229 980 2282 1013 νῦ.)

1362 1064 1466 1092 Eidem
1494 1063 1639 1094 concedit
1665 1068 1700 1094 ut
1725 1065 1906 1096 evectiones
1935 1074 2014 1105 quas
2043 1066 2193 1106 expedire
2219 1066 2354 1105 viderit,

1322 1116 1438 1146 ducere
1455 1116 1567 1147 valeat.

1365 1182 1378 1197 κ
1397 1170 1477 1200 Cum
1495 1174 1524 1201 te
1538 1170 1616 1202 ad...
1632 1187 1673 1194 —
1688 1171 1760 1202 Dat.
1778 1176 1935 1211 utsupra.
1957 1184 1971 1200 ι»

1391 1317 1510 1346 4365
1881 1317 2008 1349 Orvieto,
2028 1319 2060 1346 15
2071 1318 2167 1353 Juillet
2182 1319 2260 1348 1290.

1357 1378 1422 1405 Alia
1438 1379 1557 1406 facultas
1573 1379 1667 1406 eidem
1682 1387 1833 1407 concessa.
1851 1380 1935 1414 (Rau.
1954 1381 1997 1413 45,
2014 1389 2040 1408 c.
2058 1382 2106 1413 75,
2122 1381 2140 1408 f.
2161 1381 2211 1409 170
2226 1382 2279 1416 vo.)

1360 1469 1465 1498 Eidem
1481 1468 1666 1499 facultatem
1679 1469 1828 1499 concedit
1842 1469 2051 1508 dispensandi
2067 1479 2162 1510 super
2174 1469 2333 1510 iri-egula·
2365 1470 2368 1473 ’

1321 1521 1429 1558 ritate,
1453 1522 1486 1551 in
1505 1522 1647 1561 partibus
1667 1522 1767 1561 ipsius
1787 1522 1976 1561 legationis,
1999 1532 2072 1554 curn
2092 1523 2238 1563 personis
2255 1523 2332 1555 reli-

1320 1575 1417 1613 giosis
1436 1584 1528 1614 quae,
1546 1575 1683 1606 durante
1698 1576 1867 1614 legatione,
1885 1585 1959 1606 curn
1975 1577 2144 1607 sententiis
2158 1577 2344 1612 innodatae,

1320 1629 1440 1658 fuerint
1456 1628 1587 1659 ordines
1603 1629 1793 1668 receperint.

1362 1693 1375 1709 α
1396 1681 1477 1712 Cum
1496 1686 1524 1712 te
1539 1682 1618 1712 ad...
1636 1699 1672 1706 -—
1690 1682 1762 1712 Dat.
1782 1686 1935 1722 utsupra.
1955 1694 1969 1710 n

1389 1829 1506 1857 4366
1874 1828 2007 1862 Orvieto,
2023 1828 2058 1856 23
2070 1828 2166 1864 Juillet
2180 1828 2260 1859 1290.

1355 1891 1420 1917 Alia
1436 1891 1557 1918 facultas
1572 1890 1665 1918 eidem
1681 1898 1834 1918 concessa.
1852 1890 1937 1925 (Rea.
1955 1891 1998 1925 45,
2016 1899 2042 1918 c.
2059 1891 2102 1924 76,
2121 1891 2142 1918 f.
2160 1891 2211 1920 170
2225 1891 2278 1926 vfl.)

1358 1981 1462 2010 Eidem
1488 1979 1670 2010 facultatem
1695 1980 1841 2010 concedit
1865 1980 2060 2019 procedendi
2081 1984 2192 2011 contra
2214 1988 2333 2020 quam-2

1318 2042 1456 2073 cumque
1477 2042 1647 2073 personam
1669 2033 1915 2064 ecclesiasticam
1938 2033 1989 2064 vel
2012 2033 2146 2071 laicam,
2166 2033 2338 2073 publicam-2

1319 2088 1368 2117 vel
1394 2088 1563 2126 privatam,
1594 2088 1825 2126 cujuscumque
1852 2087 2017 2126 dignitatis
2043 2087 2094 2118 vel
2120 2087 2342 2131 conditionis,-¹

1317 2150 1390 2172 cum
1408 2141 1442 2170 id
1457 2141 1606 2180 expedire
1623 2141 1748 2171 viderit.

1359 2208 1373 2222 ι
1392 2194 1473 2225 Cum
1491 2199 1519 2225 te
1532 2194 1607 2226 ad...
1630 2213 1670 2216 —
1692 2195 1762 2225 Dat.
1781 2194 1866 2234 apud
1882 2194 2163 2232 Urbemveterem‚
2179 2203 2200 2225 x
2214 2193 2342 2226 kalen-s

1317 2249 1372 2279 das
1387 2249 1526 2287 augusti,
1545 2257 1631 2280 anno
1648 2249 1748 2279 tertio.
1771 2261 1784 2276 »
2348 2246 2350 2250 '

1386 2396 1503 2425 436¹?
1873 2394 2001 2430 Orvieto,
2017 2394 2051 2423 23
2063 2394 2159 2430 juillet
2174 2394 2252 2423 1290.

1351 2459 1416 2486 Alia
1431 2459 1550 2485 facultas
1566 2457 1659 2485 eidem
1675 2465 1826 2485 concessa.
1843 2457 1928 2492 (Rno.
1945 2457 1994 2491 45,
2011 2465 2036 2484 c.
2054 2458 2098 2489 77,
2115 2457 2136 2485 f.
2152 2457 2204 2485 170
2218 2458 2272 2492 v0.)

1354 2556 1458 2585 Eidem
1477 2558 1661 2594 potestatem
1683 2553 1829 2584 concedit
1847 2552 2040 2592 procedendi
2059 2556 2171 2584 contra
2193 2552 2271 2584 cleri
2295 2566 2332 2578 1=-

1314 2618 1393 2648 quos
1415 2609 1580 2639 indevotos
1600 2607 1650 2638 vel
1674 2607 1894 2638 inobedientes
1914 2607 1949 2637 in
1971 2606 2036 2637 hiis
2058 2615 2140 2646 quae
2158 2606 2199 2638 ad
2221 2594 2341 2647 ipsiu

1313 2663 1482 2701 legationis
1496 2662 1638 2693 officium
1655 2666 1797 2700 spectant
1813 2661 1988 2692 invenerit.

1355 2728 1368 2744 α
1388 2716 1467 2746 Cum
1487 2720 1516 2746 te
1529 2716 1608 2746 ad...
1625 2731 1664 2737 —-
1680 2714 1751 2745 Dat.
1770 2718 1806 2745 ut
1819 2723 1926 2754 supra.
1948 2725 1962 2741 ι

1381 2862 1500 2891 4368
1871 2860 1998 2892 Orvieto,
2016 2859 2050 2887 23
2061 2859 2158 2896 juillet
2171 2859 2250 2889 1290.
2287 2860 2294 2867 ’

1345 2924 1411 2951 Alia
1424 2925 1546 2951 facultas
1560 2923 1653 2951 eidem
1669 2931 1820 2951 concessa.
1840 2923 1922 2956 (Res.
1939 2923 1983 2956 45,
2000 2930 2026 2951 c.
2041 2922 2085 2957 78,
2101 2923 2122 2950 f.
2140 2922 2191 2951 170
2205 2922 2258 2957 νο.)

1350 3022 1453 3052 Eidem
1469 3020 1652 3051 facultatem
1667 3019 1813 3050 concedit
1827 3013 2014 3050 absolvendi
2027 3018 2158 3050 clericos
2173 3022 2204 3050 et
2218 3017 2324 3050 laico

1309 3075 1410 3115 ipsius
1429 3074 1597 3113 legationis
1618 3074 1658 3104 ab
1678 3073 2020 3104 excommunicationis
2040 3071 2200 3103 sententia
2217 3068 2347 3112 quani„
