2477 3637
257 382 314 412 226
1006 379 1241 411 REGISTRES
1264 381 1318 411 DE
1341 380 1523 411 NICOLAS
1545 381 1601 411 IV.

257 449 355 479 unius
366 449 442 478 anni
457 453 487 477 et
503 447 714 486 quadraginta
729 446 855 476 dierum
867 446 1013 476 concedit
1026 447 1176 477 omnibus
1190 456 1264 477 vere

256 502 490 542 poenitentibus
507 506 537 530 et
551 500 705 530 confessis
730 499 785 538 qni
804 499 970 530 ecclesiam
989 500 1123 530 Sanctae
1144 501 1264 531 Mariae

256 555 489 594 Nigellensern‚
514 553 743 584 Noviomensis
765 553 939 590 dioecesis,
960 553 994 582 iu
1015 553 1262 590 Purificationis,

255 608 542 643 Annuntiationis,
560 606 800 645 Assumptionis
820 610 850 636 et
871 606 1054 637 Nativitatis
1073 607 1182 637 beatae
1199 607 1265 636 Ma-

254 663 321 693 riae
336 661 471 699 virginis
487 660 721 695 festivitatibus,
739 663 768 690 et
782 668 837 698 per
849 663 917 690 octo
930 659 999 690 dies
1022 663 1203 699 sequentes,
1220 660 1265 690 vi-

253 715 431 746 sitaverint.

295 781 308 795 α
329 768 425 805 Virga
442 765 668 796 venustissima
685 770 753 795 et...
770 782 809 786 —
825 764 897 795 Dat.
920 765 1034 801 Reate,
1051 773 1093 794 x11
1109 763 1263 794 kalendas

252 821 392 860 augusti,
411 828 498 850 anno
513 819 664 850 secundo.
685 830 700 845 »

849 871 934 902 Rieti,
951 871 985 898 20
997 870 1094 906 juillet
1112 870 1189 898 1289.

294 937 331 967 Ιι]
346 946 373 968 e.
386 945 429 966 m.
444 935 576 966 eisdem.
589 934 827 973 Indulgentiam
838 933 1120 964 conceditcentum
1135 932 1261 962 dierum

253 991 300 1020 eis
315 990 371 1029 qui
388 989 556 1020 ecclesiam
577 988 691 1018 Beatae
707 988 827 1017 Mariae
843 986 880 1017 de
897 987 1005 1017 Monte
1020 985 1161 1016 Carmeli
1177 985 1262 1015 Tho-

254 1044 397 1074 losanam
417 1043 452 1072 in
468 1041 605 1080 singulis
624 1041 849 1072 festivitatibus
867 1040 1011 1079 ejusdem
1033 1039 1167 1077 virginis
1183 1039 1260 1068 visi-

253 1098 400 1128 taverint.
429 1097 500 1126 Dat.
529 1096 642 1130 Reate,
674 1104 731 1125 xm
754 1093 908 1124 kalendas
933 1092 1079 1131 augusti,
1103 1101 1188 1123 anno
1211 1100 1262 1122 se-

252 1151 367 1183 cundo.
387 1150 447 1190 (En
462 1149 595 1188 mai-qe.)

325 1310 442 1338 ¹052
876 1305 963 1338 Rieti,
979 1304 1013 1332 28
1026 1305 1091 1340 Juin
1108 1304 1188 1332 1289.

287 1373 413 1399 Licentia
430 1371 553 1398 habendi
569 1371 714 1405 reliquias.
733 1370 817 1403 (Rau.
834 1369 879 1400 44,
895 1376 921 1395 c.
938 1368 1002 1399 294,
1019 1368 1039 1395 f.
1058 1367 1108 1394 172
1124 1368 1176 1400 νο.)

292 1475 454 1505 Carissimo
481 1475 515 1503 in
539 1474 657 1503 Christo
677 1473 742 1510 filio
765 1472 887 1508 Carolo,
912 1472 976 1509 reyi
996 1470 1100 1501 Sicilie
1125 1470 1260 1506 illustri,

249 1529 396 1560 concedit
412 1532 446 1558 ut
462 1531 645 1558 sanctorum
665 1526 820 1565 reliquias
840 1525 874 1554 in
893 1525 1022 1564 propria
1035 1524 1128 1555 domo
1144 1523 1262 1554 habere

271 1583 359 1613 ossit.

252 1593 269 1622 p
292 1649 306 1663 «
337 1636 416 1666 Tuis
452 1635 573 1665 devotis
610 1633 937 1673 supplicationibus...
968 1649 1006 1654 -
1037 1632 1108 1662 Dat.
1143 1631 1259 1668 Reate,

251 1699 298 1720 1111
315 1689 469 1720 kalendas
481 1688 567 1727 julii,
584 1696 670 1718 anno
685 1686 836 1717 secundo.
857 1698 870 1713 n

327 1834 445 1863 ¹053
869 1831 961 1864 Rieti,
977 1830 1011 1859 28
1024 1832 1089 1866 juin
1109 1831 1188 1859 1289.

287 1897 415 1924 Licentia
441 1895 563 1923 habendi
590 1896 788 1923 consessorem
812 1895 970 1930 proprium.
993 1894 1076 1929 (Rae.
1094 1894 1137 1925 44,
1155 1902 1181 1920 c.
1197 1893 1261 1926 295,

252 1948 272 1974 f.
288 1947 338 1974 172
353 1948 406 1979 νο.)

292 2049 397 2078 Eidem
418 2047 563 2078 concedit
578 2051 613 2077 ut
628 2046 802 2076 familiares
822 2050 851 2076 et
866 2045 1032 2076 domestici
1045 2046 1114 2084 ejus
1137 2048 1264 2085 peccata

252 2111 310 2132 sua
329 2101 476 2132 confiteri
492 2100 688 2140 presbyteris
703 2109 782 2139 quos
797 2100 864 2139 ipse
884 2108 993 2130 secum
1015 2099 1166 2129 retinebit
1191 2107 1262 2138 pos-

251 2155 328 2185 sint.

295 2221 308 2236 α
334 2208 484 2239 Habetin
500 2208 630 2238 nohis...
648 2225 687 2229 —
703 2207 774 2237 Dat.
793 2211 827 2237 ut
842 2215 947 2245 supra.
968 2218 981 2233 »

327 2368 444 2397 1054
882 2366 969 2398 Rieti,
982 2365 1016 2393 28
1028 2366 1094 2401 juin
1111 2365 1189 2393 1289.

287 2431 343 2458 dus
356 2430 487 2466 capiendi
504 2430 636 2457 clericos.
655 2430 739 2464 (Rae.
757 2431 801 2461 44,
821 2438 846 2457 c.
867 2429 930 2461 296,
946 2430 968 2456 f.
984 2429 1034 2456 172
1050 2430 1103 2462 v0.)

292 2535 395 2564 Eidem
423 2533 570 2564 concedit
592 2532 776 2563 facultatem
799 2531 941 2570 eligendi
961 2540 1064 2562 unum
1082 2541 1119 2562 ex
1139 2531 1266 2562 clericis

254 2588 320 2617 suis
338 2588 395 2627 qui
410 2587 492 2617 alios
507 2587 650 2623 clericos,
667 2596 768 2626 quum
784 2595 931 2617 excessus
945 2585 1208 2625 perpetraverint,
1220 2594 1267 2616 ca-

254 2650 327 2680 pere
345 2646 376 2671 et
391 2641 606 2672 ecclesiastico
618 2641 722 2680 judici
738 2640 860 2671 tradere
876 2640 983 2679 possit.

295 2706 308 2721 α
327 2695 376 2724 Ne
392 2694 502 2725 clerici
519 2694 604 2724 tui...
621 2710 661 2716 --
675 2695 747 2724 Dat.
767 2699 804 2724 ut
822 2702 929 2733 supra.
949 2705 963 2720 1>

328 2839 448 2868 1055
876 2838 963 2872 Rieti,
982 2839 1016 2866 28
1029 2838 1096 2874 juin
1114 2838 1191 2867 1289.

290 2900 330 2927 De
354 2901 456 2929 officiis
482 2902 510 2928 in
539 2903 620 2929 curia
643 2903 723 2937 regis
746 2902 863 2930 Siciliae
884 2901 1075 2929 celebrandis.
1102 2901 1186 2936 (Rae.
1217 2902 1268 2939 44,

252 2957 269 2976 0
298 2950 361 2981 297,
378 2950 397 2976 s.
423 2950 472 2977 172
489 2952 538 2984 r⁰.)

294 3051 397 3080 Eidem
413 3052 559 3082 concedit
576 3056 609 3083 ut
629 3053 807 3092 presbyteri
829 3057 859 3084 et
873 3053 931 3084 alii
946 3053 1056 3084 clerici
1072 3054 1141 3093 ejus
1157 3053 1268 3084 curiae

1321 1051 1324 1054 “
1343 1058 1443 1088 quum
1466 1049 1499 1080 id
1521 1051 1661 1088 gravitas
1687 1050 1838 1089 temporis
1856 1050 2015 1089 exegerit,
2032 1050 2130 1081 etiam
2147 1046 2222 1081 cum
2235 1041 2346 1084 cantu?

1346 455 1410 476 non
1428 447 1490 476 nisi
1508 447 1651 477 officium
1666 448 1749 486 quod
1767 447 1920 478 celebrari
1935 450 2101 481 consuevit
2118 451 2153 480 in
2169 451 2280 483 eadem
2294 461 2349 485 cu-

1346 500 1393 530 ria
1409 499 1569 530 celebrare
1586 500 1792 540 aliquatenus
1812 505 1994 532 teneantur.

1387 566 1399 580 ι
1423 553 1546 584 Eximie
1564 557 1615 583 tue
1630 553 1846 585 devotionis...
1866 571 1905 577 —
1921 555 1993 586 Dat.
2015 560 2048 586 ut
2064 565 2171 596 supra.
2191 569 2204 585 ιι

1419 754 1536 783 1056
1974 755 2063 789 Rieti,
2078 756 2113 784 28
2125 757 2190 791 Juin
2203 756 2282 785 1289.
2328 763 2338 787 ,ἵ

1379 829 1509 857 Licentia
1532 830 1694 857 celebrandi
1721 831 1840 858 missam
1865 834 1931 859 ante
1946 832 2052 859 lucem.
2070 831 2153 866 (Rau.
2171 833 2216 865 44,
2239 841 2266 861 c.
2289 829 2350 866 222}

1343 879 1363 906 f.
1381 879 1432 906 172
1448 881 1500 913 v0.)

1383 997 1488 1026 Eidem
1511 996 1656 1026 concedit
1676 1000 1710 1026 ut
1729 996 1862 1027 missam
1884 996 2244 1036 antequam'illucescat
2262 997 2337 1033 dies,

1343 1101 1497 1132 celebrari
1513 1103 1616 1133 facere
1634 1103 1744 1141 possit.

1386 1167 1400 1182 α
1417 1155 1626 1187 celsitudinis
1646 1156 1733 1195 regie
1749 1156 1932 1195 precibus...
1950 1173 1989 1184 ,-
2002 1156 2074 1187 Dat.
2091 1161 2126 1188 ut
2141 1165 2248 1196 supra.
2263 1169 2278 1184 ι
2332 1143 2342 1194 ,ι

1395 1378 1399 1381 ,
1419 1355 1534 1385 Ιο5ἵ
1970 1356 2059 1391 Rieti,
2074 1355 2109 1384 28
2121 1356 2187 1392 juin
2203 1356 2282 1386 1289.

1379 1431 1423 1459 De
1447 1434 1490 1459 eis
1516 1432 1567 1468 qui
1586 1432 1742 1467 dignitates
1765 1434 1794 1460 in
1819 1441 1909 1468 regno
1931 1432 2045 1460 Siciliae
2065 1433 2196 1460 obtinere
2216 1441 2344 1470 possum

1345 1482 1429 1517 (Rae.
1445 1482 1489 1514 44,
1509 1491 1535 1510 c.
1551 1482 1614 1514 299,
1627 1482 1647 1510 f.
1664 1482 1715 1509 172
1731 1483 1782 1516 vo.)

1382 1599 1487 1628 Eidem
1505 1597 1653 1636 indulget
1668 1602 1703 1628 ut
1722 1597 1833 1628 nullus
1855 1598 1911 1637 qui
1931 1599 1959 1628 ei
1980 1598 2093 1629 merito
2114 1601 2280 1638 suspectus
2387 1604 2390 1606 ·

1343 1656 1390 1682 set
1411 1651 1451 1682 ad
1469 1651 1758 1691 archiepiscopales
1777 1660 1833 1682 seu
1858 1651 2054 1691 episcopales
2071 1651 2122 1682 vel
2141 1651 2222 1682 alias
2243 1650 2293 1685 di,
2308 1662 2345 1677 ·-::

1344 1709 1422 1735 tates
1437 1705 1504 1735 sive
1519 1705 1715 1744 praelaturas
1730 1704 1940 1735 ecclesiarum
1962 1704 2056 1744 regni
2078 1704 2210 1736 Siciliae
2226 1704 2293 1745 aliq
2321 1711 2343 1747 :vg-

1344 1762 1437 1789 tenus
1452 1763 1648 1789 assumatur.

1385 1825 1399 1840 «
1414 1813 1589 1843 Personam
1605 1814 1692 1843 tuam
1709 1812 1788 1844 ob...
1803 1829 1843 1835 —
1862 1813 1933 1843 Dat.
1951 1817 1985 1843 ut
2002 1821 2109 1852 supra.
2128 1824 2142 1840 n

1418 2013 1536 2043 1058
1964 2012 2052 2045 Rieu,
2070 2012 2105 2040 28
2116 2013 2182 2048 juin
2201 2011 2280 2042 1289.

1380 2077 1508 2105 Licentia
1522 2076 1645 2104 habendi
1661 2077 1793 2103 clericos.
1811 2075 1894 2110 (nm.
1909 2076 1952 2109 44,
1965 2083 1990 2102 ο.
2009 2075 2071 2110 300,
2087 2075 2108 2103 f.
2125 2076 2176 2103 172
2192 2077 2247 2110 vo.)
2303 2061 2334 2082 ·’

1384 2194 1488 2223 Eidem
1503 2192 1648 2223 concedit
1665 2196 1700 2222 ut
1717 2193 1801 2223 viros
1819 2192 2000 2231 religiosos,
2016 2192 2250 2232 cujuscumque
2263 2199 2283 2223 o
2306 2204 2311 2217 ·
2329 2192 2338 2235 ‘l
2386 2223 2388 2225 ,

1346 2247 1396 2277 uis
1420 2247 1502 2285 sint,
1525 2246 1654 2276 obtento
1678 2245 1879 2285 superiorum
1896 2254 2072 2284 consensu,
2095 2245 2136 2276 ad
2150 2253 2209 2277 sua
2223 2244 2341 2278 ser'·⁵

1345 2301 1486 2340 recipere
1502 2300 1609 2339 possit.
2318 2295 2323 2300 '

1388 2366 1402 2381 «
1419 2353 1512 2385 Clare
1529 2357 1581 2384 tue
1596 2353 1814 2384 serenitatis...
1832 2370 1871 2375 —
1891 2353 1962 2383 Dat.
1984 2356 2019 2384 ut
2033 2361 2140 2392 supra.
2159 2364 2174 2381 n

1419 2556 1536 2586 1059
1971 2553 2056 2585 nien.
2073 2553 2108 2581 28
2120 2553 2187 2588 juin
2203 2551 2281 2581 1289.
2307 2531 2333 2595 ἰ

1383 2619 1494 2653 Carolo,
1511 2619 1573 2653 regi
1589 2617 1712 2649 Siciliae,
1725 2616 1893 2644 conceditur
1901 2617 1983 2644 locus
1993 2617 2115 2644 fratrum
2125 2615 2161 2643 de
2175 2615 2333 2658 Poenitedv
2348 2627 2349 2630 ¹

1347 2669 1419 2696 Jesu
1435 2667 1552 2695 christi.
1570 2666 1652 2700 (nm.
1671 2666 1715 2698 44,
1733 2674 1759 2693 ο.
1777 2665 1837 2700 301,
1855 2666 1876 2693 r.
1894 2665 1944 2694 173
1963 2665 2010 2700 ι-ο.)
2134 2658 2137 2663 “
2308 2663 2310 2665 ·

1394 2784 1561 2815 Venerabili
1577 2784 1672 2820 fratri
1689 2805 1710 2813 ..
1732 2784 1864 2821 episcopo
1889 2781 2068 2813 Tholonensi
2089 2780 2221 2812 mandat
2242 2788 2263 2820 q
2291 2793 2294 2805 1
2313 2793 2316 2797 ·

1348 2846 1410 2868 nus
1429 2836 1536 2867 locum
1550 2836 1685 2866 fratrum
1703 2836 1742 2867 de
1757 2835 1961 2866 Poenitentia
1975 2835 1994 2865 J
1997 2843 2053 2865 esu
2069 2833 2189 2866 Christi
2203 2833 2239 2864 in
2251 2841 2279 2864 c
2292 2846 2297 2857 1

1351 2890 1527 2927 Brinoliae,
1544 2890 1707 2929 Aquensis
1726 2889 1890 2927 dioecesis,
1907 2897 2004 2928 quem
2019 2888 2132 2920 fratres
2147 2887 2182 2918 in
2197 2884 2331 2918 breviat·

1349 2945 1466 2975 serturi
1481 2948 1557 2974 sunt
1569 2968 1576 2982 ,
1595 2943 1727 2981 Carolo‚
1743 2944 1812 2982 regi
1835 2941 1965 2974 Siciliae
1978 2965 1986 2981 ,
2005 2945 2130 2981 recepto
2151 2941 2238 2981 prius
2253 2947 2273 2980 p
2289 2934 2320 2964 ·-‹³
2339 2953 2341 2955 >

1349 2998 1554 3038 competenti,
1570 2997 1610 3028 ad
1623 2996 1777 3037 capellam
1794 2995 2054 3032 construendam,
2070 2993 2234 3026 concedat.

1392 3063 1405 3078 α
1422 3051 1625 3090 Significavit
1636 3050 1727 3081 nobis
1742 3049 1968 3086 carissimus...
1985 3064 2027 3071 —-
2042 3048 2114 3079 Dat.
2133 3051 2287 3087 utsupra.
2303 3043 2333 3075 d
