2342 3652
901 378 1120 416 PREMIERE
1138 378 1299 416 'ANNER
2105 392 2137 422 91

65 469 79 485 ιν
105 457 143 486 Et
164 456 275 486 eadem
297 455 483 485 auctoritate
503 454 587 484 idem
605 454 753 484 dominus
768 452 937 482 cardinalis
952 452 1059 481 statuit

65 522 79 537 »
103 513 133 539 et
154 509 293 538 decrevit
321 508 404 546 quod
431 507 540 545 regula
562 507 680 546 prefata
702 515 756 545 per
779 506 878 535 dictos
904 509 1056 534 rectorem

65 575 79 590 »
103 566 132 592 et
158 562 269 591 fratres
297 566 326 590 et
348 569 542 590 successores
567 560 708 598 ipsorum
732 559 765 588 in
789 562 962 587 memorato
983 557 1056 587 hos-

64 627 78 643 »
102 614 191 653 pitali
212 623 388 652 pauperum
413 613 527 643 Sancte
554 612 653 642 Marie
677 611 715 640 de
740 609 925 640 Urbeveteri
945 618 1055 648 perpe-

64 679 78 696 ι
102 668 164 697 tuis
184 667 378 705 temporibus
393 667 586 696 observetur.
603 667 681 694 Acta
697 668 770 693 sunt
787 663 925 701 predicta
944 662 1055 699 Rome,

64 733 78 749 n
102 721 137 750 in
166 721 304 759 hospitio
328 720 460 758 predicti
483 719 606 749 domini
631 717 739 748 Jacohi
758 716 948 753 cardinalis,
975 717 1057 754 apud
1098 734 1100 743 .

64 786 78 801 ι)
103 774 256 804 Sanctum
285 773 493 802 Laurentium
516 773 549 801 in
572 771 707 806 Lucina,
733 778 835 805 anno,
861 769 1056 805 indictione,
1098 802 1099 805 Ἰ

65 839 78 854 n
103 827 306 866 pontificatu,
332 835 442 855 mense
457 830 487 855 et
506 825 556 854 die
581 823 784 862 supradictis,
805 822 1005 861 presentibus
1028 827 1058 852 et

65 892 78 906 n
102 879 220 918 rogatis
245 879 375 908 testibus
400 879 528 908 domino
545 876 660 907 Jacobo
677 876 714 905 de
733 875 850 912 Labro,
870 876 1055 913 camerario,

65 946 79 961 n
103 935 231 964 domino
247 933 472 971 'l'uccimando,
489 931 759 970 archipresbytero
773 930 980 967 pistoriensi,
999 931 1056 960 do-

66 1000 79 1015 n
104 988 195 1017 mino
218 987 385 1026 Baynaldo
406 986 560 1017 Johannis
578 983 711 1014 Romani
729 983 767 1013 de
793 983 890 1013 Reate
915 988 945 1013 et
968 993 1056 1023 pres-

65 1054 78 1068 »
102 1041 214 1080 hytero
239 1041 386 1070 Johanne
411 1040 448 1069 de
464 1040 583 1074 Rocca,
607 1036 777 1076 capellanis
795 1037 909 1075 prefati
931 1038 1057 1067 domini

65 1106 78 1121 n
102 1093 283 1130 cardinalis,
309 1098 337 1123 et
359 1093 486 1122 domino
499 1091 644 1121 Johanne
659 1091 744 1128 Papa
768 1090 806 1119 de
822 1090 923 1127 Urbe,
948 1090 1056 1128 legum

65 1159 78 1173 »
103 1147 288 1185 professore.
312 1147 350 1175 Et
371 1144 596 1175 nichilominus
619 1143 653 1171 in
671 1142 886 1181 predictorum
912 1144 1054 1174 testimo-

64 1212 79 1226 »
103 1200 193 1229 nium
207 1204 236 1229 et
246 1199 397 1229 cantelam
407 1198 489 1228 idem
503 1197 651 1227 dominus
665 1196 836 1226 cardinalis
849 1197 924 1226 huic
938 1198 1056 1227 instru-

65 1265 78 1280 ι,
102 1257 210 1283 mento
233 1252 375 1290 sigillum
397 1260 488 1281 suum
507 1250 639 1289 appendi
658 1250 834 1280 mandavit.
856 1251 896 1280 Et
921 1260 978 1289 ego
1002 1252 1054 1282 Jo-

65 1318 78 1333 ⁷›
102 1305 226 1335 hannes
257 1305 358 1335 dictus
397 1303 535 1340 Pal-lator
565 1303 602 1333 de
632 1302 732 1338 Setia,
767 1304 937 1342 apostolice
971 1305 1054 1334 sedis

65 1371 78 1386 n
103 1360 286 1389 auctoritate
308 1358 401 1397 judex
421 1362 450 1387 et
468 1356 609 1387 notarius
625 1361 655 1386 et
670 1357 783 1395 prefati
802 1357 926 1388 domini
941 1359 1054 1388 Jacobi

65 1425 79 1440 a
104 1412 274 1443 cardinalis
290 1411 439 1447 notarius,
455 1410 602 1449 predictis
616 1410 765 1440 omnibus
781 1416 906 1450 rogatus
922 1412 1054 1441 interfui

66 1478 79 1493 n
105 1475 203 1505 eaque
222 1466 259 1495 de
274 1464 418 1494 mandato
432 1463 507 1493 dicti
525 1463 647 1493 domini
665 1464 837 1494 cardinalis
855 1465 977 1503 scripsi,
995 1474 1052 1504 pu-

66 1531 79 1545 »
103 1518 216 1549 blicavi
233 1521 262 1548 et
278 1518 368 1555 signo
384 1525 453 1547 meo
468 1516 600 1554 signavi.
622 1528 634 1543 ι)

104 1584 118 1600 «ι
143 1572 227 1602 Licet
242 1580 276 1601 ea
289 1579 384 1609 que...
400 1587 438 1591 —
452 1570 522 1599 Dat.
538 1570 638 1600 Rome
653 1570 736 1609 apud
750 1570 899 1601 Sanctam
917 1572 1052 1602 Mariam

64 1626 227 1664 Majorem,
244 1633 261 1654 x
273 1623 422 1653 kalendas
434 1622 584 1662 januarii,
603 1632 688 1653 anno
706 1623 819 1662 primo.
842 1636 854 1651 n

120 1803 205 1831 4¹28

95 1863 238 1890 Fratribus
253 1863 399 1898 hospitatis
417 1864 451 1891 de
474 1864 541 1892 Alto
557 1864 663 1897 Passu,
681 1865 812 1893 Lucanae
835 1868 986 1900 dioecesis,
1005 1878 1051 1895 re-

61 1911 126 1946 gula
152 1911 298 1946 hospitalis
327 1911 423 1939 Sancti
449 1912 589 1940 Johannis
614 1913 840 1942 Jerosolimitani
871 1916 1048 1944 conceditur.

61 1958 142 1992 (Rau.
159 1959 200 1991 ⁴4,
217 1967 242 1986 c.
259 1959 318 1992 308,
332 1960 351 1987 f.
368 1961 399 1988 70
413 1962 463 1994 τῦ.)

343 1801 688 1838 Sainte-Marie-MaJ'eure‚
702 1804 734 1831 ‘23
750 1805 900 1832 decembre
914 1807 989 1834 1288.

101 2075 216 2103 Eisdem
230 2076 373 2105 annotari
388 2076 471 2114 facit,
488 2087 524 2108 ex
541 2083 678 2118 regestro
693 2080 839 2119 Gregorii
854 2091 954 2120 papae
967 2083 1047 2119 IIII,

60 2125 180 2156 litteras
195 2127 309 2166 quibus
322 2129 405 2159 idem
426 2139 503 2169 papa
526 2154 545 2161 ..
563 2132 714 2170 magistro
730 2137 760 2163 et
775 2134 924 2164 fratribus
942 2135 1048 2174 hospi-

62 2179 132 2208 talis
142 2179 180 2209 de
196 2179 269 2211 Alto
279 2181 386 2218 Passu,
402 2183 545 2215 Lu'canae
553 2185 715 2224 dioecesis,
731 2189 887 2218 concessit
903 2189 1049 2226 regulam

60 2231 224 2270 hospitalis
239 2233 344 2264 Sancti
357 2235 513 2267 Jobannis
526 2238 545 2268 J
549 2239 796 2277 erosolimitani;
814 2250 951 2280 quarum
967 2242 1050 2272 litte-

59 2293 168 2315 rarum
186 2290 274 2317 tenor
289 2287 357 2317 tatis
372 2293 417 2319 est
432 2298 438 2319 :

101 2350 114 2364 α
132 2338 303 2377 Gregorius
325 2341 482 2381 episcopus
503 2353 610 2375 servus
633 2355 795 2377 servorum
818 2348 889 2378 Dei.
917 2349 1049 2379 Dilectis

61 2401 74 2417 n
98 2391 174 2421 filiis
194 2416 212 2422 ..
230 2394 378 2431 magistro
397 2399 427 2424 et
447 2396 590 2428 fratribus
606 2398 772 2438 hospitalis
788 2401 826 2431 de
844 2401 918 2432 Alto
935 2402 1046 2439 Passu,

60 2455 74 2471 n
98 2444 225 2474 Lucane
247 2445 398 2485 diocesis,
420 2448 550 2480 salutem
578 2455 607 2481 et
627 2453 831 2491 apostolicam
855 2455 1049 2486 benedictio-

59 2507 74 2523 »
97 2505 182 2526 nem.
202 2497 289 2528 Solet
304 2507 444 2539 annuere
459 2503 582 2533 sedes...
608 2521 642 2527 —-
666 2506 734 2536 Dat.
764 2507 930 2544 Laterani,
955 2509 1048 2539 nonis

59 2559 73 2574 n
96 2549 216 2588 aprilis,
235 2551 432 2589 pontificatus
447 2556 543 2585 nostri
557 2565 640 2588 anno
657 2559 884 2590 tertiodecimO.
904 2573 918 2587 ³>

98 2613 112 2628 «
136 2602 180 2632 Ut
202 2603 239 2633 de
258 2603 408 2635 litteris...
428 2623 465 2628 -—
486 2608 555 2639 Dat.
581 2610 680 2642 Rome
701 2603 784 2652 apud
806 2613 955 2644 Sanctam
978 2615 1047 2644 Ma-

57 2654 138 2684 riam
154 2655 318 2695 MaJorem,
336 2658 519 2699 xlkalendas
531 2663 681 2702 Januarii,
697 2674 783 2697 anno
798 2667 910 2705 primo.
930 2680 942 2694 ι

115 2827 200 2855 4⁷9

90 2887 216 2915 Joannes
238 2890 272 2917 de
299 2890 442 2920 Florentia
461 2895 621 2929 praeficitur
640 2898 770 2934 hospitali
792 2900 914 2928 Sanctae
941 2901 1046 2928 Mariae

55 2934 236 2965 urbevetano
251 2940 280 2966 iu
295 2945 444 2969 rectorem.
462 2943 544 2976 (Rea.
561 2946 604 2978 44,
620 2955 644 2973 c.
663 2948 722 2980 309,
738 2949 757 2977 f.
773 2951 807 2977 70
821 2953 870 2984 το.)

343 2829 693 2869 Sainte-Marie-Majeure,
705 2836 738 2863 23
749 2838 898 2865 decembre
913 2839 988 2866 1288.

95 3038 201 3069 Dizeclo
216 3041 280 3077 filio
290 3043 386 3078 fratri
400 3045 534 3076 Johanm‘
547 3048 582 3077 de
591 3049 753 3088 Florentia,
766 3055 874 3083 rectori
888 3054 1047 3092 hospitalis

1098 453 1102 461 “
1140 453 1350 483 ΞαηειεᾸΙαῑ-ῖε
1369 456 1555 491 l'rbevetam',
1574 455 1743 485 confirmat
1758 455 2009 485 instrumentum
2021 458 2142 496 quo-Ja-

1141 505 1248 542 cobus,
1260 506 1393 537 Sanctae
1406 508 1524 538 Mariae
1534 509 1566 537 in
1581 508 1641 537 Via
1654 509 1729 538 Lata
1744 509 1895 538 diaconus
1908 509 2090 547 cardinalis,
2104 511 2142 541 de

1141 559 1290 589 mandato
1299 561 1776 599 sedisapostolicae,Johannem
1789 563 1826 592 de
1834 562 2003 600 Florentia,
2012 564 2142 594 fratrem

1141 611 1307 651 hospitalis
1321 614 1427 643 Sancti
1439 615 1548 644 Jacobi
1560 615 1597 644 de
1612 615 1684 645 Alto
1696 616 1807 651 Passu,
1818 616 1964 646 Lucanae
1976 616 2140 655 dioecesis,

1139 665 1173 693 in
1191 670 1344 695 rectorem
1368 666 1517 704 hospitali
1536 676 1712 705 pauperum
1731 667 1863 697 Sanctae
1881 668 2001 698 Mariae
2022 669 2059 699 de
2076 670 2140 700 Ur-

1140 717 1287 748 bevetere
1304 720 1464 757 praefecit.
1488 736 1526 742 —
1548 721 1661 750 Exorta
1683 717 1867 759 quaestione
1887 730 1993 751 coram
2012 723 2057 759 F„
2079 723 2140 753 Ur-

1142 771 1297 801 bevetano
1316 773 1477 811 episcopo,
1496 782 1589 811 super
1608 773 1760 803 electione
1779 774 1816 803 de
1832 775 1942 811 Petro,
1958 776 2141 814 presbytero

1140 833 1195 853 seu
1207 825 1369 863 capellano
1380 825 1529 855 ecclesiae
1544 826 1651 855 Sancti
1664 826 1843 857 Constantii
1859 828 2090 865 Urbevetanae,
2106 829 2140 858 in

1140 881 1295 907 rectorem
1312 879 1455 917 ejusdem
1473 879 1653 917 hospitalis,
1680 889 1735 918 per
1757 881 1879 910 obitum
1903 881 2070 911 Octaviani
2092 892 2141 911 va-

1140 931 1252 967 cantis,
1269 931 1361 967 facta,
1379 932 1526 970 dictaque
1550 932 1703 962 electione
1727 933 1766 962 ad
1783 933 1828 970 S.,
1853 933 2141 971 Balneoregensem

1139 984 1333 1022 episcopum,
1352 989 1428 1014 tunc
1444 985 1598 1014 vicarium
1613 986 1647 1014 in
1664 986 1883 1024 spiritualibus
1898 987 1933 1015 in
1949 987 2141 1025 patrimonio

1138 1037 1223 1066 beati
1246 1038 1331 1067 Petri
1354 1038 1387 1067 in
1407 1039 1539 1074 Tuscia,
1558 1039 1671 1074 delata,
1693 1040 1855 1069 Honorius
1880 1041 1949 1070 1111
1975 1041 2138 1078 negotium

1138 1090 1326 1129 hujusmodi
1351 1091 1389 1120 ad
1416 1100 1506 1120 suam
1531 1092 1653 1121 curiam
1678 1093 1836 1122 revocavit
1860 1098 1889 1122 et
1907 1094 2066 1131 praedicto
2084 1095 2139 1124 Ja-

1139 1144 1214 1173 cobo
1240 1144 1438 1173 audiendum
1464 1145 1643 1182 commisit,
1671 1146 1725 1175 sed
1747 1146 1949 1184 postmodum
1972 1147 2057 1176 idem
2078 1148 2140 1176 Pe-

1140 1201 1205 1226 trus
1219 1197 1307 1226 omni
1318 1198 1395 1235 juri,
1414 1199 1440 1227 si
1455 1199 1538 1236 quod
1552 1199 1580 1228 ei
1593 1208 1627 1228 ex
1641 1198 1794 1228 electione
1810 1200 1920 1229 suisset
1935 1200 2138 1238 acquisitum,

1138 1251 1335 1280 renuntiavit
1350 1256 1380 1280 et
1395 1260 1473 1290 papa
1488 1252 1705 1290 provisionem
1719 1253 1897 1282 faciendam
1914 1254 1974 1291 ipsi
1992 1253 2140 1292 hospitali

1138 1304 1175 1333 de
1191 1308 1311 1333 rectore
1326 1304 1485 1342 praedicto
1501 1305 1530 1334 J.
1549 1305 1704 1334 cardinali
1721 1306 1890 1335 commisit.

1176 1357 1337 1387 Praedicti
1356 1357 1564 1387 instrumenti
1583 1363 1671 1388 tenor
1689 1358 1758 1388 talis
1775 1363 1820 1388 est
1839 1369 1844 1388 :

1179 1422 1192 1436 «
1217 1410 1371 1447 Jacobus,
1402 1411 1607 1441 miseratione
1632 1411 1743 1440 divina
1768 1412 1881 1441 Sancte
1906 1413 2005 1442 Marie
2027 1413 2061 1442 in
2082 1413 2140 1442 Via

1138 1475 1151 1489 »
1175 1464 1251 1493 Lata
1267 1464 1421 1494 diaconus
1438 1465 1626 1500 cardinalis,
1645 1465 1793 1503 religioso
1809 1466 1877 1495 viro
1894 1467 1982 1495 fratri
1997 1467 2140 1496 Johanni

1138 1528 1150 1543 ³)
1175 1516 1214 1546 de
1232 1517 1414 1554 Florentia,
1437 1518 1528 1547 fratri
1548 1518 1716 1556 hospitalis
1741 1519 1850 1548 Sancti
1873 1520 1982 1549 Jacobi
2007 1520 2046 1549 de
2066 1520 2139 1550 Alto

1138 1582 1151 1596 n
1174 1571 1290 1607 Passu,
1316 1571 1444 1601 Lucane
1467 1571 1617 1608 diocesis,
1641 1573 1756 1602 rectori
1777 1572 1942 1611 hospitalis
1965 1582 2140 1612 pauperum

1137 1635 1150 1649 >³
1176 1624 1290 1654 Sancte
1306 1625 1408 1654 Marie
1427 1625 1465 1654 de
1491 1625 1691 1660 Urbeveteri,
1718 1626 1853 1656 salutem
1872 1630 1902 1656 et
1925 1627 2083 1656 sinceram
2104 1628 2139 1656 in

1137 1689 1150 1703 ι)
1175 1677 1315 1708 Domino
1338 1678 1513 1708 caritatem.
1537 1679 1667 1708 Dudum
1692 1679 1842 1718 hospitali
1864 1689 2076 1718 pauperum...
2100 1697 2140 1703 —-

1137 1742 1150 1756 n
1174 1732 1291 1760 Actum
1322 1735 1352 1760 et
1382 1731 1491 1760 datum
1522 1731 1643 1768 Rome,
1677 1732 1711 1760 in
1742 1732 1878 1770 hospitio
1913 1737 2020 1763 nostro
2056 1734 2139 1771 apud

1137 1786 1156 1810 ›2‘
1175 1784 1327 1813 Sanctum
1362 1784 1572 1814 Laurentium
1609 1785 1644 1814 in
1696 1785 1834 1822 Lucina,
1872 1795 1957 1816 anno
2007 1787 2138 1816 Domini

1136 1848 1149 1862 ι)
1174 1836 1514 1873 M.CC.LXXXXIII,
1548 1837 1725 1867 indictione
1755 1839 1910 1876 secunda,
1938 1840 2138 1877 pontificatus

1135 1901 1148 1916 »
1174 1889 1297 1919 domini
1321 1891 1447 1920 Nicolai
1467 1900 1547 1929 pape
1565 1891 1632 1921 IIII
1651 1900 1736 1921 anno
1755 1892 1875 1930 primo,
1903 1893 1952 1922 die
1970 1893 2138 1923 undecima

1135 1955 1148 1969 n
1174 1944 1296 1973 mensis
1315 1944 1518 1981 novembris;
1543 1949 1689 1983 presente
1712 1945 1795 1975 dicto
1818 1946 1913 1975 fratre
1941 1946 2091 1976 Johanne
2109 1951 2139 1977 et

1135 2008 1148 2023 n
1173 2001 1354 2036 acceptante
1373 1998 1531 2036 predicta,
1557 2007 1592 2028 ac
1608 1999 1809 2037 presentibus
1830 2004 1860 2028 et
1875 2000 1991 2038 rogatis
2010 2000 2138 2030 testibus

1135 2063 1148 2077 »
1173 2051 1313 2081 dominis
1328 2051 1461 2082 Oddone
1477 2056 1506 2082 et
1527 2052 1685 2082 Landulfo
1709 2053 1746 2082 de
1770 2053 1964 2092 Columpna,
1986 2054 2138 2084 fratribus

1135 2116 1148 2131 n
1174 2105 1308 2142 nostris,
1339 2105 1435 2134 fratre
1461 2105 1621 2144 Symone,
1648 2106 1770 2135 ordinis
1796 2107 1930 2136 fratrum
1960 2107 2138 2145 minorum,

1135 2170 1147 2184 n
1170 2158 1291 2197 judice,⁴
1303 2159 1398 2189 Petro
1410 2159 1575 2189 Mardonis
1588 2160 1625 2189 de
1636 2160 1733 2197 Urbe,
1748 2157 1949 2190 ‹Iohanne'de
1960 2160 2136 2198 Gallicano,

1133 2223 1147 2238 »
1172 2211 1297 2241 domini
1317 2221 1396 2251 pape
1412 2213 1579 2251 scriptore,
1597 2217 1627 2242 et
1642 2213 1736 2243 Petro
1756 2214 1958 2243 Montanario
1974 2214 2011 2243 de
2033 2214 2137 2244 Urbe-

1133 2277 1147 2291 »
1171 2269 1286 2295 vetere.
1304 2266 1343 2295 In
1365 2274 1502 2304 quorum
1527 2266 1745 2296 testimonium
1771 2271 1800 2296 et
1826 2267 1981 2296 cautelam
2006 2276 2137 2305 presens

1133 2330 1146 2345 n
1170 2318 1434 2355 instrumentum,
1451 2328 1507 2357 per
1525 2319 1668 2357 judicem
1683 2320 1868 2350 Johannem
1886 2320 2081 2350 Parlatorem
2099 2320 2137 2350 de

1133 2383 1146 2398 »
1171 2371 1278 2409 Setia,
1305 2373 1467 2402 notarium
1490 2373 1752 2411 infrascriptum,
1779 2373 1817 2402 de
1850 2373 2000 2402 mandato
2030 2377 2136 2403 nostro

1090 2445 1092 2450 ,
1133 2437 1146 2451 »
1170 2425 1361 2461 confectum,
1385 2425 1485 2455 nostri
1502 2425 1600 2463 sigilli
1624 2426 1758 2455 fecimus
1783 2426 1976 2464 appensione
2001 2425 2133 2455 muniri.

1133 2489 1145 2504 π
1172 2478 1209 2507 Et
1231 2487 1299 2516 ego,
1318 2478 1484 2508 Johannes
1502 2478 1604 2508 dictus
1628 2478 1773 2508 Parlator
1790 2479 1829 2508 de
1852 2479 1947 2514 Setia,
1967 2478 2135 2517 apostolice

1132 2543 1145 2557 n
1171 2531 1253 2561 sedis
1278 2532 1463 2562 auctoritate
1482 2532 1580 2571 judex
1603 2536 1633 2561 et
1659 2532 1804 2561 notarius
1825 2536 1855 2561 et
1870 2532 1982 2570 prefati
2010 2530 2135 2560 domini

1132 2596 1145 2611 ιι
1168 2585 1278 2615 J-acobi
1294 2585 1467 2615 cardinalis
1481 2586 1635 2621 notarius,
1654 2585 1803 2624 predictis
1819 2585 1999 2623 prolationi,
2016 2584 2134 2614 consti-

1132 2650 1145 2664 »
1171 2638 1284 2668 tutioni
1309 2642 1339 2667 et
1371 2638 1563 2668 ordinationi
1590 2638 1667 2667 dicti
1691 2638 1822 2667 rectoris
1857 2642 1886 2666 et
1914 2636 2134 2666 commissioni

1088 2690 1089 2695 ¹
1132 2703 1145 2718 n
1170 2700 1245 2721 cure
1259 2700 1295 2720 ac
1312 2691 1481 2729 regiminis
1497 2691 1712 2729 predictorum
1739 2695 1768 2719 et
1793 2690 1911 2728 prefate
1926 2689 2133 2727 acceptationi

1131 2756 1145 2770 >³
1170 2743 1246 2773 dicti
1268 2743 1375 2773 fratris
1397 2743 1557 2774 «Iohannis
1578 2747 1705 2781 rogatus
1720 2742 1869 2779 interlui,
1888 2751 1987 2781 eaque
2008 2750 2045 2772 ac
2062 2751 2133 2780 pre·-

1132 2808 1145 2824 ι)
1170 2806 1242 2827 sens
1255 2797 1508 2826 instrumentum
1526 2797 1565 2826 de
1580 2796 1730 2826 mandato
1750 2795 1826 2826 dicti
1847 2795 1970 2826 domini
1987 2795 2133 2825 cardina-

1132 2863 1145 2878 »
1169 2851 1208 2880 lis
1225 2851 1346 2889 scripsi,
1364 2850 1526 2889 publicavi
1544 2850 1682 2888 etsigno
1698 2858 1769 2880 meo
1784 2849 1919 2887 signavi.
1939 2861 1951 2876 n

1172 2917 1184 2932 α
1209 2905 1277 2941 Que
1294 2904 1332 2934 de
1350 2904 1472 2933 sedis...
1489 2921 1527 2925 —
1544 2903 1616 2933 Dat.
1635 2907 1669 2933 ut
1685 2912 1790 2942 supra.
1811 2916 1822 2928 n
