2477 3637
342 406 398 438 110
1088 404 1322 434 REGISTRES
1344 405 1398 434 DE
1421 404 1604 434 NICOLAS
1627 404 1683 433 IV.

341 478 447 503 autem
465 472 503 502 ad
522 472 664 511 ejusdem
683 470 912 509 predecessoris
930 469 1086 505 notitiam,
1105 470 1188 500 dicto
1205 470 1265 500 sibi
1282 470 1345 510 pri-

341 527 503 564 mogenito
534 525 748 563 significante,
782 524 925 562 pervenit
946 523 1041 561 quod,
1070 523 1235 553 nonnullis
1263 524 1345 563 pacis

342 579 526 610 tractatibus
543 579 623 607 inter
639 577 775 606 eundem
798 577 1047 616 primogenitum
1065 581 1095 606 et
1116 576 1288 606 Alfonsnm
1310 586 1345 607 ac

341 633 513 667 Jacobum,
533 631 694 669 quondam
717 630 801 659 Petri
827 629 903 659 oliui
927 630 1011 667 regis
1037 631 1224 667 Aragonum
1249 630 1344 666 filios,

341 686 494 716 hactenus
517 684 656 720 habitis,
683 683 786 713 dictus
811 682 963 713 Alt'onsus
989 683 1049 712 sibi
1077 692 1130 722 per
1161 706 1180 712 ..
1214 683 1346 713 ecclesie

342 738 498 768 Salsensis
522 737 715 776 prepositum
743 737 908 765 intimarat
935 736 1018 775 quod
1044 736 1129 766 idem
1154 736 1292 766 Jacobus
1317 741 1346 766 et

341 791 538 830 Constantia,
555 794 654 819 mater
670 790 751 828 ejus,
775 799 830 828 per
847 794 948 819 certos
971 790 1100 833 nuntios
1123 789 1278 819 duxerant
1294 798 1345 819 re-

341 844 534 884 quirendum
552 848 586 873 ut
598 844 664 882 ipse
680 852 697 873 a
713 843 941 882 compositione
956 844 1023 873 sive
1035 843 1205 874 concordia
1222 843 1346 882 pridem

342 898 425 928 inter
444 906 516 926 eum
540 897 674 936 illosque
692 901 840 934 tractata,
857 896 934 926 dum
950 897 1055 927 adhuc
1073 898 1104 926 in
1123 896 1233 927 Sicilie
1249 897 1346 935 parti-

341 951 400 981 bus
414 951 644 990 primogenitus
658 950 724 989 ipse
738 955 830 985 esset,
848 950 994 980 recedere
1009 958 1070 979 non
1088 950 1228 986 deberet,
1244 949 1346 988 quod-

343 1013 403 1043 que
429 1003 530 1033 dictus
556 1003 708 1033 Alsonsus
733 1003 917 1033 intendebat
938 1003 1070 1033 omnino
1094 1011 1202 1032 eorum
1231 1002 1263 1031 in
1289 1002 1347 1031 hac

341 1062 429 1096 parte
445 1057 596 1095 prosequi
610 1056 806 1086 voluntatem
821 1068 826 1091 ;
845 1061 1065 1086 verumtamen
1083 1059 1265 1094 procuraret
1280 1063 1347 1085 eos-

342 1118 404 1148 que
422 1109 624 1148 compelleret
638 1110 721 1148 quod
740 1110 880 1140 contenti
898 1110 1071 1139 existerent
1087 1113 1120 1139 ut
1139 1109 1257 1148 absque
1271 1117 1346 1138 con-

342 1163 462 1193 ditione
479 1162 527 1192 vel
544 1163 721 1193 retentione
735 1163 842 1202 aliqua
858 1163 968 1193 Sicilie
980 1162 1132 1197 insulam,
1148 1171 1220 1192 cum
1234 1161 1349 1192 insulis

342 1216 503 1252 omnibus,
521 1226 583 1255 que
599 1216 658 1246 sibi
674 1216 819 1255 adjacere
840 1221 1026 1252 noscuntur,
1048 1221 1229 1254 terramque
1253 1220 1348 1245 totam

343 1270 427 1299 infra
443 1269 560 1307 Regini
580 1269 870 1308 archiepiscopatus
887 1270 1005 1299 limites
1021 1270 1264 1305 consistentem,
1285 1269 1349 1298 Tu-

343 1323 483 1361 niciique
502 1323 656 1352 tributum
682 1323 749 1361 regi
771 1322 882 1352 Sicilie
900 1323 1043 1352 debitum
1062 1322 1166 1353 eidem
1187 1322 1304 1352 Jacobo
1321 1326 1351 1352 et

342 1375 514 1405 heredibus
532 1376 598 1405 suis
617 1376 651 1404 in
668 1380 870 1414 perpetuum,
887 1376 1121 1414 primogenitus
1137 1376 1204 1414 ipse
1222 1376 1351 1406 duceret
1382 1371 1388 1378 “

342 1428 544 1458 concedenda
557 1440 563 1466 ;
579 1433 609 1458 et
624 1428 707 1467 quod
721 1429 852 1467 insuper
865 1433 1047 1468 procuraret
1058 1433 1088 1458 et
1105 1429 1220 1458 faceret
1234 1433 1268 1459 ut
1278 1437 1349 1459 con-

343 1482 517 1512 cessionem
541 1491 594 1512 seu
620 1482 827 1512 donationem
856 1482 1052 1521 hujusmodi·
1067 1482 1157 1512 sedes
1181 1482 1350 1521 apostolica

342 1535 566 1572 confirmaret,
587 1544 622 1565 ac
638 1544 803 1574 processus
819 1541 928 1566 contra
944 1536 1082 1565 eundem
1107 1536 1239 1565 Petrum
1257 1544 1352 1575 super

342 1589 522 1628 privatione
539 1590 630 1627 regni
646 1590 833 1628 Aragouum
851 1594 881 1619 et
893 1589 973 1619 alios
989 1589 1149 1628 quoslibet
1163 1594 1272 1619 contra
1283 1598 1352 1628 pre-

343 1642 421 1672 fatos
439 1641 621 1677 Alfonsum,
639 1642 795 1672 Jacobum
814 1646 843 1671 et
858 1642 1078 1673 Constantiam
1096 1651 1270 1681 eorumque
1285 1651 1350 1672 vas-

343 1695 437 1726 sallos
453 1705 508 1734 per
526 1695 633 1725 sedem
653 1696 754 1734 ipsam
772 1696 907 1732 habitos,
926 1704 1050 1726 necnon
1066 1701 1096 1726 et
1111 1696 1350 1725 concessionem

343 1749 382 1780 de
399 1749 542 1788 predicto
555 1750 742 1787 Aragonum
761 1758 859 1788 regno
882 1750 996 1780 factam
1015 1750 1151 1780 totaliter
1170 1739 1350 1786 revocaret3

344 1802 492 1841 quodque
509 1803 647 1841 prefatus
664 1802 818 1833 Alfonsus
836 1803 995 1842 adjecerat
1012 1813 1066 1842 per
1086 1803 1267 1833 Salsensem
1284 1812 1352 1842 pre-

344 1855 483 1894 positum
500 1856 732 1900 ¹supradictum
756 1856 839 1894 qnod
862 1866 920 1887 nec
943 1866 998 1895 per
1019 1856 1144 1887 obsides
1168 1866 1272 1896 neque
1297 1866 1352 1896 per

345 1909 531 1938 securitates
547 1909 625 1938 alias
643 1914 765 1948 poterat
781 1900 884 1940 dictus
904 1904 1139 1948 primogenitus
1153 1910 1351 1949 quomodoli-

343 1962 395 1992 bet
411 1962 551 2001 liberari,
571 1963 671 1994 donec
688 1963 827 2002 predicta
843 1964 993 2003 perducta
1015 1964 1185 1994 existerent
1201 1964 1239 1994 ad
1256 1965 1350 1995 effec-

343 2020 431 2052 tum3
456 2024 491 2045 ac
518 2017 614 2046 etiam
634 2017 773 2047 eundem
794 2018 950 2047 Jacobum
970 2022 1000 2047 et
1020 2017 1121 2056 ipsius
1143 2019 1349 2056 primogeniti

342 2074 450 2099 natam
473 2075 556 2100 etate
574 2071 729 2109 majorem
749 2080 785 2101 ac
808 2071 1060 2110 primogenitum
1083 2072 1152 2110 ejus
1179 2076 1207 2101 et
1228 2072 1350 2101 Isalan-

342 2123 427 2157 dam,
443 2123 569 2153 Alfonsi
588 2129 618 2154 et
632 2124 743 2154 Jacobi
757 2124 971 2163 predictorum
987 2133 1138 2161 sororem,
1154 2125 1351 2163 contingeret

342 2177 623 2207 matrimonialiter
646 2177 807 2216 copulari3
825 2182 866 2215 et,
888 2182 922 2207 ut
936 2178 1075 2216 predicta
1091 2183 1218 2217 possent
1234 2179 1350 2209 melius

340 2229 450 2268 perfici
469 2230 689 2269 efficatiusqne
706 2231 876 2270 compleri,
898 2237 1017 2269 treuge,
1037 2241 1099 2270 que
1115 2240 1281 2262 romanam
1298 2241 1348 2262 ec-

341 2282 471 2313 clesiam
487 2288 518 2313 et
535 2284 603 2323 ejus
619 2285 774 2322 rethores,
797 2289 830 2314 ut
848 2286 948 2324 patrie
963 2285 1071 2316 verbis
1088 2290 1226 2323 utamur,
1244 2286 1348 2317 inclu-

341 2336 469 2373 derent,
486 2337 656 2372 mirentur,
675 2346 692 2367 a
711 2338 880 2369 medietate
896 2339 1017 2368 mensis
1035 2339 1113 2369 maii
1130 2343 1205 2369 tunc
1223 2342 1349 2370 venturi

341 2390 484 2429 proximo
509 2390 700 2428 inchoande,
719 2400 754 2421 ac
773 2400 809 2421 ex
830 2397 905 2421 tunc
921 2401 976 2430 per
995 2392 1166 2422 biennium
1184 2392 1347 2431 durature,

339 2442 384 2472 ita
403 2447 508 2473 tamen
525 2443 609 2482 quod
632 2444 715 2473 idem
738 2444 877 2474 Jacobus
892 2445 1013 2483 prefato
1033 2445 1168 2476 Alfonso
1184 2446 1218 2476 in
1235 2455 1350 2484 guerra

340 2495 482 2535 qualibet
496 2502 600 2535 posset
623 2488 964 2537 auxilium‘impertiri.
991 2498 1095 2534 Quare
1114 2499 1255 2537 prefatus
1278 2509 1347 2538 pre-

340 2549 497 2587 decessor,
511 2551 665 2589 premissa
681 2550 852 2589 diligenter
869 2552 1035 2582 attendens
1049 2561 1149 2591 eaque
1163 2553 1269 2583 ferens
1285 2562 1348 2584 non

338 2603 472 2641 indigne
487 2603 631 2641 moleste,
649 2613 721 2634 cum
744 2604 801 2634 illa
819 2605 853 2634 in
870 2605 1107 2644 derogationem
1124 2606 1279 2644 grandem
1295 2607 1347 2637 ho-

339 2657 426 2686 noris
447 2656 577 2686 ecclesie
596 2666 631 2687 ae
648 2658 718 2696 ejus
739 2661 767 2687 et
787 2659 887 2697 ipsius
906 2659 1110 2698 primogeniti
1128 2659 1348 2699 heredumque

339 2718 469 2739 suorum
497 2719 593 2748 grave
616 2711 851 2750 prejudicium,
880 2712 1084 2752 obprobrium
1115 2713 1291 2751 plurimum
1319 2717 1349 2743 et

338 2761 493 2792 lesionem
505 2763 716 2802 multiplicem
730 2765 956 2802 redundarent,
976 2770 1143 2796 tractatum
1161 2765 1347 2804 hujusmodi

338 2815 377 2845 de
401 2815 535 2845 fratrum
561 2825 692 2847 suorum
716 2818 850 2848 consilio
874 2819 1054 2857 reprobavit
1077 2828 1222 2858 expresse
1245 2823 1292 2854 et,
1320 2819 1346 2848 si

337 2868 416 2898 sorte
443 2868 480 2897 de
507 2869 585 2899 sacto
609 2875 814 2908 processerat,
832 2872 968 2901 cassavit
987 2876 1020 2901 et
1041 2872 1169 2911 penitus
1187 2871 1344 2908 vacuavit,

338 2921 444 2960 ipsum
461 2929 653 2960 omnemque
670 2922 718 2953 illi
744 2924 884 2954 similem
903 2925 1044 2963 presumi
1068 2924 1204 2955 ulterius
1225 2924 1346 2954 distric-

339 2974 400 3004 tius
414 2973 604 3011 inhibendo,
619 2979 659 3012 et,
675 2976 700 3005 si
713 2977 785 3015 quis
799 2986 835 3006 ex
856 2982 928 3007 tunc
940 2978 1020 3008 soret
1034 2978 1257 3017 quoquomodo
1274 2986 1343 3017 pre-

338 3031 494 3066 sumptuS,
526 3036 598 3056 eum
626 3028 765 3058 decrevit
791 3030 918 3060 irritum
944 3036 974 3060 et
1004 3031 1136 3061 inanem
1160 3039 1196 3061 ac
1222 3030 1344 3061 nullius

338 3080 474 3110 existere
491 3080 664 3110 firmitatis.
687 3082 809 3113 Prefato
826 3092 900 3114 vero
919 3084 1137 3122 predecessore
1160 3089 1273 3115 nature
1289 3084 1345 3115 de-

1427 470 1530 501 bitum
1546 469 1755 508 persolvente,
1773 468 1874 499 dictus
1892 478 1945 498 rex
1962 469 2080 508 Anglie
2092 478 2111 499 a
2127 470 2218 500 nobis
2236 475 2267 500 et
2280 471 2430 506 fratribus
2475 478 2477 484 “

1428 523 1556 561 nostris,
1576 531 1713 562 quorum
1730 531 1788 552 nos
1804 527 1879 553 tunc
1897 531 2052 553 numerus
2068 523 2260 561 includebat,
2277 533 2332 562 per
2346 533 2430 556 nun-

1429 576 1486 606 tios
1502 585 1576 607 suos
1593 581 1622 606 et
1638 576 1758 606 litteras
1775 575 1942 615 postulavit
1958 579 1993 605 ut
2005 584 2061 614 pro
2075 575 2264 607 liberatione
2276 577 2430 618 primogo-
2476 574 2477 578 ’

1428 629 1489 659 niti
1511 629 1681 659 memorati
1702 628 1901 667 complenda,
1921 637 1993 667 que,
2011 633 2103 667 prout
2120 629 2261 668 ipsarum
2278 631 2430 665 innuebat

1429 684 1527 712 series
1543 683 1738 719 litterarum,
1755 682 1814 712 sub
1831 682 1927 712 certis
1943 682 2193 717 conditionibus,
2219 691 2356 722 quarum
2372 686 2434 717 noi

1428 735 1477 765 bis
1495 740 1524 765 et
1543 736 1692 765 fratribus
1709 736 1785 774 ipsis
1798 735 1952 765 certitudo
1968 743 2032 765 non
2050 735 2170 772 aderat,
2192 740 2382 775 proventura
2394 720 2437 800 1.Ιῖ

1428 789 1572 827 proximo
1586 789 1780 828 sperabatur,
1801 789 1839 818 ad
1857 789 2113 827 prorogationem
2133 793 2317 827 treugarum
2334 798 2388 829 per
2421 814 2432 822 -,

1429 849 1502 871 cum
1519 842 1652 873 Alfonso
1670 843 1846 872 faciendam
1865 842 2003 881 predicto
2024 851 2042 872 a
2064 842 2143 872 festo
2164 842 2247 873 beati
2267 843 2385 874 Micha·

1431 899 1505 925 tunc
1521 897 1663 934 proximo
1682 900 1828 926 secuturo
1844 904 1944 935 usque
1965 895 2004 925 ad
2026 904 2149 926 annum
2171 904 2264 935 opem
2283 896 2436 928 darem

1430 951 1460 977 et
1483 957 1612 987 operam
1632 950 1804 979 efficacem.
1832 949 1925 980 Unde
1948 957 2007 979 nos
2023 954 2051 979 et
2069 949 2167 979 iidem
2185 950 2297 980 fratres
2314 958 2388 981 nos·
2407 984 2410 985 7
2432 975 2435 980 .

1430 1005 1576 1038 gerentes
1593 1003 1757 1041 potissime
1775 1003 1862 1033 cordi
1886 1003 2050 1040 negotium
2071 1007 2100 1032 et
2124 1002 2349 1034 liberationem
2372 994 2428 1035 hu}

1426 1053 1567 1093 jusmodi
1583 1056 1663 1086 votis
1679 1056 1874 1086 ferventibus
1885 1057 2062 1095 cupientes,
2076 1057 2235 1094 prefatum
2246 1065 2356 1095 regem
2367 1057 2397 1088 A
2406 1068 2426 1085 ιι.

1430 1106 1493 1144 glie
1508 1107 1546 1137 ad
1564 1108 1663 1147 ipsius
1679 1109 1847 1139 sollicitam
1864 1114 1893 1138 et
1906 1113 2164 1147 perseverantem
2179 1109 2421 1148 prosecutione·
2439 1145 2442 1155 ί

1431 1161 1553 1198 negotii
1571 1161 1630 1191 sub
1646 1167 1730 1192 certa
1746 1162 1847 1192 forma
1866 1161 2034 1192 sollicitius
2053 1167 2083 1192 et
2099 1162 2302 1192 affectuosius
2320 1161 2401 1194 exho
2418 1174 2423 1178 -

1433 1217 1544 1251 tames,
1561 1213 1614 1248 tibi
1634 1223 1728 1253 super
1746 1215 1816 1252 hoc,
1834 1224 2019 1254 quanquam
2037 1214 2225 1254 hujusmodi
2242 1215 2336 1245 nobis
2352 1215 2425 1246 exi
2443 1220 2446 1226 ¹

1433 1270 1535 1296 terent
1545 1267 1742 1297 conditiones
1753 1268 1884 1305 incerte,
1896 1273 2018 1298 nostras
2030 1268 2089 1298 sub
2097 1272 2180 1298 certa
2189 1268 2292 1299 forma
2303 1267 2372 1300 litte
2394 1282 2397 1295 :

1431 1318 1469 1349 de
1485 1328 1548 1358 qua
1563 1320 1704 1351 vidimus
1719 1322 1867 1361 expedire
1884 1322 2024 1360 negotio,
2043 1331 2098 1361 per
2112 1322 2257 1361 ejusdem
2271 1322 2357 1361 regis
2379 1334 2387 1350 ι
2424 1350 2426 1352 .

1430 1372 1495 1411 glie
1509 1374 1650 1410 nuntios,
1666 1383 1744 1413 quos
1755 1375 1900 1406 celeriter
1913 1376 2061 1414 expedire
2077 1376 2274 1414 curavimus,
2287 1375 2397 1406 duxim
2408 1396 2419 1411 4

1431 1426 1630 1464 dirigendas,
1653 1428 1724 1458 aliis
1749 1429 1980 1459 nichilominus
2008 1438 2102 1468 super
2123 1428 2182 1459 hoc
2205 1429 2389 1468 subsequen
2408 1435 2423 1455 ι·

1430 1480 1651 1511 exhortatoriis
1667 1481 1781 1512 litteris
1800 1483 1902 1512 eidem
1920 1483 1986 1520 regi
2005 1482 2123 1520 Anglie
2142 1482 2318 1513 destinatis
2337 1481 2426 1513 Cum

1430 1542 1492 1572 que
1508 1534 1708 1572 postmodum
1724 1544 1860 1574 superne
1876 1535 2096 1574 dispositionis
2112 1535 2244 1566 arbitrio
2259 1535 2299 1566 ad
2311 1543 2386 1576 apos
2405 1550 2436 1562 ι,-

1430 1584 1490 1615 lice
1505 1585 1677 1616 fuissemus
1692 1588 1825 1625 permoti
1841 1588 2002 1626 fastigium
2019 1588 2203 1628 dignitatiS,
2221 1588 2388 1619 carissima
2402 1587 2413 1615 ἰ
2425 1594 2438 1601 ”

1431 1638 1558 1669 Christo
1570 1639 1638 1669 filia
1648 1644 1754 1670 nostra
1768 1641 1879 1677 Maria,
1891 1649 2019 1671 consors
2030 1641 2237 1680 primogeniti
2250 1641 2422 1680 supradio

1431 1701 1487 1731 per
1507 1692 1657 1723 dilectum
1682 1693 1786 1728 filium
1805 1694 1943 1724 nobilem
1963 1695 2067 1724 virum
2098 1694 2290 1725 Riccardum
2315 1695 2354 1726 de
2370 1694 2442 1726 Nur

1431 1745 1535 1783 bians,
1548 1747 1616 1785 ejus
1627 1747 1790 1784 nuntium,
1806 1757 1823 1777 a
1838 1748 1930 1778 nobis
1938 1756 1994 1787 pro
2010 1748 2209 1779 liberationis
2220 1748 2394 1788 ejusdemp
2420 1765 2422 1773 ι

1432 1800 1588 1838 mogeniti
1601 1801 1820 1831 consumando
1833 1802 1958 1840 negotio
1969 1807 2091 1832 certum
2100 1801 2324 1840 pecuniarium
2335 1801 2440 1832 suh

1433 1853 1522 1883 dium
1535 1854 1725 1892 postulavit3
1740 1854 1779 1884 ad
1794 1860 1934 1885 nostram
1947 1855 2176 1885 nichilominus
2187 1855 2340 1894 perducto
2351 1863 2394 1886 no
2406 1861 2418 1881 *-

1435 1907 1522 1943 tiam,
1535 1906 1620 1945 quod
1636 1906 1780 1938 liberatio
1799 1908 1909 1949 eadem
1925 1908 1984 1938 sub
1999 1908 2200 1947 gravissimis
2213 1912 2244 1938 et
2254 1907 2428 1949 ἀοι-ἰεείιι,
2438 1905 2442 1931 ἶ

1432 1960 1531 1999 pactis
1539 1967 1569 1990 et
1578 1961 1816 1992 conditionibus
1826 1962 1924 1991 variis
1936 1961 2120 1999 etdiversis,
2133 1970 2269 2001 quorum
2279 1970 2391 1993 nonnu
2412 1959 2417 1986 ’ἕ

1433 2018 1627 2044 annotantur
1652 2015 1808 2050 inferius,
1830 2015 2037 2052 tractabatur,
2059 2015 2097 2044 de
2119 2015 2236 2054 quibus
2265 2014 2386 2055 aliqua,
2413 2038 2416 2040 ,

1432 2066 1605 2104 diligenter
1634 2067 1809 2098 attenditur
1830 2073 1861 2098 et
1882 2067 2016 2098 sollicita
2041 2068 2250 2099 meditatione
2275 2073 2386 2108 pensat
2404 2060 2422 2099 ιῖ.

1432 2120 1540 2150 divine
1560 2121 1732 2160 majestatis
1758 2121 1858 2151 oculis
1885 2121 2012 2160 odiosa,
2044 2121 2201 2152 nonnulla
2226 2121 2382 2162 injuriosa

1431 2173 1606 2213 periculosa
1627 2175 1726 2204 nimis
1746 2174 1877 2205 ecclesie
1890 2198 1897 2211 ‚
1922 2175 2079 2205 nonnulla
2099 2175 2195 2214 plena
2215 2175 2391 2215 dispendiis
2411 2198 2418 2211 -7

1431 2226 1608 2266 dampnosa
1632 2227 1723 2258 valde
1741 2228 1955 2267 primogenito
1980 2234 2011 2259 et
2036 2228 2209 2259 heredibus
2235 2228 2414 2268 supradica-

1431 2281 1569 2319 quedam
1588 2290 1651 2311 non
1674 2281 1852 2318 modicum,
1879 2282 1979 2311 immo
1995 2281 2274 2321 quamplurimum
2297 2282 2416 2322 ριέᾐιιιῑ
2433 2301 2435 2304 v

1431 2335 1525 2366 cialia
1542 2335 1618 2372 tibi,
1637 2335 1774 2375 quedam
1797 2335 1862 2365 sere
1878 2335 2099 2374 impossibilia,
2119 2335 2255 2374 quedam
2279 2335 2412 2366 illicita*
2446 2344 2447 2349 ¹

1431 2389 1603 2428 pernitiosa
1619 2388 1762 2427 exemplo
1777 2397 1812 2418 ac
1825 2388 1960 2418 orrenda
1972 2393 2003 2418 et
2016 2388 2258 2419 abhominanda
2273 2389 2382 2420 fidelib
2411 2394 2421 2415 -’Ἰ

1430 2447 1522 2481 prout
1537 2451 1572 2472 ex
1586 2450 1695 2472 eorum
1707 2442 1903 2480 inspectione
1915 2441 2007 2480 plene
2018 2441 2192 2480 colligitur,
2210 2441 2383 2473 dinoscunt

1431 2496 1548 2532 Quare,
1566 2495 1737 2535 superbiis
1752 2504 1826 2525 cum
1843 2495 1993 2525 fratribus
2011 2495 2125 2526 nostris
2139 2500 2248 2526 exacta
2265 2499 2296 2526 et
2311 2499 2378 2526 mat
2396 2505 2401 2523 ι
2432 2519 2434 2523 .

1431 2558 1649 2589 perpensaque
1664 2549 1892 2579 deliberatione
1908 2548 2092 2588 perhabita,
2110 2552 2203 2588 prout
2224 2549 2303 2579 tanti
2318 2553 2358 2580 et*
2405 2554 2407 2556 ’

1431 2603 1525 2633 ardui
1536 2603 1657 2641 negotii
1669 2602 1805 2642 qualitas
1816 2602 1926 2641 exigit,
1939 2611 2002 2633 non
2017 2602 2169 2640 vidimus,
2185 2606 2384 2642 quantumcu
2393 2596 2416 2627 ιιι

1429 2665 1491 2696 que
1512 2664 1678 2695 personam
1701 2656 1802 2694 ipsius
1821 2656 2024 2695 primogeniti
2047 2656 2238 2694 diligamus,
2263 2661 2413 2696 quantu
2433 2673 2435 2676 ⁴

1430 2718 1566 2749 cumque
1579 2713 1695 2739 statum
1712 2710 1853 2740 votivum
1866 2714 1896 2740 et
1909 2718 2098 2749 prosperum
2113 2709 2320 2749 exquiramus
2333 2708 2415 2750 ips'
2432 2731 2435 2740 ι

1430 2772 1549 2802 sueque
1566 2762 1763 2793 liberationis
1776 2764 1942 2802 cupiamus
1957 2763 2118 2801 effectum,
2135 2761 2321 2802 hujusmodi
2346 2775 2367 2789 ιι
2382 2766 2402 2793 v}
2413 2772 2439 2794 μ’

1430 2821 1460 2847 et
1477 2816 1714 2847 conditionibus
1735 2817 1972 2856 quomodolibet
1988 2816 2220 2854 annuendum,
2243 2825 2318 2847 cum
2332 2815 2406 2848 dio

1429 2869 1663 2909 primogenitus
1675 2869 1814 2900 libertati
1828 2869 1932 2900 taliter
1945 2870 2121 2908 restitutuS,
2134 2869 2334 2908 gravioribus
2352 2876 2395 2909 qu

1429 2923 1598 2954 dammodo
1609 2922 1724 2961 ligatus
1734 2923 1872 2954 vinculis
1885 2927 1915 2953 et
1928 2923 2023 2953 statui
2037 2922 2158 2953 duriori
2167 2921 2236 2963 subj
2242 2926 2340 2960 ectus,
2349 2921 2376 2962 ej
2403 2920 2409 2954 ,ἶ
2420 2940 2436 2950 .·

1429 2985 1490 3016 que
1505 2976 1565 3006 filii
1581 2976 1779 3007 multimodis
1795 2977 1929 3015 expositi
1945 2976 2069 3006 casibus
2079 2975 2277 3013 viderentur,
2291 2979 2322 3006 et
2336 2983 2353 3006 e
2397 2977 2433 3009 ta>

1429 3030 1477 3060 sia
1510 3030 1606 3060 etiarn
1636 3030 1828 3070 quibusdam
1859 3029 1975 3060 validis
2005 3029 2193 3060 redderetur
2219 3027 2383 3068 circumpl·
2398 3054 2431 3065 7,,

1428 3083 1581 3114 funiculis
1597 3088 1626 3113 et
1639 3084 1768 3123 majoris
1781 3084 1889 3114 oneris
1905 3083 2031 3114 sarcina
2038 3086 2240 3122 pregravata;
2257 3081 2364 3122 predic
2382 3094 2385 3106 2
2409 3094 2417 3112 ,ι
