2477 3637
183 333 241 364 462
932 325 1169 357 REGISTRES
1191 320 1246 356 DE
1269 324 1454 355 NICOLAS
1474 325 1517 356 IV

183 398 369 437 hujusmodi
384 388 546 426 faciendas
562 395 713 425 nolumus
728 394 913 424 auctoritate
928 392 1075 431 procedi;
1095 393 1190 431 quin-

184 452 286 482 immo
300 460 338 481 ne
353 449 539 490 procedatur
558 458 611 488 per
629 447 701 477 illas
724 447 899 477 districtius
915 446 1115 484 inhibemus,
1134 454 1192 476 nec

184 509 326 545 pretextu
351 502 588 533 commissionis
609 500 785 539 spetialiter
801 499 922 529 eisdem
941 499 1122 530 diocesanis
1137 508 1193 529 su-

184 568 240 597 per
262 558 320 587 hoc
343 557 422 585 facte
445 559 564 584 vestros
582 562 745 592 processus
761 553 794 582 in
812 552 989 582 eorundem
1006 552 1192 583 diocesano-

183 620 254 641 rum
272 609 452 640 civitatibus
469 613 499 637 et
517 607 696 637 diocesibus
711 606 861 637 volumus
877 606 1045 645 impediri3
1067 615 1124 636 nec
1139 616 1193 645 per

184 664 242 694 hoc
263 662 347 702 quod
363 661 440 691 fidei
459 661 625 699 negotium
645 659 840 698 generaliter
855 660 887 688 in
908 659 975 698 ipso
990 667 1090 696 regno
1105 659 1193 690 vobis

183 716 415 747 committimus
441 713 685 744 commissiones
713 722 731 743 a
758 713 879 752 prefata
911 713 985 742 sede
1016 712 1194 742 diocesanis

183 769 303 799 eisdem
323 768 428 803 factas,
447 767 473 796 si
491 767 597 797 forsan
617 766 747 796 illarum
764 775 819 796 seu
845 765 943 795 etiam
958 765 1122 795 ordinaria
1138 774 1192 795 ve-

182 823 245 852 lint
263 822 448 851 auctoritate
470 821 658 859 procedere,
675 819 878 849 intendimus
895 827 1053 850 revocare.
1071 819 1191 848 Verum

183 880 302 911 tamen,
317 875 384 904 sive
399 873 587 904 auctoritate
602 873 765 903 ordinaria
779 873 846 902 sive
859 881 896 902 ex
909 872 1106 910 delegatione
1122 881 1193 910 pre-

182 929 263 958 dicte
279 927 364 957 sedis
380 927 479 957 iidem
496 927 660 957 diocesani
675 927 708 956 in
728 925 912 965 hujusmodi
928 926 1055 964 negotio
1068 934 1192 964 proces-

182 983 301 1018 serint,
321 990 525 1020 neqnaquam
546 980 695 1011 volumus
717 980 765 1010 vel
783 989 839 1019 per
858 988 1051 1010 concursum
1069 988 1192 1018 proces-

182 1044 278 1066 suum
294 1035 344 1065 vel
359 1035 438 1065 alias
457 1034 698 1074 quomodolibet
714 1038 832 1064 vestros
847 1033 997 1072 impediri
1015 1041 1191 1072 processus,

183 1090 263 1129 quin
281 1089 527 1119 diocesanorum
543 1089 684 1127 ipsorum
703 1087 899 1127 processibus
915 1095 979 1117 non
994 1086 1193 1117 obstantibus

182 1143 217 1172 in
236 1143 347 1173 eodem
367 1142 495 1180 negotio
519 1141 690 1181 procedere
711 1141 810 1171 libere
831 1140 974 1170 valeatis.
993 1139 1026 1170 Si
1049 1148 1122 1170 vero
1137 1139 1194 1169 ali-

182 1196 237 1234 qui
260 1205 297 1225 ex
316 1195 487 1235 predictis,
508 1194 649 1225 heretica
665 1189 735 1224 lab'e
757 1193 885 1233 penitus
905 1194 1049 1232 abjurata
1062 1217 1069 1231 ,
1089 1193 1193 1223 redire

182 1249 344 1279 voluerint
364 1248 403 1278 ad
420 1248 666 1278 ecclesiasticam
687 1248 864 1282 unitatem,
882 1246 927 1276 eis
943 1246 1034 1285 juxta
1057 1246 1192 1275 formam

182 1301 313 1332 ecclesie
327 1301 537 1332 absolutionis
552 1301 745 1331 beneficium
760 1299 953 1338 impendatis
970 1303 1000 1329 et
1015 1299 1194 1338 injungatis

182 1355 303 1386 eisdem
321 1355 405 1394 quod
424 1354 554 1394 injiingi
573 1353 688 1384 talibus
704 1353 878 1383 consuevit.
899 1353 1031 1383 Proviso
1048 1352 1195 1382 sollerter

182 1418 222 1439 ne
252 1408 401 1438 simulata
427 1409 638 1438 conversione
661 1408 793 1438 redeant
820 1406 1041 1436 fraudulenter
1066 1410 1114 1443 et,
1139 1415 1193 1436 vos

181 1463 282 1493 immo
307 1463 415 1501 potins
439 1471 472 1492 se
494 1462 578 1501 ipsos
600 1461 764 1496 fallentes,
789 1461 848 1490 sub
866 1461 941 1498 agni
962 1460 1062 1499 spetie
1080 1464 1194 1498 gerant

181 1516 305 1555 lupum.
324 1516 416 1552 Quod
436 1516 463 1545 si
478 1516 578 1555 aliqui
601 1515 723 1545 fuerint
739 1514 907 1554 judicandi
926 1514 1059 1544 heretici
1075 1513 1126 1544 vel
1140 1514 1192 1543 in-

181 1569 407 1600 carcerationis
419 1578 500 1608 pena
513 1573 664 1608 perpetue
677 1568 775 1598 alicui
789 1576 845 1607 pro
857 1567 1042 1606 hujusmodi
1054 1567 1194 1598 crimine

181 1624 278 1655 inerit
292 1623 489 1662 infligenda,
508 1623 547 1653 ad
563 1622 596 1652 id
613 1632 668 1662 per
686 1631 740 1652 vos
756 1622 795 1651 de
812 1621 1058 1651 diocesanorum
1076 1620 1127 1650 vel
1142 1620 1193 1650 vi-

181 1678 342 1708 cariorum
361 1686 510 1714 suorum,
529 1677 555 1706 si
571 1677 649 1715 ipsis
667 1676 845 1706 diocesanis
861 1675 1045 1705 absentibus
1063 1684 1193 1713 presen-

183 1736 227 1762 tes
243 1731 378 1766 fuerint,
398 1730 533 1760 consilio
552 1730 759 1769 procedatur,
777 1734 812 1759 ut
832 1729 866 1758 in
887 1733 972 1759 tante
991 1729 1194 1759 animadver-

186 1785 286 1815 sionis
312 1784 429 1824 juditio
461 1793 525 1814 non
556 1784 773 1822 postponenda
805 1783 993 1822 pontificum
1022 1782 1195 1812 auctoritas

185 1839 373 1869 intercedat.
388 1838 510 1868 Verum
526 1837 602 1876 quia
618 1837 652 1866 in
671 1842 734 1866 tam
750 1837 838 1874 gravi
852 1836 989 1866 crimine
1005 1845 1078 1865 curn
1094 1835 1195 1865 multa

185 1895 307 1931 oportet
319 1890 442 1921 cautela
455 1890 592 1929 procedi,
607 1894 641 1919 ut
655 1889 688 1919 in
707 1898 776 1920 reos
792 1889 862 1919 sine
877 1888 943 1919 ullo
958 1889 1136 1927 proseratur
1150 1897 1196 1919 er-

185 1954 256 1976 rore
271 1945 351 1974 dure
366 1952 401 1973 ac
417 1943 513 1981 digne
530 1943 681 1972 severitas
698 1942 841 1980 ultionis,
859 1941 1008 1972 volumus
1020 1946 1050 1972 et
1066 1942 1195 1972 manda-

185 2008 257 2029 mus
277 2002 312 2028 ut
328 2005 383 2027 vos
402 1997 451 2027 vel
467 1996 516 2026 illi
531 2005 611 2034 quos
627 1996 665 2025 ad
689 1996 747 2026 hoc
769 1995 925 2025 duxeritis
947 1995 1144 2034 deputandos
1159 1995 1193 2025 in

186 2051 424 2082 examinatione
440 2050 568 2080 testium
586 2058 667 2088 quos
681 2049 779 2088 recipi
795 2058 890 2088 snper
905 2049 1042 2079 crimine
1054 2049 1202 2088 predicto

184 2106 355 2144 ipsumque
378 2103 641 2141 contingentibus
657 2103 832 2142 oportuerit
851 2102 1030 2132 adhibeatis
1050 2103 1129 2132 duas
1145 2112 1193 2132 re-

184 2158 313 2196 ligiosas
337 2161 367 2186 et
389 2157 540 2186 discretas
564 2164 725 2195 personas,
749 2157 782 2185 in
808 2164 944 2194 quarum
962 2156 1123 2194 presentia
1140 2165 1195 2194 per

184 2211 359 2251 publicam,
379 2211 404 2240 si
421 2210 586 2240 commode
604 2210 717 2248 poterit
734 2209 862 2246 baberi,
883 2217 1051 2248 personam
1067 2214 1122 2239 ant
1140 2219 1194 2248 per

184 2265 263 2295 dnos
287 2265 372 2294 viros
397 2264 538 2302 ydoneos
555 2263 691 2293 fideliter
707 2262 882 2293 eorundem
897 2262 1111 2301 depositiones
1131 2267 1193 2292 tes-

186 2319 264 2348 tium
277 2317 531 2348 conscribantnr.
545 2316 592 2346 Ad
608 2316 855 2347 conscribendas
867 2324 994 2354 quoque
1007 2316 1193 2355 hujusmodi

185 2371 400 2410 depositiones
427 2371 553 2400 testium
583 2375 614 2399 et
643 2370 682 2400 ad
712 2369 894 2399 faciendum
924 2369 1032 2399 omnia
1064 2378 1125 2408 qne
1157 2370 1191 2399 in

184 2425 357 2457 commisso
380 2425 468 2454 vobis
487 2425 590 2455 officio
609 2424 648 2454 ad
673 2423 820 2453 scrinarii
842 2433 897 2453 sen
922 2423 1101 2454 tabellionis
1121 2425 1190 2454 offi-

184 2480 267 2510 cium
290 2478 449 2518 pertinent
468 2477 569 2507 teneri
585 2477 726 2507 districte
742 2477 955 2516 precipimus,
975 2486 1049 2507 cnm
1066 2487 1120 2516 per
1138 2486 1191 2508 vos

184 2542 237 2563 seu
255 2542 310 2572 per
325 2532 489 2571 deputatos
503 2532 540 2561 ad
555 2531 613 2561 hoc
629 2540 646 2560 a
662 2531 750 2561 vobis
766 2531 912 2570 requisiti
930 2531 1060 2567 suerint,
1079 2540 1191 2561 ornnes

184 2591 213 2616 et
228 2586 371 2624 singulos
388 2585 483 2615 vestri
500 2584 624 2615 ordinis
645 2585 757 2613 fratres
773 2585 827 2623 qui
842 2608 848 2619 ,
869 2584 946 2613 dum
965 2589 1070 2614 essent
1088 2585 1120 2614 in
1143 2594 1192 2615 se-

183 2639 273 2674 culo,
293 2638 480 2677 hujusmodi
500 2637 720 2668 tabellionatus
736 2638 875 2667 officinm
893 2638 1042 2668 habuisse
1059 2643 1089 2668 et
1104 2648 1192 2668 exer-

183 2693 284 2722 cuisse
299 2696 484 2728 noscuntur,
500 2697 530 2721 et
542 2691 614 2721 illos
629 2691 723 2720 etiam
736 2691 854 2729 quibus
868 2691 951 2721 idem
969 2691 1191 2722 tabellionatus

183 2746 322 2776 officinm
342 2746 462 2775 ratione
478 2746 589 2784 prefati
607 2745 723 2783 negotii
749 2745 821 2775 fidei
846 2746 904 2775 suit
925 2755 942 2774 a
961 2746 1101 2784 predicta
1117 2747 1191 2777 sede

184 2799 388 2829 commissum
417 2805 446 2829 et
473 2799 505 2828 in
532 2803 691 2838 posterum
718 2799 945 2829 committetur.
974 2800 1191 2831 Concedentes

184 2853 365 2891 hujusmodi
393 2853 541 2882 iratribus
568 2861 692 2882 necnon
722 2857 752 2881 et
778 2852 851 2881 aliis
882 2853 1038 2889 religiosis
1060 2853 1191 2892 quibus-

185 2905 325 2943 libetqui
339 2905 498 2941 similiter,
515 2906 591 2935 dnm
605 2910 711 2935 essent
727 2906 758 2935 in
776 2905 894 2942 seculo,
909 2906 1028 2935 dictum
1048 2906 1190 2937 tabellio-

186 2963 278 2987 natus
295 2958 434 2987 oltirium
451 2959 631 2988 babuerunt
647 2964 677 2988 et
693 2963 914 2995 exercuerunt,
932 2959 1190 2998 quibuscumque

185 3012 279 3040 etiarn
303 3011 427 3040 clericis
452 3012 648 3042 secularibus
671 3012 812 3042 officinm
841 3013 943 3051 ipsum
975 3012 1188 3050 habentibus,

1276 392 1371 422 etiarn
1389 392 1416 421 si
1441 392 1538 422 iidem
1557 393 1670 423 fratres
1687 398 1718 423 et
1737 393 1843 422 clerici
1864 392 1928 422 sint
1948 392 1982 421 in
2000 393 2097 422 sacris
2113 393 2283 425 ordinibus

1275 445 1458 482 constituti,
1477 446 1646 476 exercendi
1667 445 1766 476 libere
1788 445 1931 476 officium
1951 445 2056 484 ipsum
2076 455 2138 485 quo
2153 446 2191 476 ad
2211 456 2282 486 pre-

1275 499 1390 534 missa,
1412 507 1474 529 non
1491 499 1637 529 obstante
1652 499 1760 538 aliquo
1776 499 1933 529 contrario
1950 502 2066 529 statuto
2082 499 2214 530 canonis
2231 499 2283 531 vel

1273 551 1398 582 ordinis
1415 560 1617 591 quocumque
1635 552 1751 582 vallato
1769 543 1970 589 munimine,
1988 551 2164 591 plenariam
2183 552 2281 583 facul·

1276 609 1382 635 tatem.
1401 605 1491 641 Quod
1508 606 1534 635 si
1552 606 1684 636 testibus
1699 614 1779 644 quos
1793 615 1811 635 a
1828 605 1917 635 vohis
1940 605 2038 644 recipi
2061 604 2108 635 vel
2130 605 2192 636 alio
2215 606 2283 638 vioe
2306 619 2319 634 ν,

1275 664 1378 689 vestra
1394 668 1429 689 su
1437 668 1489 698 per
1505 659 1615 689 eodem
1631 659 1769 689 crimine
1785 658 1965 688 examinari
1983 659 2154 697 eontigerit
2171 667 2207 688 ex
2226 668 2283 698 pu-
2323 670 2328 696 ζ
2356 664 2362 674 ”

1275 712 1446 742 blicatione
1468 712 1639 742 nominum
1657 712 1830 743 eorundem
1850 712 1993 742 videritis
2015 712 2195 750 periculum
2218 712 2283 743 im-

1275 766 1414 803 minere,
1432 766 1576 804 ipsorum
1597 765 1729 796 nomina
1746 774 1810 796 non
1828 765 1954 804 publice
1970 765 2025 795 sed
2041 770 2160 796 secrete
2176 773 2283 796 coram

1274 818 1438 857 aliquibus
1451 819 1594 858 personis
1608 819 1748 858 providis
1765 822 1794 848 et
1809 819 1964 855 honestis,
1979 818 2138 855 religiosis
2152 821 2182 848 et
2196 818 2281 856 aliis,

1274 872 1314 902 ad
1337 873 1396 902 hoc
1420 874 1555 908 vocatis,
1575 873 1613 902 de
1637 881 1774 912 quorum
1798 872 1932 903 consilio
1955 872 1994 902 ad
2016 871 2210 902 sententiam
2233 870 2284 903 vol

1275 926 1595 965 condempnationem
1626 926 1753 964 procedi
1784 925 1932 955 volumus
1945 949 1952 962 ,
1982 927 2212 964 exprimantur.
2246 925 2285 956 Et

1275 979 1330 1016 sic,
1347 987 1410 1009 non
1427 979 1571 1009 obstante
1586 979 1669 1018 quod
1686 978 1750 1008 illis
1766 983 1875 1009 contra
1890 987 1970 1018 quos
1986 978 2174 1017 huJ'usmodi
2192 983 2285 1010 testes
2324 1007 2325 1010 ,

1275 1031 1489 1071 deposuerunt
1512 1041 1622 1062 eorum
1649 1033 1782 1062 nomina
1809 1040 1872 1062 non
1899 1032 2019 1061 fuerint
2043 1031 2222 1070 publicata,
2244 1032 2285 1064 ad
2304 1027 2311 1030 ”

1275 1085 1490 1123 cognitionem
1509 1086 1628 1125 Judicis
1647 1085 1871 1116 instruendam
1888 1085 2081 1115 adhibeatur
2096 1085 2190 1124 plena
2205 1084 2284 1116 fides

1276 1139 1403 1168 testium
1436 1139 1688 1177 depositionibus
1719 1139 1906 1169 eorundem.
1942 1139 1985 1169 Ut
2015 1147 2089 1177 ergo
2120 1136 2286 1170 commissi'
2327 1175 2329 1180 Ι

1276 1192 1364 1222 vobis
1393 1192 1492 1222 officii
1521 1192 1664 1223 debitum
1693 1192 1805 1223 utilius
1833 1197 1863 1223 et
1893 1192 2027 1222 liberius
2057 1192 2262 1231 exequamini
2275 1215 2283 1229 ,
2312 1221 2316 1232 ,

1275 1245 1499 1275 committendi
1519 1246 1683 1276 citationes
1702 1247 1828 1276 testium
1839 1269 1848 1283 ,
1868 1246 2139 1283 examinationes,
2155 1254 2229 1276 cum
2245 1245 2285 1276 de

1275 1299 1462 1338 hujusmodi
1477 1299 1613 1330 crimine
1629 1308 1664 1329 ac
1680 1300 1780 1338 ipsius
1799 1299 2048 1329 circumstantiis
2063 1298 2218 1329 duxeritis
2231 1298 2284 1328 in-

1276 1352 1492 1391 quirendum,
1515 1353 1558 1382 ita
1582 1357 1687 1383 tamen
1716 1353 1801 1392 quod
1829 1352 1934 1382 eidem
1966 1351 2197 1382 examinationi
2223 1351 2286 1382 due

1276 1417 1410 1447 persone
1426 1408 1591 1446 religiose,
1612 1413 1647 1438 ut
1661 1408 1781 1438 dictum
1802 1413 1864 1445 est,
1883 1408 2052 1444 intersint,
2071 1412 2102 1438 et
2118 1407 2287 1438 denuntia·
2319 1399 2325 1419 '⁴

1276 1461 1379 1492 tiones
1395 1461 1628 1491 sententiarum
1647 1470 1725 1500 quas
1742 1462 1773 1491 in
1792 1461 1950 1500 quoslibet
1965 1461 2025 1491 hac
2039 1461 2078 1491 de
2094 1468 2189 1492 causa
2208 1460 2286 1491 tule-

1276 1514 1358 1552 ritis,
1375 1515 1570 1545 accersiendi
1588 1524 1726 1554 quoque,
1745 1520 1837 1554 prout
1853 1514 2041 1555 expedierit,
2060 1515 2176 1554 peritos
2191 1522 2286 1553 quos·

1276 1568 1354 1599 libet
1375 1573 1410 1599 ut
1426 1568 1515 1598 vobis
1533 1569 1567 1598 in
1584 1569 1770 1608 hujusmodi
1788 1568 1931 1598 ferendis
1949 1567 2119 1598 sententiis
2137 1567 2288 1607 prebeant
2323 1559 2330 1611 ¹·

1277 1621 1448 1652 consilium
1478 1625 1670 1660 oportunum
1703 1631 1738 1652 ac
1770 1621 1861 1652 vobis
1890 1622 2058 1659 assistant,
2090 1621 2288 1652 convocandi

1277 1675 1374 1705 etiam
1390 1675 1513 1705 clerum
1530 1680 1560 1705 et
1574 1676 1727 1714 populum
1744 1675 1922 1711 civitatum,
1942 1679 2118 1705 castrorum
2133 1674 2287 1705 aliorum·
2316 1684 2318 1686 ·

1277 1738 1339 1768 que
1353 1729 1504 1766 locorum,
1523 1732 1615 1767 prout
1630 1729 1715 1759 dicto
1734 1729 1858 1768 negotio
1874 1729 1949 1758 fidei
1968 1727 2112 1758 videritis
2127 1727 2285 1767 expedire.

1277 1783 1415 1822 Insuper
1437 1783 1470 1811 in
1489 1782 1570 1812 dicto
1589 1783 1715 1821 negotio
1736 1782 1774 1812 de
1800 1782 1894 1821 plano
1911 1787 1941 1812 et
1956 1782 2075 1820 absque
2090 1781 2287 1821 judiciorum

1278 1841 1308 1867 et
1323 1836 1548 1866 advocatorum
1565 1837 1717 1876 strepitu,
1735 1846 1770 1873 ac
1787 1842 1897 1866 contra
1913 1836 1984 1866 illos
1999 1844 2080 1874 quos
2094 1835 2128 1865 in
2147 1835 2287 1875 predicto

1277 1899 1377 1929 regno
1396 1891 1430 1920 in
1453 1891 1601 1921 hereseos
1623 1891 1760 1921 crimine
1777 1879 1978 1921 commisisse
1995 1889 2192 1928 constiterit,
2214 1889 2288 1920 licet

1277 1943 1317 1974 ad
1339 1943 1418 1974 alias
1442 1948 1545 1983 partes
1566 1953 1598 1974 se
1625 1944 1862 1974 transferendos
1885 1943 2054 1980 duxerint,
2073 1942 2285 1982 procedendi,
2308 1952 2309 1956 ¹

1278 2005 1404 2027 necnon
1425 1996 1561 2027 faciendi
1578 1997 1667 2027 vobis
1680 1996 1778 2027 libros
1797 2006 1851 2027 seu
1866 2001 2038 2036 quaternos
2051 2001 2082 2027 et
2095 1996 2159 2026 alia
2171 1996 2288 2035 scripta
2319 1994 2322 1996 ’

1277 2050 1312 2079 in
1335 2050 1453 2090 quibus
1471 2050 1698 2090 inquisitiones
1719 2051 1799 2081 facte
1821 2055 1852 2080 et
1868 2059 2032 2090 processus
2048 2059 2102 2090 per
2117 2050 2288 2089 quoscum·⁴
2303 2051 2311 2060 “

1277 2112 1340 2142 que
1372 2104 1558 2134 auctoritate
1593 2104 1677 2134 sedis
1714 2103 1886 2142 apostolice
1920 2103 1968 2134 vel
2002 2103 2180 2142 legatorum
2217 2102 2286 2142 eJufl

1277 2157 1380 2187 habiti
1403 2162 1513 2188 contra
1537 2157 1693 2187 hereticos
1718 2158 1926 2188 continentur
1946 2166 1965 2187 a
1989 2156 2185 2196 quibuslibet
2204 2155 2286 2186 assi·
2315 2157 2318 2165 '

1276 2212 1390 2250 gnari,
1410 2216 1440 2241 et
1454 2211 1614 2242 observari
1629 2212 1737 2241 onmia
1762 2215 1877 2241 statuta
1893 2211 2025 2250 provide
2045 2210 2129 2240 edita
2150 2214 2213 2240 tam
2231 2218 2301 2249 per*

1276 2265 1384 2294 sedem
1401 2264 1603 2303 apostolicam
1619 2274 1714 2303 quam
1732 2265 1765 2294 in
1783 2264 1930 2295 conciliis
1948 2263 2127 2302 legatorum
2141 2264 2285 2304 eiusdem
2322 2259 2329 2275 ³

1276 2318 1361 2348 sedis
1379 2322 1409 2347 et
1424 2318 1519 2348 etiam
1536 2318 1570 2347 in
1587 2317 1689 2348 forma
1707 2317 1791 2357 pacis
1812 2317 1889 2348 olim
1911 2318 1991 2347 inite
2012 2317 2100 2348 inter
2120 2321 2286 2362 romanam
2321 2345 2326 2350 .

1275 2371 1443 2402 ecclesiam
1460 2377 1490 2401 et
1505 2371 1588 2401 clare
1601 2371 1755 2402 memorie
1771 2380 1878 2409 regem
1894 2371 2040 2408 Francie,
2054 2380 2090 2401 ex
2107 2375 2196 2410 parte
2209 2381 2290 2421 uuaz
2308 2389 2309 2394 =

1275 2429 1305 2455 et
1320 2425 1482 2464 qnondam
1496 2426 1548 2463 R,
1563 2426 1711 2456 comitem
1725 2425 1956 2462 Tliolosanum,
1974 2434 2010 2454 ex
2025 2425 2138 2462 altera,
2152 2434 2214 2465 que
2230 2434 2284 2456 ne·
2299 2463 2302 2467 ,
2316 2423 2318 2426 ’

1274 2480 1396 2517 gotium
1419 2479 1494 2509 fidei
1518 2483 1648 2517 tangere
1669 2479 1898 2514 dinoscuntur,
1917 2478 2000 2509 sicut
2018 2477 2212 2517 promotioni
2231 2487 2286 2509 ne-

1274 2534 1350 2571 gotii
1367 2537 1398 2563 et
1418 2533 1673 2571 angmentationi
1696 2533 1771 2562 fidei
1790 2533 1886 2562 fuerit
1906 2535 2118 2571 oportu‘num;
2138 2531 2286 2571 privandi
2312 2543 2313 2547 ¹

1274 2591 1417 2625 preterea
1433 2586 1471 2617 de
1491 2586 1734 2616 diocesanorum
1754 2586 1803 2616 vel
1823 2586 1868 2615 eis
1888 2585 2074 2615 absentibus
2095 2585 2284 2616 vicariorum
2308 2622 2310 2627 θ

1274 2648 1405 2670 suorum
1421 2639 1558 2670 consilio
1575 2640 1730 2670 hereticos
1746 2640 1892 2675 eosdem,
1911 2638 2076 2669 credentes
2087 2663 2094 2676 ,
2114 2641 2284 2678 receptatus
2303 2673 2305 2682 Ι

1274 2702 1324 2723 res
1338 2699 1368 2724 et
1380 2694 1563 2724 defensores
1576 2703 1751 2733 eorumque
1764 2693 1847 2723 filios
1862 2698 1891 2722 et
1904 2697 2033 2731 nepotes
2048 2685 2307 2731 personatibus,

1273 2747 1482 2785 dignitatibus
1499 2756 1534 2777 ac
1552 2748 1716 2777 beneficiis
1733 2746 1958 2777 ecclesiasticis
1974 2752 2004 2776 et
2019 2745 2132 2776 officiis
2148 2745 2295 2790 publicis-

1272 2809 1309 2830 ac
1329 2800 1504 2831 honoribus
1534 2801 1811 2840 quibuscunique3
1841 2808 1963 2830 necnon
1987 2799 2147 2838 largiendi
2169 2797 2283 2838 viginti
2304 2799 2306 2801 ’

1273 2854 1321 2883 vel
1336 2854 1547 2893 quadraginta
1562 2855 1687 2884 dierum
1699 2854 1935 2892 indulgentiam
1950 2853 2074 2892 quoties
2087 2858 2282 2892 oportunum
2302 2878 2307 2884 .

1272 2907 1414 2937 videritis
1435 2908 1586 2937 omnibus
1610 2916 1681 2938 vere
1705 2907 1922 2946 penitentibus
1943 2912 1973 2936 et
1994 2907 2146 2937 confessis
2167 2906 2222 2945 qui
2237 2903 2280 2935 ad
2297 2910 2315 2950 ⁴„

1272 2965 1412 2991 nostram
1435 2962 1694 2991 convocationem
1713 2966 1837 3000 propter
1858 2960 1917 2991 lioc
1939 2959 2118 2990 faciendam
2141 2966 2280 2989 accessa·
2311 2959 2316 2978 -’
2327 2982 2329 2984 .

1272 3015 1339 3044 rint
1361 3014 1454 3053 plena
1477 3015 1519 3044 sit
1539 3015 1629 3045 vobis
1650 3020 1677 3044 et
1699 3014 1835 3052 singulis
1854 3018 1995 3043 vestrum
2016 3013 2211 3051 presentium
2235 3015 2278 3042 te-
