2342 3652
917 392 1170 438 QUATRIEME
1187 401 1343 430 ANNEE.

669 471 803 501 Orvieto,
821 470 836 497 3
853 477 928 495 mars
948 468 1023 495 1291.

158 474 277 502 4425

125 535 289 570 Responsio
305 535 339 561 ad
365 535 516 561 nonnullas
531 535 717 568 quaestiones
736 533 771 559 ab
788 531 1009 566 inquisitoribus
1030 539 1094 565 pro-

88 584 209 618 positas.
228 583 311 616 (Rffi.
327 584 370 614 46,
388 592 412 609 c.
435 584 474 614 13,
492 583 511 609 f.
528 583 542 610 3
559 589 600 616 r⁰;
618 582 734 612 Pom-Ta..
750 581 859 613 23588.)

1135 571 1137 604 l

1136 616 1137 652 l

131 686 251 715 Dilectis
265 687 339 722 filiis
353 687 504 722 fratribus
520 686 640 714 ordinis
654 687 789 721 fratrum
808 685 975 719 minorum,
996 684 1097 719 inqui·
1136 699 1137 722 3

1136 730 1137 739 ¹
1175 732 1334 770 judicium
1354 733 1517 769 generari,
1539 732 1616 770 quin
1642 732 1789 761 homines
1813 734 1992 762 communis
2011 734 2106 763 vestri
2129 743 2183 764 seu

91 740 236 768 siloribus
251 740 376 768 heretice
391 740 554 776 prauitatis
577 739 608 767 ιή
626 738 764 775 partibus
784 738 887 771 ytalie,
910 736 1096 773 presentibus

90 797 116 821 et
131 793 256 828 futuris.

135 855 148 871 α
164 844 255 879 Quod
269 853 363 882 super
376 843 579 874 nonnullis...
590 860 626 865 —
639 844 711 873 Dat.
724 843 807 881 apud
821 843 1095 877 Urbemveterem,

90 907 111 926 v
128 905 229 927 nonas
246 897 363 931 martii,
382 905 467 926 anno
482 901 604 935 quarto.
624 909 638 921 v>

161 1074 279 1103 44¹2ss

128 1136 412 1164 Anathematizantur
429 1136 670 1168 haeretici.(1{ffi.
688 1137 731 1170 413,
744 1146 769 1163 c,
789 1137 842 1169 13²,
861 1137 878 1163 f.
893 1137 906 1163 3
920 1144 962 1167 νος
981 1136 1095 1167 Poma,

91 1187 201 1219 23589.)

680 1074 806 1107 Orvieto,
823 1076 837 1101 3
855 1083 930 1100 mars
951 1074 1024 1101 1291.

135 1289 288 1318 Universis
305 1289 417 1318 Christi
431 1288 572 1324 fidelibus
588 1292 698 1317 notum
715 1288 787 1317 lacit
803 1297 835 1317 se
854 1288 1016 1321 Catharos,
1038 1288 1098 1316 Pa-

93 1342 258 1377 tharenos,
277 1342 436 1380 Pauperes
455 1340 493 1370 de
513 1340 681 1378 Lugduno,
701 1342 900 1379 Passaginos,
918 1342 1097 1380 -Josepinos,

94 1395 308 1430 Arnaldistas,
330 1394 530 1433 Speronistas
547 1399 576 1423 et
591 1394 670 1423 alios
687 1404 905 1434 quoscumque
925 1396 1099 1424 haereticos

95 1448 374 1479 excommunicare
391 1453 420 1477 et
435 1447 716 1477 anathematizare.

137 1515 150 1530 α
169 1502 302 1532 Noverit
315 1501 510 1531 universitas
526 1506 667 1530 vestra...
683 1518 723 1524 —
740 1502 810 1531 Dat.
829 1506 862 1531 ut
877 1511 982 1540 supra.
1004 1514 1017 1527 n

165 1680 418 1709 clame-448¹?

132 1754 142 1766 (ι
161 1742 244 1769 Carta
258 1742 426 1769 communii.
445 1753 455 1766 »
472 1741 555 1773 (Rae.
573 1741 616 1772 46,
633 1749 658 1767 c.
680 1740 720 1772 14,
738 1741 755 1766 f.
775 1741 788 1766 4
806 1743 852 1773 ro.)

685 1678 811 1713 Oiwieto,
827 1679 839 1703 7
858 1687 933 1705 mars
954 1679 1028 1706 1291.

136 1844 258 1875 Dileclis
272 1845 348 1881 filiis
362 1844 487 1873 consilio
503 1848 528 1872 et
545 1844 701 1872 commu-ni
717 1845 811 1872 castri
825 1844 933 1872 illonlis
946 1844 1032 1877 Novi,
1047 1842 1100 1873 Se-

96 1899 284 1936 noqalz'ensis
302 1899 436 1927 diocesis.
457 1910 468 1922 «
492 1896 624 1926 Sincere
640 1896 817 1926 devotionis
837 1897 966 1925 affectus
982 1901 1011 1925 et
1026 1905 1101 1926 con-

96 1951 214 1982 stantia
229 1951 303 1980 fidei
322 1950 512 1980 inconcusse
525 1950 641 1988 quibus
655 1958 729 1986 erga
742 1958 905 1978 romanam
924 1950 1100 1985 ecclesiam,

97 2010 231 2035 matrem
246 2009 395 2041 vestram,
410 2004 562 2034 hactenus
574 2004 725 2034 claruisse
738 2004 909 2034 noscimini
922 2005 1101 2042 quibusque

95 2058 216 2089 clarere
241 2066 297 2088 vos
319 2057 479 2087 credimus
503 2058 537 2086 in
559 2057 702 2087 futurum
728 2058 842 2087 merito
868 2066 923 2087 nos
945 2057 1102 2087 inducunt

96 2115 132 2142 ut
152 2111 184 2140 in
203 2110 269 2141 hiis
289 2120 350 2150 que
368 2111 407 2140 ad
430 2111 597 2150 pacificum
621 2114 739 2140 statum
763 2115 902 2140 vestrum
926 2111 1100 2149 pertinent,

95 2165 209 2194 vestris
235 2164 442 2203 petitionibus
467 2164 682 2194 favorabiliter
709 2170 904 2200 annuentes,
932 2164 1102 2193 reddamur

95 2217 195 2253 vobis,
213 2222 368 2256 quantum
387 2226 459 2246 cum
480 2217 548 2247 Deo
564 2225 743 2255 possumus,
764 2217 890 2255 propitii
911 2223 939 2245 et
957 2217 1099 2254 benigni.

95 2271 161 2301 Nos
180 2271 302 2309 itaque,
328 2271 440 2300 vestris
463 2270 750 2308 supplicationibus
774 2270 937 2305 inclinati,
961 2271 1047 2299 vobis
1073 2276 1102 2300 et

95 2324 261 2354 communi
288 2328 409 2360 vestro,
434 2324 576 2362 quandiu
602 2323 804 2362 perstiteritis
829 2324 861 2353 in
882 2323 1031 2353 fidelitate
1050 2333 1102 2353 ro-

94 2386 188 2407 mane
202 2377 345 2413 ecclesie,
361 2377 514 2414 eligendi,
529 2377 713 2406 assumendi
727 2382 758 2406 et
774 2377 910 2406 habendi
925 2387 963 2406 an
971 2378 1019 2406 nis
1035 2378 1101 2406 sin-

94 2430 179 2468 gulis
208 2430 242 2459 in
277 2435 464 2468 perpetuum
494 2435 661 2468 potestates
685 2435 715 2459 et
740 2431 890 2460 officiales
915 2431 993 2460 alios
1025 2440 1103 2468 quos

95 2483 261 2513 volueritis
278 2483 316 2512 de
338 2483 438 2520 ipsius
462 2483 592 2512 ecclesie
611 2483 778 2519 fidelibus,
801 2485 854 2522 qni
880 2484 1025 2513 videlicet
1049 2493 1103 2522 po-

96 2540 222 2566 testates
238 2539 268 2565 et
283 2535 434 2565 officiales
455 2535 555 2565 libere
571 2536 606 2564 in
624 2541 705 2565 terra
722 2541 824 2566 vestra
841 2542 870 2566 et
892 2537 1047 2566 territorio
1066 2537 1103 2566 de
1142 2526 1144 2543 ³

95 2589 247 2619 omnihus
267 2597 459 2626 cognoscere
473 2589 666 2628 plenamque
681 2591 968 2628 possintjustitiam
986 2591 1100 2624 facere,

97 2646 161 2672 tam
183 2642 215 2671 in
242 2642 468 2672 criminalibus
485 2651 581 2681 quam
606 2643 639 2672 in
665 2643 827 2677 civilibus,
850 2649 1051 2682 preterquam
1070 2644 1102 2672 in

96 2695 287 2725 criminibus
304 2695 368 2724 lese
384 2696 560 2734 majestatis
575 2705 611 2726 ac
625 2696 762 2726 heretice
780 2698 941 2735 pravitatis
956 2702 985 2726 et
1000 2697 1032 2725 in
1051 2697 1104 2726 bo-

97 2748 248 2784 micidio,
272 2747 444 2785 adulterio,
469 2753 559 2787 raptu
588 2749 769 2787 virginum,
794 2750 943 2779 incendio
966 2749 1104 2779 studiose

96 2801 178 2830 facto
199 2805 229 2830 et
252 2801 286 2829 in
312 2801 395 2831 furto
415 2802 510 2831 etiam
535 2802 705 2832 manifesto
724 2807 850 2842 propter
869 2803 952 2841 qnod
973 2802 1102 2840 quidem

95 2853 218 2883 furtum
235 2861 289 2882 seu
305 2854 395 2891 cujus
410 2854 576 2884 occasione
593 2864 759 2893 personam
774 2856 844 2894 quis
856 2860 910 2884 ant
925 2855 1103 2884 membrum

96 2906 226 2936 deberet
241 2907 440 2943 ammittere,
464 2917 587 2938 necnon
610 2913 640 2938 et
663 2909 830 2939 latrocinio
851 2915 881 2938 et
903 2909 1105 2938 deronatione

97 2968 152 2989 seu
175 2959 328 2989 fractione
349 2964 539 2994 stratarum,
557 2961 684 3000 plenam
704 2967 734 2991 et
751 2962 883 2991 liberam
909 2961 1103 2999 presentium

96 3012 282 3042 auctoritato
306 3013 513 3043 concedimus
537 3014 731 3044 facultatem.
758 3015 828 3044 Non
854 3015 998 3044 obstante
1024 3013 1104 3043 obli-

97 3064 242 3104 gatione,
263 3065 472 3103 promissione
488 3067 538 3096 vel
559 3068 797 3097 renuntiatione
817 3067 991 3102 contraria,
1009 3066 1104 3096 etiam

242 3130 315 3158 Rso.
337 3131 459 3159 Nicoclis
480 3132 532 3160 IV.

1137 796 1138 809 l

1137 813 1138 829 l

1137 902 1138 916 l

1137 1021 1139 1031 v

2124 402 2181 431 649

1177 466 1203 495 si
1226 467 1320 496 suerit
1336 468 1519 505 juramento
1540 467 1673 502 vallata,
1697 476 1750 506 per
1768 476 1821 496 vos
1841 472 1894 496 ant
1918 467 2088 505 syndicum
2113 476 2183 496 ves-

1177 524 1261 548 trum
1279 520 1356 550 facta
1372 520 1535 558 quondam
1551 520 1705 557 magistro
1720 520 1855 550 Giffrido
1874 521 1911 549 de
1929 520 2089 558 Anagnia,
2110 525 2182 549 tnnc

1177 573 1319 602 marcbie
1345 574 1546 603 Anconitane
1572 573 1703 605 rectori,
1731 573 1779 602 vel
1806 573 1901 602 alicui
1931 573 1987 602 alii
2017 573 2183 611 recipienti

1178 626 1311 655 eandem
1336 626 1466 656 nomine
1485 635 1616 656 romane
1633 626 1764 655 ecclesie
1788 626 1950 664 prelibate.
1971 626 2030 655 Per
2048 626 2107 655 hoc
2125 635 2183 655 au-

1179 683 1241 708 tem
1261 680 1372 709 rectori
1390 680 1444 717 qui
1462 688 1516 718 pro
1537 684 1676 717 tempore
1692 679 1787 708 suerit
1802 679 1951 709 nolumus
1967 680 2095 719 aliquod
2112 690 2182 720 pre-

1137 782 1138 785 ’
1180 789 1261 814 terre
1277 790 1379 815 vestre
1396 786 1516 823 possint
1536 785 1575 814 ad
1596 795 1685 821 eum,
1706 794 1779 814 cum
1803 786 1861 815 sibi
1885 786 2030 824 expedire
2055 792 2185 825 putave-

1179 839 1256 874 rint,
1275 844 1336 867 tam
1353 838 1574 877 appellationis
1591 847 1686 876 quam
1703 838 1859 876 simplicis
1875 839 2076 876 querimonie
2091 848 2186 869 causa

1178 891 1314 921 liberum
1331 891 1446 920 habere
1459 900 1636 920 recursum.
1652 890 1700 919 Ad
1716 890 1900 929 hujusmodi
1915 897 2020 920 autem
2036 900 2185 921 concesse

1179 945 1266 974 vobis
1282 944 1435 973 inditium
1452 944 1607 973 libertatis
1625 943 1772 972 volumus
1789 944 1889 981 quod,
1907 944 1987 972 sicut
2004 954 2058 981 per
2076 953 2186 982 procu-

1179 1003 1316 1027 ratorem
1335 1003 1486 1031 vestrum,
1503 997 1632 1035 plenum
1647 997 1686 1026 ad
1704 997 1762 1026 boc
1778 1002 1807 1025 et
1822 997 1984 1026 sufficiens
1999 997 2184 1026 mandatum

1138 1042 1139 1094 ἐ
1180 1051 1367 1085 habentem,
1386 1051 1501 1080 dilecto
1519 1050 1585 1080 filio
1607 1050 1759 1087 magistro
1777 1050 1909 1080 Nicolao
1930 1051 1967 1079 de
1986 1051 2114 1086 Trebis,
2135 1060 2186 1080 ca-

1180 1105 1317 1134 merario
1336 1110 1366 1133 et
1385 1104 1506 1133 notario
1524 1109 1646 1139 nostro,
1671 1112 1724 1132 vos
1746 1103 1925 1140 obligastis,
1947 1103 2001 1141 qui
2019 1103 2186 1140 obligatio-

1181 1166 1253 1186 nem
1273 1157 1458 1195 hujusmodi
1475 1157 1605 1186 nomine
1626 1159 1732 1186 nostro
1750 1161 1780 1185 et
1797 1156 1929 1185 ecclesie
1946 1160 2118 1185 memorate
2139 1166 2187 1186 re-

1180 1211 1279 1249 cepit,
1302 1214 1393 1248 prout
1410 1210 1445 1238 in
1462 1210 1678 1239 instrumento
1697 1209 1820 1248 publico
1836 1209 1911 1238 inde
1928 1209 2084 1245 confecto,
2104 1210 2188 1247 quod

1180 1264 1213 1293 in
1231 1264 1331 1302 ipsius
1347 1263 1490 1293 archivio
1506 1267 1712 1292 conservatur
1729 1262 1875 1299 ecclesie,
1894 1262 2022 1300 plenius
2041 1267 2070 1291 et
2088 1263 2187 1292 serio-

1181 1318 1247 1346 sius
1267 1317 1462 1351 continetur,
1483 1317 1612 1353 triginta
1629 1316 1727 1344 libras
1744 1320 1934 1344 ravennates
1952 1315 2035 1344 infra
2052 1315 2188 1353 quinde-

1182 1379 1257 1399 nam
1272 1379 1289 1398 a
1306 1370 1356 1398 die
1369 1368 1624 1399 Resurrectionis
1637 1368 1796 1398 dominice
1814 1369 2047 1397 numerandam
2064 1377 2189 1397 camere

1182 1423 1326 1461 ejusdem
1345 1422 1492 1458 ecclesie,
1515 1422 1708 1460 ubicumque
1725 1430 1856 1450 romana
1881 1422 1967 1450 curia
1987 1421 2017 1449 in
2040 1426 2120 1449 terra
2139 1430 2189 1449 ec-

1183 1476 1278 1506 clesie
1296 1475 1406 1510 fuerit,
1423 1475 1516 1504 annis
1536 1474 1673 1511 singulis
1695 1474 1819 1511 integre
1845 1474 2042 1511 persolvatis.
2062 1474 2094 1503 Si
2117 1482 2190 1502 vero

1183 1529 1303 1567 prefata
1317 1528 1407 1558 curia
1422 1532 1507 1557 extra
1533 1532 1647 1557 terram
1672 1527 1825 1556 resederit
1849 1527 2078 1565 supradictam,
2101 1526 2188 1555 volu-

1183 1592 1254 1613 mus
1272 1582 1354 1621 quod
1371 1581 1556 1620 hujusmodi
1573 1581 1722 1620 pecunia,
1741 1590 1795 1618 per
1812 1589 1866 1610 vos
1884 1580 1932 1609 vel
1952 1586 2188 1618 procuratorem

1183 1642 1336 1671 vestrum,
1356 1636 1551 1665 thesaurario
1566 1634 1767 1664 Anconitane
1786 1634 1929 1663 marcbie
1947 1643 2001 1672 per
2021 1634 2188 1663 ecclesiam

1183 1691 1328 1720 ordinato
1353 1690 1422 1719 sine
1448 1688 1666 1718 diminutione
1694 1687 1836 1724 qualibet
1862 1686 2072 1725 persolvatur.
2100 1687 2137 1716 Et
2164 1687 2190 1715 si

1184 1744 1350 1781 contigerit
1369 1752 1423 1772 vos
1441 1751 1527 1772 anno
1544 1741 1652 1779 aliquo
1670 1741 1710 1769 ab
1733 1739 1920 1779 hujusmodi
1945 1739 2101 1769 solutione
2123 1748 2192 1769 ces-

1184 1806 1264 1832 sare,
1289 1796 1435 1835 sequenti
1456 1804 1542 1824 anno
1565 1794 1705 1833 predicte
1727 1802 1852 1823 camere
1876 1793 1987 1823 solutis
2005 1793 2191 1831 hujusmodi

1185 1850 1317 1887 triginta
1332 1848 1424 1878 libris
1440 1847 1678 1883 ravennatibus,
1696 1846 1775 1875 alias
1791 1846 1920 1883 triginta
1936 1845 2032 1875 libras
2048 1845 2191 1883 ejusdem

1184 1907 1322 1939 monete,
1340 1902 1471 1932 nomine
1485 1910 1576 1940 pene,
1595 1900 1743 1938 quotiens
1761 1909 1779 1928 a
1796 1899 1884 1928 vobis
1901 1900 1933 1928 in
1952 1900 2018 1937 ipsa
2033 1898 2192 1928 solutione

1186 1962 1340 1986 cessatum
1358 1956 1453 1984 fuerit
1471 1955 1583 1984 totiens
1600 1953 1796 1991 persolvetis.
1818 1952 1908 1981 Nulli
1924 1961 2009 1989 ergo,
2028 1956 2098 1982 eto.
2120 1959 2190 1980 nos-

1186 2014 1231 2040 tre
1258 2008 1487 2043 concessionis,
1504 2012 1563 2037 etc.
1592 2007 1662 2036 Dat.
1687 2005 1769 2044 apud
1794 2006 2074 2039 Urbemveterem‚
2100 2004 2191 2033 nonis

1185 2063 1303 2098 martii,
1320 2070 1406 2091 anno
1422 2065 1546 2099 quarto.
1568 2072 1580 2086 n

1767 2104 1899 2134 Orvieto,
1917 2104 1932 2130 6
1950 2112 2023 2129 mars
2044 2103 2119 2129 1291.

1225 2173 1262 2202 In
1282 2181 1309 2202 e.
1328 2181 1371 2200 m.
1389 2170 1522 2200 consilio
1541 2175 1569 2198 et
1585 2168 1751 2198 communi
1769 2167 1863 2197 castri
1885 2166 2004 2195 Montis
2024 2163 2189 2198 Monachi,

1142 2255 1143 2259 ,
1185 2225 1383 2255 Aesculanae
1402 2224 1573 2258 dioecesis,
1598 2231 1651 2260 pro
1671 2229 1779 2250 annuo
1800 2229 1897 2249 censu
1925 2218 2055 2256 triginta
2076 2226 2189 2246 novem

1184 2279 1341 2309 librarum
1359 2282 1581 2306 ravennatum.
1604 2276 1673 2304 Dat.
1694 2274 1777 2312 apud
1795 2273 2076 2303 Urbemveterem,
2098 2280 2117 2299 11
2136 2278 2191 2299 no-

1185 2341 1243 2361 nas
1258 2331 1378 2367 martii,
1397 2339 1482 2359 anno
1498 2335 1621 2367 quarto.

1749 2380 1879 2410 Orvicto,
1898 2379 1930 2405 23
1948 2386 2023 2404 mars
2044 2378 2120 2403 tout.

1226 2448 1262 2476 In
1282 2457 1308 2476 e.
1328 2456 1371 2476 1‘n.
1387 2445 1518 2475 consilio
1535 2450 1565 2474 et
1579 2443 1744 2474 communi
1760 2442 1853 2472 castri
1870 2440 2053 2475 Coseniani,
2073 2442 2193 2467 Aescu-

1185 2501 1277 2530 lanae
1294 2505 1323 2529 et
1339 2500 1507 2529 Firmanae
1523 2497 1737 2532 dioecesium,
1758 2504 1812 2534 pro
1828 2503 1925 2524 censu
1949 2493 2076 2530 triginta
2096 2491 2190 2520 libra-

1186 2563 1257 2583 rum
1277 2556 1498 2582 ravennatum.
1518 2551 1587 2580 Dat.
1606 2550 1689 2588 apud
1707 2549 1981 2581 Urbemveterem,
2001 2555 2019 2574 x
2038 2544 2192 2574 kalendas

1186 2606 1312 2645 aprilis,
1330 2614 1416 2634 anno
1431 2609 1553 2643 quarto.

1751 2654 1882 2686 Orviet0‚
1902 2653 1940 2678 1εΓ
1955 2651 2023 2677 avril
2044 2651 2119 2676 1291.

1227 2723 1263 2751 In
1283 2731 1310 2750 e.
1331 2730 1373 2750 m.
1396 2720 1529 2750 consilio
1549 2723 1579 2748 et
1598 2717 1762 2748 communi
1784 2715 1879 2745 castri
1905 2714 2018 2743 Sei-rae
2041 2711 2189 2746 Comitis,

1187 2774 1425 2812 Senogaliensis
1442 2772 1614 2808 dioecesis,
1635 2780 1689 2809 pro
1707 2778 1804 2799 censu
1827 2768 2039 2806 qnadraginta
2057 2768 2193 2803 quatuor

1187 2829 1342 2858 librarum
1360 2830 1605 2856 ravennatorum
1622 2824 1701 2863 (stc).
1722 2823 1791 2851 Dat.
1811 2821 1893 2859 apud
1912 2820 2191 2849 Urbemveterem‚

1188 2880 1335 2910 kalendis
1351 2879 1472 2918 aprilis,
1489 2886 1574 2907 anuo
1591 2881 1713 2916 quarto.

1759 2940 1891 2973 Orvicto,
1912 2940 1937 2965 ll
1956 2938 2025 2964 avril
2047 2937 2122 2964 1291.

1229 3010 1265 3039 In
1284 3018 1312 3039 e.
1337 3017 1368 3037 m
1402 3007 1536 3038 consilio
1559 3011 1589 3035 et
1612 3004 1776 3035 communi
1801 3002 1894 3032 castri
1919 3001 2036 3030 Montis
2064 2998 2190 3031 Boddii,

1189 3062 1427 3100 Senogaliensis
1449 3059 1615 3096 dioecesis,
1638 3066 1692 3097 pro
1712 3065 1808 3087 censu
1827 3054 2040 3094 qnadraginta
2056 3057 2192 3091 quatuor

2019 3120 2051 3146 82
