2342 3652
928 345 1150 385 PREMIERE
1171 345 1328 385 ANNEE.
2138 356 2173 386 19

133 435 146 449 ι
160 422 259 459 Cum,
285 423 367 452 sicut
383 422 535 451 asseritur
554 431 605 460 per
622 426 805 460 computum
821 421 966 450 habitum
983 420 1021 449 de
1037 420 1091 449 de-

89 487 104 504 »
127 476 284 506 cimarum
306 484 528 506 concessarum
547 485 602 514 per
621 475 728 506 sedem
745 474 947 513 apostolicam
964 474 1090 511 negotio

86 541 100 556 ι
126 529 219 567 regni
248 528 357 559 Sicilie
383 529 557 567 quantitate
580 529 620 558 ab
648 529 790 567 ipsarum
813 527 1030 557 collectoribus
1055 528 1088 557 in

88 592 104 610 ι
127 582 270 620 partibus
294 581 416 618 Ytalie,
447 586 575 620 excepto
597 590 696 619 regno
721 580 846 616 Sicilie,
869 580 936 618 jam
961 580 1090 610 collecta

89 645 105 662 ²
127 638 157 664 et
177 635 272 664 etiam
297 635 493 673 colligenda,
521 635 642 674 liqueat
663 634 824 664 evidenter
849 633 932 672 quod
958 633 997 663 de
1023 637 1090 663 octo

89 698 104 716 n
125 687 256 717 milibus
273 689 441 717 unciarum
462 689 530 717 anri
549 697 568 717 a
583 687 687 723 vobis,
713 690 743 715 et
762 685 833 715 aliis
853 690 987 724 quatuor
1003 686 1090 715 mili-

90 750 104 768 »
127 740 186 770 bus
202 741 306 770 unciis
322 750 340 770 a
357 741 498 771 nonullis
512 741 583 771 aliis
599 739 824 770 mercatoribus
837 748 891 777 pro
904 739 1090 769 defensione

88 804 104 820 n
127 793 227 832 ipsius
243 795 334 832 regni
347 794 502 825 hactenus
517 793 684 829 mutuatis,
704 801 760 831 pro
775 792 890 831 quibus
906 792 1008 822 silicet
1022 797 1090 823 octo

89 856 104 874 n
127 845 258 876 milibus
284 847 388 877 unciis
412 847 482 877 auri
504 847 592 876 vobis
614 849 677 875 tam
695 845 835 883 predicte
855 845 977 875 decime
993 855 1090 884 quam

90 910 105 927 »
129 900 224 929 etiam
232 900 354 930 decime
361 901 457 930 Terre
464 900 576 930 Sancte
583 899 727 937 deputate
735 898 875 928 subsidio
882 899 1090 929 fnerantobli-

90 963 105 979 ι»
128 955 216 990 gate,
240 962 275 982 ac
294 954 389 982 etiam
408 953 446 982 de
461 961 558 982 censu
572 951 674 990 ipsius
690 952 782 989 regni
799 951 930 981 ecclesie
946 952 1090 981 Romane

90 1016 105 1032 n
128 1005 243 1042 debito,
260 1015 316 1044 pro
328 1006 450 1036 duobus
463 1004 606 1035 terminis
621 1013 792 1041 annorum,
804 1005 934 1034 Domini
945 1005 1091 1035 videlicet

89 1069 104 1085 a
127 1058 293 1088 millesimi
317 1058 525 1088 ducentesimi
542 1058 730 1095 octogesimi
758 1059 838 1088 sexti
858 1062 888 1087 et
907 1059 1090 1096 octogesimi

89 1123 104 1139 »
129 1112 268 1151 septimi,
285 1113 523 1142 terminatorum
537 1112 571 1140 in
584 1111 663 1141 festo
675 1111 757 1140 beati
769 1112 855 1141 Petri
870 1113 1012 1150 proximo
1022 1113 1089 1150 jam

86 1176 101 1192 x
128 1168 297 1202 transacto,
311 1169 409 1204 potest
421 1165 459 1193 de
472 1164 658 1202 hujusmodi
669 1164 803 1194 decimis
815 1165 908 1204 plena
919 1166 1090 1196 satisfactio

86 1229 100 1245 ι
128 1219 332 1257 provenire...
345 1217 548 1248 concedimus
561 1222 598 1252 ,ut
612 1218 651 1248 de
666 1218 824 1248 sexdecim
837 1219 968 1249 milibus
984 1221 1090 1250 uncia-

88 1283 103 1298 »
127 1280 199 1301 rum
215 1272 285 1302 auri
297 1271 336 1301 ad
349 1271 472 1310 pondus
488 1271 631 1308 ejusdem
645 1272 746 1309 regni,
770 1281 831 1310 que
848 1272 887 1301 ad
901 1273 1087 1302 mandatum

89 1335 104 1352 ro
127 1329 270 1354 nostrum
292 1333 347 1363 pro
369 1325 582 1354 satisfactione
609 1333 723 1355 census
745 1326 930 1355 eorumdem
953 1326 1089 1356 duorum

88 1389 102 1405 n
127 1386 285 1408 annorum
310 1377 412 1407 eidem
438 1378 582 1407 Romane
605 1374 796 1408 ecelesie‘de
812 1383 915 1409 vestra
936 1381 1087 1418 pecnnia,

88 1441 103 1458 10
129 1434 232 1460 vestro
249 1434 279 1460 et
299 1430 454 1460 sociorum
481 1439 517 1460 ac
540 1432 724 1461 societatum
744 1437 921 1462 vestrorum
941 1434 1086 1469 nomine,

87 1495 102 1510 n
126 1483 298 1513 liberaliter
315 1483 508 1522 persolvistis
524 1484 562 1514 de
577 1485 706 1522 prefatis
723 1485 855 1515 decimis
875 1487 1001 1523 negotio
1017 1496 1087 1525 pre-

87 1548 102 1564 »
127 1536 208 1567 dicto
223 1537 390 1573 concessis,
408 1537 519 1566 solutis
537 1538 625 1576 prius
640 1538 678 1567 de
697 1539 742 1568 eis
758 1538 872 1568 debitis
887 1540 1087 1578 supradictis,

87 1601 102 1617 ι
123 1589 210 1619 vobis
224 1589 348 1627 integre
365 1590 515 1627 satisfiat,
533 1595 562 1620 et
576 1591 648 1620 illas
669 1592 758 1621 vobis
776 1602 876 1631 usque
892 1593 930 1622 ad
950 1594 1088 1623 satisfac-

89 1656 101 1668 »
125 1643 243 1673 tionem
263 1642 449 1681 hujusmodi
469 1645 655 1683 quantitatis
676 1645 824 1675 volumus
847 1650 875 1676 et
896 1647 1088 1686 precipimus

87 1708 102 1724 n
123 1697 314 1735 assignari...
334 1709 345 1723 ι·
369 1697 407 1726 Et
422 1698 449 1727 si
467 1698 596 1728 eaedem
613 1698 754 1728 decimae
770 1708 833 1729 non
853 1700 1025 1737 sufficiant,
1050 1701 1088 1731 de

86 1749 215 1780 decimis
235 1750 350 1779 Terrae
368 1750 513 1787 Sanctae,
533 1761 633 1790 usque
649 1752 688 1781 ad
707 1753 917 1791 quantitatem
934 1754 1088 1792 pecuniae

84 1812 165 1842 quae
193 1803 328 1839 deficiat,
358 1804 527 1834 retineant.
559 1805 630 1835 Dat.
660 1806 798 1843 Rornae,
829 1808 912 1845 apud
938 1808 1088 1838 Sanctam

85 1855 254 1894 Sabinam,
277 1866 323 1886 vn
346 1856 500 1887 kalendas
521 1858 689 1896 februarii,
713 1868 798 1890 anno
814 1860 943 1890 Domini
961 1862 1005 1890 ΜΟ
1025 1862 1088 1892 CC⁰

86 1909 314 1946 LXXXVIIP,
331 1911 502 1949 apostolica
518 1911 592 1941 sede
609 1917 751 1943 vacante.

131 1973 145 1988 ι
159 1962 313 1993 Tenorem
337 1964 549 2002 quarumdam
567 1964 782 1996 litterarum...
807 1983 847 1989 -
865 1968 936 1997 Dat.
964 1968 1083 2005 Rome,

86 2015 170 2055 apud
183 2015 215 2046 S.
231 2017 374 2054 Petrum,
391 2017 536 2048 kalendis
551 2019 639 2056 maii,
659 2028 745 2050 anno
759 2021 870 2059 primo.
891 2034 904 2048 n

157 2174 241 2202 1⁰8
703 2179 795 2211 Rieti,
812 2180 845 2207 28
861 2183 917 2208 mai
937 2181 1014 2209 1‘288.

122 2237 333 2266 Tabellionatus
348 2239 482 2268 officium.
501 2241 584 2275 (Rae.
602 2243 649 2274 44,
667 2251 692 2270 c.
711 2244 753 2275 55,
772 2245 790 2270 f.
809 2245 840 2271 15
858 2247 907 2275 vo.)

132 2339 298 2370 Venerabili
322 2343 439 2377 fratri..
466 2345 597 2383 episcopo
612 2346 817 2376 Dunlseldensi
836 2347 996 2378 licentiam
1013 2358 1087 2380 con-

86 2391 170 2422 cedit
185 2392 405 2424 tabellionatus
418 2396 558 2427 officium
577 2399 774 2430 conferendi.

129 2457 142 2472 α
159 2445 309 2476 Volentes
322 2451 406 2477 tuam
422 2448 616 2482 honorare...
632 2470 670 2474 —
684 2453 754 2483 Dat.
772 2454 879 2490 Reate,
898 2465 918 2484 v
933 2455 1085 2486 kalendas

83 2497 181 2535 junii.
201 2507 286 2529 anno
301 2500 414 2538 primo.
441 2513 454 2528 n

159 2642 244 2669 10³2
702 2651 794 2683 Rieti,
811 2653 845 2679 ‘26
863 2654 915 2680 mai
936 2655 1012 2682 1288.

120 2702 230 2738 Regem
247 2703 422 2732 Francorum
438 2706 566 2734 hortatur
580 2714 722 2743 quatenus
731 2713 766 2740 ad
779 2714 976 2743 liberationem
992 2718 1086 2745 Caroli

84 2751 163 2786 regis
183 2752 296 2779 Siciliae
313 2762 344 2780 se
366 2755 536 2790 interponat.
565 2757 652 2790 (Rau.
669 2762 719 2793 44,
748 2770 772 2789 c.
795 2764 837 2795 56,
858 2765 877 2792 f.
902 2765 932 2792 15
947 2773 990 2799 v⁰-,
1017 2767 1082 2794 [ΛΡ.

84 2808 120 2828 nu
134 2800 236 2833 Tum,
255 2801 358 2836 1,11.)

123 2901 287 2933 Carissimo
303 2905 337 2933 in
354 2906 470 2935 Christo
482 2907 570 2945 filio„
587 2912 651 2948 reqi
663 2912 788 2944 Francie
809 2917 937 2946 illustri.
960 2929 971 2944 u
991 2918 1019 2947 A
1036 2927 1083 2948 re-

84 2955 148 2993 gali
161 2958 315 2987 memoria
331 2967 395 2988 non
411 2960 570 2991 credimus
586 2964 739 2997 excidisse
758 2969 842 3007 quod
857 2970 957 3000 felicis
976 2979 1082 3001 recor-

84 3007 221 3040 dationis
248 3011 391 3042 Honorio
417 3022 495 3052 pape
522 3015 732 3054 predecessori
754 3027 861 3053 nostro
882 3024 970 3054 varia
994 3029 1084 3063 pacta

1173 424 1204 450 et
1214 421 1412 452 conditiones
1424 422 1545 452 dudum
1563 425 1702 457 tractata,
1719 425 1753 450 ut
1764 420 1935 455 dicebatur,
1949 425 1979 450 et
1989 421 2067 450 inita
2080 431 2174 460 snper

1172 473 1361 505 liberatione
1386 475 1491 505 dilecti
1521 474 1582 504 filii
1611 474 1727 504 nobilis
1753 474 1814 503 viri
1840 473 1945 503 Caroli
1970 474 2175 512 primogeniti

1173 527 1257 558 clare
1273 530 1426 559 memorie
1446 529 1550 559 Caroli
1571 528 1655 566 regis
1674 527 1800 563 Sicilie,
1827 531 2005 566 presentata
2024 528 2173 564 suerunt,

1174 582 1290 620 quibus
1307 581 1394 611 idem
1409 582 1611 620 predecessor
1629 580 1796 610 recensitis
1818 580 1945 618 plenius
1961 584 1991 609 et
2005 580 2155 618 inspectis
2167 604 2174 616 ,

1174 638 1203 664 et
1219 639 1378 673 comperto
1394 635 1543 673 denique,
1559 634 1642 672 quod
1657 634 1713 663 illa
1724 634 1759 663 in
1772 633 2008 671 derogationem
2021 632 2175 670 grandem

1172 687 1304 717 honoris
1323 687 1452 717 ecclesie
1470 687 1634 724 Romane,
1660 696 1695 716 ac
1717 687 1785 725 ejus
1805 690 1835 715 et
1853 685 1954 724 ipsius
1971 685 2175 724 primogeniti

1173 740 1396 778 heredumque
1409 749 1539 769 suorum
1555 749 1651 777 grave
1666 739 1894 778 prejudicium,
1915 738 2051 768 multum
2068 747 2175 777 oppro-

1172 793 1280 822 brium
1308 798 1338 822 et
1357 793 1513 822 lesionem
1539 792 1748 830 multiplicem
1770 791 2010 828 redundabant,
2034 795 2123 830 pacta
2147 796 2176 821 et

1173 846 1373 875 conditiones
1391 845 1531 883 predicta
1555 846 1593 874 de
1612 845 1745 874 fratrum
1769 853 1898 874 suorum
1916 843 2048 874 consilio
2065 853 2175 883 repro-

1173 899 1259 928 bavit
1274 907 1430 937 expresse.
1448 898 1594 936 Cumque
1614 897 1813 937 postmodum
1829 906 1885 935 per
1901 896 2043 936 ejusdem
2063 897 2174 935 prede—

1173 953 1305 983 cessoris
1323 952 1443 982 obitum
1463 951 1633 990 apostolica
1652 951 1725 981 sede
1742 955 1873 980 vacante
1893 951 2029 988 quedam
2048 959 2083 980 ex
2102 960 2175 988 pre-

1173 1006 1280 1035 missis
1298 1005 1395 1044 pactis
1417 1009 1446 1034 et
1468 1005 1703 1035 conditionibus
1727 1013 1762 1034 ac
1782 1004 1938 1034 nonnulla
1959 992 2022 1033 alia
2042 1003 2175 1041 collegio

1174 1064 1280 1088 sancte
1297 1059 1442 1088 Romane
1458 1058 1589 1088 ecclesie
1607 1057 1820 1087 cardinalium
1841 1061 2016 1095 presentata
2031 1060 2061 1086 et
2073 1056 2176 1087 oblata

1173 1112 1329 1148 fuissent,
1345 1111 1521 1150 predictum
1538 1111 1724 1148 collegium,
1742 1110 1968 1140 deliberatione
1984 1119 2078 1148 super
2099 1110 2176 1149 ipsis

1172 1165 1256 1194 inter
1279 1174 1313 1194 se
1340 1164 1448 1193 habita
1473 1163 1633 1201 diligenti,
1655 1173 1702 1200 ea,
1721 1167 1840 1202 utpote
1856 1167 2030 1192 memorate
2045 1163 2176 1193 ecclesie

1172 1227 1208 1248 ac
1235 1217 1441 1257 primogeniti
1469 1222 1499 1246 et
1529 1217 1686 1246 heredum
1717 1217 1786 1255 ejus
1817 1216 2030 1255 predictorum
2060 1216 2175 1246 honori

1172 1272 1347 1307 contraria,
1374 1271 1558 1300 nullatenus
1578 1271 1745 1300 admittere
1768 1269 1948 1299 voluerunt.
1974 1269 2102 1308 Nosque
2119 1270 2175 1299 de-

1172 1334 1261 1354 mum
1277 1325 1317 1354 ad
1342 1325 1463 1363 apicem
1485 1325 1601 1353 summi
1624 1323 1815 1362 apostolatus
1836 1323 1945 1352 divina
1970 1323 2176 1361 dispositione

1171 1379 1327 1417 assumpti
1351 1378 1460 1407 eadem
1480 1383 1569 1416 pacta
1588 1382 1618 1407 et
1639 1377 1838 1407 conditiones
1863 1386 1924 1415 que
1944 1377 2026 1406 dicto
2044 1377 2176 1415 collegio

1172 1436 1351 1470 presentata
1366 1431 1497 1461 fuerunt
1515 1440 1609 1469 super
1629 1431 1818 1460 liberatione
1839 1430 1951 1468 prefati
1971 1430 2176 1468 primogeniti

1172 1485 1287 1515 nostris
1305 1485 1437 1514 auribus
1463 1485 1607 1514 nuntiata
1631 1493 1693 1513 non
1719 1484 1869 1513 duximus
1895 1493 1930 1513 ex
1953 1484 2048 1522 justis
2073 1484 2175 1513 causis

1171 1547 1249 1577 quas
1268 1538 1326 1567 tibi
1345 1537 1507 1575 scripsisse
1532 1537 1701 1567 recolimus
1720 1537 1926 1566 admittenda.
1947 1537 2174 1566 Verumtamen

1172 1593 1246 1631 quia
1267 1591 1367 1630 ipsius
1392 1590 1496 1620 Caroli
1522 1591 1661 1620 detentio
1684 1591 1775 1620 nobis
1792 1590 1964 1619 admodum
1983 1594 2028 1619 est
2044 1590 2176 1620 molesta

1172 1646 1305 1684 ejusque
1322 1645 1448 1674 afflictio
1464 1644 1602 1681 graviter
1617 1652 1673 1673 nos
1690 1643 1862 1682 perturbat,
1880 1652 1938 1672 nec
1954 1643 2083 1678 mirum,
2102 1653 2175 1673 cum

1172 1700 1277 1738 ipsum
1290 1702 1325 1727 ut
1339 1701 1410 1736 pote
1427 1697 1527 1736 ipsius
1542 1697 1674 1726 ecclesie
1690 1695 1881 1734 peculiarem
1899 1696 2001 1725 filium
2017 1697 2099 1725 inter
2115 1697 2175 1735 pri—

1173 1756 1241 1781 vate
1258 1751 1439 1781 dilectionis
1454 1751 1677 1780 contineamus
1693 1749 1857 1788 amplexus
1873 1772 1880 1785 ,
1901 1750 2032 1788 ejusque
2045 1749 2174 1779 liberta-

1172 1810 1234 1835 tem
1249 1830 1255 1842 ‚
1273 1808 1428 1843 qnantum
1447 1813 1520 1834 cnm
1536 1804 1603 1833 Deo
1620 1812 1798 1843 possumUS,
1817 1803 1975 1832 ferventer
1991 1811 2172 1840 queramus,

1172 1863 1202 1890 et
1216 1859 1438 1888 liberationem
1454 1858 1629 1887 ferventius
1652 1857 1836 1887 affectamus
1848 1879 1855 1893 ‚
1879 1856 2105 1886 celsitudinem
2122 1866 2173 1887 re-

1171 1912 1257 1950 giam
1281 1915 1400 1940 attente
1428 1919 1579 1948 rogamus
1607 1914 1637 1939 et
1660 1909 1825 1939 hortamur
1852 1910 1886 1938 in
1911 1909 2049 1938 Domino
2075 1909 2175 1938 Jhesu

1171 1965 1297 1995 Christo
1318 1969 1474 2003 quatenus
1492 1964 1531 1993 ad
1553 1964 1778 1993 liberationem
1800 1963 1875 1992 dicti
1894 1963 2099 2001 primogeniti
2120 1971 2176 2000 per

1170 2018 1319 2048 honestos
1334 2017 1444 2047 modos
1460 2021 1488 2047 et
1503 2017 1606 2047 licitos
1623 2021 1653 2046 et
1668 2017 1814 2046 decentes
1831 2025 1865 2045 ac
1877 2015 1973 2045 etiam
1990 2015 2105 2045 honori
2122 2024 2173 2045 ec-

1170 2074 1266 2103 clesie
1279 2071 1417 2111 predicte
1429 2080 1465 2101 ac
1478 2076 1531 2100 tuo
1544 2079 1699 2108 congruos
1709 2071 1800 2109 Juxta
1811 2069 1915 2098 datam
1928 2068 2028 2106 regali
2041 2069 2174 2098 circum-

1170 2126 1323 2166 spectioni
1343 2125 1478 2163 gratiam
1501 2124 1540 2154 de
1555 2124 1686 2154 excelsis
1702 2123 1886 2161 interponas
1909 2122 2042 2152 sollicite
2057 2126 2087 2151 et
2103 2121 2173 2151 effi—

1170 2180 1285 2210 caciter
1302 2182 1406 2218 partes
1425 2183 1501 2207 tuas.
1524 2178 1595 2207 Dat.
1613 2178 1729 2212 Reate,
1746 2186 1790 2205 v11
1807 2175 1960 2205 kalendas
1973 2175 2067 2214 junii,
2088 2183 2174 2205 anno

1169 2233 1282 2272 primo.
1303 2244 1316 2258 n

1792 2381 1884 2414 Rieti,
1901 2381 1934 2408 ‘2ss
1951 2381 2006 2407 mai
2026 2380 2100 2407 1288.

1243 2385 1330 2413 1⁰8

1203 2449 1314 2483 Regem
1334 2447 1456 2481 Angltae
1480 2446 1610 2472 hortatur
1633 2448 1776 2479 quatenus
1800 2444 1835 2470 ad
1859 2444 2056 2470 liberationem
2081 2443 2172 2469 Caroli

1168 2499 1246 2533 regis
1267 2497 1381 2524 Siciliae
1404 2504 1435 2522 se
1454 2496 1626 2529 interponat.
1649 2494 1735 2528 (Rea.
1749 2493 1795 2524 44,
1811 2501 1835 2519 c,
1852 2493 1899 2523 57,
1916 2493 1936 2518 f.
1954 2493 1982 2518 15
1993 2498 2036 2524 νος
2053 2491 2169 2522 Porrn„

1167 2547 1276 2581 22719.)

1209 2650 1372 2679 Carissimo
1388 2649 1421 2676 in
1434 2646 1548 2676 Christo
1564 2647 1650 2683 filio..
1671 2645 1735 2681 reyi
1750 2644 1858 2681 Anylie
1878 2643 2003 2672 illustri.
2028 2654 2041 2669 e
2059 2642 2172 2680 Regali

1169 2701 1338 2737 memoria,
1357 2704 1428 2736 eto,
1446 2704 1481 2729 ut
1498 2700 1532 2728 in
1553 2698 1695 2737 proxima
1716 2696 1871 2734 superiori
1892 2704 1991 2734 nsque
2011 2699 2041 2724 et
2063 2695 2170 2724 horta-

1167 2765 1240 2786 mur
1262 2755 1295 2784 in
1319 2753 1460 2784 Domino
1481 2752 1583 2782 Jhesu
1604 2751 1732 2780 Christo
1747 2754 1906 2788 quatenus
1924 2757 1997 2778 cum
2017 2757 2072 2787 pro
2089 2752 2169 2778 trac-

1167 2810 1262 2839 tanda
1279 2808 1468 2837 liberatione
1486 2805 1561 2834 dicti
1577 2803 1779 2843 primogeniti
1794 2802 1900 2832 varios
1915 2805 2060 2840 sumptus
2078 2801 2170 2831 susti-

1167 2862 1294 2898 nueris,
1326 2865 1360 2890 nt
1387 2859 1606 2889 intelleximus
1623 2882 1629 2894 ‚
1666 2859 1696 2887 et
1721 2856 1844 2886 labores
1856 2880 1863 2892 ‚
1900 2864 1918 2884 a
1950 2855 2172 2894 prosecutione

1166 2914 1354 2956 hujusmodi
1368 2912 1487 2950 negotii
1503 2919 1566 2941 non
1583 2910 1730 2946 desistas,
1752 2909 1807 2939 sed
1825 2918 1880 2947 per
1894 2908 2043 2938 honestos
2060 2907 2170 2937 modos

1166 2975 1196 3000 et
1209 2969 1324 3004 licitos,
1341 2976 1377 2997 ac
1393 2966 1488 2996 etiam
1506 2964 1621 2994 honori
1638 2963 1770 2993 ecclesie
1786 2970 1954 3000 congruos,
1972 2965 2007 2990 ut
2022 2959 2170 2989 effectum

1166 3025 1377 3062 consequatur
1397 3024 1559 3059 optatum,
1583 3019 1766 3056 interponas
1789 3016 1920 3046 sollicite
1944 3023 1980 3044 ac
2003 3013 2171 3044 efficaciter
