2477 3637
215 372 272 402 428
964 365 1200 396 REGtsTRES
1223 365 1276 394 DE
1299 363 1484 394 NICOLAS
1506 364 1563 394 IV.

552 432 907 467 Sainte-Mm-ie-Majeure,
923 431 957 459 23
971 439 1048 459 mars
1064 431 1140 458 1290.

287 436 407 466 2518

251 499 433 535 Dispensatio
449 506 536 533 super
547 497 660 523 defectu
677 495 824 522 natalium.
837 494 920 528 (Rea.
937 494 982 529 45,
994 503 1020 522 c.
1037 494 1081 526 99,
1094 495 1113 521 f.
1132 495 1162 521 17
1174 493 1220 529 1¹⁰).

259 602 423 632 Venerabili
441 600 537 637 fratri
557 621 577 629 ..
600 599 732 637 episcopo
752 598 927 627 Florentino
952 596 1084 627 mandat
1106 600 1220 636 quate-

213 665 272 686 nus
295 663 368 684 cum
389 651 581 688 Lombardo,
607 655 680 681 nato
700 651 863 690 quondam
882 650 994 681 Uberti
1014 649 1052 680 de
1075 649 1219 687 Sofiano,

212 708 326 739 clerico
351 705 554 736 Florentinae
581 703 757 742 dioecesis,
785 712 924 742 quocum
942 703 1008 742 jam
1030 713 1048 733 a
1070 703 1222 734 Johauue

211 769 290 801 papa
311 760 532 798 dispensatum
549 762 596 788 est
614 762 666 795 ut,
684 757 905 788 nonobstante
921 756 1046 787 defectu
1065 756 1221 786 natalium

209 824 305 854 quem
325 813 459 853 patitur,
482 821 498 842 e
521 811 623 842 soluto
639 811 768 850 genitus
787 815 817 840 et
833 810 957 847 soluta,
977 810 1016 840 ad
1037 818 1149 840 omnes
1167 819 1221 841 or—

211 868 302 898 dines
321 866 502 907 promoveri
520 869 550 896 et
566 864 815 895 ecclesiasticum
834 864 1028 894 beneficium
1046 863 1141 893 etiam
1161 872 1220 894 cu-

211 930 281 952 ram
297 920 418 951 habens
439 919 585 950 obtinere
599 918 730 956 valeret,
748 927 858 948 rursus
874 918 1038 956 dispenset
1060 921 1094 947 ut
1118 926 1222 957 perso-

212 979 323 1005 natum
367 973 416 1003 vel
462 972 652 1011 dignitatem
698 972 838 1011 recipere
878 971 980 1002 valeat
1000 995 1007 1009 ‚
1051 970 1221 1010 episcopali

211 1027 367 1066 dignitate
383 1030 520 1066 excepta.
604 1062 607 1064 q

254 1095 264 1107 u
287 1080 439 1120 Exposuit
456 1079 546 1110 nobis
563 1079 737 1110 dilectus...
756 1097 793 1102 —
806 1080 877 1111 Dat.
897 1080 1010 1117 Rome,
1025 1079 1108 1119 apud
1125 1079 1220 1110 Sanc-

212 1139 277 1166 tam
297 1135 434 1165 Mariam
450 1134 618 1173 Majorem,
639 1142 656 1163 x
674 1132 826 1164 kalendas
842 1133 965 1173 aprilis,
981 1142 1068 1164 anno
1085 1133 1187 1164 tertio.
1205 1145 1218 1161 ³>

265 1293 524 1322 2520-2523
577 1292 935 1328 sainte-Marie-Majeure,
953 1294 985 1320 17
1001 1293 1071 1320 avril
1088 1293 1165 1321 1290.

200 1366 204 1368 ’
245 1355 454 1390 Indulgentiae.
476 1355 558 1387 (itm.
577 1355 623 1386 45,
639 1362 665 1382 c.
683 1355 744 1387 992,
762 1355 780 1382 f.
801 1356 831 1383 17
849 1363 888 1389 νος
906 1355 974 1382 Lar.
990 1364 1027 1384 nu
1041 1355 1145 1388 Τειειι,
1163 1355 1220 1390 ΙΙΙ,

210 1405 265 1437 79.)

251 1530 271 1538 ..
289 1508 387 1537 abbati
402 1512 428 1536 ει
445 1508 609 1537 conventui
631 1508 812 1536 monasterii
830 1508 915 1537 Beate
934 1508 1027 1537 Mario
1046 1509 1080 1538 de
1094 1509 1221 1539 Brithu-

212 1562 252 1591 lio
269 1585 274 1597 ‚
294 1561 414 1590 ordinis
431 1560 463 1590 S.
481 1560 650 1597 Benedicti,
675 1560 861 1590 Belvacensz's
880 1561 1013 1591 diocesis.
1041 1562 1221 1600 Indulgen-

210 1615 287 1645 tiam
306 1615 401 1644 unius
417 1614 496 1644 anni
512 1618 544 1643 et
559 1623 598 1643 XL
615 1613 740 1644 dierum
757 1614 905 1644 concedit
921 1615 966 1644 eis
981 1615 1037 1654 qui
1053 1615 1221 1646 ecclesiam
1245 1642 1249 1645 .

210 1668 361 1708 praedicti
386 1668 571 1698 monasterii
599 1667 632 1697 in
654 1667 791 1706 singulis
812 1668 922 1698 beatae
943 1669 1064 1699 Mariae
1085 1674 1115 1699 et
1137 1670 1222 1700 beati

210 1721 445 1757 Constantiani,
467 1721 559 1760 cujus
578 1721 703 1751 meritis
724 1721 845 1751 ibidem
860 1722 960 1752 multa
979 1723 1134 1754 miracula
1150 1733 1222 1764 per-

211 1779 396 1815 petrantur,
417 1774 642 1805 festivitatibus
659 1780 688 1804 et
710 1784 764 1814 per
780 1779 849 1806 octo
864 1775 933 1806 dies
949 1782 1120 1815 sequentes
1141 1779 1222 1808 visi-

210 1829 360 1859 taverint.

253 1894 267 1909 ιι
289 1882 388 1920 Virga
403 1882 631 1912 venustissima
646 1886 713 1913 ει...
731 1899 769 1904 -
782 1883 854 1913 Dat.
878 1884 997 1921 Rome,
1014 1885 1098 1924 apud
1122 1886 1221 1917 Sanc-

212 1940 276 1966 tam
295 1935 433 1965 Mariam
449 1936 607 1974 Majorem
620 1958 628 1972 ,
645 1945 684 1965 xv
700 1936 854 1966 kalendas
872 1937 960 1975 maii,
979 1947 1066 1969 anno
1083 1940 1186 1970 tertio.
1207 1952 1222 1968 »

554 2016 910 2052 Sainte-Marie-Majeure‚
929 2019 960 2046 15
976 2027 1053 2046 mars
1071 2020 1149 2048 1290.

252 2079 290 2108 In
309 2087 336 2110 e.
355 2088 398 2108 m.
415 2079 576 2109 universis
594 2079 715 2110 Christi
731 2080 879 2111 fidelibus
896 2087 1079 2120 praesentes
1101 2083 1223 2115 litteras

210 2133 401 2171 inspecturis
415 2155 424 2170 ‚
449 2141 505 2172 pro
527 2133 661 2164 ecclesia
680 2134 864 2172 biginarum
885 2135 1082 2174 Parisiensi,
1108 2137 1224 2169 Beatae

210 2186 332 2216 Mariae
349 2186 501 2217 vocabulo
517 2187 685 2226 insignita.
708 2188 779 2217 Dat.
800 2189 937 2225 Romae,
958 2189 1097 2228 ibidem,
1117 2191 1223 2223 idibus

213 2239 339 2275 martii,
356 2249 442 2270 anno
458 2241 560 2272 tertio.

251 2293 290 2322 In
306 2302 334 2323 e.
353 2303 396 2323 m.
415 2294 549 2332 eisdem,
565 2303 621 2334 pro
634 2295 766 2325 ecclesia
784 2319 804 2327 ..
819 2297 932 2335 prioris
945 2302 975 2327 et
990 2303 1166 2329 conventus
1184 2300 1223 2330 de

211 2346 384 2386 Lingonio,
401 2347 523 2378 ordinis
542 2348 657 2379 Beatae
678 2350 796 2379 Mariae
810 2350 848 2380 de
867 2351 973 2381 Monte
989 2350 1142 2388 Carmeli,
1162 2353 1222 2383 Va-

211 2402 348 2431 satensis
359 2401 524 2439 dioecesis,
543 2402 576 2432 in
591 2402 747 2433 honorem
760 2404 876 2435 Beatae
892 2405 1014 2436 Mariae
1027 2412 1219 2438 constructa.

213 2454 284 2484 Dat.
304 2458 337 2484 ut
354 2463 460 2494 supra.

555 2509 916 2547 Sainte-Marie-MaJeure,
934 2513 967 2540 30
982 2513 1052 2540 avril
1071 2514 1148 2542 1290.

253 2571 291 2600 In
305 2580 334 2602 e.
353 2580 397 2602 m.
416 2572 551 2610 eisdem,
573 2581 628 2612 pro
646 2574 779 2604 ecclesia
792 2574 926 2606 Sanctae
941 2576 1062 2607 Mariae
1079 2577 1164 2608 dicta
1183 2578 1222 2608 de

214 2623 298 2654 Villa
310 2625 401 2663 juxta
418 2626 583 2657 Penestre.
604 2627 674 2657 Dat.
695 2628 832 2666 Romae,
852 2633 1010 2669 utsupra,
1028 2640 1050 2660 11
1067 2631 1221 2662 kalendas

213 2678 306 2715 maii,
323 2687 410 2709 anuo
430 2680 520 2710 tertio
538 2679 595 2719 (En
611 2681 740 2720 mar-qe).

287 2838 408 2867 2524

253 2892 378 2920 Licentia
389 2896 541 2923 exercendi
553 2905 604 2931 per
618 2897 690 2924 alios
701 2899 752 2932 jus
768 2899 949 2927 visitationis.
962 2900 1046 2934 (Rau.
1058 2901 1102 2935 45,
1119 2910 1145 2929 c.
1160 2902 1220 2937 100,

215 2941 234 2966 s.
255 2941 282 2967 17
301 2949 345 2972 r0;
362 2942 426 2970 Lu».
445 2953 478 2971 nu
494 2944 592 2978 Tuan„
609 2945 661 2977 ΙΙΙ,
679 2947 734 2980 81.)

552 2839 911 2879 Saintc-Marie-Mnjeure,
927 2843 959 2870 ι21
979 2852 1054 2872 mars
1071 2845 1149 2873 1290.

263 3043 429 3074 Venerabili
447 3048 541 3082 fratri
555 3048 680 3086 Sy'moni
692 3072 700 3086 ‚
718 3051 939 3089 archiepiscopo
955 3051 1152 3084 Bituricensi.

1347 442 1361 457 ι
1387 429 1535 459 Exhibita
1551 429 1642 460 nobis
1662 433 1751 459 tua...
1769 446 1808 451 -
1823 428 1894 459 Dat.
1918 429 2019 459 Rome
2032 452 2040 468 ‚
2061 429 2144 469 apud
2162 429 2311 461 Sanctam

1306 484 1444 514 Mariam
1461 483 1632 522 Majorem,
1652 492 1693 513 xn
1715 482 1869 513 kalendas
1885 481 1996 522 aprilis
2007 507 2015 522 ,
2032 491 2118 514 anno
2134 484 2236 515 tertio.
2255 495 2270 512 n

1376 657 1495 686 2525

1340 719 1473 746 Facultas
1496 718 1662 746 conferendi
1687 718 1835 746 beneficia.
1860 718 1945 753 (Rau.
1971 719 2023 753 45,
2046 727 2072 746 c.
2090 719 2160 752 101,
2176 719 2196 747 r.
2215 720 2247 747 17
2267 727 2313 753 ιη

1303 767 1370 795 LAP.
1389 777 1424 796 nu
1439 768 1539 803 Tuam,
1556 767 1608 799 ΙΙΙ,
1625 767 1682 801 82.)

1648 654 2005 691 Sainte-Marie-Majeure,
2021 655 2052 683 ‘21
2071 664 2148 683 mars
2163 656 2241 684 1290.

1344 872 1448 901 Eidem
1472 870 1655 901 facultatem
1671 870 1818 901 concedit
1839 870 1978 901 faciendi
2000 870 2100 910 recipi
2121 871 2156 901 in
2174 870 2313 910 singulis

1303 924 1478 962 collegiatis
1501 924 1642 954 ecclesiis
1667 924 1822 954 dioecesis
1850 925 2061 955 Bituricensis
2079 934 2180 956 unam
2202 933 2312 965 perso-

1304 986 1379 1008 nam
1398 978 1431 1007 in
1448 977 1639 1008 canonicum
1659 981 1691 1007 et
1709 977 1838 1007 fratrem
1855 981 1885 1008 et
1903 977 2093 1017 providendi
2111 978 2141 1009 ei
2159 978 2198 1009 de
2215 987 2310 1018 prae-

1304 1031 1418 1062 benda.

1347 1098 1360 1111 ι
1385 1085 1561 1116 Personam
1581 1089 1668 1115 tuam
1687 1093 1762 1116 eo...
1780 1101 1818 1108 —
1834 1084 1906 1115 Dat.
1925 1090 1959 1115 ut
1975 1093 2082 1125 supra.
2101 1097 2116 1113 υ

1359 1259 1621 1289 2526-2522

1339 1321 1385 1348 Ad
1402 1321 1576 1348 solutionem
1597 1321 1759 1348 debitorum
1778 1319 1971 1348 Bituricensis
1989 1320 2140 1348 ecclesiae.
2158 1320 2242 1356 (Rae.
2258 1321 2293 1349 45
2305 1343 2312 1355 ‚

1303 1378 1328 1398 c.
1347 1370 1406 1402 102,
1425 1371 1444 1397 f.
1464 1371 1494 1397 17
1511 1377 1555 1402 r⁰;
1574 1370 1640 1398 Lm.
1658 1380 1694 1398 nu
1708 1370 1806 1400 Tam,
1825 1369 1876 1404 111,
1895 1369 1951 1403 83.)

1661 1257 2018 1293 Sainte-Marie-Majeure‚
2033 1258 2065 1285 21
2084 1266 2162 1287 mars
2180 1258 2259 1287 1290.

1343 1473 1448 1503 Eidem
1464 1472 1611 1511 indulget
1625 1477 1660 1503 ut
1676 1473 1813 1510 fructus,
1827 1473 1970 1503 redditus
1987 1476 2017 1503 et
2031 1476 2203 1512 proventus
2214 1473 2314 1513 primi

1302 1527 1380 1557 anni
1388 1527 1536 1557 omnium
1543 1526 1772 1557 beneficiorum
1780 1526 2066 1557 ecclesiasticorum
2075 1535 2157 1566 quae
2165 1535 2266 1567 usque
2272 1527 2314 1559 ad

1305 1580 1483 1611 triennium
1505 1581 1539 1610 in
1563 1580 1757 1611 Bituricensi
1772 1580 1903 1611 civitate
1922 1585 1953 1610 et
1970 1580 2111 1611 dioecesi
2132 1581 2309 1620 vacabunt,

1303 1634 1339 1664 in
1359 1634 1554 1665 solutionem
1574 1634 1754 1664 debitorum
1778 1635 1990 1665 Bituricensis
2005 1633 2157 1665 ecclesiae
2173 1642 2308 1666 convet-

1304 1688 1427 1725 tendos,
1446 1688 1608 1726 percipere
1622 1687 1732 1727 possit.

1346 1754 1360 1770 α
1379 1741 1472 1772 Circa
1487 1750 1597 1772 curam
1614 1741 1868 1780 quarumlibet...
1886 1758 1925 1763 -—
1942 1742 2013 1772 Dat.
2036 1745 2070 1772 ut
2085 1751 2191 1782 supra.
2215 1753 2229 1770 ι

1344 1796 1383 1826 In
1405 1805 1432 1825 e.
1452 1805 1495 1825 m.
1517 1818 1537 1825 ..
1557 1795 1703 1834 episcopo
1725 1799 1756 1826 et
1778 1816 1799 1825 ..
1824 1795 1955 1826 officiali
1978 1795 2312 1828 Autissiodorensibus

1305 1850 1437 1880 mandat
1450 1854 1608 1889 quatenus
1623 1850 1769 1888 episcopo
1787 1848 1982 1880 Bituricensi
1998 1849 2174 1889 praedictos
2191 1849 2313 1882 fructus

1305 1908 1336 1934 et
1350 1903 1493 1934 redditus
1509 1903 1686 1933 ministrari
1701 1902 1830 1933 faciant.

1377 2078 1499 2108 2528

1341 2140 1548 2168 Monasterium
1563 2139 1663 2167 Sancti
1678 2139 1811 2167 Geruntii
1826 2138 1956 2167 callense
1971 2139 2112 2189 ecclesiae
2125 2139 2250 2168 ennensi
2262 2148 2314 2168 an·
2328 2123 2332 2127 ἱ

1306 2191 1440 2218 nectitur.
1458 2190 1541 2224 (Rae.
1559 2189 1602 2221 45,
1620 2196 1645 2216 c.
1663 2189 1722 2223 103,
1739 2189 1758 2216 f.
1776 2189 1807 2216 17
1825 2189 1877 2223 νο.)

1644 2076 2003 2112 Sainte-Marie-Majeure,
2023 2077 2054 2105 18
2070 2085 2147 2105 mars
2162 2077 2242 2106 ¹290.

1352 2294 1518 2324 Venerabili
1535 2294 1630 2330 fratri
1657 2315 1676 2323 ..
1699 2293 1832 2331 episcopo
1852 2293 2134 2330 Forosinfroniensi
2151 2297 2180 2323 et
2198 2292 2317 2327 dilectis-

1304 2348 1378 2386 filiis
1395 2348 1553 2386 Raynaldo
1573 2347 1723 2376 Iohannis
1742 2347 1870 2376 Romani
1884 2347 1919 2376 cle
1933 2346 2037 2384 Reate,
2053 2346 2312 2384 Ferrariemis,›et

1306 2402 1468 2433 Octaviano
1477 2401 1629 2431 Landonis
1640 2400 1673 2429 de
1680 2401 1788 2438 Anayn
1794 2401 1833 2437 ia,
1843 2400 1979 2430 Meiensis
1987 2399 2312 2436 ecclesiarumcanoni-

1304 2457 1357 2487 cis.
1376 2457 1515 2487 Vacante
1530 2453 1724 2484 monasterio
1738 2453 1847 2484 Sancti
1863 2453 2012 2484 Geruntii
2023 2453 2177 2491 Callensi,
2189 2451 2314 2490 ordinis]
2320 2455 2322 2457 '

1303 2513 1335 2545 S.
1356 2508 1540 2544 Benedicti,
1561 2517 1616 2547 per
1634 2506 1875 2537 translationem
1893 2506 2120 2546 Bonj0hannis
2131 2506 2172 2537 ad
2187 2514 2262 2538 mon

1304 2567 1421 2599 terium
1436 2563 1544 2594 Sancti
1560 2560 1728 2592 Laurentii
1743 2560 1782 2590 de
1797 2559 1928 2599 Campo,
1942 2559 2088 2599 ejusdem
2103 2559 2239 2598 ordinis,
2255 2559 2299 2590 Fa

1304 2620 1416 2652 nensis
1430 2615 1598 2652 dioecesis,
1611 2614 1828 2654 provisionem
1843 2614 1912 2653 ejus
1929 2622 2008 2653 papa
2024 2614 2086 2644 sibi
2097 2613 2270 2645 reservavit
2281 2622 2300 2645 ο

1303 2672 1506 2716 postmodum
1525 2670 1612 2700 idem
1635 2668 1866 2698 monasterium
1878 2690 1886 2703 ‚
1904 2676 1977 2698 cum
1997 2667 2149 2699 omnibus
2165 2667 2293 2707 juribus

1303 2724 1576 2759 immunitatibus,
1610 2721 1874 2762 possessionibus,
1908 2721 2031 2757 vineis,
2066 2720 2252 2752 nemoribus
2280 2725 2298 2752 ε’

1305 2778 1508 2821 pertinentiis
1525 2778 1604 2816 ejus,
1625 2781 1687 2806 tarn
1702 2775 1896 2815 episcopatui
1913 2783 2009 2814 quam
2024 2775 2174 2806 ecclesiae
2188 2773 2275 2806 calle
2304 2803 2305 2807 ,

1304 2836 1403 2869 sibus,
1422 2833 1515 2871 cujus
1530 2830 1672 2861 redditus
1689 2834 1719 2859 et
1733 2832 1907 2868 proventus
1922 2832 2034 2859 tenues
2051 2832 2154 2867 erant,
2168 2827 2308 2866 annexit.

1303 2887 1504 2920 ordinatione
1528 2885 1643 2915 horum
1667 2883 1824 2913 honorum
1846 2882 1931 2912 inter
1956 2881 2124 2912 ecclesiam
2149 2886 2181 2913 et
2204 2880 2277 2912 sedo
2299 2912 2304 2915 ,

1303 2942 1478 2983 praedictas
1501 2943 1529 2969 et
1546 2943 1627 2969 statu
1645 2935 1894 2972 monachorum,
1912 2935 2029 2975 quihus
2052 2935 2183 2966 interim
2204 2941 2311 2966 nece&

1303 2997 1386 3027 saria
1414 2995 1454 3024 de
1479 2993 1572 3023 bonis
1595 2990 1780 3021 monasterii
1810 2989 2001 3020 exhibentur
2023 2992 2055 3020 et
2084 2997 2220 3028 quorum
2248 2995 2315 3018 nu*

1304 3054 1412 3080 merus
1439 3046 1614 3077 ternarium
1645 3052 1707 3074 non
1739 3043 1878 3080 excedit,
1910 3043 1950 3073 ab
1976 3041 2148 3082 apostolica
2173 3041 2246 3072 sede
2274 3041 2315 3071 in'
