<?xml version="1.0" encoding="UTF-8"?>
<!DOCTYPE html PUBLIC "-//W3C//DTD XHTML 1.0 Transitional//EN"
    "http://www.w3.org/TR/xhtml1/DTD/xhtml1-transitional.dtd">
<html xmlns="http://www.w3.org/1999/xhtml" xml:lang="en" lang="en">
 <head>
  <title>
</title>
<meta http-equiv="Content-Type" content="text/html;charset=utf-8" />
  <meta name='ocr-system' content='tesseract 3.04.00' />
  <meta name='ocr-capabilities' content='ocr_page ocr_carea ocr_par ocr_line ocrx_word'/>
</head>
<body>
  <div class='ocr_page' id='page_1' title='image "./lesregistresdeni01romeuoft_0271.png"; bbox 0 0 2342 3652; ppageno 0'>
   <div class='ocr_carea' id='block_1_1' title="bbox 935 367 2178 412">
    <p class='ocr_par' dir='ltr' id='par_1_1' title="bbox 935 367 2178 412">
     <span class='ocr_line' id='line_1_1' title="bbox 935 367 2178 412; baseline 0.006 -9"><span class='ocrx_word' id='word_1_1' title='bbox 935 367 1163 404; x_wconf 85' lang='lat' dir='ltr'>DEUXIEME</span> <span class='ocrx_word' id='word_1_2' title='bbox 1184 368 1344 404; x_wconf 83' lang='lat' dir='ltr'>ANNEE.</span> <span class='ocrx_word' id='word_1_3' title='bbox 2124 382 2178 412; x_wconf 76' lang='lat'>261</span> 
     </span>
    </p>
   </div>
   <div class='ocr_carea' id='block_1_2' title="bbox 133 439 1025 537">
    <p class='ocr_par' dir='ltr' id='par_1_2' title="bbox 133 439 1025 537">
     <span class='ocr_line' id='line_1_2' title="bbox 171 439 1025 474; baseline -0.005 -4"><span class='ocrx_word' id='word_1_4' title='bbox 171 441 281 470; x_wconf 50' lang='lat'>12⁸2&amp;</span> <span class='ocrx_word' id='word_1_5' title='bbox 680 439 772 471; x_wconf 77' lang='lat' dir='ltr'>Rieti,</span> <span class='ocrx_word' id='word_1_6' title='bbox 790 439 822 466; x_wconf 63' lang='lat'>‘23</span> <span class='ocrx_word' id='word_1_7' title='bbox 836 440 931 474; x_wconf 83' lang='lat' dir='ltr'>juillet</span> <span class='ocrx_word' id='word_1_8' title='bbox 947 440 1025 467; x_wconf 75' lang='lat'>1289.</span> 
     </span>
     <span class='ocr_line' id='line_1_3' title="bbox 133 501 789 537; baseline -0.003 -7"><span class='ocrx_word' id='word_1_9' title='bbox 133 502 339 537; x_wconf 85' lang='lat' dir='ltr'>Indulgentiae.</span> <span class='ocrx_word' id='word_1_10' title='bbox 357 501 439 535; x_wconf 74' lang='lat' dir='ltr'>(Rm.</span> <span class='ocrx_word' id='word_1_11' title='bbox 457 502 500 533; x_wconf 98' lang='lat'>44,</span> <span class='ocrx_word' id='word_1_12' title='bbox 517 509 543 528; x_wconf 86' lang='lat' dir='ltr'>c.</span> <span class='ocrx_word' id='word_1_13' title='bbox 561 502 622 533; x_wconf 88' lang='lat'><strong>414,</strong></span> <span class='ocrx_word' id='word_1_14' title='bbox 638 502 656 528; x_wconf 86' lang='lat' dir='ltr'>f.</span> <span class='ocrx_word' id='word_1_15' title='bbox 674 502 725 528; x_wconf 74' lang='grc'>200</span> <span class='ocrx_word' id='word_1_16' title='bbox 741 504 789 535; x_wconf 81' lang='lat' dir='ltr'>r0.)</span> 
     </span>
    </p>
   </div>
   <div class='ocr_carea' id='block_1_3' title="bbox 97 601 1102 1060">
    <p class='ocr_par' dir='ltr' id='par_1_3' title="bbox 99 601 1102 953">
     <span class='ocr_line' id='line_1_4' title="bbox 142 601 1096 640; baseline -0.003 -6"><span class='ocrx_word' id='word_1_17' title='bbox 142 604 292 634; x_wconf 77' lang='lat' dir='ltr'>Universis</span> <span class='ocrx_word' id='word_1_18' title='bbox 313 604 426 633; x_wconf 77' lang='lat' dir='ltr'><em>Christi</em></span> <span class='ocrx_word' id='word_1_19' title='bbox 450 601 588 640; x_wconf 81' lang='lat' dir='ltr'>fidelibus</span> <span class='ocrx_word' id='word_1_20' title='bbox 608 608 760 640; x_wconf 74' lang='lat' dir='ltr'><em>presentes</em></span> <span class='ocrx_word' id='word_1_21' title='bbox 778 604 893 632; x_wconf 73' lang='lat' dir='ltr'>litteras</span> <span class='ocrx_word' id='word_1_22' title='bbox 908 602 1096 640; x_wconf 68' lang='lat' dir='ltr'>inspecturis.</span> 
     </span>
     <span class='ocr_line' id='line_1_5' title="bbox 100 655 1100 694; baseline -0.004 -6"><span class='ocrx_word' id='word_1_23' title='bbox 100 656 336 694; x_wconf 79' lang='lat' dir='ltr'>Indulgentiam</span> <span class='ocrx_word' id='word_1_24' title='bbox 348 655 447 685; x_wconf 88' lang='lat' dir='ltr'>unius</span> <span class='ocrx_word' id='word_1_25' title='bbox 459 655 537 684; x_wconf 87' lang='lat' dir='ltr'>anni</span> <span class='ocrx_word' id='word_1_26' title='bbox 552 659 582 684; x_wconf 89' lang='lat' dir='ltr'>et</span> <span class='ocrx_word' id='word_1_27' title='bbox 596 664 634 684; x_wconf 72' lang='lat' dir='ltr'>xr.</span> <span class='ocrx_word' id='word_1_28' title='bbox 650 655 775 684; x_wconf 87' lang='lat' dir='ltr'>dierum</span> <span class='ocrx_word' id='word_1_29' title='bbox 791 655 935 685; x_wconf 87' lang='lat' dir='ltr'>concedit</span> <span class='ocrx_word' id='word_1_30' title='bbox 949 655 1100 685; x_wconf 87' lang='lat' dir='ltr'>omnibus</span> 
     </span>
     <span class='ocr_line' id='line_1_6' title="bbox 99 708 1101 750; baseline -0.003 -11"><span class='ocrx_word' id='word_1_31' title='bbox 99 709 332 750; x_wconf 84' lang='lat' dir='ltr'>poenitentibus</span> <span class='ocrx_word' id='word_1_32' title='bbox 350 712 379 737; x_wconf 93' lang='lat' dir='ltr'>et</span> <span class='ocrx_word' id='word_1_33' title='bbox 394 708 546 737; x_wconf 78' lang='lat' dir='ltr'>confessis</span> <span class='ocrx_word' id='word_1_34' title='bbox 564 708 620 745; x_wconf 90' lang='lat' dir='ltr'>qui</span> <span class='ocrx_word' id='word_1_35' title='bbox 641 729 661 736; x_wconf 94' lang='lat'>..</span> <span class='ocrx_word' id='word_1_36' title='bbox 683 708 859 738; x_wconf 78' lang='lat' dir='ltr'>abbatissae</span> <span class='ocrx_word' id='word_1_37' title='bbox 877 713 907 738; x_wconf 88' lang='lat' dir='ltr'>et</span> <span class='ocrx_word' id='word_1_38' title='bbox 929 708 1101 738; x_wconf 91' lang='lat' dir='ltr'>conventui</span> 
     </span>
     <span class='ocr_line' id='line_1_7' title="bbox 100 760 1102 797; baseline -0.002 -5"><span class='ocrx_word' id='word_1_39' title='bbox 100 762 284 793; x_wconf 86' lang='lat' dir='ltr'>monasterii</span> <span class='ocrx_word' id='word_1_40' title='bbox 314 761 446 791; x_wconf 79' lang='lat' dir='ltr'>Sanctae</span> <span class='ocrx_word' id='word_1_41' title='bbox 479 761 590 791; x_wconf 81' lang='lat' dir='ltr'>Clarae</span> <span class='ocrx_word' id='word_1_42' title='bbox 618 761 655 790; x_wconf 91' lang='lat' dir='ltr'>de</span> <span class='ocrx_word' id='word_1_43' title='bbox 679 760 796 797; x_wconf 80' lang='lat' dir='ltr'>Stella,</span> <span class='ocrx_word' id='word_1_44' title='bbox 819 761 942 791; x_wconf 81' lang='lat' dir='ltr'>ordinis</span> <span class='ocrx_word' id='word_1_45' title='bbox 968 761 1102 790; x_wconf 77' lang='lat' dir='ltr'>Sanctae</span> 
     </span>
     <span class='ocr_line' id='line_1_8' title="bbox 100 814 1102 853; baseline -0.004 -7"><span class='ocrx_word' id='word_1_46' title='bbox 100 815 228 852; x_wconf 84' lang='lat' dir='ltr'>Clarae,</span> <span class='ocrx_word' id='word_1_47' title='bbox 250 814 507 853; x_wconf 86' lang='lat' dir='ltr'>Pampilonensis</span> <span class='ocrx_word' id='word_1_48' title='bbox 534 814 705 851; x_wconf 88' lang='lat' dir='ltr'>dioecesis,</span> <span class='ocrx_word' id='word_1_49' title='bbox 732 814 771 843; x_wconf 86' lang='lat' dir='ltr'>ad</span> <span class='ocrx_word' id='word_1_50' title='bbox 791 814 1038 844; x_wconf 78' lang='lat' dir='ltr'>construendam</span> <span class='ocrx_word' id='word_1_51' title='bbox 1063 814 1102 843; x_wconf 88' lang='lat' dir='ltr'>de</span> 
     </span>
     <span class='ocr_line' id='line_1_9' title="bbox 100 867 1101 906; baseline -0.004 -6"><span class='ocrx_word' id='word_1_52' title='bbox 100 877 182 900; x_wconf 89' lang='lat' dir='ltr'>novo</span> <span class='ocrx_word' id='word_1_53' title='bbox 198 868 383 898; x_wconf 87' lang='lat' dir='ltr'>monasterii</span> <span class='ocrx_word' id='word_1_54' title='bbox 403 867 588 904; x_wconf 88' lang='lat' dir='ltr'>ecclesiam,</span> <span class='ocrx_word' id='word_1_55' title='bbox 605 876 738 896; x_wconf 88' lang='lat' dir='ltr'>manum</span> <span class='ocrx_word' id='word_1_56' title='bbox 751 867 940 905; x_wconf 87' lang='lat' dir='ltr'>adjutricem</span> <span class='ocrx_word' id='word_1_57' title='bbox 956 875 1101 906; x_wconf 85' lang='lat' dir='ltr'>porrexe-</span> 
     </span>
     <span class='ocr_line' id='line_1_10' title="bbox 99 923 172 953; baseline -0.014 0"><span class='ocrx_word' id='word_1_58' title='bbox 99 923 172 953; x_wconf 85' lang='lat' dir='ltr'>rint.</span> 
     </span>
    </p>

    <p class='ocr_par' dir='ltr' id='par_1_4' title="bbox 97 972 1100 1060">
     <span class='ocr_line' id='line_1_11' title="bbox 140 972 1100 1012; baseline -0.001 -9"><span class='ocrx_word' id='word_1_59' title='bbox 140 987 154 1003; x_wconf 88' lang='lat'>«</span> <span class='ocrx_word' id='word_1_60' title='bbox 171 975 328 1012; x_wconf 85' lang='lat' dir='ltr'>Quoniam</span> <span class='ocrx_word' id='word_1_61' title='bbox 347 979 382 1004; x_wconf 89' lang='lat' dir='ltr'>ut</span> <span class='ocrx_word' id='word_1_62' title='bbox 397 975 477 1004; x_wconf 87' lang='lat' dir='ltr'>ait...</span> <span class='ocrx_word' id='word_1_63' title='bbox 493 991 530 996; x_wconf 89' lang='lat'>—</span> <span class='ocrx_word' id='word_1_64' title='bbox 544 974 615 1004; x_wconf 88' lang='lat' dir='ltr'>Dat.</span> <span class='ocrx_word' id='word_1_65' title='bbox 634 974 748 1012; x_wconf 84' lang='lat' dir='ltr'>Reate,</span> <span class='ocrx_word' id='word_1_66' title='bbox 761 983 779 1003; x_wconf 82' lang='lat' dir='ltr'><strong>x</strong></span> <span class='ocrx_word' id='word_1_67' title='bbox 794 973 948 1003; x_wconf 83' lang='lat' dir='ltr'>kalendas</span> <span class='ocrx_word' id='word_1_68' title='bbox 961 972 1100 1011; x_wconf 85' lang='lat' dir='ltr'>augusti,</span> 
     </span>
     <span class='ocr_line' id='line_1_12' title="bbox 97 1028 383 1060; baseline -0.021 0"><span class='ocrx_word' id='word_1_69' title='bbox 97 1037 182 1060; x_wconf 83' lang='lat' dir='ltr'>anno</span> <span class='ocrx_word' id='word_1_70' title='bbox 199 1028 348 1059; x_wconf 88' lang='lat' dir='ltr'>secundo.</span> <span class='ocrx_word' id='word_1_71' title='bbox 370 1041 383 1055; x_wconf 54' lang='lat'>&gt;³</span> 
     </span>
    </p>
   </div>
   <div class='ocr_carea' id='block_1_4' title="bbox 134 1200 1028 1300">
    <p class='ocr_par' dir='ltr' id='par_1_5' title="bbox 134 1200 1028 1300">
     <span class='ocr_line' id='line_1_13' title="bbox 172 1200 1028 1236; baseline -0.006 -5"><span class='ocrx_word' id='word_1_72' title='bbox 172 1202 284 1231; x_wconf 49' lang='lat'>1228</span> <span class='ocrx_word' id='word_1_73' title='bbox 688 1200 776 1234; x_wconf 81' lang='lat' dir='ltr'>Rieti,</span> <span class='ocrx_word' id='word_1_74' title='bbox 792 1201 825 1228; x_wconf 75' lang='lat'>23</span> <span class='ocrx_word' id='word_1_75' title='bbox 839 1200 934 1236; x_wconf 82' lang='lat' dir='ltr'>juillet</span> <span class='ocrx_word' id='word_1_76' title='bbox 951 1200 1028 1227; x_wconf 70' lang='lat'>4289.</span> 
     </span>
     <span class='ocr_line' id='line_1_14' title="bbox 134 1263 800 1300; baseline -0.005 -8"><span class='ocrx_word' id='word_1_77' title='bbox 134 1264 339 1300; x_wconf 79' lang='lat' dir='ltr'>Indulgentiae.</span> <span class='ocrx_word' id='word_1_78' title='bbox 358 1264 440 1297; x_wconf 76' lang='lat' dir='ltr'>(Rae.</span> <span class='ocrx_word' id='word_1_79' title='bbox 458 1264 502 1295; x_wconf 77' lang='lat'>44,</span> <span class='ocrx_word' id='word_1_80' title='bbox 518 1272 543 1291; x_wconf 91' lang='lat' dir='ltr'>c.</span> <span class='ocrx_word' id='word_1_81' title='bbox 560 1264 633 1298; x_wconf 80' lang='lat'><strong>414²,</strong></span> <span class='ocrx_word' id='word_1_82' title='bbox 649 1264 668 1290; x_wconf 81' lang='lat' dir='ltr'>f.</span> <span class='ocrx_word' id='word_1_83' title='bbox 686 1263 738 1291; x_wconf 72' lang='lat'>200</span> <span class='ocrx_word' id='word_1_84' title='bbox 753 1265 800 1297; x_wconf 85' lang='lat' dir='ltr'>r0.)</span> 
     </span>
    </p>
   </div>
   <div class='ocr_carea' id='block_1_5' title="bbox 99 1366 1103 1672">
    <p class='ocr_par' dir='ltr' id='par_1_6' title="bbox 99 1366 1103 1618">
     <span class='ocr_line' id='line_1_15' title="bbox 140 1366 1103 1409; baseline -0.003 -12"><span class='ocrx_word' id='word_1_85' title='bbox 140 1390 160 1398; x_wconf 96' lang='lat'>..</span> <span class='ocrx_word' id='word_1_86' title='bbox 178 1368 321 1397; x_wconf 76' lang='lat' dir='ltr'>abbatisse</span> <span class='ocrx_word' id='word_1_87' title='bbox 338 1372 364 1396; x_wconf 79' lang='lat' dir='ltr'>et</span> <span class='ocrx_word' id='word_1_88' title='bbox 380 1368 541 1397; x_wconf 71' lang='lat' dir='ltr'>conventui</span> <span class='ocrx_word' id='word_1_89' title='bbox 559 1367 740 1396; x_wconf 71' lang='lat' dir='ltr'>monasterii</span> <span class='ocrx_word' id='word_1_90' title='bbox 764 1367 798 1396; x_wconf 72' lang='lat' dir='ltr'>cte</span> <span class='ocrx_word' id='word_1_91' title='bbox 829 1367 964 1402; x_wconf 78' lang='lat' dir='ltr'>Tollone,</span> <span class='ocrx_word' id='word_1_92' title='bbox 985 1366 1103 1409; x_wconf 74' lang='lat' dir='ltr'>ordinis</span> 
     </span>
     <span class='ocr_line' id='line_1_16' title="bbox 99 1419 1103 1458; baseline -0.003 -7"><span class='ocrx_word' id='word_1_93' title='bbox 99 1421 206 1452; x_wconf 78' lang='lat' dir='ltr'>Sancte</span> <span class='ocrx_word' id='word_1_94' title='bbox 219 1422 315 1458; x_wconf 77' lang='lat' dir='ltr'>Clare,</span> <span class='ocrx_word' id='word_1_95' title='bbox 327 1422 568 1458; x_wconf 76' lang='lat' dir='ltr'>Pampilonensz‘s</span> <span class='ocrx_word' id='word_1_96' title='bbox 579 1421 710 1450; x_wconf 67' lang='lat' dir='ltr'>diocesis.</span> <span class='ocrx_word' id='word_1_97' title='bbox 723 1419 963 1458; x_wconf 79' lang='lat' dir='ltr'>Indulgentiam</span> <span class='ocrx_word' id='word_1_98' title='bbox 973 1423 1103 1450; x_wconf 88' lang='lat' dir='ltr'>centum</span> 
     </span>
     <span class='ocr_line' id='line_1_17' title="bbox 100 1474 1103 1512; baseline -0.002 -8"><span class='ocrx_word' id='word_1_99' title='bbox 100 1474 226 1504; x_wconf 88' lang='lat' dir='ltr'>dierum</span> <span class='ocrx_word' id='word_1_100' title='bbox 240 1474 383 1504; x_wconf 85' lang='lat' dir='ltr'>concedit</span> <span class='ocrx_word' id='word_1_101' title='bbox 400 1475 551 1504; x_wconf 90' lang='lat' dir='ltr'>omnibus</span> <span class='ocrx_word' id='word_1_102' title='bbox 574 1474 811 1512; x_wconf 84' lang='lat' dir='ltr'>poenitentibus</span> <span class='ocrx_word' id='word_1_103' title='bbox 833 1478 863 1504; x_wconf 88' lang='lat' dir='ltr'>et</span> <span class='ocrx_word' id='word_1_104' title='bbox 878 1474 1030 1504; x_wconf 79' lang='lat' dir='ltr'>confessis</span> <span class='ocrx_word' id='word_1_105' title='bbox 1048 1474 1103 1512; x_wconf 89' lang='lat' dir='ltr'>qui</span> 
     </span>
     <span class='ocr_line' id='line_1_18' title="bbox 101 1527 1102 1566; baseline -0.002 -8"><span class='ocrx_word' id='word_1_106' title='bbox 101 1527 264 1558; x_wconf 87' lang='lat' dir='ltr'>ecclesiam</span> <span class='ocrx_word' id='word_1_107' title='bbox 279 1527 421 1566; x_wconf 85' lang='lat' dir='ltr'>ejusdem</span> <span class='ocrx_word' id='word_1_108' title='bbox 433 1528 637 1565; x_wconf 80' lang='lat' dir='ltr'>monasterii,</span> <span class='ocrx_word' id='word_1_109' title='bbox 650 1528 685 1556; x_wconf 91' lang='lat' dir='ltr'>in</span> <span class='ocrx_word' id='word_1_110' title='bbox 698 1527 834 1565; x_wconf 79' lang='lat' dir='ltr'>singulis</span> <span class='ocrx_word' id='word_1_111' title='bbox 846 1528 954 1557; x_wconf 89' lang='lat' dir='ltr'>beatae</span> <span class='ocrx_word' id='word_1_112' title='bbox 971 1527 1102 1561; x_wconf 84' lang='lat' dir='ltr'>Mariae,</span> 
     </span>
     <span class='ocr_line' id='line_1_19' title="bbox 101 1580 1101 1618; baseline -0.001 -8"><span class='ocrx_word' id='word_1_113' title='bbox 101 1581 133 1611; x_wconf 82' lang='lat' dir='ltr'>S.</span> <span class='ocrx_word' id='word_1_114' title='bbox 152 1581 314 1611; x_wconf 89' lang='lat' dir='ltr'>Francisci</span> <span class='ocrx_word' id='word_1_115' title='bbox 331 1585 360 1610; x_wconf 88' lang='lat' dir='ltr'>et</span> <span class='ocrx_word' id='word_1_116' title='bbox 373 1585 499 1610; x_wconf 85' lang='lat' dir='ltr'>sanctae</span> <span class='ocrx_word' id='word_1_117' title='bbox 511 1580 623 1610; x_wconf 81' lang='lat' dir='ltr'>Clarae</span> <span class='ocrx_word' id='word_1_118' title='bbox 638 1581 874 1618; x_wconf 82' lang='lat' dir='ltr'>festivitatibus,</span> <span class='ocrx_word' id='word_1_119' title='bbox 890 1580 1101 1611; x_wconf 81' lang='lat' dir='ltr'>visitaverint.</span> 
     </span>
    </p>

    <p class='ocr_par' dir='ltr' id='par_1_7' title="bbox 142 1634 764 1672">
     <span class='ocr_line' id='line_1_20' title="bbox 142 1634 764 1672; baseline -0.003 -8"><span class='ocrx_word' id='word_1_120' title='bbox 142 1646 155 1661; x_wconf 77' lang='grc' dir='ltr'>α</span> <span class='ocrx_word' id='word_1_121' title='bbox 176 1634 264 1664; x_wconf 83' lang='lat' dir='ltr'>Licet</span> <span class='ocrx_word' id='word_1_122' title='bbox 279 1634 307 1664; x_wconf 90' lang='lat' dir='ltr'>is</span> <span class='ocrx_word' id='word_1_123' title='bbox 323 1634 396 1664; x_wconf 89' lang='lat' dir='ltr'>de...</span> <span class='ocrx_word' id='word_1_124' title='bbox 419 1652 457 1655; x_wconf 97' lang='lat'><strong>—</strong></span> <span class='ocrx_word' id='word_1_125' title='bbox 475 1634 546 1664; x_wconf 90' lang='lat' dir='ltr'>Dat.</span> <span class='ocrx_word' id='word_1_126' title='bbox 567 1638 724 1672; x_wconf 87' lang='lat' dir='ltr'>utsupra.</span> <span class='ocrx_word' id='word_1_127' title='bbox 750 1646 764 1661; x_wconf 58' lang='lat'>³&gt;</span> 
     </span>
    </p>
   </div>
   <div class='ocr_carea' id='block_1_6' title="bbox 174 1793 286 1822">
    <p class='ocr_par' dir='ltr' id='par_1_8' title="bbox 174 1793 286 1822">
     <span class='ocr_line' id='line_1_21' title="bbox 174 1793 286 1822; baseline 0.009 -1"><span class='ocrx_word' id='word_1_128' title='bbox 174 1793 286 1822; x_wconf 51' lang='lat'>1229</span> 
     </span>
    </p>
   </div>
   <div class='ocr_carea' id='block_1_7' title="bbox 137 1855 966 1891">
    <p class='ocr_par' dir='ltr' id='par_1_9' title="bbox 137 1855 966 1891">
     <span class='ocr_line' id='line_1_22' title="bbox 137 1855 966 1891; baseline 0.001 -9"><span class='ocrx_word' id='word_1_129' title='bbox 137 1855 319 1891; x_wconf 89' lang='lat' dir='ltr'>Dispensatio</span> <span class='ocrx_word' id='word_1_130' title='bbox 335 1857 518 1883; x_wconf 80' lang='lat' dir='ltr'>matrimonii.</span> <span class='ocrx_word' id='word_1_131' title='bbox 536 1856 618 1890; x_wconf 63' lang='lat' dir='ltr'>(Rae.</span> <span class='ocrx_word' id='word_1_132' title='bbox 637 1856 678 1888; x_wconf 90' lang='lat'>44,</span> <span class='ocrx_word' id='word_1_133' title='bbox 696 1865 722 1883; x_wconf 88' lang='lat' dir='ltr'>c.</span> <span class='ocrx_word' id='word_1_134' title='bbox 739 1857 799 1890; x_wconf 79' lang='grc'>415,</span> <span class='ocrx_word' id='word_1_135' title='bbox 816 1857 836 1883; x_wconf 84' lang='lat' dir='ltr'>f.</span> <span class='ocrx_word' id='word_1_136' title='bbox 853 1857 905 1884; x_wconf 75' lang='lat'>‘200</span> <span class='ocrx_word' id='word_1_137' title='bbox 921 1859 966 1888; x_wconf 91' lang='lat' dir='ltr'>r0.)</span> 
     </span>
    </p>
   </div>
   <div class='ocr_carea' id='block_1_8' title="bbox 616 1792 1034 1828">
    <p class='ocr_par' dir='ltr' id='par_1_10' title="bbox 616 1792 1034 1828">
     <span class='ocr_line' id='line_1_23' title="bbox 616 1792 1034 1828; baseline 0.002 -9"><span class='ocrx_word' id='word_1_138' title='bbox 616 1793 703 1827; x_wconf 79' lang='lat' dir='ltr'>Rieti,</span> <span class='ocrx_word' id='word_1_139' title='bbox 721 1794 759 1819; x_wconf 65' lang='lat' dir='ltr'>12r</span> <span class='ocrx_word' id='word_1_140' title='bbox 773 1792 936 1828; x_wconf 80' lang='lat' dir='ltr'>septembre</span> <span class='ocrx_word' id='word_1_141' title='bbox 955 1793 1034 1820; x_wconf 73' lang='lat'>1289.</span> 
     </span>
    </p>
   </div>
   <div class='ocr_carea' id='block_1_9' title="bbox 101 1959 1107 2372">
    <p class='ocr_par' dir='ltr' id='par_1_11' title="bbox 101 1959 1107 2264">
     <span class='ocr_line' id='line_1_24' title="bbox 147 1959 1106 1998; baseline -0.002 -7"><span class='ocrx_word' id='word_1_142' title='bbox 147 1960 314 1991; x_wconf 74' lang='lat' dir='ltr'>Venerabili</span> <span class='ocrx_word' id='word_1_143' title='bbox 334 1961 428 1994; x_wconf 74' lang='lat' dir='ltr'>fratri</span> <span class='ocrx_word' id='word_1_144' title='bbox 447 1983 465 1989; x_wconf 88' lang='lat'>..</span> <span class='ocrx_word' id='word_1_145' title='bbox 489 1959 618 1997; x_wconf 80' lang='lat' dir='ltr'>episcopo</span> <span class='ocrx_word' id='word_1_146' title='bbox 643 1959 787 1996; x_wconf 72' lang='lat' dir='ltr'>Melfiensi</span> <span class='ocrx_word' id='word_1_147' title='bbox 802 1959 933 1989; x_wconf 88' lang='lat' dir='ltr'>mandat</span> <span class='ocrx_word' id='word_1_148' title='bbox 948 1962 1106 1998; x_wconf 85' lang='lat' dir='ltr'>quatenus</span> 
     </span>
     <span class='ocr_line' id='line_1_25' title="bbox 101 2012 1106 2050; baseline -0.001 -7"><span class='ocrx_word' id='word_1_149' title='bbox 101 2021 175 2044; x_wconf 87' lang='lat' dir='ltr'>curn</span> <span class='ocrx_word' id='word_1_150' title='bbox 188 2012 288 2043; x_wconf 88' lang='lat' dir='ltr'>nobili</span> <span class='ocrx_word' id='word_1_151' title='bbox 304 2013 372 2042; x_wconf 87' lang='lat' dir='ltr'>viro</span> <span class='ocrx_word' id='word_1_152' title='bbox 386 2012 511 2050; x_wconf 80' lang='lat' dir='ltr'>Angelo</span> <span class='ocrx_word' id='word_1_153' title='bbox 528 2012 615 2042; x_wconf 83' lang='lat' dir='ltr'>Petri</span> <span class='ocrx_word' id='word_1_154' title='bbox 631 2012 669 2042; x_wconf 97' lang='grc'>(18</span> <span class='ocrx_word' id='word_1_155' title='bbox 688 2013 817 2050; x_wconf 89' lang='lat' dir='ltr'>Aresio,</span> <span class='ocrx_word' id='word_1_156' title='bbox 836 2016 866 2043; x_wconf 87' lang='lat' dir='ltr'>et</span> <span class='ocrx_word' id='word_1_157' title='bbox 880 2012 1010 2049; x_wconf 84' lang='lat' dir='ltr'>Ysolda,</span> <span class='ocrx_word' id='word_1_158' title='bbox 1031 2016 1106 2042; x_wconf 84' lang='lat' dir='ltr'>nata</span> 
     </span>
     <span class='ocr_line' id='line_1_26' title="bbox 103 2065 1104 2105; baseline -0.001 -9"><span class='ocrx_word' id='word_1_159' title='bbox 103 2066 233 2104; x_wconf 84' lang='lat' dir='ltr'>Rogerii</span> <span class='ocrx_word' id='word_1_160' title='bbox 257 2066 420 2102; x_wconf 89' lang='lat' dir='ltr'>Vaccarii,</span> <span class='ocrx_word' id='word_1_161' title='bbox 439 2066 561 2095; x_wconf 88' lang='lat' dir='ltr'>civibus</span> <span class='ocrx_word' id='word_1_162' title='bbox 586 2065 830 2103; x_wconf 85' lang='lat' dir='ltr'>Melfiensibus,</span> <span class='ocrx_word' id='word_1_163' title='bbox 854 2066 1031 2105; x_wconf 85' lang='lat' dir='ltr'>dispenset,</span> <span class='ocrx_word' id='word_1_164' title='bbox 1055 2070 1104 2103; x_wconf 90' lang='lat' dir='ltr'>ut,</span> 
     </span>
     <span class='ocr_line' id='line_1_27' title="bbox 103 2119 1104 2159; baseline 0 -10"><span class='ocrx_word' id='word_1_165' title='bbox 103 2128 287 2158; x_wconf 83' lang='lat' dir='ltr'>quanquam</span> <span class='ocrx_word' id='word_1_166' title='bbox 297 2123 409 2158; x_wconf 87' lang='lat' dir='ltr'>quarto</span> <span class='ocrx_word' id='word_1_167' title='bbox 423 2119 711 2157; x_wconf 83' lang='lat' dir='ltr'>consanguinitatis</span> <span class='ocrx_word' id='word_1_168' title='bbox 726 2120 824 2157; x_wconf 81' lang='lat' dir='ltr'>gradu</span> <span class='ocrx_word' id='word_1_169' title='bbox 842 2120 1008 2159; x_wconf 85' lang='lat' dir='ltr'>conjuncti</span> <span class='ocrx_word' id='word_1_170' title='bbox 1020 2123 1104 2157; x_wconf 84' lang='lat' dir='ltr'>sunt,</span> 
     </span>
     <span class='ocr_line' id='line_1_28' title="bbox 102 2172 1107 2211; baseline 0.001 -9"><span class='ocrx_word' id='word_1_171' title='bbox 102 2173 142 2202; x_wconf 88' lang='lat' dir='ltr'>ad</span> <span class='ocrx_word' id='word_1_172' title='bbox 166 2172 321 2202; x_wconf 88' lang='lat' dir='ltr'>sedandas</span> <span class='ocrx_word' id='word_1_173' title='bbox 342 2173 427 2202; x_wconf 88' lang='lat' dir='ltr'>inter</span> <span class='ocrx_word' id='word_1_174' title='bbox 450 2176 598 2211; x_wconf 88' lang='lat' dir='ltr'>parentes</span> <span class='ocrx_word' id='word_1_175' title='bbox 626 2172 830 2209; x_wconf 88' lang='lat' dir='ltr'>inimicitias,</span> <span class='ocrx_word' id='word_1_176' title='bbox 861 2173 1107 2203; x_wconf 81' lang='lat' dir='ltr'>matrimonium</span> 
     </span>
     <span class='ocr_line' id='line_1_29' title="bbox 103 2226 436 2264; baseline -0.006 -8"><span class='ocrx_word' id='word_1_177' title='bbox 103 2226 288 2256; x_wconf 81' lang='lat' dir='ltr'>contrahere</span> <span class='ocrx_word' id='word_1_178' title='bbox 303 2226 436 2264; x_wconf 84' lang='lat' dir='ltr'>possint.</span> 
     </span>
    </p>

    <p class='ocr_par' dir='ltr' id='par_1_12' title="bbox 104 2279 1107 2372">
     <span class='ocr_line' id='line_1_30' title="bbox 144 2279 1107 2319; baseline 0.003 -12"><span class='ocrx_word' id='word_1_179' title='bbox 144 2292 158 2307; x_wconf 76' lang='lat'>«</span> <span class='ocrx_word' id='word_1_180' title='bbox 186 2280 332 2319; x_wconf 86' lang='lat' dir='ltr'>Exposita</span> <span class='ocrx_word' id='word_1_181' title='bbox 356 2289 461 2310; x_wconf 89' lang='lat' dir='ltr'>coram</span> <span class='ocrx_word' id='word_1_182' title='bbox 491 2280 622 2310; x_wconf 89' lang='lat' dir='ltr'>nobis...</span> <span class='ocrx_word' id='word_1_183' title='bbox 650 2297 684 2301; x_wconf 90' lang='lat'>—-</span> <span class='ocrx_word' id='word_1_184' title='bbox 712 2281 783 2310; x_wconf 91' lang='lat' dir='ltr'>Dat.</span> <span class='ocrx_word' id='word_1_185' title='bbox 812 2281 930 2317; x_wconf 85' lang='lat' dir='ltr'>Reate,</span> <span class='ocrx_word' id='word_1_186' title='bbox 961 2279 1107 2312; x_wconf 81' lang='lat' dir='ltr'>kalendis</span> 
     </span>
     <span class='ocr_line' id='line_1_31' title="bbox 104 2334 611 2372; baseline -0.004 -9"><span class='ocrx_word' id='word_1_187' title='bbox 104 2334 289 2372; x_wconf 86' lang='lat' dir='ltr'>septembris</span> <span class='ocrx_word' id='word_1_188' title='bbox 303 2357 309 2370; x_wconf 90' lang='lat'>,</span> <span class='ocrx_word' id='word_1_189' title='bbox 326 2342 412 2364; x_wconf 88' lang='lat' dir='ltr'>anno</span> <span class='ocrx_word' id='word_1_190' title='bbox 428 2334 578 2364; x_wconf 84' lang='lat' dir='ltr'>secundo.</span> <span class='ocrx_word' id='word_1_191' title='bbox 599 2346 611 2360; x_wconf 82' lang='lat'>»</span> 
     </span>
    </p>
   </div>
   <div class='ocr_carea' id='block_1_10' title="bbox 178 2506 1036 2538">
    <p class='ocr_par' dir='ltr' id='par_1_13' title="bbox 178 2506 1036 2538">
     <span class='ocr_line' id='line_1_32' title="bbox 178 2506 1036 2538; baseline 0 -4"><span class='ocrx_word' id='word_1_192' title='bbox 178 2506 293 2535; x_wconf 67' lang='lat'>1280</span> <span class='ocrx_word' id='word_1_193' title='bbox 718 2506 809 2538; x_wconf 82' lang='lat' dir='ltr'>Rieti,</span> <span class='ocrx_word' id='word_1_194' title='bbox 827 2506 861 2534; x_wconf 74' lang='lat'>‘28</span> <span class='ocrx_word' id='word_1_195' title='bbox 875 2508 942 2534; x_wconf 70' lang='lat' dir='ltr'>aaut</span> <span class='ocrx_word' id='word_1_196' title='bbox 959 2507 1036 2534; x_wconf 65' lang='lat'>1289.</span> 
     </span>
    </p>
   </div>
   <div class='ocr_carea' id='block_1_11' title="bbox 106 2567 1108 2653">
    <p class='ocr_par' dir='ltr' id='par_1_14' title="bbox 106 2567 1108 2653">
     <span class='ocr_line' id='line_1_33' title="bbox 140 2567 1108 2607; baseline 0.004 -13"><span class='ocrx_word' id='word_1_197' title='bbox 140 2567 182 2594; x_wconf 89' lang='lat' dir='ltr'>De</span> <span class='ocrx_word' id='word_1_198' title='bbox 206 2568 363 2604; x_wconf 86' lang='lat' dir='ltr'>privilegiis</span> <span class='ocrx_word' id='word_1_199' title='bbox 385 2568 558 2595; x_wconf 86' lang='lat' dir='ltr'>monasterio</span> <span class='ocrx_word' id='word_1_200' title='bbox 583 2569 618 2596; x_wconf 90' lang='lat' dir='ltr'>de</span> <span class='ocrx_word' id='word_1_201' title='bbox 644 2569 738 2597; x_wconf 73' lang='lat' dir='ltr'>Gai-da</span> <span class='ocrx_word' id='word_1_202' title='bbox 762 2571 866 2597; x_wconf 85' lang='lat' dir='ltr'>Beatae</span> <span class='ocrx_word' id='word_1_203' title='bbox 892 2571 997 2598; x_wconf 86' lang='lat' dir='ltr'>Mariae</span> <span class='ocrx_word' id='word_1_204' title='bbox 1020 2579 1108 2607; x_wconf 86' lang='lat' dir='ltr'>prope</span> 
     </span>
     <span class='ocr_line' id='line_1_34' title="bbox 106 2615 824 2653; baseline 0.003 -10"><span class='ocrx_word' id='word_1_205' title='bbox 106 2615 199 2643; x_wconf 87' lang='lat' dir='ltr'>Blesis</span> <span class='ocrx_word' id='word_1_206' title='bbox 215 2617 372 2644; x_wconf 86' lang='lat' dir='ltr'>concessis.</span> <span class='ocrx_word' id='word_1_207' title='bbox 391 2617 472 2651; x_wconf 77' lang='lat' dir='ltr'>(REG-</span> <span class='ocrx_word' id='word_1_208' title='bbox 491 2618 534 2649; x_wconf 90' lang='lat'>44,</span> <span class='ocrx_word' id='word_1_209' title='bbox 553 2626 577 2644; x_wconf 87' lang='lat' dir='ltr'>c.</span> <span class='ocrx_word' id='word_1_210' title='bbox 596 2618 657 2650; x_wconf 86' lang='lat'><strong>416,</strong></span> <span class='ocrx_word' id='word_1_211' title='bbox 673 2618 693 2644; x_wconf 89' lang='lat' dir='ltr'>f.</span> <span class='ocrx_word' id='word_1_212' title='bbox 711 2618 762 2646; x_wconf 64' lang='lat'>200</span> <span class='ocrx_word' id='word_1_213' title='bbox 777 2621 824 2653; x_wconf 83' lang='lat' dir='ltr'>ro.)</span> 
     </span>
    </p>
   </div>
   <div class='ocr_carea' id='block_1_12' title="bbox 107 2720 1109 3076">
    <p class='ocr_par' dir='ltr' id='par_1_15' title="bbox 107 2720 1109 2970">
     <span class='ocr_line' id='line_1_35' title="bbox 147 2720 1107 2760; baseline 0.005 -12"><span class='ocrx_word' id='word_1_214' title='bbox 147 2720 266 2749; x_wconf 77' lang='lat' dir='ltr'>Dilectis</span> <span class='ocrx_word' id='word_1_215' title='bbox 280 2720 355 2757; x_wconf 75' lang='lat' dir='ltr'>filiis</span> <span class='ocrx_word' id='word_1_216' title='bbox 375 2741 395 2749; x_wconf 87' lang='lat'>..</span> <span class='ocrx_word' id='word_1_217' title='bbox 412 2721 548 2759; x_wconf 69' lang='lat' dir='ltr'>yenerali</span> <span class='ocrx_word' id='word_1_218' title='bbox 563 2729 596 2750; x_wconf 82' lang='lat' dir='ltr'>ac</span> <span class='ocrx_word' id='word_1_219' title='bbox 614 2743 633 2750; x_wconf 90' lang='lat'>..</span> <span class='ocrx_word' id='word_1_220' title='bbox 649 2722 832 2759; x_wconf 71' lang='lat' dir='ltr'>provinciali</span> <span class='ocrx_word' id='word_1_221' title='bbox 845 2724 999 2760; x_wconf 71' lang='lat' dir='ltr'>provincie</span> <span class='ocrx_word' id='word_1_222' title='bbox 1018 2725 1107 2753; x_wconf 79' lang='lat' dir='ltr'>Turo-</span> 
     </span>
     <span class='ocr_line' id='line_1_36' title="bbox 107 2773 1108 2815; baseline 0.006 -14"><span class='ocrx_word' id='word_1_223' title='bbox 107 2774 207 2802; x_wconf 69' lang='lat' dir='ltr'>nensis</span> <span class='ocrx_word' id='word_1_224' title='bbox 221 2773 374 2802; x_wconf 73' lang='lat' dir='ltr'>ministris</span> <span class='ocrx_word' id='word_1_225' title='bbox 390 2774 509 2803; x_wconf 72' lang='lat' dir='ltr'>ordinis</span> <span class='ocrx_word' id='word_1_226' title='bbox 523 2776 660 2810; x_wconf 78' lang='lat' dir='ltr'>fratrum</span> <span class='ocrx_word' id='word_1_227' title='bbox 682 2776 841 2805; x_wconf 76' lang='lat' dir='ltr'>minorum</span> <span class='ocrx_word' id='word_1_228' title='bbox 855 2776 993 2806; x_wconf 85' lang='lat' dir='ltr'>declarat</span> <span class='ocrx_word' id='word_1_229' title='bbox 1008 2777 1108 2815; x_wconf 89' lang='lat' dir='ltr'>privi-</span> 
     </span>
     <span class='ocr_line' id='line_1_37' title="bbox 107 2825 1106 2869; baseline 0.006 -14"><span class='ocrx_word' id='word_1_230' title='bbox 107 2825 190 2864; x_wconf 83' lang='lat' dir='ltr'>legia</span> <span class='ocrx_word' id='word_1_231' title='bbox 205 2827 398 2856; x_wconf 88' lang='lat' dir='ltr'>monasterio</span> <span class='ocrx_word' id='word_1_232' title='bbox 420 2827 458 2856; x_wconf 88' lang='lat' dir='ltr'>de</span> <span class='ocrx_word' id='word_1_233' title='bbox 478 2826 582 2856; x_wconf 84' lang='lat' dir='ltr'>Garda</span> <span class='ocrx_word' id='word_1_234' title='bbox 604 2828 718 2857; x_wconf 87' lang='lat' dir='ltr'>Beatae</span> <span class='ocrx_word' id='word_1_235' title='bbox 734 2829 854 2859; x_wconf 87' lang='lat' dir='ltr'>Mariae</span> <span class='ocrx_word' id='word_1_236' title='bbox 874 2838 967 2869; x_wconf 86' lang='lat' dir='ltr'>prope</span> <span class='ocrx_word' id='word_1_237' title='bbox 985 2830 1087 2860; x_wconf 86' lang='lat' dir='ltr'>Blesis</span> <span class='ocrx_word' id='word_1_238' title='bbox 1099 2855 1106 2868; x_wconf 89' lang='lat'>,</span> 
     </span>
     <span class='ocr_line' id='line_1_38' title="bbox 107 2878 1109 2921; baseline 0.006 -13"><span class='ocrx_word' id='word_1_239' title='bbox 107 2878 227 2908; x_wconf 85' lang='lat' dir='ltr'>ordinis</span> <span class='ocrx_word' id='word_1_240' title='bbox 250 2880 392 2910; x_wconf 74' lang='lat' dir='ltr'>Sanctae.</span> <span class='ocrx_word' id='word_1_241' title='bbox 408 2879 536 2916; x_wconf 82' lang='lat' dir='ltr'>Clarae,</span> <span class='ocrx_word' id='word_1_242' title='bbox 558 2888 723 2917; x_wconf 84' lang='lat' dir='ltr'>concessa,</span> <span class='ocrx_word' id='word_1_243' title='bbox 747 2890 810 2911; x_wconf 90' lang='lat' dir='ltr'>non</span> <span class='ocrx_word' id='word_1_244' title='bbox 842 2882 993 2921; x_wconf 84' lang='lat' dir='ltr'>derogare</span> <span class='ocrx_word' id='word_1_245' title='bbox 1015 2892 1109 2914; x_wconf 86' lang='lat' dir='ltr'>curae</span> 
     </span>
     <span class='ocr_line' id='line_1_39' title="bbox 110 2931 1039 2970; baseline 0.008 -10"><span class='ocrx_word' id='word_1_246' title='bbox 110 2931 252 2970; x_wconf 89' lang='lat' dir='ltr'>ejusdem</span> <span class='ocrx_word' id='word_1_247' title='bbox 268 2932 456 2962; x_wconf 85' lang='lat' dir='ltr'>monasterii</span> <span class='ocrx_word' id='word_1_248' title='bbox 475 2932 625 2962; x_wconf 85' lang='lat' dir='ltr'>fratribus</span> <span class='ocrx_word' id='word_1_249' title='bbox 641 2934 821 2964; x_wconf 89' lang='lat' dir='ltr'>minoribus</span> <span class='ocrx_word' id='word_1_250' title='bbox 839 2937 1039 2966; x_wconf 85' lang='lat' dir='ltr'>commissae.</span> 
     </span>
    </p>

    <p class='ocr_par' dir='ltr' id='par_1_16' title="bbox 110 2985 1109 3076">
     <span class='ocr_line' id='line_1_40' title="bbox 151 2985 1109 3026; baseline 0.006 -12"><span class='ocrx_word' id='word_1_251' title='bbox 151 2996 164 3012; x_wconf 74' lang='grc' dir='ltr'>α</span> <span class='ocrx_word' id='word_1_252' title='bbox 192 2986 280 3015; x_wconf 85' lang='lat' dir='ltr'>Inter</span> <span class='ocrx_word' id='word_1_253' title='bbox 300 2993 451 3024; x_wconf 81' lang='lat' dir='ltr'>personas</span> <span class='ocrx_word' id='word_1_254' title='bbox 473 2985 588 3017; x_wconf 83' lang='lat' dir='ltr'>alias...</span> <span class='ocrx_word' id='word_1_255' title='bbox 615 3004 652 3008; x_wconf 86' lang='lat'>—-</span> <span class='ocrx_word' id='word_1_256' title='bbox 678 2987 748 3017; x_wconf 89' lang='lat' dir='ltr'>Dat.</span> <span class='ocrx_word' id='word_1_257' title='bbox 777 2989 890 3026; x_wconf 86' lang='lat' dir='ltr'>Reate,</span> <span class='ocrx_word' id='word_1_258' title='bbox 914 3000 933 3019; x_wconf 92' lang='lat' dir='ltr'>v</span> <span class='ocrx_word' id='word_1_259' title='bbox 958 2989 1109 3020; x_wconf 80' lang='lat' dir='ltr'>kalendas</span> 
     </span>
     <span class='ocr_line' id='line_1_41' title="bbox 110 3038 612 3076; baseline 0.006 -9"><span class='ocrx_word' id='word_1_260' title='bbox 110 3038 309 3076; x_wconf 85' lang='lat' dir='ltr'>septembris,</span> <span class='ocrx_word' id='word_1_261' title='bbox 327 3047 412 3069; x_wconf 88' lang='grc'>311110</span> <span class='ocrx_word' id='word_1_262' title='bbox 430 3039 580 3070; x_wconf 88' lang='lat' dir='ltr'>secundo.</span> <span class='ocrx_word' id='word_1_263' title='bbox 600 3051 612 3066; x_wconf 75' lang='lat' dir='ltr'>n</span> 
     </span>
    </p>
   </div>
   <div class='ocr_carea' id='block_1_13' title="bbox 1255 440 2111 477">
    <p class='ocr_par' dir='ltr' id='par_1_17' title="bbox 1255 440 2111 477">
     <span class='ocr_line' id='line_1_42' title="bbox 1255 440 2111 477; baseline 0.007 -10"><span class='ocrx_word' id='word_1_264' title='bbox 1255 440 1363 468; x_wconf 68' lang='lat'>1281</span> <span class='ocrx_word' id='word_1_265' title='bbox 1795 444 1885 477; x_wconf 81' lang='lat' dir='ltr'>Rieti,</span> <span class='ocrx_word' id='word_1_266' title='bbox 1902 444 1935 471; x_wconf 74' lang='lat'>27</span> <span class='ocrx_word' id='word_1_267' title='bbox 1951 446 2018 472; x_wconf 76' lang='lat' dir='ltr'>aout</span> <span class='ocrx_word' id='word_1_268' title='bbox 2035 446 2111 476; x_wconf 64' lang='lat'>1289,</span> 
     </span>
    </p>
   </div>
   <div class='ocr_carea' id='block_1_14' title="bbox 1217 499 2182 540">
    <p class='ocr_par' dir='ltr' id='par_1_18' title="bbox 1217 499 2182 540">
     <span class='ocr_line' id='line_1_43' title="bbox 1217 499 2182 540; baseline 0.01 -15"><span class='ocrx_word' id='word_1_269' title='bbox 1217 499 1260 526; x_wconf 87' lang='lat' dir='ltr'>De</span> <span class='ocrx_word' id='word_1_270' title='bbox 1282 502 1464 528; x_wconf 81' lang='lat' dir='ltr'>contentione</span> <span class='ocrx_word' id='word_1_271' title='bbox 1484 504 1558 530; x_wconf 87' lang='lat' dir='ltr'>inter</span> <span class='ocrx_word' id='word_1_272' title='bbox 1577 504 1626 538; x_wconf 72' lang='lat' dir='ltr'>R,</span> <span class='ocrx_word' id='word_1_273' title='bbox 1643 504 1810 540; x_wconf 88' lang='lat' dir='ltr'>episcopum</span> <span class='ocrx_word' id='word_1_274' title='bbox 1829 507 2016 539; x_wconf 88' lang='lat' dir='ltr'>Auriensem,</span> <span class='ocrx_word' id='word_1_275' title='bbox 2034 511 2061 534; x_wconf 87' lang='lat' dir='ltr'>et</span> <span class='ocrx_word' id='word_1_276' title='bbox 2081 509 2182 536; x_wconf 83' lang='lat' dir='ltr'>fratres</span> 
     </span>
    </p>
   </div>
   <div class='ocr_carea' id='block_1_15' title="bbox 1182 549 2183 630">
    <p class='ocr_par' dir='ltr' id='par_1_19' title="bbox 1182 549 2183 630">
     <span class='ocr_line' id='line_1_44' title="bbox 1183 549 2183 590; baseline 0.009 -16"><span class='ocrx_word' id='word_1_277' title='bbox 1183 549 1309 576; x_wconf 89' lang='lat' dir='ltr'>minores</span> <span class='ocrx_word' id='word_1_278' title='bbox 1327 550 1456 584; x_wconf 83' lang='lat' dir='ltr'>ejusdem</span> <span class='ocrx_word' id='word_1_279' title='bbox 1476 552 1539 578; x_wconf 92' lang='lat' dir='ltr'>loci.</span> <span class='ocrx_word' id='word_1_280' title='bbox 1562 552 1643 585; x_wconf 74' lang='lat' dir='ltr'>(Rae.</span> <span class='ocrx_word' id='word_1_281' title='bbox 1665 554 1713 585; x_wconf 90' lang='lat'>44,</span> <span class='ocrx_word' id='word_1_282' title='bbox 1737 562 1762 581; x_wconf 87' lang='lat' dir='ltr'>o.</span> <span class='ocrx_word' id='word_1_283' title='bbox 1786 555 1850 586; x_wconf 82' lang='lat'><strong>417,</strong></span> <span class='ocrx_word' id='word_1_284' title='bbox 1873 555 1894 581; x_wconf 84' lang='lat' dir='ltr'>f.</span> <span class='ocrx_word' id='word_1_285' title='bbox 1919 555 1971 582; x_wconf 69' lang='lat'>200</span> <span class='ocrx_word' id='word_1_286' title='bbox 1993 563 2037 589; x_wconf 89' lang='lat' dir='ltr'>r0;</span> <span class='ocrx_word' id='word_1_287' title='bbox 2066 557 2183 590; x_wconf 58' lang='grc'>1301111,</span> 
     </span>
     <span class='ocr_line' id='line_1_45' title="bbox 1182 597 1292 630; baseline 0.009 -7"><span class='ocrx_word' id='word_1_288' title='bbox 1182 597 1292 630; x_wconf 69' lang='lat'><strong>23054.)</strong></span> 
     </span>
    </p>
   </div>
   <div class='ocr_carea' id='block_1_16' title="bbox 1184 694 2192 3072">
    <p class='ocr_par' dir='ltr' id='par_1_20' title="bbox 1184 694 2192 3072">
     <span class='ocr_line' id='line_1_46' title="bbox 1224 694 2182 737; baseline 0.009 -16"><span class='ocrx_word' id='word_1_289' title='bbox 1224 694 1343 723; x_wconf 73' lang='lat' dir='ltr'>Dilectis</span> <span class='ocrx_word' id='word_1_290' title='bbox 1357 695 1432 731; x_wconf 75' lang='lat' dir='ltr'>filiis</span> <span class='ocrx_word' id='word_1_291' title='bbox 1451 718 1471 726; x_wconf 86' lang='lat'>..</span> <span class='ocrx_word' id='word_1_292' title='bbox 1487 697 1700 727; x_wconf 66' lang='lat' dir='ltr'>archidiacono</span> <span class='ocrx_word' id='word_1_293' title='bbox 1717 699 1751 727; x_wconf 82' lang='lat' dir='ltr'>de</span> <span class='ocrx_word' id='word_1_294' title='bbox 1764 699 1858 728; x_wconf 78' lang='lat' dir='ltr'>Nevz&#39;a</span> <span class='ocrx_word' id='word_1_295' title='bbox 1874 701 1907 729; x_wconf 76' lang='lat' dir='ltr'>in</span> <span class='ocrx_word' id='word_1_296' title='bbox 1921 701 2039 730; x_wconf 78' lang='lat' dir='ltr'>ecclesia</span> <span class='ocrx_word' id='word_1_297' title='bbox 2050 724 2057 737; x_wconf 87' lang='lat'>,</span> <span class='ocrx_word' id='word_1_298' title='bbox 2077 710 2110 730; x_wconf 82' lang='lat' dir='ltr'>ac</span> <span class='ocrx_word' id='word_1_299' title='bbox 2126 702 2182 730; x_wconf 83' lang='lat' dir='ltr'>Ro-</span> 
     </span>
     <span class='ocr_line' id='line_1_47' title="bbox 1184 746 2182 784; baseline 0.008 -10"><span class='ocrx_word' id='word_1_300' title='bbox 1184 746 1281 775; x_wconf 69' lang='lat' dir='ltr'>derico</span> <span class='ocrx_word' id='word_1_301' title='bbox 1298 748 1467 784; x_wconf 74' lang='lat' dir='ltr'>Fernandi,</span> <span class='ocrx_word' id='word_1_302' title='bbox 1485 751 1627 778; x_wconf 72' lang='lat' dir='ltr'>canonico</span> <span class='ocrx_word' id='word_1_303' title='bbox 1644 752 1910 781; x_wconf 67' lang='lat' dir='ltr'>Bracharenszssbns.</span> <span class='ocrx_word' id='word_1_304' title='bbox 1931 765 1944 779; x_wconf 79' lang='grc' dir='ltr'>α</span> <span class='ocrx_word' id='word_1_305' title='bbox 1958 754 2071 782; x_wconf 88' lang='lat' dir='ltr'>Dilecti</span> <span class='ocrx_word' id='word_1_306' title='bbox 2084 753 2143 782; x_wconf 90' lang='lat' dir='ltr'>filii</span> <span class='ocrx_word' id='word_1_307' title='bbox 2163 777 2182 783; x_wconf 94' lang='lat'>..</span> 
     </span>
     <span class='ocr_line' id='line_1_48' title="bbox 1184 799 2184 843; baseline 0.009 -16"><span class='ocrx_word' id='word_1_308' title='bbox 1184 799 1380 835; x_wconf 81' lang='lat' dir='ltr'>guardianus</span> <span class='ocrx_word' id='word_1_309' title='bbox 1396 805 1425 829; x_wconf 89' lang='lat' dir='ltr'>et</span> <span class='ocrx_word' id='word_1_310' title='bbox 1448 806 1623 831; x_wconf 88' lang='lat' dir='ltr'>conventus</span> <span class='ocrx_word' id='word_1_311' title='bbox 1648 802 1760 832; x_wconf 87' lang='lat' dir='ltr'>domus</span> <span class='ocrx_word' id='word_1_312' title='bbox 1777 804 1910 834; x_wconf 73' lang='lat' dir='ltr'>fratrum</span> <span class='ocrx_word' id='word_1_313' title='bbox 1929 806 2116 843; x_wconf 80' lang='lat' dir='ltr'>Auriensis,</span> <span class='ocrx_word' id='word_1_314' title='bbox 2133 815 2184 836; x_wconf 86' lang='grc'>01·-</span> 
     </span>
     <span class='ocr_line' id='line_1_49' title="bbox 1184 851 2184 897; baseline 0.009 -17"><span class='ocrx_word' id='word_1_315' title='bbox 1184 851 1269 881; x_wconf 89' lang='lat' dir='ltr'>dinis</span> <span class='ocrx_word' id='word_1_316' title='bbox 1288 853 1471 888; x_wconf 90' lang='lat' dir='ltr'>minorum,</span> <span class='ocrx_word' id='word_1_317' title='bbox 1493 855 1584 883; x_wconf 86' lang='lat' dir='ltr'>nobis</span> <span class='ocrx_word' id='word_1_318' title='bbox 1609 855 1790 892; x_wconf 78' lang='lat' dir='ltr'>significare</span> <span class='ocrx_word' id='word_1_319' title='bbox 1809 863 1961 887; x_wconf 86' lang='lat' dir='ltr'>curarunt</span> <span class='ocrx_word' id='word_1_320' title='bbox 1980 860 2063 897; x_wconf 90' lang='lat' dir='ltr'>quod</span> <span class='ocrx_word' id='word_1_321' title='bbox 2084 868 2184 889; x_wconf 88' lang='lat' dir='ltr'>vene-</span> 
     </span>
     <span class='ocr_line' id='line_1_50' title="bbox 1185 904 2184 950; baseline 0.009 -18"><span class='ocrx_word' id='word_1_322' title='bbox 1185 904 1295 933; x_wconf 83' lang='lat' dir='ltr'>rabilis</span> <span class='ocrx_word' id='word_1_323' title='bbox 1324 905 1421 935; x_wconf 83' lang='lat' dir='ltr'>frater</span> <span class='ocrx_word' id='word_1_324' title='bbox 1450 910 1556 936; x_wconf 88' lang='lat' dir='ltr'>noster</span> <span class='ocrx_word' id='word_1_325' title='bbox 1585 908 1619 936; x_wconf 89' lang='lat' dir='ltr'>P.</span> <span class='ocrx_word' id='word_1_326' title='bbox 1638 931 1644 943; x_wconf 88' lang='lat'>‚</span> <span class='ocrx_word' id='word_1_327' title='bbox 1673 908 1838 946; x_wconf 88' lang='lat' dir='ltr'>episcopus</span> <span class='ocrx_word' id='word_1_328' title='bbox 1867 910 2053 947; x_wconf 77' lang='lat' dir='ltr'>Auriensis,</span> <span class='ocrx_word' id='word_1_329' title='bbox 2084 912 2184 950; x_wconf 90' lang='lat' dir='ltr'>ipsos,</span> 
     </span>
     <span class='ocr_line' id='line_1_51' title="bbox 1185 959 2186 999; baseline 0.008 -13"><span class='ocrx_word' id='word_1_330' title='bbox 1185 961 1295 987; x_wconf 85' lang='lat' dir='ltr'>contra</span> <span class='ocrx_word' id='word_1_331' title='bbox 1312 962 1434 988; x_wconf 87' lang='lat' dir='ltr'>tenores</span> <span class='ocrx_word' id='word_1_332' title='bbox 1451 959 1692 997; x_wconf 79' lang='lat' dir='ltr'>privilegiorum</span> <span class='ocrx_word' id='word_1_333' title='bbox 1708 962 1950 999; x_wconf 87' lang='lat' dir='ltr'>apostolicorum</span> <span class='ocrx_word' id='word_1_334' title='bbox 1964 973 2186 994; x_wconf 86' lang='lat' dir='ltr'>concessorum</span> 
     </span>
     <span class='ocr_line' id='line_1_52' title="bbox 1186 1011 2187 1053; baseline 0.008 -14"><span class='ocrx_word' id='word_1_335' title='bbox 1186 1011 1290 1040; x_wconf 90' lang='lat' dir='ltr'>eidem</span> <span class='ocrx_word' id='word_1_336' title='bbox 1301 1011 1418 1048; x_wconf 86' lang='lat' dir='ltr'>ordini,</span> <span class='ocrx_word' id='word_1_337' title='bbox 1436 1012 1657 1051; x_wconf 82' lang='lat' dir='ltr'>multipliciter</span> <span class='ocrx_word' id='word_1_338' title='bbox 1673 1023 1804 1051; x_wconf 83' lang='lat' dir='ltr'>gravare</span> <span class='ocrx_word' id='word_1_339' title='bbox 1821 1017 1984 1053; x_wconf 87' lang='lat' dir='ltr'>presumit.</span> <span class='ocrx_word' id='word_1_340' title='bbox 2002 1017 2096 1053; x_wconf 86' lang='lat' dir='ltr'>Nam,</span> <span class='ocrx_word' id='word_1_341' title='bbox 2114 1026 2187 1047; x_wconf 88' lang='lat' dir='ltr'>cum</span> 
     </span>
     <span class='ocr_line' id='line_1_53' title="bbox 1186 1064 2187 1108; baseline 0.007 -15"><span class='ocrx_word' id='word_1_342' title='bbox 1186 1064 1347 1102; x_wconf 87' lang='lat' dir='ltr'>quondam</span> <span class='ocrx_word' id='word_1_343' title='bbox 1364 1065 1482 1095; x_wconf 89' lang='lat' dir='ltr'>nobilis</span> <span class='ocrx_word' id='word_1_344' title='bbox 1498 1066 1614 1095; x_wconf 89' lang='lat' dir='ltr'>mulier</span> <span class='ocrx_word' id='word_1_345' title='bbox 1629 1067 1758 1097; x_wconf 85' lang='lat' dir='ltr'>Tarasia</span> <span class='ocrx_word' id='word_1_346' title='bbox 1773 1068 1950 1105; x_wconf 86' lang='lat' dir='ltr'>Johannis,</span> <span class='ocrx_word' id='word_1_347' title='bbox 1970 1079 2031 1108; x_wconf 89' lang='lat' dir='ltr'>que</span> <span class='ocrx_word' id='word_1_348' title='bbox 2052 1070 2129 1100; x_wconf 91' lang='lat' dir='ltr'>olim</span> <span class='ocrx_word' id='word_1_349' title='bbox 2154 1071 2187 1100; x_wconf 89' lang='lat' dir='ltr'>in</span> 
     </span>
     <span class='ocr_line' id='line_1_54' title="bbox 1186 1117 2188 1160; baseline 0.007 -14"><span class='ocrx_word' id='word_1_350' title='bbox 1186 1117 1296 1147; x_wconf 87' lang='lat' dir='ltr'>eadem</span> <span class='ocrx_word' id='word_1_351' title='bbox 1321 1118 1438 1148; x_wconf 86' lang='lat' dir='ltr'>diocesi</span> <span class='ocrx_word' id='word_1_352' title='bbox 1461 1119 1659 1157; x_wconf 86' lang='lat' dir='ltr'>decesserat,</span> <span class='ocrx_word' id='word_1_353' title='bbox 1682 1120 1764 1159; x_wconf 86' lang='lat' dir='ltr'>apud</span> <span class='ocrx_word' id='word_1_354' title='bbox 1789 1121 1894 1151; x_wconf 90' lang='lat' dir='ltr'>locum</span> <span class='ocrx_word' id='word_1_355' title='bbox 1915 1123 2071 1152; x_wconf 90' lang='lat' dir='ltr'>dictorum</span> <span class='ocrx_word' id='word_1_356' title='bbox 2093 1132 2188 1160; x_wconf 86' lang='lat' dir='ltr'>guar-</span> 
     </span>
     <span class='ocr_line' id='line_1_55' title="bbox 1186 1170 2189 1211; baseline 0.006 -12"><span class='ocrx_word' id='word_1_357' title='bbox 1186 1170 1275 1199; x_wconf 84' lang='lat' dir='ltr'>diani</span> <span class='ocrx_word' id='word_1_358' title='bbox 1291 1175 1321 1200; x_wconf 88' lang='lat' dir='ltr'>et</span> <span class='ocrx_word' id='word_1_359' title='bbox 1337 1171 1472 1201; x_wconf 81' lang='lat' dir='ltr'>fratrum</span> <span class='ocrx_word' id='word_1_360' title='bbox 1500 1172 1694 1202; x_wconf 86' lang='lat' dir='ltr'>Auriensem</span> <span class='ocrx_word' id='word_1_361' title='bbox 1721 1174 1915 1211; x_wconf 86' lang='lat' dir='ltr'>sepulturam</span> <span class='ocrx_word' id='word_1_362' title='bbox 1936 1175 1970 1204; x_wconf 91' lang='lat' dir='ltr'>in</span> <span class='ocrx_word' id='word_1_363' title='bbox 1995 1184 2051 1205; x_wconf 87' lang='lat' dir='ltr'>sua</span> <span class='ocrx_word' id='word_1_364' title='bbox 2077 1175 2189 1206; x_wconf 83' lang='lat' dir='ltr'>ultima</span> 
     </span>
     <span class='ocr_line' id='line_1_56' title="bbox 1185 1223 2188 1266; baseline 0.006 -14"><span class='ocrx_word' id='word_1_365' title='bbox 1185 1223 1348 1253; x_wconf 84' lang='lat' dir='ltr'>voluntate</span> <span class='ocrx_word' id='word_1_366' title='bbox 1370 1224 1534 1262; x_wconf 82' lang='lat' dir='ltr'>elegisset,</span> <span class='ocrx_word' id='word_1_367' title='bbox 1552 1225 1639 1255; x_wconf 86' lang='lat' dir='ltr'>idem</span> <span class='ocrx_word' id='word_1_368' title='bbox 1656 1226 1820 1265; x_wconf 88' lang='lat' dir='ltr'>episcopus</span> <span class='ocrx_word' id='word_1_369' title='bbox 1835 1236 1947 1266; x_wconf 89' lang='lat' dir='ltr'>corpus</span> <span class='ocrx_word' id='word_1_370' title='bbox 1966 1228 2109 1265; x_wconf 84' lang='lat' dir='ltr'>ejusdem</span> <span class='ocrx_word' id='word_1_371' title='bbox 2127 1230 2188 1258; x_wconf 85' lang='lat' dir='ltr'>Ta-</span> 
     </span>
     <span class='ocr_line' id='line_1_57' title="bbox 1185 1277 2189 1319; baseline 0.006 -14"><span class='ocrx_word' id='word_1_372' title='bbox 1185 1277 1286 1314; x_wconf 83' lang='lat' dir='ltr'>rasie,</span> <span class='ocrx_word' id='word_1_373' title='bbox 1314 1278 1397 1316; x_wconf 88' lang='lat' dir='ltr'>quod</span> <span class='ocrx_word' id='word_1_374' title='bbox 1423 1278 1501 1308; x_wconf 89' lang='lat' dir='ltr'>dicti</span> <span class='ocrx_word' id='word_1_375' title='bbox 1527 1279 1726 1316; x_wconf 85' lang='lat' dir='ltr'>guardianus</span> <span class='ocrx_word' id='word_1_376' title='bbox 1757 1284 1786 1309; x_wconf 88' lang='lat' dir='ltr'>et</span> <span class='ocrx_word' id='word_1_377' title='bbox 1811 1280 1924 1310; x_wconf 84' lang='lat' dir='ltr'>fratres</span> <span class='ocrx_word' id='word_1_378' title='bbox 1951 1281 1989 1310; x_wconf 88' lang='lat' dir='ltr'>ad</span> <span class='ocrx_word' id='word_1_379' title='bbox 2016 1281 2189 1319; x_wconf 89' lang='lat' dir='ltr'>predictam</span> 
     </span>
     <span class='ocr_line' id='line_1_58' title="bbox 1186 1330 2188 1370; baseline 0.005 -11"><span class='ocrx_word' id='word_1_380' title='bbox 1186 1338 1296 1360; x_wconf 90' lang='lat' dir='ltr'>eorum</span> <span class='ocrx_word' id='word_1_381' title='bbox 1315 1330 1482 1360; x_wconf 86' lang='lat' dir='ltr'>ecclesiam</span> <span class='ocrx_word' id='word_1_382' title='bbox 1498 1331 1680 1362; x_wconf 86' lang='lat' dir='ltr'>detulerant</span> <span class='ocrx_word' id='word_1_383' title='bbox 1700 1333 1937 1370; x_wconf 85' lang='lat' dir='ltr'>tumulandum,</span> <span class='ocrx_word' id='word_1_384' title='bbox 1954 1339 2075 1364; x_wconf 81' lang='lat' dir='ltr'>armata</span> <span class='ocrx_word' id='word_1_385' title='bbox 2091 1343 2188 1364; x_wconf 85' lang='lat' dir='ltr'>manu</span> 
     </span>
     <span class='ocr_line' id='line_1_59' title="bbox 1187 1376 2187 1423; baseline 0.003 -10"><span class='ocrx_word' id='word_1_386' title='bbox 1187 1393 1241 1422; x_wconf 87' lang='lat' dir='ltr'>per</span> <span class='ocrx_word' id='word_1_387' title='bbox 1267 1383 1453 1414; x_wconf 83' lang='lat' dir='ltr'>violentiam</span> <span class='ocrx_word' id='word_1_388' title='bbox 1476 1385 1581 1423; x_wconf 87' lang='lat' dir='ltr'>rapuit</span> <span class='ocrx_word' id='word_1_389' title='bbox 1611 1376 1750 1415; x_wconf 42' lang='lat' dir='ltr'>ac&#39;illud</span> <span class='ocrx_word' id='word_1_390' title='bbox 1780 1386 1853 1415; x_wconf 79' lang='lat' dir='ltr'>fecit</span> <span class='ocrx_word' id='word_1_391' title='bbox 1879 1387 1913 1415; x_wconf 90' lang='lat' dir='ltr'>in</span> <span class='ocrx_word' id='word_1_392' title='bbox 1936 1387 2091 1416; x_wconf 85' lang='lat' dir='ltr'>cimiterio</span> <span class='ocrx_word' id='word_1_393' title='bbox 2120 1388 2187 1416; x_wconf 90' lang='lat' dir='ltr'>Au-</span> 
     </span>
     <span class='ocr_line' id='line_1_60' title="bbox 1187 1437 2189 1478; baseline 0.003 -12"><span class='ocrx_word' id='word_1_394' title='bbox 1187 1438 1303 1467; x_wconf 88' lang='lat' dir='ltr'>riensis</span> <span class='ocrx_word' id='word_1_395' title='bbox 1320 1437 1451 1468; x_wconf 83' lang='lat' dir='ltr'>ecclesie</span> <span class='ocrx_word' id='word_1_396' title='bbox 1468 1438 1612 1476; x_wconf 85' lang='lat' dir='ltr'>sepeliri,</span> <span class='ocrx_word' id='word_1_397' title='bbox 1631 1439 1728 1469; x_wconf 83' lang='lat' dir='ltr'>dictos</span> <span class='ocrx_word' id='word_1_398' title='bbox 1743 1440 1856 1469; x_wconf 83' lang='lat' dir='ltr'>fratres</span> <span class='ocrx_word' id='word_1_399' title='bbox 1873 1440 2101 1469; x_wconf 84' lang='lat' dir='ltr'>nichilominus</span> <span class='ocrx_word' id='word_1_400' title='bbox 2119 1440 2189 1478; x_wconf 91' lang='lat' dir='ltr'>qui-</span> 
     </span>
     <span class='ocr_line' id='line_1_61' title="bbox 1187 1491 2189 1530; baseline 0.001 -10"><span class='ocrx_word' id='word_1_401' title='bbox 1187 1491 1322 1520; x_wconf 82' lang='lat' dir='ltr'>busdam</span> <span class='ocrx_word' id='word_1_402' title='bbox 1347 1492 1458 1528; x_wconf 89' lang='lat' dir='ltr'>bonis,</span> <span class='ocrx_word' id='word_1_403' title='bbox 1486 1501 1546 1530; x_wconf 88' lang='lat' dir='ltr'>que</span> <span class='ocrx_word' id='word_1_404' title='bbox 1571 1492 1653 1522; x_wconf 86' lang='lat' dir='ltr'>dicta</span> <span class='ocrx_word' id='word_1_405' title='bbox 1682 1493 1810 1522; x_wconf 85' lang='lat' dir='ltr'>Tarasia</span> <span class='ocrx_word' id='word_1_406' title='bbox 1837 1493 1956 1522; x_wconf 86' lang='lat' dir='ltr'>eisdem</span> <span class='ocrx_word' id='word_1_407' title='bbox 1979 1494 2129 1523; x_wconf 82' lang='lat' dir='ltr'>fratribus</span> <span class='ocrx_word' id='word_1_408' title='bbox 2154 1494 2189 1522; x_wconf 89' lang='lat' dir='ltr'>in</span> 
     </span>
     <span class='ocr_line' id='line_1_62' title="bbox 1186 1544 2187 1584; baseline 0.003 -11"><span class='ocrx_word' id='word_1_409' title='bbox 1186 1544 1301 1574; x_wconf 83' lang='lat' dir='ltr'>ultima</span> <span class='ocrx_word' id='word_1_410' title='bbox 1316 1544 1474 1574; x_wconf 88' lang='lat' dir='ltr'>voluntate</span> <span class='ocrx_word' id='word_1_411' title='bbox 1492 1545 1666 1582; x_wconf 83' lang='lat' dir='ltr'>legaverat,</span> <span class='ocrx_word' id='word_1_412' title='bbox 1684 1545 1825 1575; x_wconf 83' lang='lat' dir='ltr'>indebite</span> <span class='ocrx_word' id='word_1_413' title='bbox 1841 1547 2015 1584; x_wconf 86' lang='lat' dir='ltr'>spoliando.</span> <span class='ocrx_word' id='word_1_414' title='bbox 2035 1548 2187 1576; x_wconf 86' lang='lat' dir='ltr'>Preterea</span> 
     </span>
     <span class='ocr_line' id='line_1_63' title="bbox 1187 1598 2188 1636; baseline 0.001 -8"><span class='ocrx_word' id='word_1_415' title='bbox 1187 1600 1221 1628; x_wconf 83' lang='lat' dir='ltr'>in</span> <span class='ocrx_word' id='word_1_416' title='bbox 1248 1607 1360 1627; x_wconf 77' lang='lat' dir='ltr'>omnes</span> <span class='ocrx_word' id='word_1_417' title='bbox 1386 1598 1456 1627; x_wconf 87' lang='lat' dir='ltr'>illos</span> <span class='ocrx_word' id='word_1_418' title='bbox 1483 1598 1538 1636; x_wconf 89' lang='lat' dir='ltr'>qui</span> <span class='ocrx_word' id='word_1_419' title='bbox 1567 1607 1680 1636; x_wconf 86' lang='lat' dir='ltr'>corpus</span> <span class='ocrx_word' id='word_1_420' title='bbox 1711 1599 1872 1636; x_wconf 90' lang='lat' dir='ltr'>quondam</span> <span class='ocrx_word' id='word_1_421' title='bbox 1903 1599 2019 1629; x_wconf 87' lang='lat' dir='ltr'>nobilis</span> <span class='ocrx_word' id='word_1_422' title='bbox 2044 1600 2188 1629; x_wconf 83' lang='lat' dir='ltr'>mulieris</span> 
     </span>
     <span class='ocr_line' id='line_1_64' title="bbox 1188 1651 2189 1690; baseline -0.001 -8"><span class='ocrx_word' id='word_1_423' title='bbox 1188 1652 1321 1687; x_wconf 86' lang='lat' dir='ltr'>Sancie,</span> <span class='ocrx_word' id='word_1_424' title='bbox 1347 1652 1454 1682; x_wconf 79' lang='lat' dir='ltr'>uxoris</span> <span class='ocrx_word' id='word_1_425' title='bbox 1482 1651 1599 1681; x_wconf 88' lang='lat' dir='ltr'>nobilis</span> <span class='ocrx_word' id='word_1_426' title='bbox 1629 1652 1690 1681; x_wconf 87' lang='lat' dir='ltr'>viri</span> <span class='ocrx_word' id='word_1_427' title='bbox 1725 1652 1884 1682; x_wconf 85' lang='lat' dir='ltr'>Johanuis</span> <span class='ocrx_word' id='word_1_428' title='bbox 1916 1653 2076 1682; x_wconf 78' lang='lat' dir='ltr'>Fer-nundi</span> <span class='ocrx_word' id='word_1_429' title='bbox 2090 1675 2097 1688; x_wconf 91' lang='lat'>‚</span> <span class='ocrx_word' id='word_1_430' title='bbox 2128 1661 2189 1690; x_wconf 88' lang='lat' dir='ltr'>que</span> 
     </span>
     <span class='ocr_line' id='line_1_65' title="bbox 1187 1704 2189 1744; baseline 0 -10"><span class='ocrx_word' id='word_1_431' title='bbox 1187 1705 1271 1744; x_wconf 87' lang='lat' dir='ltr'>apud</span> <span class='ocrx_word' id='word_1_432' title='bbox 1286 1704 1390 1734; x_wconf 88' lang='lat' dir='ltr'>locum</span> <span class='ocrx_word' id='word_1_433' title='bbox 1408 1704 1582 1743; x_wconf 87' lang='lat' dir='ltr'>predictum</span> <span class='ocrx_word' id='word_1_434' title='bbox 1597 1705 1744 1734; x_wconf 88' lang='lat' dir='ltr'>similiter</span> <span class='ocrx_word' id='word_1_435' title='bbox 1755 1705 1892 1742; x_wconf 87' lang='lat' dir='ltr'>elegerat</span> <span class='ocrx_word' id='word_1_436' title='bbox 1903 1705 2040 1743; x_wconf 87' lang='lat' dir='ltr'>sepeliri,</span> <span class='ocrx_word' id='word_1_437' title='bbox 2059 1704 2135 1734; x_wconf 87' lang='lat' dir='ltr'>dum</span> <span class='ocrx_word' id='word_1_438' title='bbox 2150 1705 2189 1734; x_wconf 86' lang='lat' dir='ltr'>ad</span> 
     </span>
     <span class='ocr_line' id='line_1_66' title="bbox 1188 1757 2191 1797; baseline 0 -9"><span class='ocrx_word' id='word_1_439' title='bbox 1188 1758 1363 1797; x_wconf 87' lang='lat' dir='ltr'>predictam</span> <span class='ocrx_word' id='word_1_440' title='bbox 1379 1757 1545 1788; x_wconf 82' lang='lat' dir='ltr'>ecclesiam</span> <span class='ocrx_word' id='word_1_441' title='bbox 1562 1758 1720 1787; x_wconf 87' lang='lat' dir='ltr'>dictorum</span> <span class='ocrx_word' id='word_1_442' title='bbox 1739 1758 1909 1795; x_wconf 80' lang='lat' dir='ltr'>guardiani</span> <span class='ocrx_word' id='word_1_443' title='bbox 1927 1763 1957 1788; x_wconf 92' lang='lat' dir='ltr'>et</span> <span class='ocrx_word' id='word_1_444' title='bbox 1973 1759 2106 1787; x_wconf 78' lang='lat' dir='ltr'>fratrum</span> <span class='ocrx_word' id='word_1_445' title='bbox 2124 1766 2191 1796; x_wconf 84' lang='lat' dir='ltr'>por-</span> 
     </span>
     <span class='ocr_line' id='line_1_67' title="bbox 1189 1811 2191 1849; baseline -0.002 -7"><span class='ocrx_word' id='word_1_446' title='bbox 1189 1816 1323 1849; x_wconf 86' lang='lat' dir='ltr'>taretur,</span> <span class='ocrx_word' id='word_1_447' title='bbox 1347 1812 1507 1848; x_wconf 86' lang='lat' dir='ltr'>comitari,</span> <span class='ocrx_word' id='word_1_448' title='bbox 1525 1815 1579 1841; x_wconf 88' lang='lat' dir='ltr'>aut</span> <span class='ocrx_word' id='word_1_449' title='bbox 1601 1811 1683 1841; x_wconf 87' lang='lat' dir='ltr'>illud</span> <span class='ocrx_word' id='word_1_450' title='bbox 1699 1811 1734 1840; x_wconf 90' lang='lat' dir='ltr'>in</span> <span class='ocrx_word' id='word_1_451' title='bbox 1753 1811 1908 1841; x_wconf 91' lang='lat' dir='ltr'>cimiterio</span> <span class='ocrx_word' id='word_1_452' title='bbox 1926 1812 2044 1849; x_wconf 81' lang='lat' dir='ltr'>prefate</span> <span class='ocrx_word' id='word_1_453' title='bbox 2060 1811 2191 1841; x_wconf 88' lang='lat' dir='ltr'>ecclesie</span> 
     </span>
     <span class='ocr_line' id='line_1_68' title="bbox 1188 1864 2192 1903; baseline -0.002 -8"><span class='ocrx_word' id='word_1_454' title='bbox 1188 1866 1346 1896; x_wconf 90' lang='lat' dir='ltr'>dictorum</span> <span class='ocrx_word' id='word_1_455' title='bbox 1360 1865 1530 1903; x_wconf 79' lang='lat' dir='ltr'>guardiani</span> <span class='ocrx_word' id='word_1_456' title='bbox 1542 1869 1572 1894; x_wconf 87' lang='lat' dir='ltr'>et</span> <span class='ocrx_word' id='word_1_457' title='bbox 1587 1865 1720 1894; x_wconf 82' lang='lat' dir='ltr'>fratrum</span> <span class='ocrx_word' id='word_1_458' title='bbox 1737 1864 1870 1903; x_wconf 87' lang='lat' dir='ltr'>sepelire</span> <span class='ocrx_word' id='word_1_459' title='bbox 1886 1868 2120 1902; x_wconf 83' lang='lat' dir='ltr'>presumerent,</span> <span class='ocrx_word' id='word_1_460' title='bbox 2138 1869 2192 1893; x_wconf 84' lang='lat' dir='ltr'>aut</span> 
     </span>
     <span class='ocr_line' id='line_1_69' title="bbox 1187 1917 2192 1956; baseline -0.002 -8"><span class='ocrx_word' id='word_1_461' title='bbox 1187 1919 1228 1949; x_wconf 90' lang='lat' dir='ltr'>ad</span> <span class='ocrx_word' id='word_1_462' title='bbox 1247 1919 1404 1948; x_wconf 89' lang='lat' dir='ltr'>dictorum</span> <span class='ocrx_word' id='word_1_463' title='bbox 1421 1918 1556 1947; x_wconf 88' lang='lat' dir='ltr'>fratrum</span> <span class='ocrx_word' id='word_1_464' title='bbox 1572 1918 1819 1956; x_wconf 88' lang='lat' dir='ltr'>predicationem</span> <span class='ocrx_word' id='word_1_465' title='bbox 1836 1917 2021 1947; x_wconf 87' lang='lat' dir='ltr'>accederent</span> <span class='ocrx_word' id='word_1_466' title='bbox 2036 1943 2042 1953; x_wconf 79' lang='lat'>‚</span> <span class='ocrx_word' id='word_1_467' title='bbox 2063 1917 2112 1947; x_wconf 86' lang='lat' dir='ltr'>vel</span> <span class='ocrx_word' id='word_1_468' title='bbox 2135 1926 2192 1947; x_wconf 86' lang='lat' dir='ltr'>sua</span> 
     </span>
     <span class='ocr_line' id='line_1_70' title="bbox 1190 1970 2191 2010; baseline -0.003 -8"><span class='ocrx_word' id='word_1_469' title='bbox 1190 1972 1418 2002; x_wconf 85' lang='lat' dir='ltr'>confiterentur</span> <span class='ocrx_word' id='word_1_470' title='bbox 1433 1975 1575 2010; x_wconf 88' lang='lat' dir='ltr'>peccata,</span> <span class='ocrx_word' id='word_1_471' title='bbox 1593 1971 1661 2000; x_wconf 88' lang='lat' dir='ltr'>sive</span> <span class='ocrx_word' id='word_1_472' title='bbox 1678 1970 1803 2009; x_wconf 83' lang='lat' dir='ltr'>aliquas</span> <span class='ocrx_word' id='word_1_473' title='bbox 1820 1970 2019 2009; x_wconf 83' lang='lat' dir='ltr'>elemosynas</span> <span class='ocrx_word' id='word_1_474' title='bbox 2037 1970 2191 2007; x_wconf 80' lang='lat' dir='ltr'>largiren-</span> 
     </span>
     <span class='ocr_line' id='line_1_71' title="bbox 1191 2024 2192 2064; baseline -0.004 -8"><span class='ocrx_word' id='word_1_475' title='bbox 1191 2030 1251 2062; x_wconf 82' lang='lat' dir='ltr'>tur,</span> <span class='ocrx_word' id='word_1_476' title='bbox 1269 2026 1320 2055; x_wconf 90' lang='lat' dir='ltr'>vel</span> <span class='ocrx_word' id='word_1_477' title='bbox 1334 2025 1540 2064; x_wconf 84' lang='lat' dir='ltr'>loquerentur</span> <span class='ocrx_word' id='word_1_478' title='bbox 1558 2028 1612 2053; x_wconf 87' lang='grc'>3111</span> <span class='ocrx_word' id='word_1_479' title='bbox 1626 2024 1704 2053; x_wconf 83' lang='grc'>31135</span> <span class='ocrx_word' id='word_1_480' title='bbox 1720 2033 1847 2062; x_wconf 85' lang='lat' dir='ltr'>quoquo</span> <span class='ocrx_word' id='word_1_481' title='bbox 1860 2024 1953 2054; x_wconf 87' lang='lat' dir='ltr'>modo</span> <span class='ocrx_word' id='word_1_482' title='bbox 1968 2024 2192 2062; x_wconf 79' lang='lat' dir='ltr'>participarent</span> 
     </span>
     <span class='ocr_line' id='line_1_72' title="bbox 1190 2076 2190 2115; baseline -0.005 -6"><span class='ocrx_word' id='word_1_483' title='bbox 1190 2079 1326 2115; x_wconf 85' lang='lat' dir='ltr'>eisdem,</span> <span class='ocrx_word' id='word_1_484' title='bbox 1353 2077 1708 2113; x_wconf 83' lang='lat' dir='ltr'>excommunicationis,</span> <span class='ocrx_word' id='word_1_485' title='bbox 1735 2077 1954 2115; x_wconf 89' lang='lat' dir='ltr'>suspensionis</span> <span class='ocrx_word' id='word_1_486' title='bbox 1980 2081 2009 2105; x_wconf 84' lang='lat' dir='ltr'>et</span> <span class='ocrx_word' id='word_1_487' title='bbox 2029 2076 2190 2105; x_wconf 86' lang='lat' dir='ltr'>interdicti</span> 
     </span>
     <span class='ocr_line' id='line_1_73' title="bbox 1190 2130 2189 2170; baseline -0.005 -7"><span class='ocrx_word' id='word_1_488' title='bbox 1190 2133 1377 2168; x_wconf 88' lang='lat' dir='ltr'>sententias,</span> <span class='ocrx_word' id='word_1_489' title='bbox 1391 2136 1479 2162; x_wconf 90' lang='lat' dir='ltr'>motu</span> <span class='ocrx_word' id='word_1_490' title='bbox 1496 2131 1630 2170; x_wconf 87' lang='lat' dir='ltr'>proprio,</span> <span class='ocrx_word' id='word_1_491' title='bbox 1642 2131 1741 2160; x_wconf 90' lang='lat' dir='ltr'>immo</span> <span class='ocrx_word' id='word_1_492' title='bbox 1755 2131 1930 2160; x_wconf 87' lang='lat' dir='ltr'>temeritate</span> <span class='ocrx_word' id='word_1_493' title='bbox 1942 2130 2067 2168; x_wconf 85' lang='lat' dir='ltr'>propria</span> <span class='ocrx_word' id='word_1_494' title='bbox 2077 2130 2189 2167; x_wconf 87' lang='lat' dir='ltr'>potius,</span> 
     </span>
     <span class='ocr_line' id='line_1_74' title="bbox 1191 2183 2192 2226; baseline -0.006 -10"><span class='ocrx_word' id='word_1_495' title='bbox 1191 2186 1416 2226; x_wconf 80' lang='lat' dir='ltr'>promulgavit.</span> <span class='ocrx_word' id='word_1_496' title='bbox 1434 2185 1511 2221; x_wconf 90' lang='lat' dir='ltr'>Qui,</span> <span class='ocrx_word' id='word_1_497' title='bbox 1529 2184 1769 2222; x_wconf 81' lang='lat' dir='ltr'>gravaminibus</span> <span class='ocrx_word' id='word_1_498' title='bbox 1786 2183 1969 2222; x_wconf 83' lang='lat' dir='ltr'>hujusmodi</span> <span class='ocrx_word' id='word_1_499' title='bbox 1986 2192 2049 2213; x_wconf 92' lang='lat' dir='ltr'>non</span> <span class='ocrx_word' id='word_1_500' title='bbox 2066 2186 2192 2212; x_wconf 88' lang='lat' dir='ltr'>conten-</span> 
     </span>
     <span class='ocr_line' id='line_1_75' title="bbox 1192 2235 2190 2277; baseline -0.006 -7"><span class='ocrx_word' id='word_1_501' title='bbox 1192 2245 1256 2277; x_wconf 88' lang='lat' dir='ltr'>tus,</span> <span class='ocrx_word' id='word_1_502' title='bbox 1274 2238 1436 2269; x_wconf 87' lang='lat' dir='ltr'>canonicis</span> <span class='ocrx_word' id='word_1_503' title='bbox 1455 2238 1535 2267; x_wconf 88' lang='lat' dir='ltr'>dicte</span> <span class='ocrx_word' id='word_1_504' title='bbox 1558 2237 1689 2267; x_wconf 84' lang='lat' dir='ltr'>ecclesie</span> <span class='ocrx_word' id='word_1_505' title='bbox 1706 2237 1875 2266; x_wconf 88' lang='lat' dir='ltr'>Auriensis</span> <span class='ocrx_word' id='word_1_506' title='bbox 1887 2261 1894 2274; x_wconf 87' lang='lat'>,</span> <span class='ocrx_word' id='word_1_507' title='bbox 1913 2237 1972 2266; x_wconf 89' lang='lat' dir='ltr'>sub</span> <span class='ocrx_word' id='word_1_508' title='bbox 1993 2245 2073 2274; x_wconf 86' lang='lat' dir='ltr'>pena</span> <span class='ocrx_word' id='word_1_509' title='bbox 2090 2235 2190 2273; x_wconf 71' lang='lat' dir='ltr'>gratie</span> 
     </span>
     <span class='ocr_line' id='line_1_76' title="bbox 1191 2289 2191 2330; baseline -0.007 -6"><span class='ocrx_word' id='word_1_510' title='bbox 1191 2304 1262 2330; x_wconf 88' lang='lat' dir='ltr'>sue,</span> <span class='ocrx_word' id='word_1_511' title='bbox 1286 2293 1429 2323; x_wconf 81' lang='lat' dir='ltr'>inhibuit</span> <span class='ocrx_word' id='word_1_512' title='bbox 1458 2301 1498 2321; x_wconf 90' lang='lat' dir='ltr'>ne</span> <span class='ocrx_word' id='word_1_513' title='bbox 1525 2291 1617 2320; x_wconf 89' lang='lat' dir='ltr'>dictis</span> <span class='ocrx_word' id='word_1_514' title='bbox 1641 2291 1792 2320; x_wconf 85' lang='lat' dir='ltr'>fratribus</span> <span class='ocrx_word' id='word_1_515' title='bbox 1816 2290 2039 2329; x_wconf 84' lang='lat' dir='ltr'>loquerentur,</span> <span class='ocrx_word' id='word_1_516' title='bbox 2067 2298 2124 2318; x_wconf 87' lang='lat' dir='ltr'>nec</span> <span class='ocrx_word' id='word_1_517' title='bbox 2147 2289 2191 2318; x_wconf 88' lang='lat' dir='ltr'>eis</span> 
     </span>
     <span class='ocr_line' id='line_1_77' title="bbox 1190 2341 2190 2386; baseline -0.007 -9"><span class='ocrx_word' id='word_1_518' title='bbox 1190 2347 1299 2386; x_wconf 87' lang='lat' dir='ltr'>aliqua</span> <span class='ocrx_word' id='word_1_519' title='bbox 1326 2345 1450 2384; x_wconf 80' lang='lat' dir='ltr'>pietatis</span> <span class='ocrx_word' id='word_1_520' title='bbox 1477 2344 1631 2374; x_wconf 87' lang='lat' dir='ltr'>beneficia</span> <span class='ocrx_word' id='word_1_521' title='bbox 1658 2347 1835 2380; x_wconf 80' lang='lat' dir='ltr'>erogarent.</span> <span class='ocrx_word' id='word_1_522' title='bbox 1869 2343 2003 2380; x_wconf 83' lang='lat' dir='ltr'>Insuper</span> <span class='ocrx_word' id='word_1_523' title='bbox 2030 2341 2190 2379; x_wconf 87' lang='lat' dir='ltr'>prohiberi</span> 
     </span>
     <span class='ocr_line' id='line_1_78' title="bbox 1191 2393 2191 2437; baseline -0.008 -7"><span class='ocrx_word' id='word_1_524' title='bbox 1191 2401 1264 2431; x_wconf 83' lang='lat' dir='ltr'>fecit</span> <span class='ocrx_word' id='word_1_525' title='bbox 1287 2400 1373 2429; x_wconf 87' lang='lat' dir='ltr'>idem</span> <span class='ocrx_word' id='word_1_526' title='bbox 1397 2398 1561 2437; x_wconf 91' lang='lat' dir='ltr'>episcopus</span> <span class='ocrx_word' id='word_1_527' title='bbox 1590 2405 1630 2426; x_wconf 89' lang='lat' dir='ltr'>ne</span> <span class='ocrx_word' id='word_1_528' title='bbox 1658 2396 1759 2434; x_wconf 83' lang='lat' dir='ltr'>aliqui</span> <span class='ocrx_word' id='word_1_529' title='bbox 1785 2396 1823 2425; x_wconf 92' lang='lat' dir='ltr'>de</span> <span class='ocrx_word' id='word_1_530' title='bbox 1846 2395 1972 2425; x_wconf 88' lang='lat' dir='ltr'>civitate</span> <span class='ocrx_word' id='word_1_531' title='bbox 1994 2394 2043 2423; x_wconf 92' lang='lat' dir='ltr'>vel</span> <span class='ocrx_word' id='word_1_532' title='bbox 2074 2393 2191 2423; x_wconf 88' lang='lat' dir='ltr'>diocesi</span> 
     </span>
     <span class='ocr_line' id='line_1_79' title="bbox 1191 2446 2190 2490; baseline -0.008 -7"><span class='ocrx_word' id='word_1_533' title='bbox 1191 2453 1343 2484; x_wconf 88' lang='lat' dir='ltr'>Auriensi</span> <span class='ocrx_word' id='word_1_534' title='bbox 1358 2452 1466 2490; x_wconf 86' lang='lat' dir='ltr'>aliqua</span> <span class='ocrx_word' id='word_1_535' title='bbox 1481 2451 1519 2480; x_wconf 85' lang='lat' dir='ltr'>de</span> <span class='ocrx_word' id='word_1_536' title='bbox 1534 2451 1626 2480; x_wconf 89' lang='lat' dir='ltr'>bonis</span> <span class='ocrx_word' id='word_1_537' title='bbox 1641 2449 1784 2487; x_wconf 85' lang='lat' dir='ltr'>legarent</span> <span class='ocrx_word' id='word_1_538' title='bbox 1799 2449 1832 2478; x_wconf 89' lang='grc'>111</span> <span class='ocrx_word' id='word_1_539' title='bbox 1850 2448 2061 2483; x_wconf 89' lang='lat' dir='ltr'>testamentis,</span> <span class='ocrx_word' id='word_1_540' title='bbox 2080 2446 2128 2475; x_wconf 88' lang='lat' dir='ltr'>vel</span> <span class='ocrx_word' id='word_1_541' title='bbox 2145 2446 2190 2475; x_wconf 92' lang='lat' dir='ltr'>ul-</span> 
     </span>
     <span class='ocr_line' id='line_1_80' title="bbox 1192 2499 2190 2541; baseline -0.009 -4"><span class='ocrx_word' id='word_1_542' title='bbox 1192 2508 1279 2537; x_wconf 87' lang='lat' dir='ltr'>timis</span> <span class='ocrx_word' id='word_1_543' title='bbox 1297 2506 1513 2536; x_wconf 86' lang='lat' dir='ltr'>voluntatibus</span> <span class='ocrx_word' id='word_1_544' title='bbox 1524 2528 1530 2540; x_wconf 89' lang='lat'>,</span> <span class='ocrx_word' id='word_1_545' title='bbox 1547 2508 1601 2533; x_wconf 86' lang='lat' dir='ltr'>aut</span> <span class='ocrx_word' id='word_1_546' title='bbox 1616 2503 1738 2541; x_wconf 85' lang='lat' dir='ltr'>aliquas</span> <span class='ocrx_word' id='word_1_547' title='bbox 1754 2502 1942 2532; x_wconf 88' lang='lat' dir='ltr'>elemosinas</span> <span class='ocrx_word' id='word_1_548' title='bbox 1959 2501 2069 2530; x_wconf 86' lang='lat' dir='ltr'>darent</span> <span class='ocrx_word' id='word_1_549' title='bbox 2085 2499 2190 2528; x_wconf 79' lang='lat' dir='ltr'>[ratri-</span> 
     </span>
     <span class='ocr_line' id='line_1_81' title="bbox 1190 2554 2190 2595; baseline -0.009 -5"><span class='ocrx_word' id='word_1_550' title='bbox 1190 2562 1249 2591; x_wconf 90' lang='lat' dir='ltr'>bus</span> <span class='ocrx_word' id='word_1_551' title='bbox 1263 2559 1457 2589; x_wconf 85' lang='lat' dir='ltr'>memoratis.</span> <span class='ocrx_word' id='word_1_552' title='bbox 1473 2557 1617 2595; x_wconf 86' lang='lat' dir='ltr'>Cumque</span> <span class='ocrx_word' id='word_1_553' title='bbox 1630 2556 1706 2586; x_wconf 86' lang='lat' dir='ltr'>dicti</span> <span class='ocrx_word' id='word_1_554' title='bbox 1721 2555 1915 2593; x_wconf 78' lang='lat' dir='ltr'>guar-dianus</span> <span class='ocrx_word' id='word_1_555' title='bbox 1928 2558 1956 2583; x_wconf 82' lang='lat' dir='ltr'>et</span> <span class='ocrx_word' id='word_1_556' title='bbox 1972 2554 2081 2582; x_wconf 89' lang='lat' dir='ltr'>fratres</span> <span class='ocrx_word' id='word_1_557' title='bbox 2097 2561 2190 2590; x_wconf 89' lang='lat' dir='ltr'>super</span> 
     </span>
     <span class='ocr_line' id='line_1_82' title="bbox 1191 2606 2189 2644; baseline -0.009 0"><span class='ocrx_word' id='word_1_558' title='bbox 1191 2615 1254 2644; x_wconf 85' lang='lat' dir='ltr'>hiis</span> <span class='ocrx_word' id='word_1_559' title='bbox 1279 2611 1455 2643; x_wconf 88' lang='lat' dir='ltr'>venerabili</span> <span class='ocrx_word' id='word_1_560' title='bbox 1479 2611 1567 2640; x_wconf 87' lang='lat' dir='ltr'>fratri</span> <span class='ocrx_word' id='word_1_561' title='bbox 1591 2613 1698 2639; x_wconf 86' lang='lat' dir='ltr'>nostro</span> <span class='ocrx_word' id='word_1_562' title='bbox 1726 2631 1745 2639; x_wconf 91' lang='lat'>..</span> <span class='ocrx_word' id='word_1_563' title='bbox 1777 2607 1987 2638; x_wconf 84' lang='lat' dir='ltr'>Bracbarensi</span> <span class='ocrx_word' id='word_1_564' title='bbox 2015 2606 2189 2644; x_wconf 87' lang='lat' dir='ltr'>archiepis-</span> 
     </span>
     <span class='ocr_line' id='line_1_83' title="bbox 1191 2659 2190 2706; baseline -0.01 -8"><span class='ocrx_word' id='word_1_565' title='bbox 1191 2676 1284 2706; x_wconf 88' lang='lat' dir='ltr'>copo,</span> <span class='ocrx_word' id='word_1_566' title='bbox 1302 2666 1363 2696; x_wconf 89' lang='lat' dir='ltr'>loei</span> <span class='ocrx_word' id='word_1_567' title='bbox 1378 2663 1639 2703; x_wconf 87' lang='lat' dir='ltr'>metropolitano,</span> <span class='ocrx_word' id='word_1_568' title='bbox 1653 2661 1819 2699; x_wconf 86' lang='lat' dir='ltr'>conquesti</span> <span class='ocrx_word' id='word_1_569' title='bbox 1835 2660 1970 2689; x_wconf 84' lang='lat' dir='ltr'>fuissent</span> <span class='ocrx_word' id='word_1_570' title='bbox 1985 2683 1991 2696; x_wconf 89' lang='lat'>,</span> <span class='ocrx_word' id='word_1_571' title='bbox 2008 2668 2044 2688; x_wconf 85' lang='lat' dir='ltr'>ac</span> <span class='ocrx_word' id='word_1_572' title='bbox 2061 2659 2190 2698; x_wconf 85' lang='lat' dir='ltr'>quidam</span> 
     </span>
     <span class='ocr_line' id='line_1_84' title="bbox 1192 2712 2188 2759; baseline -0.01 -9"><span class='ocrx_word' id='word_1_573' title='bbox 1192 2731 1227 2751; x_wconf 81' lang='lat' dir='ltr'>ex</span> <span class='ocrx_word' id='word_1_574' title='bbox 1251 2720 1328 2759; x_wconf 88' lang='lat' dir='ltr'>ipsis</span> <span class='ocrx_word' id='word_1_575' title='bbox 1342 2718 1492 2748; x_wconf 79' lang='lat' dir='ltr'>fratribus</span> <span class='ocrx_word' id='word_1_576' title='bbox 1510 2717 1631 2755; x_wconf 86' lang='lat' dir='ltr'>litteras</span> <span class='ocrx_word' id='word_1_577' title='bbox 1648 2714 1838 2744; x_wconf 84' lang='lat' dir='ltr'>vicariorum</span> <span class='ocrx_word' id='word_1_578' title='bbox 1855 2713 1931 2742; x_wconf 86' lang='lat' dir='ltr'>dicti</span> <span class='ocrx_word' id='word_1_579' title='bbox 1946 2712 2188 2751; x_wconf 83' lang='lat' dir='ltr'>archiepiscopi,</span> 
     </span>
     <span class='ocr_line' id='line_1_85' title="bbox 1192 2765 2188 2813; baseline -0.01 -10"><span class='ocrx_word' id='word_1_580' title='bbox 1192 2784 1246 2813; x_wconf 89' lang='lat' dir='ltr'>per</span> <span class='ocrx_word' id='word_1_581' title='bbox 1262 2781 1340 2811; x_wconf 87' lang='lat' dir='ltr'>quas</span> <span class='ocrx_word' id='word_1_582' title='bbox 1364 2771 1462 2801; x_wconf 86' lang='lat' dir='ltr'>iidem</span> <span class='ocrx_word' id='word_1_583' title='bbox 1480 2769 1590 2799; x_wconf 84' lang='lat' dir='ltr'>vicarii</span> <span class='ocrx_word' id='word_1_584' title='bbox 1606 2767 1726 2797; x_wconf 84' lang='lat' dir='ltr'>dictum</span> <span class='ocrx_word' id='word_1_585' title='bbox 1748 2766 1930 2804; x_wconf 88' lang='lat' dir='ltr'>episcopum</span> <span class='ocrx_word' id='word_1_586' title='bbox 1946 2765 2037 2794; x_wconf 89' lang='lat' dir='ltr'>citari</span> <span class='ocrx_word' id='word_1_587' title='bbox 2054 2765 2188 2794; x_wconf 84' lang='lat' dir='ltr'>mauda-</span> 
     </span>
     <span class='ocr_line' id='line_1_86' title="bbox 1192 2818 2188 2864; baseline -0.011 -7"><span class='ocrx_word' id='word_1_588' title='bbox 1192 2831 1318 2863; x_wconf 88' lang='lat' dir='ltr'>verant,</span> <span class='ocrx_word' id='word_1_589' title='bbox 1346 2826 1571 2864; x_wconf 85' lang='lat' dir='ltr'>presentasset,</span> <span class='ocrx_word' id='word_1_590' title='bbox 1598 2821 1699 2850; x_wconf 89' lang='lat' dir='ltr'>dictus</span> <span class='ocrx_word' id='word_1_591' title='bbox 1727 2820 1889 2858; x_wconf 85' lang='lat' dir='ltr'>episcopus</span> <span class='ocrx_word' id='word_1_592' title='bbox 1919 2819 1953 2848; x_wconf 92' lang='lat' dir='ltr'>in</span> <span class='ocrx_word' id='word_1_593' title='bbox 1976 2818 2102 2848; x_wconf 89' lang='lat' dir='ltr'>eosdem</span> <span class='ocrx_word' id='word_1_594' title='bbox 2127 2819 2188 2848; x_wconf 85' lang='lat' dir='ltr'>fra-</span> 
     </span>
     <span class='ocr_line' id='line_1_87' title="bbox 1193 2871 2190 2911; baseline -0.011 0"><span class='ocrx_word' id='word_1_595' title='bbox 1193 2886 1254 2911; x_wconf 87' lang='lat' dir='ltr'>tres</span> <span class='ocrx_word' id='word_1_596' title='bbox 1274 2887 1388 2909; x_wconf 83' lang='lat' dir='ltr'>manus</span> <span class='ocrx_word' id='word_1_597' title='bbox 1411 2876 1564 2907; x_wconf 83' lang='lat' dir='ltr'>violentas</span> <span class='ocrx_word' id='word_1_598' title='bbox 1589 2873 1721 2910; x_wconf 84' lang='lat' dir='ltr'>injecit,</span> <span class='ocrx_word' id='word_1_599' title='bbox 1742 2872 1820 2901; x_wconf 85' lang='lat' dir='ltr'>alias</span> <span class='ocrx_word' id='word_1_600' title='bbox 1837 2872 1934 2901; x_wconf 86' lang='lat' dir='ltr'>dictos</span> <span class='ocrx_word' id='word_1_601' title='bbox 1949 2871 2061 2901; x_wconf 86' lang='lat' dir='ltr'>fratres</span> <span class='ocrx_word' id='word_1_602' title='bbox 2080 2871 2190 2900; x_wconf 81' lang='lat' dir='ltr'>inultis</span> 
     </span>
     <span class='ocr_line' id='line_1_88' title="bbox 1192 2924 2191 2972; baseline -0.011 -9"><span class='ocrx_word' id='word_1_603' title='bbox 1192 2942 1327 2972; x_wconf 81' lang='lat' dir='ltr'>gravans</span> <span class='ocrx_word' id='word_1_604' title='bbox 1343 2930 1473 2969; x_wconf 86' lang='lat' dir='ltr'>injuriis</span> <span class='ocrx_word' id='word_1_605' title='bbox 1491 2932 1520 2958; x_wconf 89' lang='lat' dir='ltr'>et</span> <span class='ocrx_word' id='word_1_606' title='bbox 1541 2928 1679 2965; x_wconf 89' lang='lat' dir='ltr'>ipsorum</span> <span class='ocrx_word' id='word_1_607' title='bbox 1701 2934 1809 2964; x_wconf 86' lang='lat' dir='ltr'>pacem</span> <span class='ocrx_word' id='word_1_608' title='bbox 1831 2928 1861 2954; x_wconf 91' lang='lat' dir='ltr'>et</span> <span class='ocrx_word' id='word_1_609' title='bbox 1881 2925 2020 2963; x_wconf 89' lang='lat' dir='ltr'>quietem</span> <span class='ocrx_word' id='word_1_610' title='bbox 2038 2924 2191 2962; x_wconf 84' lang='lat' dir='ltr'>dampna-</span> 
     </span>
     <span class='ocr_line' id='line_1_89' title="bbox 1191 2978 2191 3023; baseline -0.01 -7"><span class='ocrx_word' id='word_1_611' title='bbox 1191 2987 1297 3017; x_wconf 87' lang='lat' dir='ltr'>biliter</span> <span class='ocrx_word' id='word_1_612' title='bbox 1314 2984 1490 3023; x_wconf 89' lang='lat' dir='ltr'>impediens</span> <span class='ocrx_word' id='word_1_613' title='bbox 1513 2985 1542 3011; x_wconf 87' lang='lat' dir='ltr'>et</span> <span class='ocrx_word' id='word_1_614' title='bbox 1557 2980 1754 3018; x_wconf 86' lang='lat' dir='ltr'>perturbans.</span> <span class='ocrx_word' id='word_1_615' title='bbox 1776 2979 1826 3013; x_wconf 82' lang='lat' dir='ltr'>Et,</span> <span class='ocrx_word' id='word_1_616' title='bbox 1849 2978 1924 3008; x_wconf 88' lang='lat' dir='ltr'>licet</span> <span class='ocrx_word' id='word_1_617' title='bbox 1947 2978 2022 3008; x_wconf 89' lang='lat' dir='ltr'>dicti</span> <span class='ocrx_word' id='word_1_618' title='bbox 2042 2978 2191 3016; x_wconf 78' lang='lat' dir='ltr'>guardia-</span> 
     </span>
     <span class='ocr_line' id='line_1_90' title="bbox 1194 3031 2192 3072; baseline -0.01 -3"><span class='ocrx_word' id='word_1_619' title='bbox 1194 3049 1253 3069; x_wconf 90' lang='lat' dir='ltr'>nus</span> <span class='ocrx_word' id='word_1_620' title='bbox 1279 3042 1308 3068; x_wconf 88' lang='lat' dir='ltr'>et</span> <span class='ocrx_word' id='word_1_621' title='bbox 1329 3038 1457 3072; x_wconf 83' lang='lat' dir='ltr'>fratres,</span> <span class='ocrx_word' id='word_1_622' title='bbox 1484 3033 1606 3063; x_wconf 84' lang='lat' dir='ltr'>malum</span> <span class='ocrx_word' id='word_1_623' title='bbox 1631 3033 1665 3061; x_wconf 87' lang='lat' dir='ltr'>in</span> <span class='ocrx_word' id='word_1_624' title='bbox 1693 3032 1776 3061; x_wconf 90' lang='lat' dir='ltr'>bono</span> <span class='ocrx_word' id='word_1_625' title='bbox 1804 3031 1931 3061; x_wconf 87' lang='lat' dir='ltr'>vincere</span> <span class='ocrx_word' id='word_1_626' title='bbox 1952 3034 2143 3069; x_wconf 80' lang='lat' dir='ltr'>satagentes,</span> <span class='ocrx_word' id='word_1_627' title='bbox 2174 3040 2192 3060; x_wconf 74' lang='lat' dir='ltr'>a</span> 
     </span>
    </p>
   </div>
  </div>
 </body>
</html>
