2342 3652
936 356 1169 395 TnoisinMn
1191 357 1347 396 ANNnE.

98 432 224 470 Alfonsi,
240 432 320 468 regis
336 430 469 465 Castelle,
487 431 588 466 vidue,
606 430 750 460 concedit
768 436 801 460 ut
817 435 938 469 praeter
959 437 1021 461 tres
1042 431 1100 461 cle-

49 499 59 504 ·
101 486 179 516 rioos
192 492 270 523 quos
280 483 313 512 in
328 482 488 521 obsequiis
499 483 565 512 suis
579 482 684 518 habet,
697 488 757 512 tres
768 484 846 513 alios
859 484 978 521 eligere
992 484 1100 522 possit,

100 539 155 577 qui
173 538 304 571 fructus,
320 535 461 565 redditus
476 539 506 564 et
523 540 695 574 proventus
712 536 941 565 beneficiorum
958 546 1099 573 snorum,

100 600 134 621 ae
150 592 174 620 si
191 591 224 620 in
241 589 384 619 ecclesiis
400 589 466 618 suis
483 589 675 625 residerent,
693 590 854 628 percipere
870 590 1008 619 valeant.

140 656 155 671 «
178 643 339 673 Inducunt
364 651 421 672 nos
445 646 534 671 tue...
557 659 595 665 -—
617 642 688 671 Dat.
712 642 829 678 Rome,
851 643 934 681 apud
953 643 1103 672 Sanctam

101 697 232 728 Mariam
250 697 415 735 Major-em,
434 695 539 725 idibus
556 696 676 731 martii,
694 705 779 726 anno
796 696 899 726 tertio.
919 708 932 723 ι)

138 750 174 780 In
196 759 222 779 e.
242 758 273 778 m
291 772 311 779 ..
329 748 437 778 Sancti
454 748 589 778 Victoris
610 754 639 778 et
657 772 676 778 ..
697 749 831 779 Sanctae
846 749 1026 779 Genovefae
1042 749 1103 778 Pa-

100 803 284 833 risiensium
309 803 578 833 monasteriorum
600 803 767 832 abbatibus
794 803 924 832 mandat
945 807 1103 841 quatenus

100 856 267 896 praedictis
280 865 331 886 sex
345 856 468 886 clericis
482 856 613 892 fructus,
624 856 767 886 redditus
781 861 810 886 et
826 861 997 895 proventus
1008 856 1103 885 bene-

100 910 244 940 ficiorum
261 919 391 940 snorum
406 910 530 948 integre
544 910 724 939 ministrari
740 911 866 939 faciant.

141 976 154 991 a
175 964 337 994 Inducunt
353 972 410 994 nos
425 964 656 993 sinceritatis...
676 982 714 985 —
733 964 802 993 Dat.
820 969 854 993 ut
869 973 976 1003 snpra.
996 976 1009 991 n

168 1149 285 1178 9979

133 1213 316 1248 Dispensatio
327 1220 415 1247 super
431 1213 590 1247 pluralitate
605 1213 822 1240 beneficiorum.
841 1214 923 1247 (Res.
942 1215 984 1247 45,
1001 1223 1026 1240 c.
1040 1214 1101 1246 312,

97 1263 116 1289 f.
136 1262 168 1290 60
188 1263 236 1295 1¹⁰.)

651 1150 776 1179 Orvieto,
794 1151 827 1177 ⁶25
840 1152 933 1185 juillet
952 1152 1030 1178 1290.

138 1393 157 1402 ..
172 1371 393 1408 archiepiscopo
407 1371 609 1399 Bracharensi
624 1370 754 1399 mandat
767 1375 923 1409 quatenns
937 1380 1008 1401 cum
1020 1372 1102 1402 Gon—

97 1424 238 1460 disalvo,
262 1423 301 1453 de
326 1423 488 1453 nobilibus
511 1423 669 1461 originem
695 1423 856 1458 trahente,
882 1425 1044 1463 dispenset
1070 1429 1104 1454 nt

99 1477 262 1508 ecclesiam
289 1477 399 1507 Sancti
424 1476 574 1506 Andreae
596 1477 635 1506 de
658 1477 845 1512 'l'liolomes‚
875 1479 1104 1508 Bracharensis

98 1531 267 1568 dioecesis,
289 1539 353 1560 una
371 1540 445 1560 cum
463 1530 595 1561 ecclesia
611 1530 718 1560 Sancti
742 1530 918 1561 Salvatoris
939 1532 976 1561 de
1002 1532 1103 1561 Villa-

99 1592 191 1621 cova,
216 1583 358 1623 eiusdem
376 1583 548 1621 dioecesis,
572 1588 603 1613 et
618 1584 798 1622 praehenda
819 1585 851 1613 in
873 1585 1004 1614 ecclesia
1026 1585 1103 1614 Bra-

99 1637 246 1668 charensi
265 1642 372 1667 tenere
389 1638 496 1676 possit.

141 1702 154 1717 α
171 1689 352 1728 Apostolice
368 1690 451 1719 sedis
469 1690 651 1727 benignitas
723 1707 763 1712 -
779 1691 849 1721 Dat.
867 1691 950 1729 apud
967 1691 1105 1721 Urbem-

100 1748 249 1780 veterem‚
267 1753 321 1773 vni
338 1743 491 1773 kalendas
506 1744 644 1781 augusti,
664 1753 750 1773 anno
771 1745 871 1774 tertio.
894 1757 904 1769 ›1

175 1931 428 1960 2980-2986

134 1992 343 2027 Indulgentiae.
362 1992 444 2026 (Rae.
461 1993 502 2024 45,
521 2001 546 2019 c.
565 1993 630 2026 313,
648 1993 666 2020 f.
684 1993 717 2019 60
734 2000 780 2023 r⁰;⁷
794 1993 910 2023 Purra,
928 1994 1036 2028 23309.)

674 1930 801 1960 Orviem,
820 1932 832 1956 7
847 1932 943 1965 juillet
960 1932 1035 1958 Nilo.

141 2102 293 2132 Universis
314 2102 430 2132 Chrtsnss
451 2103 593 2140 fidelibus
608 2107 756 2140 presentes
781 2104 899 2134 litteras
916 2106 1105 2142 inspecturis.

100 2154 338 2192 Indulgentiam
357 2155 455 2184 unius
474 2155 555 2184 anni
577 2160 607 2184 et
629 2165 666 2184 xx.
683 2155 808 2185 dierum
830 2157 974 2186 concedit
990 2158 1035 2186 eis
1051 2158 1107 2195 qui

100 2208 265 2238 ecclesiam

100 2260 271 2299 Severino,
301 2261 542 2292 Camerinensis
568 2261 739 2297 dioecesis,
773 2263 806 2292 in
837 2263 973 2300 singulis
1000 2264 1108 2293 beatae

101 2314 220 2345 Mariae
242 2319 272 2345 et
292 2320 474 2345 sanctorum
495 2315 656 2345 Francisci
678 2320 709 2345 et
725 2317 859 2346 Antonii
886 2317 1108 2346 festivitatibus

103 2372 133 2398 et
150 2378 204 2408 per
219 2373 287 2399 octo
303 2369 370 2399 dies
387 2374 557 2408 sequentes
574 2369 787 2401 visitaverint.

142 2422 241 2452 «Vite
252 2422 434 2460 perempnis
446 2421 585 2459 gloria...
597 2438 638 2444 —
651 2422 723 2453 Dat.
736 2423 820 2461 apud
832 2423 1105 2459 Urbemveterem‚

101 2476 194 2506 nonis
208 2474 301 2515 julii,
318 2483 403 2505 anno
422 2475 524 2505 tertio.
544 2487 557 2502 »

657 2556 785 2589 Orvieto,
804 2558 832 2584 11
847 2557 942 2592 juillet
959 2558 1036 2584 1290.

140 2618 178 2648 In
193 2627 220 2650 e.
234 2628 289 2656 m.,
306 2627 361 2658 pro
377 2618 509 2648 ecclesia
528 2619 662 2648 fratrum
683 2620 845 2649 minorum
861 2620 899 2649 de
917 2621 1023 2650 Monte
1040 2621 1108 2650 Ma-

101 2671 258 2709 celarum,
284 2671 483 2702 Aesculanae
505 2671 673 2702 dioecesis.
695 2672 766 2704 Dat.
793 2673 876 2712 apud
900 2673 1108 2703 Urbemvete-

104 2733 183 2761 rem,
200 2735 219 2755 v
235 2725 309 2755 idus
321 2724 409 2764 julii,
429 2733 514 2755 anno
534 2725 636 2755 tertio.

651 2805 784 2839 Orviet0‚
804 2807 833 2833 Μ
849 2807 943 2841 juillet
959 2808 1036 2835 1290.

144 2868 182 2898 In
198 2877 226 2898 e.
241 2877 285 2899 m.
298 2867 468 2899 Universis
481 2872 542 2898 ete.
559 2867 702 2897 Eandem
716 2868 952 2907 indulgentiam
965 2869 1110 2900 concedit

103 2921 148 2951 eis
170 2921 225 2960 qui
248 2921 414 2951 ecclesiam
437 2945 454 2950 ..
477 2921 653 2951 abbatissae
673 2926 703 2950 et
725 2927 902 2952 conventus
925 2923 1110 2953 monasterii

105 2973 212 3004 Sancti
229 2974 355 3005 Nicolai
372 2975 556 3010 Racanatis‚
575 2974 698 3004 ordinis
715 2979 841 3005 sanetae
856 2975 978 3013 Clarae,
994 2976 1026 3006 in
1042 2976 1110 3006 sin-

104 3027 188 3066 gulis
206 3027 240 3059 S.
263 3028 385 3058 Nicolai
413 3032 443 3057 et
471 3032 598 3057 sanctae
621 3026 732 3057 Clarae
755 3028 977 3058 festivitatibus
1002 3033 1032 3059 et
1056 3038 1111 3068 per

294 2232 312 2238 ..
337 2208 507 2246 guardiani
534 2213 563 2238 et
587 2209 721 2238 fratrum
748 2210 911 2239 minorum
934 2210 973 2240 de
994 2211 1117 2240 Sancto⁴

2132 374 2188 405 493

1183 436 1252 461 octo
1271 433 1337 462 dies
1355 439 1521 472 sequentes
1543 436 1751 466 visitaverint.
1777 437 1847 466 Dat.
1870 438 1953 476 apud
1977 439 2186 470 Urbemvete-

1185 493 1267 519 rem,
1285 495 1304 514 v
1320 485 1391 515 idus
1405 487 1496 525 julii,
1516 497 1601 518 anno
1620 490 1709 519 tertio
1725 489 1874 528 (Pomm,
1893 490 2016 531 23315.)

1740 569 1866 600 Orvieto,
1884 570 1916 597 30
1929 571 2023 604 juillet
2040 572 2116 599 1290.

1225 626 1263 655 In
1286 636 1311 655 e.
1336 637 1377 657 m.
1398 629 1529 659 eisdem.
1551 631 1693 660 Eandem
1717 632 1951 670 indulgentiam
1977 634 2121 663 concedit
2145 636 2188 664 eis

1186 679 1240 717 qui
1262 680 1428 710 ecclesiam
1454 683 1567 713 Beatae
1587 685 1706 714 Mariae
1730 685 1768 714 de
1790 685 1967 722 Placentia,
1991 687 2188 717 pictavensis

1187 732 1359 768 dioecesis,
1389 735 1421 763 in
1455 735 1562 765 beatae
1588 737 1706 766 Mariae
1732 738 1953 768 festivitatibus
1985 745 2013 769 et
2040 750 2093 778 per
2121 746 2188 771 octo

1187 785 1253 813 dies
1281 778 1449 824 sequentes
1472 788 1682 819 visitaverint.
1709 791 1779 819 Dat.
1804 792 1883 829 apud
1908 793 2187 831 Urbemvetfflem,

1188 847 1220 867 111
1237 838 1390 869 kalendas
1406 842 1551 878 augusti,
1569 851 1653 872 anno
1670 844 1770 873 tertio.

1740 922 1866 954 Orvieto‚
1883 924 1917 950 29
1930 925 2024 958 juillet
2041 925 2116 951 1290.

1228 980 1316 1010 lure.
1340 990 1382 1010 m.
1403 982 1533 1012 eisdem.
1554 983 1696 1012 Eandem
1718 984 1952 1021 indulgentiam
1980 987 2122 1016 concedit
2146 988 2190 1016 eis

1186 1033 1241 1071 qui
1266 1034 1432 1063 ecclesian]
1455 1036 1564 1065 Sancti
1586 1036 1741 1075 Mac[l]uti
1761 1038 1799 1066 de
1821 1038 1918 1067 Barro
1938 1048 2031 1076 super
2055 1040 2188 1077 Albani,

1187 1086 1407 1124 Lingonensis
1424 1088 1591 1125 dioecesis,
1610 1089 1643 1118 in
1661 1090 1768 1120 beatae
1792 1091 1912 1120 Mariae
1935 1096 1964 1120 et
1984 1092 2016 1122 S.
2038 1093 2190 1132 Mac[l]uti

1187 1140 1429 1178 festivitatibus,
1457 1151 1509 1180 per
1527 1148 1595 1172 octo
1611 1143 1679 1173 dies
1696 1150 1863 1182 sequentes
1880 1149 1909 1174 et
1924 1145 1955 1174 in
1973 1147 2191 1177 anniversario

1186 1193 1237 1223 die
1254 1194 1461 1224 dedicationis
1473 1195 1615 1233 ejusdem
1633 1196 1784 1226 ecclesiae
1801 1198 2009 1227 visitaverint.
2025 1199 2095 1229 Dat.
2109 1200 2191 1237 apud

1188 1247 1467 1285 Urbemveterem,
1487 1258 1532 1278 1111
1549 1248 1703 1279 kalendas
1718 1251 1863 1287 augusti,
1881 1260 1967 1281 anno
1983 1252 2083 1282 tertio.

1743 1330 1870 1365 Orviet0,
1887 1332 1919 1358 30
1932 1332 2027 1365 juillet
2043 1332 2118 1359 1290.

1227 1390 1265 1418 In
1284 1399 1312 1419 e.
1338 1400 1380 1419 m.
1404 1391 1534 1420 eisdem.
1558 1391 1701 1421 Eandem
1724 1393 1959 1431 indulgentiam
1981 1395 2124 1424 concedit
2148 1396 2193 1425 eis

1188 1443 1245 1481 qui
1270 1443 1433 1473 ecclesiam
1458 1445 1564 1474 Sancti
1587 1446 1746 1475 Johannis
1770 1447 1928 1485 Baptistae
1952 1448 1990 1477 de
2015 1448 2190 1485 Bancellis,

1188 1496 1421 1526 Nemausensis
1452 1498 1622 1533 dioecesis,
1654 1499 1687 1527 in
1716 1499 1851 1537 singulis
1885 1501 1993 1530 beatae
2021 1502 2140 1532 Mariae
2166 1507 2195 1531 et

1189 1549 1222 1578 S.
1248 1550 1408 1579 Johannis
1438 1551 1596 1588 Baptistae
1627 1552 1864 1589 festivitatibus,
1886 1563 1942 1592 per
1962 1558 2029 1584 octo
2057 1555 2122 1583 dies
2145 1564 2192 1584 se-

1188 1608 1322 1641 quentes
1344 1608 1373 1632 et
1394 1604 1427 1632 in
1449 1605 1669 1635 anniversario
1688 1606 1737 1635 die
1756 1606 1965 1636 dedicationis
1982 1608 2124 1645 ejusdem
2141 1616 2192 1637 ec-

1189 1656 1303 1686 clesiae
1326 1657 1538 1687 visitaverint.
1560 1658 1628 1687 Dat.
1647 1664 1679 1688 ut
1701 1668 1808 1697 supra,
1829 1670 1860 1688 111
1876 1660 2028 1689 kalendas
2048 1661 2192 1698 augusti,

1189 1718 1275 1739 anno
1295 1710 1396 1740 tertio.

1747 1751 1872 1784 Orviet0‚
1890 1753 1923 1779 ‘28
1935 1754 2029 1787 juillet
2048 1753 2121 1780 1290.

1232 1812 1267 1840 ln
1292 1821 1317 1840 e.
1342 1820 1384 1840 in.
1406 1812 1539 1841 eisdem.
1559 1813 1700 1842 Eandem
1718 1813 1955 1851 indulgentiam
1980 1815 2124 1844 concedit
2148 1816 2194 1844 eis

1192 1867 1245 1904 qui
1263 1867 1429 1896 ecclesiam
1455 1890 1473 1896 ..
1500 1868 1710 1906 praeceptoris
1732 1873 1762 1897 et
1781 1869 1914 1898 fratrum
1930 1870 2042 1899 domus
2062 1870 2194 1900 militiae

1190 1920 1315 1958 Templi
1332 1920 1585 1950 jerosolimitani
1600 1922 1637 1950 de
1651 1922 1784 1951 Inconio
1800 1922 1979 1962 l’aduanae,
1992 1923 2025 1952 in
2042 1923 2193 1953 honorem

1191 1973 1299 2003 beatae
1323 1974 1442 2003 Mariae
1465 1979 1699 2011 constructam,
1725 1975 1760 2004 in
1783 1975 1920 2013 singulis
1944 1977 2050 2006 beatae
2076 1977 2194 2006 Mariae

1192 2026 1415 2056 festivitatibus
1432 2032 1462 2056 et
1477 2037 1532 2065 per
1548 2032 1616 2058 octo
1629 2029 1696 2057 dies
1713 2034 1880 2067 sequentes
1897 2030 2106 2060 visitaverint.

1233 2092 1246 2106 α
1276 2080 1374 2117 Virga
1397 2082 1622 2111 venustissima
1646 2087 1711 2112 et...
1731 2100 1769 2103 —
1793 2084 1861 2113 Dat.
1887 2084 1968 2122 apud
1992 2085 2195 2114 Urbemvete-

1191 2142 1273 2169 rem,
1292 2143 1310 2162 v
1327 2133 1479 2163 kalendas
1496 2135 1640 2172 augusti,
1658 2144 1743 2165 anno
1759 2137 1859 2166 tertio.
1882 2149 1895 2163 »

1263 2285 1376 2314 2987
1745 2287 1871 2321 Orvieto,
1890 2288 1922 2315 ‘23
1937 2289 2031 2323 jtn'llet
2046 2289 2121 2318 1290.

1225 2337 1438 2373 Tabellionatus
1454 2347 1588 2374 officium.
1608 2347 1690 2380 (Rau.
1706 2349 1748 2380 45,
1771 2357 1795 2375 c.
1814 2349 1874 2381 314,
1892 2350 1910 2376 f.
1928 2350 1960 2377 60
1978 2353 2030 2383 vo.)

1238 2449 1405 2478 Venerabili
1423 2450 1518 2485 fratri
1534 2450 1685 2487 Michaeli,
1703 2453 1833 2489 episcopo
1850 2451 1996 2491 (metensi,
2015 2453 2193 2483 facultatem

1191 2501 1336 2531 concedit
1351 2502 1536 2531 conferendi
1552 2503 1693 2532 officium
1711 2504 1931 2535 tabellionatus
1953 2506 2074 2536 duabus
2092 2516 2195 2545 perso-

1192 2563 1252 2584 nis.

1233 2620 1246 2635 α
1272 2608 1314 2637 Ex
1338 2613 1423 2646 parte
1445 2614 1533 2639 tua...
1551 2626 1590 2632 —
1611 2610 1681 2641 Dat.
1698 2611 1782 2649 apud
1799 2612 2081 2649 Urbemveterem‚
2103 2623 2121 2643 x
2139 2614 2194 2643 ka-

1192 2659 1302 2690 lendas
1318 2661 1461 2698 augusti,
1477 2670 1562 2692 anno
1579 2663 1680 2693 tertio.
1698 2675 1711 2690 »

1264 2813 1380 2842 2988
1742 2814 1867 2847 Orvieto,
1886 2816 1918 2843 ‘23
1935 2817 2030 2851 juillet
2047 2818 2124 2846 1290.

1227 2874 1376 2901 ,Iohannes
1392 2875 1541 2906 Westnal.
1563 2876 1651 2902 abbas
1666 2878 1830 2903 monasterii
1847 2877 1881 2904 de
1896 2878 2110 2912 Rossenvelde,
2127 2889 2196 2908 cou-

1195 2925 1333 2951 firmatur.
1350 2924 1432 2957 (Rm.
1448 2925 1490 2957 45,
1507 2932 1533 2951 c.
1550 2924 1614 2957 315,
1632 2925 1650 2951 f.
1668 2926 1701 2952 60
1718 2933 1762 2958 v⁰;
1780 2926 1897 2958 Pom-n..
1913 2927 2020 2962 23327.)

1237 3050 1257 3056 ..
1277 3028 1378 3056 abbati
1396 3029 1573 3056 monasterii
1587 3027 1751 3065 stadensis,
1771 3029 1889 3058 ordinis
1903 3029 1934 3059 S.
1954 3030 2113 3069 Benedicti,
2131 3033 2196 3063 Bre-
