2477 3637
274 402 313 432 68
1020 401 1254 432 REGISTRES
1276 403 1330 432 DE
1354 402 1538 433 NICOLAS
1561 402 1616 432 IV.

270 467 340 498 cula
358 468 540 507 provenisse
557 468 718 497 dicuntur.
734 467 838 502 Quare
853 466 1019 496 memorati
1035 467 1208 506 capitulum
1226 476 1278 498 no-

270 520 316 550 bis
332 520 500 551 humiliter
519 510 738 558 supplicarunt
757 523 809 555 ut,
825 519 922 548 finem
939 518 1123 558 hujusmodi
1139 521 1278 558 questio,

271 575 367 604 nibus
385 575 607 612 imponentes,
629 573 803 612 p1edictum
822 573 875 611 jus
895 572 1036 611 eligendi
1059 573 1276 604 Morinensein

270 629 453 668 episcopum
471 627 627 657 declarari
642 628 681 656 ad
696 627 782 664 ipsos
795 625 970 665 capitulum
983 626 1155 664 pertinere,
1171 627 1278 657 dictis-

270 691 330 720 que
355 680 480 710 clericis
505 680 627 718 imponi
649 683 835 718 perpetuum
857 678 1020 708 silentium
1042 689 1136 718 super
1153 679 1226 714 illo,
1247 684 1277 709 et

269 733 347 763 alias
363 734 395 762 in
414 731 598 770 hujusmodi
617 731 743 770 procedi
763 731 909 769 negotio,
929 736 1019 770 prout
1032 732 1085 770 jus
1103 732 1209 770 exigit,
1230 732 1276 761 sa-

268 795 423 817 ceremus.
444 785 509 816 Nos
536 785 681 824 itaque...
705 784 891 815 discretioni
913 789 1014 815 vestre
1034 794 1090 824 per
1106 785 1275 824 apostolica

268 840 384 878 scripta
410 838 601 868 mandamus
628 843 827 877 quatenus..
851 843 913 868 tam
934 838 1062 869 eosdem
1084 838 1273 877 Gregorium

268 898 298 923 et
316 892 516 922 Leonardum
537 900 633 930 quam
658 891 791 922 clericos
814 892 933 931 prefate
955 891 1030 922 ville
1048 892 1273 930 Traguriensis

267 946 422 985 predictos
435 950 462 975 et
479 945 636 984 quoslibet
651 945 741 982 alios,
755 945 809 984 qui
824 954 881 975 sua
893 945 1091 975 crediderint
1106 947 1270 982 interesse,

267 1008 303 1029 ex
320 1004 405 1038 parte
426 1002 532 1028 nostra
554 998 763 1037 peremptorie
784 998 881 1028 citare
904 999 1042 1036 curetis,
1062 1003 1095 1028 ut
1114 999 1197 1028 insi-a
1218 1007 1270 1028 sex

267 1052 427 1082 mensium
448 1051 586 1090 spatium
610 1056 678 1090 post
694 1051 877 1081 citationem
894 1051 1077 1090 hujusmodi
1095 1061 1149 1090 per
1168 1060 1201 1081 se
1223 1051 1273 1080 vel

265 1114 320 1144 per
337 1109 553 1143 procuratores
571 1104 712 1143 ydoneos
727 1113 800 1134 cuin
816 1105 967 1135 omnibus
982 1105 1077 1141 actis,
1096 1105 1224 1143 juribus
1243 1108 1273 1133 et

266 1159 477 1188 munimentis
496 1159 562 1188 suis
583 1158 698 1188 dictam
719 1167 848 1188 causatu
867 1159 1129 1196 contingentibus
1146 1164 1271 1196 aposto-

266 1212 325 1242 lico
341 1221 372 1241 se
388 1212 568 1250 conspectui
586 1216 817 1250 representem,
833 1212 945 1242 facturi
961 1216 991 1242 et
1007 1212 1164 1251 recepturi
1178 1220 1273 1249 super

266 1265 427 1304 premissis
443 1265 525 1303 quod
541 1264 617 1294 ordo
639 1264 803 1294 dictaverit
823 1265 967 1295 rationis.
989 1265 1082 1295 Diem
1099 1273 1172 1294 vero
1190 1265 1267 1294 cita-

267 1319 362 1348 tionis
393 1323 420 1347 et
442 1319 576 1348 sormam
598 1323 628 1348 et
646 1318 799 1357 quicquid
821 1318 896 1348 inde
926 1319 1063 1348 feceritis
1090 1319 1181 1348 nobis
1211 1327 1266 1356 per

264 1377 385 1402 vestras
403 1372 522 1401 litteras
540 1372 657 1401 harum
677 1372 793 1401 seriem
816 1373 1015 1402 continentes
1038 1371 1173 1402 fideliter
1191 1372 1266 1401 inti-

264 1425 368 1454 metis.
388 1425 460 1454 Dat.
479 1425 577 1462 Rieti,
596 1434 626 1453 νι
645 1424 799 1454 kalendas
815 1425 962 1463 octobris,
980 1433 1065 1455 anno
1081 1425 1196 1464 primo.
1219 1437 1230 1450 »ι

331 1585 416 1613 387

295 1647 485 1682 Inquisitores
507 1648 650 1674 hereticae
666 1647 814 1682 pravitatis
835 1649 987 1674 constituit
1008 1649 1035 1675 in
1057 1649 1194 1676 comitatu
1211 1648 1272 1675 Ve-

262 1696 364 1723 neisini
384 1700 412 1722 et
432 1697 458 1723 in
480 1696 655 1727 Arelatensi.
682 1696 812 1731 Aquensi
831 1700 859 1723 et
881 1696 1080 1723 Ebredunensi
1104 1697 1270 1732 provinciis.

262 1745 346 1779 (Res.
364 1746 408 1776 44,
427 1754 451 1771 0.
469 1746 535 1776 219,
553 1746 571 1771 1.
589 1746 621 1772 52
640 1747 686 1778 1'0.)
1250 1736 1254 1738 '

793 1584 888 1618 ffieti,
906 1586 920 1612 5
937 1585 1101 1620 septembre
1121 1585 1198 1613 1288.

300 1849 443 1878 Nicolans
463 1853 515 1876 etc.
538 1848 655 1877 litteriis
678 1849 753 1885 filiis
777 1849 928 1884 fratribus
953 1849 1071 1878 ordinis
1092 1850 1269 1886 minorum,

262 1902 440 1939 inquisitori
462 1910 511 1929 sen
538 1901 769 1938 inquisitoribus
791 1902 918 1930 heretice
940 1903 1103 1938 pravitatis
1131 1903 1271 1940 deputato

260 1964 309 1984 seu
326 1955 474 1992 deputatis
491 1956 670 1984 auctorilate
685 1956 847 1992 apostolica
863 1961 888 1984 ee
907 1956 938 1984 in
951 1961 1107 1993 posterum
1123 1957 1271 1994 deputan-

260 2009 305 2037 dis
323 2009 353 2037 in
369 2009 514 2037 comitalu
538 2008 685 2037 l'eneisini
705 2014 730 2037 et
749 2009 986 2046 quibuscumque
1007 2010 1079 2038 aliis
1096 2011 1271 2039 civilatibus

260 2067 286 2090 eL
307 2058 378 2090 locis·
394 2062 456 2091 sive
481 2062 570 2090 terris
592 2062 679 2097 infra
699 2061 903 2099 Arelatensis,
923 2063 1068 2100 Aquensis
1087 2067 1113 2092 et
1138 2063 1270 2092 Ebredu-

260 2116 359 2144 nensis
372 2116 603 2152 provintiarum
626 2116 770 2144 terminos
792 2116 983 2152 constitutis,
1007 2116 1166 2145 heredibus
1189 2117 1272 2146 clare

262 2168 403 2197 memorie
427 2167 546 2203 Caroli,
563 2168 643 2204 reyis
664 2167 784 2203 Sicilie,
813 2168 938 2197 mediate
960 2169 1005 2198 vel
1022 2169 1195 2198 immediale
1211 2178 1272 2198 non

260 2221 410 2257 subjectis,
428 2221 557 2250 saltuem
573 2226 626 2250 ecc.
649 2233 662 2247 ιι
677 2221 738 2250 Pre
755 2221 878 2251 cunctis
894 2225 1000 2251 nostre
1017 2222 1134 2252 mentis
1157 2227 1216 2252 etc.
1238 2227 1272 2252 ut

263 2284 376 2313 supra,
395 2275 428 2303 in
445 2274 583 2313 capitulo
598 2283 766 2311 ccxxxxno,
783 2284 884 2314 usque
896 2274 978 2305 Sane
992 2280 1026 2305 ut
1038 2276 1220 2314 accepimus
1235 2277 1270 2306 in

259 2327 424 2366 aliquibus
441 2328 582 2366 partibus
597 2328 765 2358 comitatus
774 2328 942 2358 Veneisini
955 2329 1184 2368 etquibusdam
1197 2330 1270 2360 aliis

260 2381 440 2410 civitatibus
458 2385 488 2410 et
506 2380 583 2410 locis
598 2381 665 2410 sive
680 2382 771 2411 terris
786 2381 870 2410 infra
880 2381 1088 2417 Arelatensis,
1105 2383 1270 2421 Aquensis

260 2438 289 2463 et
298 2433 533 2463 Ebredunensis
542 2434 773 2472 provintiarum
783 2434 936 2464 terminos
943 2435 1135 2472 constitutis,
1146 2435 1270 2466 heredi-

259 2487 319 2516 bus
334 2486 417 2517 clare
434 2488 587 2517 memorie
603 2487 727 2523 Caroli,
745 2487 828 2525 regis
847 2487 967 2523 Sicilie,
986 2487 1122 2517 mediate
1140 2488 1188 2517 vel
1207 2489 1268 2518 im-

260 2540 396 2569 mediate.
410 2549 472 2569 non
487 2540 646 2579 subjectis,
658 2540 736 2570 adeo
748 2539 947 2570 infidelitatis
957 2550 1044 2571 error
1057 2541 1196 2570 invaluit
1209 2546 1267 2572 etc.

261 2602 360 2632 usque
377 2594 410 2622 in
429 2594 504 2630 fine,
522 2598 552 2624 et
568 2594 610 2623 ibi
628 2593 680 2623 uhi
696 2594 813 2623 dicitnr
829 2594 1030 2628 comitatibus
1048 2594 1141 2625 debet
1157 2595 1191 2624 in
1208 2594 1269 2624 ista

260 2646 361 2676 dicere
377 2647 538 2676 comitatu.
562 2658 575 2673 υ

330 2804 417 2832 368
846 2807 934 2839 Ricti,
953 2807 967 2834 3
983 2808 1099 2835 octobre
1116 2808 1194 2835 1288.

298 2865 421 2892 Licentia
441 2867 564 2900 eligendi
590 2868 796 2895 confessorem.
820 2869 902 2898 (Risu.
921 2870 969 2902 44,
988 2878 1013 2896 c.
1031 2870 1114 2904 2192,
1132 2871 1151 2897 f.
1168 2870 1201 2897 52
1218 2877 1265 2902 v⁰;

260 2913 326 2940 Lar.
345 2923 378 2940 nt·
392 2913 489 2947 Tnmc,
510 2914 536 2946 l,
554 2916 608 2947 893

302 3016 462 3044 Carissimi—
485 3018 516 3045 in
541 3017 658 3046 Christo
681 3018 742 3054 filie
761 3018 914 3056 Johanne,
931 3021 1058 3050 Francz'e
1079 3025 1105 3049 et
1129 3020 1266 3050 Navarra

263 3070 363 3106 reyine
380 3069 505 3098 illustri.

1405 481 1417 495 ‹
1440 469 1517 498 Tuis
1545 467 1831 507 supplicationibus
1858 468 2042 500 inclinati...
2073 487 2112 493 —
2139 471 2212 501 Dat.
2244 471 2364 509 Reate,

1359 531 1379 551 v
1394 530 1495 552 nonas
1509 521 1659 558 octobris,
1677 530 1762 551 anno
1780 522 1893 560 primo.
1913 533 1926 549 n

1428 694 1514 723 369
1943 695 2033 727 Rieu,
2051 697 2067 723 4
2081 697 2198 724 octobre
2216 697 2292 725 1288.

1393 755 1579 787 privilegium
1590 756 1747 787 Johannae,
1762 756 1898 784 Franciae
1905 761 1934 784 et
1945 757 2089 785 Navarrae
2104 760 2229 794 reginae,
2245 767 2368 787 conces-

1357 812 1431 831 sum.
1449 805 1533 838 (lieo.
1551 806 1594 839 44,
1611 814 1636 832 c.
1657 806 1719 839 220,
1736 806 1756 832 f.
1773 805 1806 832 52
1823 813 1870 837 ψη
1888 805 1954 833 Lm.
1973 815 2008 834 nu
2023 806 2122 839 Tanti„
2139 807 2163 839 Ι,
2179 808 2213 836 89
2230 811 2279 841 νο.)

1395 907 1496 936 Eidem
1515 907 1661 946 indulget
1677 913 1711 938 ut
1725 909 1796 947 ejus
1811 908 1973 938 confessor
1990 917 2060 938 eam
2077 909 2118 939 ab
2132 910 2221 940 omni
2240 918 2366 941 excom-

1355 960 1584 990 municationis
1606 963 1765 991 sententia
1780 961 1942 992 absolvere
1960 962 2069 1000 possit.

1397 1026 1410 1040 α
1435 1014 1608 1045 Desideriis
1626 1016 1687 1045 tuis
1702 1016 1774 1046 in...
1801 1033 1839 1037 —
1862 1016 1934 1046 Dat.
1952 1016 2068 1054 Reate,
2085 1026 2135 1047 1111
2157 1025 2259 1048 nonas
2278 1020 2366 1048 octo·
2404 1026 2410 1031 ·

1356 1066 1440 1103 bris,
1459 1076 1544 1098 anno
1560 1068 1673 1107 primo.
1694 1082 1707 1096 ι)

1426 1241 1514 1270 3³70
1940 1242 2034 1275 Rieu,
2052 1243 2066 1270 4
2081 1242 2198 1270 octobre
2215 1243 2294 1271 1288.

1393 1302 1431 1330 Ut
1447 1311 1545 1338 supra.
1563 1303 1646 1337 (Rso.
1664 1304 1706 1335 44,
1724 1313 1749 1338 c„
1767 1304 1827 1335 22¹,
1845 1305 1864 1331 f.
1881 1304 1976 1337 5‘2'v⁰;
1995 1304 2062 1332 Lar.
2080 1314 2115 1334 nu
2129 1304 2227 1336 Tasta,
2245 1304 2270 1337 1,
2287 1304 2343 1336 90.)

1396 1406 1497 1444 Eidem
1516 1405 1663 1445 indulget
1681 1411 1716 1437 ut
1736 1408 1806 1446 ejus
1823 1407 1999 1438 familiares
2014 1407 2230 1439 sacerdotibus
2247 1409 2282 1438 in
2298 1408 2368 1448 eJus

1355 1459 1445 1490 curia
1460 1461 1731 1491 commorantibus
1745 1461 1890 1492 confiteri
1908 1461 2036 1492 valeant
2051 1465 2178 1501 peccata
2193 1470 2263 1492 sua.
2277 1456 2280 1458 ’

1398 1527 1410 1540 u
1437 1514 1531 1544 Pium
1549 1514 1744 1545 arbitramur
1757 1519 1825 1546 et...
1839 1532 1879 1538 —
1893 1516 1964 1545 Dat.
1985 1519 2017 1545 ut
2035 1523 2141 1555 supra.
2161 1526 2176 1542 »

1425 1674 1506 1703 3⁸21
1937 1675 2029 1706 meti,
2047 1675 2061 1702 3
2079 1655 2196 1702 octobre
2213 1675 2292 1703 1288.

1390 1736 1598 1772 Indulgentiae.
1616 1737 1697 1772 (Rea.
1716 1737 1758 1769 44,
1771 1745 1797 1764 c.
1813 1737 1876 1772 22⁶2,
1888 1738 1908 1764 s.
1921 1738 1954 1765 52
1969 1743 2018 1771 νος
2035 1737 2102 1765 Lar.
2114 1747 2150 1765 nu
2160 1737 2260 1769 Tuan„
2273 1737 2294 1770 Ι,
2309 1738 2368 1774 91.)

1393 1841 1508 1871 Eidem.
1530 1839 1766 1879 Indulgentiam
1784 1839 1894 1870 decem
1909 1840 2035 1871 dierum
2053 1840 2200 1873 concedit
2214 1841 2367 1871 omnibus

1354 1902 1428 1923 vere
1443 1893 1681 1932 poenitentibus
1696 1897 1727 1922 et
1746 1893 1900 1923 confessis
1916 1894 1972 1933 qui
1988 1893 2132 1923 divinam
2148 1901 2205 1933 pro
2220 1902 2256 1924 ea
2272 1894 2368 1925 mise-

1353 1946 1525 1976 ricordiam
1541 1945 1794 1984 imploraverint.
1806 1953 1809 1955 ·

1396 2012 1408 2027 α
1435 1999 1572 2030 Provide
1591 2003 1621 2029 et
1642 1999 1800 2029 salubri...
1825 2017 1863 2021 —
1889 2000 1959 2030 Dat.
1983 1999 2101 2036 Reate,
2128 2009 2148 2029 v
2163 2007 2266 2030 nonas
2281 2004 2366 2030 octo-

1353 2052 1421 2082 bris
1433 2075 1440 2089 ,
1457 2061 1543 2082 anno
1560 2052 1675 2091 primo.
1695 2061 1710 2082 »

1426 2214 1512 2243 3⁸22
1941 2213 2028 2248 meti,
2047 2213 2062 2240 3
2078 2213 2196 2240 octobre
2214 2212 2294 2241 1288.

1389 2277 1540 2313 Exemptio
1555 2277 1710 2304 interdicti.
1723 2276 1809 2311 (Reg.
1823 2276 1865 2308 44,
1880 2284 1906 2303 c.
1923 2276 1984 2308 223,
1997 2276 2015 2303 f.
2029 2276 2063 2303 52
2077 2283 2124 2308 v⁰;
2137 2275 2206 2303 Lar.
2218 2284 2254 2304 nu
2263 2274 2363 2310 Tuan„

1354 2329 1378 2361 1,
1395 2328 1452 2361 9²2.)

1392 2431 1495 2459 Eidem
1512 2428 1659 2467 indulget
1675 2432 1708 2458 ut
1723 2428 1825 2458 facere
1844 2427 1999 2458 celebrari
2015 2432 2046 2458 et
2059 2427 2171 2458 audire
2187 2427 2299 2458 divina
2314 2427 2364 2458 of-

1350 2483 1422 2513 ficia
1444 2491 1518 2512 cuin
1535 2481 1749 2512 familiaribus
1765 2481 1831 2511 suis
1848 2480 2029 2511 domesticis
2044 2480 2079 2510 in
2094 2480 2172 2511 locis
2187 2479 2360 2511 ecclesias-

1351 2537 1411 2567 tico
1433 2535 1600 2565 interdicto
1620 2534 1790 2573 suppositis
1813 2535 1927 2573 possit,
1949 2534 2059 2573 januis
2086 2538 2193 2564 tamen
2219 2533 2360 2571 clausis,

1351 2598 1414 2620 non
1442 2589 1571 2628 pulsatis
1602 2588 1785 2626 campaniS,
1812 2587 1970 2617 submissa
1991 2594 2094 2624 voce,
2122 2585 2303 2618 interdictis
2330 2590 2361 2618 et

1350 2641 1638 2673 excommunicatis
1655 2641 1803 2671 exclusis.
2061 2636 2064 2639 '

1393 2710 1404 2722 n
1432 2695 1607 2726 Desideriis
1629 2694 1692 2724 tuis
1708 2694 1924 2732 benignius...
1941 2711 1979 2716 —
1999 2694 2070 2724 Dat.
2089 2697 2246 2734 utsupra.
2268 2705 2289 2741 n.

1419 2855 1508 2884 :323
1936 2853 2028 2884 Rieti,
2046 2852 2060 2880 3
2076 2852 2195 2880 octobre
2209 2852 2290 2881 1288.

1384 2919 1571 2953 Privilegiuin
1585 2918 1602 2944 J
1606 2918 1734 2945 ohannae
1751 2916 1888 2944 Franciae
1904 2920 1933 2944 et
1948 2915 2093 2943 Navarrae
2111 2916 2228 2951 reginae
2239 2922 2374 2947 comesa

1347 2977 1424 2996 sum.
1445 2967 1529 3001 (Res.
1546 2967 1589 3001 44,
1606 2974 1631 2993 c.
1648 2966 1709 2998 224,
1726 2966 1746 2992 s.
1765 2965 1798 2993 52
1815 2971 1863 2998 v⁰;
1880 2965 1949 2992 Lar.
1965 2973 2001 2992 nu
2015 2964 2114 2997 Tei-211„
2132 2963 2163 2999 1,
2179 2963 2238 2998 92.)

1386 3071 1486 3100 Eidem
1511 3068 1658 3108 indulget
1681 3072 1716 3098 ut
1743 3067 1853 3097 nullus
1874 3066 2073 3097 ordinariam
2096 3065 2359 3105 Jurisdictionem
