2342 3652
46 2219 56 2230 ο
33 1756 61 2207 ὸηία--ο-υ-ι-οοᾳκο
27 1072 60 1740 κουοᾶωαεφ-σν-κοοόω-οήον
36 952 58 1053 aar
35 861 57 940 &4-

945 367 1176 403 TROISIEME
1196 368 1357 403 ANNEE.
2142 377 2195 406 561

103 450 160 472 sua
175 439 408 470 sustentatione
425 439 572 478 portione
588 444 724 476 servata,
742 444 842 469 totum
860 439 1023 469 residuum
1041 438 1110 468 red-

103 495 229 524 dituum
245 497 276 523 et
293 496 508 531 proventuum
528 492 742 531 predictorum
758 493 792 521 in
811 492 1004 522 solutionem
1020 491 1109 521 debi-

104 552 209 577 torum
221 545 419 584 hujusmodi,
432 545 537 574 usuris
549 545 684 575 omnino
697 545 894 575 cessantibus
906 549 933 575 et
947 544 1111 583 premissis

104 607 308 638 nequaquam
331 597 549 633 obstantibuS‚
568 598 779 634 convertatis,
799 597 1022 627 satisfaciendo
1037 600 1111 626 ante

105 651 213 684 omnia
242 650 280 680 de
312 649 440 680 residuo
467 650 612 688 ipsorum
636 650 820 680 reddituum
845 655 876 680 et
899 654 1111 689 proventuum

105 705 198 735 dictis
213 704 289 734 filiis
310 704 396 733 Dino
411 703 566 733 Tadulini
584 708 615 733 et
636 704 737 734 Labro
762 704 916 742 VulpeIli,
935 703 1111 741 Paganutio

106 757 336 793 Guidictionis,
356 756 501 786 Johanni
526 756 723 795 Symonetti,
752 757 871 795 Adjuto
896 755 1108 794 Rossempili‚

105 810 274 842 Francisco
292 809 525 846 Gnidictionis,
548 809 773 839 Bonaventure
792 809 993 846 Romanioli,
1015 809 1112 839 Locto

105 862 358 900 Aldebrandini,
376 862 480 892 Vante
501 862 652 897 Honesti,
673 862 836 892 Nicolutio
855 863 953 892 Liene
977 866 1006 892 et
1024 862 1112 891 Bauo

106 916 171 947 Pili
192 916 291 946 Rictii
313 924 349 945 ac
367 914 440 945 aliis
463 923 573 945 eorum
600 915 694 945 sociis
717 915 755 944 de
778 916 924 945 societate
947 915 1111 945 Riczardo-

103 978 192 1007 rum,
210 969 335 999 civibus
358 973 387 999 et
408 968 637 998 mercatoribus
660 969 815 1006 Lucanis,
835 969 907 1007 qui,
926 970 1112 998 auctoritate

104 1022 283 1053 litterarum
294 1027 487 1056 nostrarum,
499 1021 620 1050 eisdem
631 1021 798 1050 abbatibus
810 1022 893 1059 apud
906 1021 1012 1051 sedem
1026 1030 1112 1059 apos-

106 1074 233 1106 tolicam
246 1075 415 1114 pecuniam
426 1078 627 1110 mutuaruut,
641 1078 671 1103 et
684 1074 883 1112 postmodum
896 1083 951 1113 per
964 1074 1112 1104 ordinem

104 1129 176 1160 aliis
191 1129 402 1159 creditoribus
419 1128 620 1167 supradictis,
643 1127 819 1157 secundum
839 1128 923 1166 quod
941 1129 1024 1166 ipsos
1040 1128 1112 1166 jure

103 1182 291 1213 inveneritis
318 1183 474 1221 potioreS,
502 1181 671 1220 presertim
697 1190 772 1210 cum
796 1181 919 1211 dicatur
946 1191 1000 1220 per
1025 1181 1112 1210 bunc

103 1235 235 1266 modurn
252 1239 316 1265 tam
334 1227 396 1274 ipsi
418 1234 614 1265 monasterio
637 1242 732 1272 quarn
757 1234 878 1264 eisdem
901 1234 1111 1264 creditoribus

102 1288 214 1320 utilius
226 1288 396 1327 provideri.
416 1287 607 1318 Relaxantes
624 1287 798 1324 interdicti,
815 1288 1045 1326 suspensionis,
1061 1296 1110 1316 ex-

103 1342 403 1373 communicationis
420 1346 450 1371 et
464 1340 706 1379 aggravationis
724 1341 899 1370 sententias
913 1365 920 1377 ,
940 1341 966 1370 si
981 1349 1060 1379 quas
1075 1341 1110 1369 in

103 1395 230 1426 eosdem
243 1395 384 1431 abbates,
400 1398 594 1425 conventum
617 1399 647 1423 et
668 1402 820 1432 personas
842 1394 876 1423 in
893 1394 971 1432 ipsis
986 1394 1110 1432 priora-

105 1447 186 1478 tibus
201 1452 232 1478 et
246 1447 399 1478 membris
417 1447 592 1477 servientes
606 1451 636 1476 et
650 1446 854 1485 fidejussores
870 1455 953 1483 suOS,
969 1455 1110 1476 commu-

103 1501 187 1532 niter
216 1501 267 1531 vel
292 1501 426 1530 divisim
438 1524 446 1538 ‚
474 1500 660 1530 auctoritate
689 1509 893 1538 quacumque
922 1500 1110 1530 inveneritis

103 1555 266 1585 occasione
283 1554 470 1593 hujusmodi
486 1553 702 1592 promulgatas
715 1576 724 1589 ‚
742 1558 772 1582 et
794 1553 1016 1591 dispensantes
1036 1562 1110 1582 cum

103 1608 150 1639 eis
173 1617 268 1647 super
289 1607 545 1646 irregularitate,
571 1607 599 1636 si
620 1615 718 1646 quam
740 1606 929 1636 celebrando
950 1606 1059 1635 divina
1081 1609 1111 1636 et

100 1661 313 1692 immiscendo
334 1671 367 1691 se
382 1661 447 1691 illis
470 1661 602 1691 forsitan
620 1663 865 1695 contraxerunt,
883 1659 930 1688 vel
951 1659 996 1689 sic
1014 1659 1111 1697 legati

101 1723 136 1746 se
149 1715 295 1745 fecerunt
310 1714 349 1745 ad
365 1723 470 1744 sacros
485 1713 616 1744 ordines
631 1713 812 1752 promoveri
827 1717 856 1742 et
870 1713 905 1742 111
921 1713 966 1742 sic
981 1722 1110 1751 suscep-

101 1768 142 1798 tis
156 1768 326 1798 ordinibus
342 1767 582 1797 ministrarunt.
600 1766 771 1805 Proprium
788 1770 895 1796 antem
913 1767 938 1795 si
956 1766 1040 1804 quod
1057 1766 1110 1795 ha-

100 1822 179 1853 bent
199 1822 413 1861 predictorum
435 1819 625 1850 monasterii
647 1823 675 1849 et
691 1819 892 1858 prioratuum
910 1819 1061 1849 monachi
1081 1823 1111 1849 et

101 1876 258 1912 conversi,
274 1875 309 1905 in
325 1875 438 1905 vestris
453 1874 577 1904 faciatis
593 1873 744 1903 manibus
764 1873 940 1911 resignari,
960 1872 1056 1911 idque
1075 1873 1110 1901 in

102 1927 296 1959 solutionem
318 1927 506 1967 hujusmodi
528 1927 732 1957 convertatis.
753 1926 827 1956 Non
847 1926 1036 1965 permittatis
1058 1934 1110 1955 eos

101 1981 233 2012 interim
255 1991 351 2020 super
371 1981 431 2011 alia
454 1981 613 2011 solutione
630 1980 794 2014 facienda,
816 1989 872 2018 per
892 1988 1110 2018 quascumque

100 2033 222 2065 litteras
237 2034 437 2073 apostolicas,
457 2034 515 2063 sub
533 2042 738 2072 quacumque
753 2033 854 2063 forma
871 2033 1040 2062 verborum
1056 2032 1110 2062 ob-

101 2091 214 2125 tentas,
231 2096 337 2118 coram
355 2087 503 2126 predictis
520 2086 571 2116 vel
586 2086 844 2125 quibuscumque
859 2086 930 2115 aliis
946 2085 1108 2125 judicibus

100 2151 156 2173 seu
187 2141 410 2172 executoribus
443 2140 587 2170 indebite
623 2139 796 2170 molestari.
831 2139 1048 2169 Molestatores
1079 2143 1109 2168 et

99 2195 358 2232 contradictores,
378 2203 503 2224 necnon
523 2197 751 2233 proventuum,
771 2193 983 2232 prioratuum,
1003 2192 1123 2233 domo-¹

98 2257 171 2279 rum
193 2253 224 2279 et
239 2249 377 2279 aliorum
403 2248 587 2277 reddituum
613 2250 643 2276 et
666 2247 903 2285 possessionum
929 2245 1107 2274 detentores

99 2310 154 2341 per
182 2310 352 2332 censuram
377 2301 645 2336 ecclesiasticam,
672 2299 884 2339 appellatione
917 2298 1105 2337 postposita,

47 2369 58 2382 .·
99 2354 336 2394 compescendo.
354 2354 425 2383 Dat.
443 2353 527 2392 apud
544 2353 822 2387 Urbemveterem,
840 2362 859 2381 x
875 2351 1028 2381 kalendas
1047 2359 1105 2380 no-

98 2407 248 2444 vembris,
267 2415 353 2436 anno
370 2406 471 2436 tertio.
494 2418 507 2432 n

591 2571 718 2603 Orvieto,
740 2571 769 2598 13
784 2570 939 2597 novembre
960 2569 1034 2596 129⁰.

168 2572 418 2602 363543656

133 2635 260 2662 Licentia
279 2635 451 2669 quibusdam
472 2633 606 2660 domibus
630 2641 764 2660 sororum
786 2632 1009 2659 Mediolanensis
1027 2631 1107 2657 dioe-

100 2685 175 2712 cesis
198 2684 366 2710 conceditur
391 2683 524 2709 servandi
549 2682 666 2709 modum
686 2690 836 2708 romanum
856 2682 885 2707 in
906 2680 1012 2706 divinis
1030 2679 1108 2706 cele-

99 2732 226 2760 brandis.
246 2733 329 2766 (Rae.
346 2732 389 2763 45,
407 2740 434 2758 0.
453 2732 514 2767 532,
530 2732 550 2758 f.
571 2732 617 2758 1οῖ
636 2734 684 2764 ro.)

137 2829 257 2858 Dilectis
271 2829 306 2857 in
322 2827 440 2857 Christo
454 2827 578 2864 filiabus
597 2849 618 2856 ..
636 2828 777 2856 ministre
795 2831 821 2855 ει
835 2826 990 2854 sororibus
1003 2825 1109 2853 domus

98 2881 205 2911 Sancte
223 2881 310 2910 ctare
334 2881 368 2909 cle
386 2881 476 2910 Prato
498 2881 694 2914 centenario,
714 2878 943 2908 Mediolanensis
967 2878 1105 2911 diocesis,

67 2967 69 2970 Α
99 2934 215 2963 ordinis
231 2933 262 2963 S.
281 2935 464 2971 Augustini,
483 2932 632 2970 indulget
655 2937 690 2962 ut
710 2932 841 2961 modum
863 2940 881 2960 a
902 2938 1034 2960 romana
1057 2937 1107 2958 ec-

99 2985 194 3017 clesia
207 2987 242 3017 in
260 2986 382 3016 divinis
398 2986 609 3022 celebrandis,
629 2989 659 3015 et
675 2985 714 3015 ab
732 2985 808 3023 ipsis
826 2984 981 3014 hactenus
1001 2991 1019 3011 a
1034 2982 1107 3011 fun-

99 3035 228 3071 datione
256 3040 371 3070 domus
402 3039 625 3076 observatum,
655 3038 695 3068 de
723 3042 827 3068 cetero
855 3045 981 3067 servare
1007 3035 1107 3064 libere

237 3092 311 3120 Rae.
331 3092 456 3121 N1comis
474 3091 529 3119 IV.

1193 438 1334 475 valeant,
1361 448 1420 469 nee
1449 440 1488 470 ad
1521 440 1714 470 servandum
1741 440 1841 470 alium
1864 445 2048 478 teneantur,
2074 446 2107 472 ut
2133 442 2201 473 vult

1192 491 1243 527 0.,
1275 492 1835 533 Mediolanensis{archiepiscopus
1865 495 1920 533 qui
1949 503 2001 524 eas
2032 495 2200 526 observare

1192 545 1441 576 Mediolanensis
1459 547 1609 577 ecclesiae
1629 547 1758 577 modum
1773 547 1880 586 jussit.

1234 611 1248 625 ιι
1272 599 1452 638 Religionis
1468 606 1570 630 vestre
1592 607 1770 630 meretur...
1793 618 1830 622 —
1851 601 1923 631 Dat.
1951 601 2035 640 apud
2056 602 2199 632 Urbem-

1193 654 1345 689 veterem,
1364 653 1472 682 idibus
1491 653 1685 689 novembris,
1705 662 1790 683 anno
1808 654 1909 683 tertio.
1927 665 1942 679 ν

1232 705 1271 733 111
1301 714 1327 734 e.
1359 715 1403 735 m.
1435 729 1454 736 ..
1484 707 1648 736 ministrae
1677 711 1707 736 et
1731 706 1892 736 sororibus
1923 707 2036 736 domus
2066 707 2200 738 Sanctae

1192 758 1322 794 Annae,
1354 759 1431 788 sitae
1456 764 1542 788 extra
1571 759 1699 788 Portam
1727 759 1920 797 Cumanam,
1951 760 2200 790 Mediolanensis

1192 809 1359 847 dioecesis,
1377 811 1499 841 ordinis
1518 812 1550 841 S.
1568 812 1758 849 Augustini,
1780 813 1908 842 mutatis
1923 813 2098 842 mutandis.

1233 863 1269 892 In
1286 872 1313 892 e⁴
1334 873 1377 892 m.
1397 886 1417 893 ..
1434 865 1599 894 ministrae
1617 868 1647 894 et
1664 865 1822 893 sororibus
1838 865 1952 894 domus
1966 865 2143 903 Virginum
2161 865 2199 895 de

1195 916 1351 953 Galarate,
1372 917 1623 947 Mediolanensis
1639 917 1803 953 dioecesis,
1821 917 1946 947 ordinis
1961 917 1992 947 S.
2008 918 2197 955 Augustini.

1703 1067 1829 1098 Orvieto,
1848 1068 1862 1094 5
1879 1068 2034 1094 novembre
2052 1068 2128 1094 1290.

1263 1069 1381 1097 385⁸?

1228 1130 1413 1165 Dispensatio
1426 1138 1514 1165 super
1525 1130 1638 1156 defectu
1651 1130 1798 1156 natalium.
1808 1129 1890 1162 (Res.
1900 1130 1942 1160 45,
1952 1137 1978 1156 c.
1989 1130 2049 1160 533,
2060 1130 2078 1156 f.
2091 1131 2136 1156 107
2150 1135 2198 1161 vm>

1233 1219 1376 1256 Jlayistro
1391 1219 1526 1248 Jolzannz·
1539 1219 1574 1248 de
1595 1219 1685 1254 Valle,
1700 1219 1845 1248 canonico
1861 1218 2046 1255 Lexovlensi,
2063 1226 2201 1256 quocum

1192 1272 1232 1301 ab
1262 1271 1446 1302 Alexandro
1478 1281 1557 1311 papa
1586 1271 1678 1301 ΙΙΙΙω
1712 1271 1772 1300 [uit
1802 1270 2022 1309 dispensatum
2054 1275 2106 1306 ut,
2135 1279 2201 1301 non

1192 1324 1335 1354 obstante
1353 1324 1476 1354 defectu
1495 1324 1652 1354 natalium
1672 1332 1768 1362 quem
1785 1323 1905 1362 patitur
1927 1324 1965 1352 de
1985 1323 2086 1354 soluto
2105 1325 2199 1362 geni-

1193 1382 1242 1408 tus
1270 1382 1300 1408 et
1328 1377 1444 1413 soluta,
1468 1377 1508 1407 ad
1530 1386 1643 1407 omnes
1667 1377 1798 1407 ordines
1823 1377 2004 1415 promoveri
2025 1381 2055 1407 et
2078 1372 2200 1407 benefi-

1192 1431 1279 1461 cium
1305 1430 1555 1461 ecclesiasticum
1582 1431 1726 1461 obtinere
1751 1429 1885 1467 valeret,
1908 1430 2026 1459 iterum
2055 1430 2202 1468 indulget

1191 1483 1344 1514 Nicolaus
1366 1488 1418 1521 ut,
1438 1492 1503 1514 nou
1521 1484 1665 1513 obstante
1686 1483 1798 1513 eodem
1826 1482 1970 1515 defectu.
1992 1486 2199 1521 personatum

1191 1537 1242 1567 vel
1259 1537 1461 1575 dignitatem,
1479 1545 1544 1567 non
1558 1541 1665 1566 tamen
1681 1535 1910 1575 episcopalem,
1930 1536 2074 1566 obtinere
2090 1537 2197 1575 possit.

1237 1603 1250 1618 ι
1272 1591 1394 1620 Meritis
1417 1596 1469 1621 tue
1490 1590 1706 1620 devotionis...
1723 1605 1764 1611 —
1785 1590 1857 1618 Dat.
1883 1589 1967 1628 apud
1991 1590 2200 1619 Urbemvete-

1191 1653 1271 1680 rem,
1290 1644 1384 1673 nonis
1398 1643 1594 1679 novembris,
1611 1651 1698 1672 anno
1715 1642 1818 1672 tertio.
1837 1653 1851 1668 »

1262 1795 1513 1824 3658-36ἵ5

1227 1858 1435 1892 Indulgentiae.
1452 1857 1536 1891 (Res.
1555 1857 1598 1891 45,
1615 1865 1641 1883 c.
1661 1856 1721 1887 534,
1740 1857 1760 1882 f.
1780 1856 1828 1882 107
1846 1857 1898 1888 νῦ.)

1678 1793 1804 1826 Orvieto,
1825 1795 1862 1820 1²¹·
1877 1794 2032 1820 novembre
2053 1794 2128 1820 1291).

1234 1946 1386 1977 Ena-ersis
1407 1946 1522 1975 Christi
1541 1946 1680 1983 fidelibus
1701 1949 1850 1982 presentes
1873 1943 1990 1974 litteras
2009 1945 2197 1982 inspecturis.

1191 2000 1431 2038 indulgentiam
1444 1999 1587 2029 concedit
1613 1999 1709 2028 unius
1731 1998 1811 2027 anni
1837 2002 1866 2028 et
1882 2007 1920 2027 xc
1949 1997 2076 2027 dierum
2091 1998 2200 2027 omni-

1190 2053 1250 2083 bus
1264 2062 1339 2083 vere
1352 2052 1590 2091 poenitentibus
1612 2058 1641 2081 et
1660 2051 1813 2081 confessis
1828 2051 1885 2090 qui
1905 2051 2071 2081 ecclesiam
2089 2051 2200 2081 Sancti

1191 2106 1316 2136 Nieolai
1344 2106 1383 2136 de
1406 2105 1504 2143 Grua,
1534 2105 1732 2135 pictavensis
1757 2104 1923 2139 dioecesis,
1953 2104 1988 2133 in
2016 2104 2049 2134 S.
2074 2104 2200 2134 Nicolai

1190 2160 1416 2190 festivitatibus
1429 2164 1460 2189 et
1476 2168 1532 2198 per
1547 2163 1616 2189 octo
1632 2159 1701 2188 dies
1712 2158 1899 2187 festivitates
1914 2159 1998 2196 ipsas
2014 2157 2200 2187 immediate

1191 2217 1361 2253 sequentes
1376 2212 1589 2243 visitaverint.

1231 2280 1245 2295 «
1266 2267 1340 2297 Vite
1355 2266 1507 2305 perennis
1523 2265 1659 2303 gloria...
1677 2283 1713 2287 —-
1731 2264 1802 2294 Dat.
1822 2263 1905 2302 apud
1922 2264 2196 2299 Urbemveterem,

1188 2321 1334 2350 kalendis
1353 2320 1548 2357 novembris,
1566 2327 1652 2348 anno
1671 2318 1771 2347 tertio.
1788 2330 1800 2343 ι

1228 2375 1268 2404 In
1284 2384 1311 2404 e.
1331 2383 1374 2403 m.
1393 2374 1569 2409 universis,
1591 2377 1648 2403 etc.
1672 2372 1816 2401 Eandem
1832 2370 2069 2408 indulgentiam
2085 2378 2197 2400 conee-

1189 2428 1236 2458 dit
1251 2428 1297 2457 eis
1313 2428 1366 2466 qui
1382 2427 1476 2457 certis
1492 2426 1605 2455 diebus
1623 2425 1790 2455 ecclesiam
1805 2424 1893 2454 Beati
1906 2422 2072 2452 Michaelis
2090 2423 2122 2451 in
2136 2422 2198 2451 He-

1188 2489 1292 2518 remo,
1308 2479 1507 2510 Pictavensis
1525 2479 1694 2514 dioecesis,
1713 2477 1924 2507 visitaverint.
1946 2476 2018 2505 Dat.
2038 2479 2071 2505 ut
2089 2483 2195 2513 supra.

1682 2558 1808 2588 Orvieto,
1828 2557 1860 2583 14
1878 2555 2031 2582 novembre
2051 2554 2126 2581 1290.

1228 2625 1267 2654 ln
1283 2633 1310 2654 e.
1328 2632 1385 2659 m.,
1406 2631 1463 2661 pro
1483 2621 1615 2651 ecclesia
1637 2619 1813 2658 Hospitalis
1834 2619 1866 2649 S.
1888 2617 2048 2648 ‚Iohannis
2068 2616 2197 2646 Jeroso-

1188 2677 1331 2707 limitani
1359 2675 1544 2706 Januensis.
1586 2674 1656 2703 Dat.
1690 2672 1774 2711 apud
1805 2671 2089 2705 Urbemveterem,
2120 2677 2196 2697 xvnr

1189 2731 1342 2761 kalendas
1358 2728 1545 2765 decembris,
1566 2735 1652 2757 anno
1672 2725 1776 2756 tertio.

1679 2805 1806 2838 Orviet0‚
1827 2804 1856 2831 16
1873 2802 2028 2830 novembre
2045 2801 2124 2828 1290.

1230 2874 1269 2903 In
1287 2881 1315 2902 e.
1329 2881 1387 2909 m.,
1402 2879 1459 2910 pro
1475 2869 1608 2900 ecclesia
1622 2869 1779 2907 prioratus
1793 2866 1831 2895 de
1848 2865 2006 2901 Maceriis,
2025 2862 2197 2893 Remensis
2234 2861 2243 2870 ¹

1190 2926 1352 2961 dioecesis,
1370 2925 1404 2954 in
1420 2925 1575 2954 honorem
1593 2921 1678 2952 beati
1693 2920 1816 2950 Juliani
1832 2918 1984 2957 martyris
2001 2920 2193 2947 constructa.

1192 2981 1262 3010 Dat.
1292 2978 1376 3018 apud
1407 2977 1668 3008 Urbemveterem
1684 2998 1693 3011 ,
1726 2983 1775 3003 111-1
1808 2972 1962 3002 kalendas
1993 2969 2172 3001 decembris
2188 2993 2194 3004 ,

1189 3042 1275 3064 anno
1291 3032 1394 3063 tertio.

2021 3078 2051 3105 71
