2477 3637
203 361 260 392 372
951 351 1186 383 REGISTRES
1207 351 1261 381 DE
1283 350 1466 381 NICOLAS
1490 350 1546 380 lv.

204 429 304 457 losane
324 426 456 455 diocesis.
476 435 489 449 «
508 421 741 459 Significarunt
757 419 848 449 nobis
869 419 975 450 dilecti
993 419 1050 448 filii
1069 441 1088 449 ..
1109 419 1204 448 abbas

202 484 233 511 et
249 482 423 510 conventus
440 474 626 506 monasterii
646 473 749 502 Mansi
767 472 883 509 Asilis,
900 471 1022 502 ordinis
1046 471 1078 502 S.
1098 472 1205 502 Bene-

203 533 289 569 dicti,
306 530 485 561 Tholosane
501 527 648 563 diocesis,
662 525 744 566 quod
760 525 850 561 olim,
866 525 1058 555 monasterio
1074 525 1140 564 ipso
1152 533 1207 563 per

203 590 336 616 mortem
357 582 520 622 quondam
545 582 597 617 A.,
622 579 744 609 abbatis
768 579 955 609 monasterii
980 578 1132 618 predicti,
1157 586 1207 607 va-

204 643 312 674 cante,
332 637 414 666 bone
434 634 588 665 memorie
612 635 661 668 B.,
686 632 888 662 Tholosanus
906 633 1081 671 episcopus,
1105 640 1206 670 quan-

203 693 275 722 dam
292 691 360 721 anri
377 694 407 719 et
421 688 546 726 argenti
562 696 596 717 ac
613 687 746 726 pecunie
762 687 984 725 quantitatem,
1002 685 1122 724 lapides
1140 694 1208 724 pre-

205 747 297 776 tiosos
323 749 352 774 et
381 742 444 772 alia
467 742 549 771 bona
569 741 712 780 ejusdem
735 740 938 775 monasterii,
967 748 1029 778 que
1058 739 1142 769 idem
1166 740 1205 768 A.

203 799 300 828 abbas
316 805 413 836 penes
428 795 568 834 priorem
585 799 615 824 et
634 798 827 824 conventum
852 793 965 823 domus
982 792 1117 822 fratrum
1138 801 1208 831 pre-

204 852 381 882 dicatorum
398 849 589 885 Tholosane,
605 857 662 878 sno
674 850 703 877 et
717 847 848 886 predicti
865 846 1049 877 monasterii
1063 846 1207 882 nomine,

204 906 406 944 deposuerat,
430 907 540 933 contra
557 902 734 940 justitiam,
762 910 816 940 pro
836 910 892 930 sne
909 900 1080 930 voluntatis
1098 899 1186 929 libito
1200 923 1207 936 ,

204 957 352 997 ocupavit
366 966 401 986 ac
418 956 616 995 postmodnm
632 964 687 994 per
702 954 865 994 quondam
880 953 1092 984 Guillelmum
1110 952 1208 989 Petri,

205 1016 384 1052 promotum
410 1011 444 1040 in
469 1010 614 1039 abbatem
642 1008 828 1039 monasterii
852 1008 1019 1047 prelibati,
1047 1007 1127 1037 tradi
1149 1006 1210 1036 sibi

205 1066 366 1106 quandam
390 1064 459 1094 anri
483 1068 513 1093 et
535 1063 659 1101 argenti
685 1067 715 1092 et
738 1062 871 1100 pecunie
893 1061 1103 1100 quantitatem
1133 1060 1211 1090 dicti

205 1118 391 1150 monasterii
416 1117 556 1147 indebite
578 1116 774 1155 procuravit,
800 1116 964 1145 monachis
983 1114 1125 1153 ejusdem
1143 1121 1211 1143 mo-

206 1173 338 1203 nasterii
354 1181 409 1201 sen
426 1171 539 1209 majori
553 1174 639 1208 parte
656 1170 796 1208 ipsorum
811 1168 1102 1199 contradicentibus
1121 1171 1150 1197 et
1163 1167 1210 1196 in-

205 1227 294 1261 vitis,
319 1226 351 1254 in
377 1224 477 1263 ipsius
499 1222 685 1253 monasterii
708 1230 770 1251 non
794 1221 954 1251 modicam
981 1220 1148 1250 lesionem.
1174 1219 1212 1249 Et

205 1279 280 1309 licet
300 1279 383 1308 ideni
409 1277 572 1315 episcopus
597 1274 731 1304 testandi
751 1275 817 1304 sive
840 1273 1030 1312 disponendi
1055 1273 1093 1302 de
1118 1272 1212 1302 bonis

206 1331 378 1362 mobilibus
397 1329 528 1359 ecclesie
545 1327 723 1357 Tholosane
739 1327 772 1356 in
790 1336 847 1356 sua
866 1326 978 1356 ultima
994 1325 1157 1355 voluntate
1173 1325 1213 1354 li-

206 1386 314 1415 beram
332 1383 443 1412 habuit
459 1391 476 1411 a
490 1381 564 1411 sede
578 1379 751 1419 apostolica
766 1379 964 1414 facultatem,
988 1378 1041 1418 [et]
1060 1378 1212 1408 omnibns

206 1436 322 1477 quibus
334 1436 368 1465 in
381 1435 489 1474 aliquo
503 1434 667 1464 tenebatur
675 1432 827 1462 satisfieri
836 1441 890 1462 seu
901 1432 1025 1462 restitui
1035 1431 1212 1470 omniaque

205 1491 316 1521 illicite
342 1489 570 1527 acquisiverat,
596 1496 650 1525 per
673 1495 788 1515 manns
813 1485 904 1515 fratri
924 1485 1025 1515 nostri
1042 1485 1210 1523 Hugonis,

205 1543 362 1583 episcopi,
389 1547 462 1571 tunc
484 1540 644 1575 canonici,
668 1539 802 1576 Vitalis,
826 1539 991 1577 prepositi,
1013 1547 1049 1568 ac
1066 1537 1213 1576 magistri

206 1597 312 1627 Pontii
338 1594 525 1630 Blancardi,
551 1593 698 1623 canonici
719 1592 995 1627 Tholosanorum,
1021 1600 1056 1621 ac
1076 1590 1213 1621 Jordani

207 1651 244 1680 de
260 1649 386 1685 Insula,
404 1648 535 1684 militis,
561 1646 740 1677 Tholosane
755 1646 910 1682 diocesis,
934 1653 1012 1684 quos
1029 1649 1213 1675 executores

207 1704 257 1733 sui
270 1702 434 1733 constituit
453 1701 643 1737 testamenti,
655 1700 792 1738 precepit
803 1700 837 1729 in
849 1699 959 1730 eadem
973 1699 1085 1729 ultima
1099 1698 1212 1729 volun-

207 1762 283 1792 tate,
301 1757 399 1786 iidem
417 1760 522 1785 tamen
544 1758 726 1784 executores
745 1762 881 1789 aurum,
903 1756 1092 1791 argentum,
1117 1761 1212 1791 pecu-

207 1811 294 1840 niam
311 1814 340 1840 et
355 1809 416 1839 alia
428 1808 580 1847 prelibata
592 1808 683 1838 dictis
695 1807 801 1837 abbati
815 1812 844 1837 et
859 1807 1031 1837 conventui
1047 1807 1213 1837 restituere

208 1864 274 1894 sive
292 1864 328 1892 de
345 1862 409 1893 illis
427 1862 607 1892 satisfacere
623 1861 764 1891 indebite
779 1860 1018 1897 contradicunt,
1036 1860 1110 1890 licet
1126 1859 1165 1889 ad
1180 1860 1214 1890 id

208 1918 290 1948 bona
300 1916 431 1947 mobilia
443 1925 504 1954 que
516 1915 600 1945 idem
620 1915 654 1944 B.
673 1915 849 1953 episcopus,
862 1914 901 1943 ad
912 1914 1030 1944 dictam
1046 1913 1214 1944 ecclesiam

207 1970 399 2010 spectantia,
419 1969 539 1999 eisdem
564 1968 784 1998 executoribus
807 1968 846 1997 ad
863 1967 1086 2006 exequendum
1103 1967 1214 2007 hujus-

208 2024 293 2054 modi
311 2032 401 2053 suam
419 2022 564 2051 nltimam
582 2022 776 2051 voluntatem
793 2021 979 2058 assignavit,
1000 2021 1146 2050 sufficere
1164 2020 1214 2050 di-

208 2079 390 2107 noscantur.
407 2075 560 2112 Quocirca
574 2074 761 2104 discretioni
779 2079 829 2103 tue
844 2082 898 2112 per
910 2073 1081 2112 apostolica
1096 2073 1216 2112 scripta

208 2129 398 2159 mandamus
409 2132 566 2167 qnatenus
579 2127 736 2166 predictos
752 2131 933 2156 executores
950 2136 986 2156 ex
999 2130 1087 2165 parte
1104 2131 1214 2156 nostra

209 2191 338 2212 moneas
353 2185 383 2211 et
399 2181 530 2211 inducas
548 2185 580 2210 nt
594 2181 679 2210 infra
693 2180 879 2219 quindecim
895 2179 965 2209 dies
981 2184 1048 2218 post
1064 2179 1215 2210 monitio-

210 2244 282 2264 nem
302 2240 388 2264 tnam
403 2234 494 2263 dictis
510 2234 614 2263 abbati
633 2238 664 2263 et
678 2233 850 2263 conventui
866 2242 960 2271 super
981 2233 1143 2271 premissis
1160 2233 1214 2262 de-

210 2289 307 2318 bitam
337 2288 583 2317 satisfactionem
604 2286 807 2325 impendant,
831 2285 974 2325 alioquin
1003 2295 1038 2315 ex
1067 2290 1164 2322 tnnc,
1189 2286 1216 2316 si

211 2341 270 2371 tibi
284 2341 469 2376 summarie,
485 2340 523 2370 de
535 2340 629 2379 plano
641 2344 670 2369 et
681 2339 752 2369 sine
768 2339 899 2377 strepitu
912 2339 1022 2378 judicii
1035 2339 1216 2369 constiterit

209 2395 247 2425 de
264 2394 439 2433 premissis,
457 2394 611 2433 predictos
630 2398 811 2423 executores
828 2393 866 2422 ad
883 2393 915 2422 id
932 2393 1119 2423 auctoritate
1138 2401 1212 2423 nos-

209 2454 272 2485 tra,
289 2448 500 2487 appellatione
518 2452 654 2483 remota,
674 2446 882 2485 compellas...
901 2447 971 2476 Dat.
994 2447 1106 2482 Rome,
1129 2446 1213 2486 apud

210 2502 358 2533 Sanctam
376 2502 509 2531 Mariam
529 2502 692 2540 MaJorem,
709 2500 855 2530 kalendis
870 2500 1040 2537 februarii,
1059 2509 1143 2530 anno
1160 2509 1213 2531 se-

209 2555 356 2586 cundo.»

281 2743 398 2772 2107

249 2804 440 2832 Provisiones.
457 2805 541 2839 (REO.
558 2806 601 2839 44,
619 2813 644 2832 c.
662 2805 728 2837 834,
746 2806 765 2832 1’.
783 2805 833 2832 292
851 2807 898 2838 ΓΟ.)

519 2742 876 2778 Sainte-Marie-MaJeure,
894 2742 923 2769 21
943 2743 1046 2770 sevrier
1063 2743 1142 2770 1290.

261 2920 422 2949 Venerabile?
439 2922 535 2957 fratri
550 2923 594 2957 B.,
613 2923 746 2959 episcopo
763 2922 949 2959 Penestrino,
963 2923 1121 2961 apostolice
1138 2923 1215 2953 sedis

215 2973 326 3010 ἰεῃαιο,
353 2983 386 3001 ac
414 2997 433 3003 ..
455 2975 648 3012 Neapolitano
673 2980 699 3004 et
721 2998 741 3005 ..
764 2975 959 3005 Salernitana
982 2977 1214 3016 archiepiscopis

215 3025 344 3054 mandat
374 3031 530 3064 quatenus
561 3028 701 3058 Accurso
725 3027 764 3058 de
793 3028 977 3066 Passitano,
1010 3029 1212 3068 presbytero,

1287 416 1501 447 Amalfitanae
1523 416 1693 453 dioecesis,
1714 415 1754 446 ab
1773 416 1940 446 abbatibus
1962 419 2230 449 monasteriorum
2251 419 2291 451 de

1287 470 1380 505 Cava,
1391 469 1610 499 Salernitanae
1619 469 1784 507 dioecesis,
1793 469 1903 499 Sancti
1913 469 2079 500 Benedicti
2086 470 2294 509 Salernitani,

1288 524 1394 555 Sancti
1422 523 1509 553 Petri
1532 522 1572 552 ad
1596 525 1696 552 Aram
1725 522 1928 562 Neapolitani
1950 527 1980 553 et
1999 523 2107 554 Sancti
2130 524 2296 556 Laurentii

1288 578 1327 608 de
1342 578 1462 607 Aversa
1474 580 1647 615 quaternas
1665 576 1778 606 uncias
1801 576 1873 606 auri
1886 599 1893 613 ,
1912 577 2007 606 annis
2024 577 2178 615 singulis,
2193 578 2295 617 quoad

1289 632 1413 666 vixerit,
1431 630 1589 668 assignari
1607 630 1738 661 faciant.

1332 697 1344 711 α
1379 684 1492 714 Merita
1521 683 1685 722 probitatis
1714 682 1858 714 dilecti...
1892 701 1930 705 —
1959 684 2032 714 Dat.
2058 685 2178 720 Rome,
2212 685 2295 724 apud

1291 739 1439 769 Sanctam
1457 737 1592 767 Mariam
1612 737 1782 776 Majorem,
1801 746 1870 766 vnn
1889 736 2042 767 kalendas
2062 737 2191 775 martii,
2210 746 2296 770 anno

2348 749 2355 762 ο

1291 792 1440 823 secundo.
1461 803 1475 818 υ

1362 966 1482 996 2¹⁰8
2275 999 2285 1008 ,
2334 835 2371 1000 3

1328 1029 1446 1055 Mutatio
1476 1028 1693 1063 possessionum
1722 1026 1923 1054 Laterauensis
1950 1027 2101 1053 ecclesiae.
2131 1025 2216 1059 (Rau.
2247 1025 2297 1063 Η,
2340 1002 2366 1065 i:

1292 1086 1318 1104 c.
1335 1078 1407 1108 8342,
1425 1078 1444 1104 r.
1461 1077 1512 1104 ‘292
1529 1077 1576 1111 ro.)

1597 963 1961 999 Sainte-Marie-Majeure,
1981 965 2011 991 13
2027 965 2132 991 fevi-ier
2149 963 2227 992 1290.

1340 1181 1506 1210 Venerabili
1521 1182 1615 1217 fratri
1632 1203 1652 1209 ..
1670 1181 1803 1218 episcopo
1821 1180 1910 1208 Esino
1926 1179 2057 1208 mandat
2073 1182 2231 1218 quatenus
2245 1201 2253 1217 ,
2271 1177 2300 1210 si

1294 1234 1338 1264 ita
1361 1233 1475 1264 viderit
1495 1233 1658 1272 expedire,
1679 1256 1698 1263 ..
1718 1233 1814 1272 priori
1838 1236 1868 1262 et
1887 1232 2025 1271 capitulo
2043 1231 2193 1262 ecclesiae
2207 1232 2299 1264 Late-

1295 1287 1458 1323 ranensis,
1487 1287 1609 1317 ordinis
1638 1287 1670 1317 S.
1700 1287 1895 1324 Augustini,
1920 1285 2084 1316 licentiam
2112 1284 2301 1324 postulatam

1296 1341 1415 1378 tribuat
1436 1340 1655 1370 commutandi
1671 1345 1811 1370 castrum
1831 1340 1970 1369 Frascati
1994 1344 2025 1369 et
2047 1339 2116 1378 ejus
2139 1338 2301 1370 modicum

1296 1395 1511 1425 tenimentum
1528 1403 1601 1424 eum
1617 1394 1775 1424 casalibus
1794 1398 1825 1423 et
1840 1393 2095 1432 possessionibus
2109 1392 2193 1423 aliis.

1337 1460 1351 1475 α
1369 1448 1413 1477 Ex
1430 1452 1517 1486 parte
1532 1447 1759 1478 dilectorum...
1777 1464 1815 1469 -
1831 1447 1900 1478 Dat.
1918 1447 2034 1483 Rome,
2051 1446 2136 1486 apud
2151 1445 2300 1478 Sanctam

1295 1502 1432 1531 Mariam
1451 1502 1606 1540 Majorem
1618 1524 1626 1537 ,
1643 1501 1751 1531 idibus
1767 1501 1938 1535 februarii,
1956 1509 2042 1531 anno
2057 1499 2207 1531 secundo.
2225 1512 2240 1528 »

1365 1676 1484 1704 21⁰9

1330 1738 1448 1766 Collatio
1464 1738 1606 1765 beneficii.
1624 1737 1708 1771 (Rae.
1725 1737 1768 1768 44,
1785 1745 1811 1764 c.
1829 1737 1894 1769 835,
1912 1737 1933 1765 ἰ.
1947 1737 2000 1764 292
2017 1736 2064 1772 r0.)

1600 1674 1962 1709 Sainte-Marie-MaJeure,
1981 1675 2012 1702 15
2028 1675 2132 1702 fevrier
2149 1674 2229 1702 1290.

2295 1791 2310 1804 θ

1335 1843 1477 1880 Maqistro
1494 1842 1630 1870 Johanni
1647 1841 1681 1869 de
1702 1841 1901 1883 Vaissonqnia
1915 1863 1922 1876 ‚
1942 1840 2096 1878 capellano
2114 1842 2234 1876 nostro,
2252 1846 2303 1869 ar·-

1296 1897 1474 1926 chidiacono
1497 1895 1680 1924 Flandrensz·
1700 1899 1726 1923 et
1746 1893 1888 1923 canonico
1906 1894 2021 1923 ecclesie
2045 1893 2236 1922 Morinensis.
2252 1890 2301 1930 Ei,

1300 1950 1356 1980 cni
1370 1950 1575 1979 canonicatus
1590 1957 1663 1978 cum
1679 1947 1872 1986 praebenda,
1887 1947 1968 1978 nulli
1980 1947 2045 1978 alio
2059 1947 2198 1984 debitus,
2208 1946 2243 1976 in
2257 1953 2303 1978 ec·

1298 2003 1396 2034 clesia
1415 2002 1595 2033 Morinensi
1612 2006 1792 2031 reservatus
1808 2005 1886 2036 erat,
1900 2000 2194 2031 archidiaconatum
2207 1998 2305 2030 Flan-

1298 2058 1448 2088 drensem
1464 2056 1498 2085 in
1516 2055 1649 2086 ecclesia
1667 2054 1858 2091 Morinensi,
1876 2063 1931 2093 per
1945 2057 2080 2085 mortem
2091 2052 2253 2084 Johannis
2265 2051 2304 2084 cle

1299 2111 1414 2141 Fieffes
1429 2112 1606 2144 vacantem,
1623 2112 1653 2138 et
1671 2116 1727 2146 per
1742 2111 1878 2137 mortem
1895 2106 2055 2143 menardi,
2070 2106 2184 2137 notarii
2197 2114 2302 2146 papae,

1299 2166 1350 2196 cui
1369 2168 1547 2195 reservatus
1564 2165 1648 2197 erat,
1667 2161 1825 2197 liberum,
1845 2161 1979 2191 confert.

1342 2231 1355 2246 a
1379 2217 1518 2248 Grandis
1541 2215 1718 2246 devotionis
1737 2215 1905 2245 aflectus...
1925 2231 1963 2236 —
1985 2215 2056 2244 Dat.
2081 2214 2202 2252 Rome,
2221 2211 2304 2253 apud

1300 2272 1448 2303 Sanctam
1469 2270 1602 2300 Mariam
1628 2269 1779 2308 Majorem
1796 2293 1801 2304 ,
1825 2277 1864 2298 xv
1890 2267 2044 2298 kalendas
2067 2267 2175 2298 martii
2189 2290 2198 2306 ,
2219 2272 2304 2298 anno

1300 2325 1449 2357 secundo.
1471 2337 1485 2352 n

1371 2485 1426 2514 21
1437 2485 1494 2514 ιθ
1613 2482 1970 2518 sainte-Marie-Majeure,
1988 2481 2020 2509 18
2035 2481 2140 2508 sevrier
2155 2479 2234 2508 1290.

1335 2549 1516 2576 immunitas.
1534 2546 1616 2581 (Reo.
1635 2546 1676 2578 44,
1695 2554 1720 2573 c.
1737 2546 1800 2581 836,
1817 2546 1838 2573 f.
1856 2546 1907 2574 292
1924 2546 1976 2578 νο.)

1341 2675 1360 2681 ..
1393 2652 1492 2681 abbati
1516 2655 1544 2680 et
1565 2650 1728 2679 conventui
1751 2649 1933 2679 monasterii
1957 2647 2063 2678 Sancti
2090 2645 2246 2677 Anastasii
2271 2643 2314 2676 de.

1301 2706 1392 2742 Urbe,
1408 2704 1613 2735 cisterciensis
1627 2703 1764 2738 ordinis,
1780 2701 1820 2731 ad
1840 2701 1942 2731 instar
1960 2699 2143 2731 Innocentii
2158 2698 2237 2736 1111,
2251 2697 2304 2729 in-

1299 2759 1408 2797 dulget
1423 2763 1456 2788 ut
1476 2766 1530 2796 per
1547 2755 1668 2786 litteras
1683 2754 1873 2795 apostolicae
1888 2754 1972 2785 sedis
1987 2758 2019 2784 et
2035 2753 2214 2792 legatorum
2235 2751 2263 2791 ej
2306 2795 2307 2799 Ἰ

1298 2813 1338 2844 ad
1353 2811 1567 2850 receptionem
1589 2814 1619 2839 et
1645 2809 1860 2848 provisionem
1881 2807 2020 2847 alicujus
2042 2807 2078 2837 in
2099 2800 2310 2846 pensionibuff'

1299 2876 1354 2898 seu
1367 2864 1532 2896 beneficiis
1547 2862 1772 2893 ecclesiasticis
1792 2861 1928 2892 minime
1945 2864 2127 2892 teneantur.

1341 2933 1354 2948 ιι
1382 2919 1495 2950 Vestre
1520 2916 1645 2947 meritis
1670 2915 1875 2955 religionis...
1911 2932 1951 2938 -
1981 2914 2054 2944 Dat.
2080 2912 2201 2950 Rome,
2223 2906 2315 2955 apud,
2365 2952 2367 2955 .

1298 2974 1448 3005 Sanctam
1474 2971 1609 3001 Mariam
1634 2969 1810 3009 Maj0rem,
1836 2977 1878 2998 xn
1897 2967 2053 2998 kalendas
2071 2965 2195 3002 martii,
2219 2969 2305 2995 anno

1297 3026 1446 3058 secundo.
1473 3036 1488 3051 ι
