2477 3637
223 371 280 400 274
970 361 1205 393 REGISTRES
1228 361 1282 390 DE
1306 357 1490 389 NICOLAS
1514 358 1568 387 IV.

216 436 416 476 praepositis,
439 431 683 467 archidiaconis,
701 429 990 468 archipresbyteris
1006 434 1036 459 et
1050 428 1124 458 aliis
1138 436 1225 467 prae-

218 490 291 520 latis
303 494 331 519 et
344 487 488 528 personis
507 485 713 515 ecclesiarum
731 487 761 513 et
778 482 1058 520 monasteriorum,
1075 481 1222 521 capitulis

219 548 246 573 et
263 541 483 576 conventibus,
501 539 596 569 etiam
616 538 643 567 si
658 546 713 576 per
729 545 802 566 eum
820 536 960 575 ipsorum
979 535 1046 566 loca
1062 543 1126 566 nou
1143 534 1223 565 visi-

219 601 281 627 tata
298 595 426 625 suerint.

260 661 272 675 α
302 647 427 677 Pridem
454 644 713 675 ‚lerosolimitana
743 642 911 673 ecclesia...
940 658 980 665 —
1004 642 1075 671 Dat.
1106 642 1222 676 Reate,

217 712 255 731 xv
271 700 422 731 kalendas
438 698 587 734 octobris,
604 705 690 727 anno
705 696 855 726 secundo.
878 708 889 721 n

296 881 410 910 1359
838 876 925 910 Rieu,
943 875 975 903 20
991 876 1059 902 aosst
1077 874 1154 902 1289.

255 944 296 971 De
313 943 463 970 collatione
479 942 695 969 beneficiorum.
713 940 797 973 (Rau.
814 939 856 970 44,
873 947 898 966 c.
917 938 978 972 461,
996 938 1014 966 s.
1031 937 1082 965 ’210
1097 944 1141 970 r⁰;
1159 937 1226 964 Lm.

219 1003 254 1022 nu
269 994 369 1027 Tuane,
386 992 422 1025 ll,
439 993 510 1026 246;
527 992 644 1023 Porum,
660 990 769 1022 23048.)

261 1119 281 1127 ..
297 1097 432 1125 abbatie!
450 1095 614 1125 conventui
628 1094 806 1122 monasterii
818 1092 923 1122 Sancti
935 1092 1071 1129 Dyomsii
1089 1092 1121 1120 in
1137 1091 1229 1119 Fran-

221 1151 279 1186 cia,
295 1150 334 1179 ad
350 1158 508 1178 romanam
527 1149 680 1177 ecclesiam
694 1145 780 1176 mitto
792 1146 889 1175 medio
902 1145 1093 1183 pertinentis,
1110 1144 1229 1173 ordin-is

219 1204 251 1234 S.
271 1203 436 1238 Benedicti,
454 1201 635 1230 Parisiensis
650 1200 785 1235 diocesis,
804 1197 950 1236 indulget
969 1202 1002 1226 ut
1019 1196 1058 1226 ad
1075 1196 1228 1234 receptio-

220 1265 314 1293 nem,
338 1256 372 1285 in
396 1256 539 1293 ipsorum
560 1253 774 1289 monasterio,
794 1252 827 1281 in
847 1251 1041 1281 monachum
1059 1254 1089 1280 et
1112 1250 1147 1278 in
1164 1249 1227 1278 fra-

227 1313 327 1346 trem,
351 1308 490 1347 alicujus
515 1305 758 1346 quatuordecim
789 1305 884 1334 annis
908 1304 1062 1339 minoris,
1091 1311 1155 1333 non
1182 1307 1228 1332 te-

220 1366 370 1393 neantur.

262 1428 276 1443 u
295 1415 377 1446 Cum
393 1414 626 1445 monasterinm
641 1416 821 1445 vestrum...
836 1427 874 1433 —
890 1411 961 1440 Dat.
980 1410 1089 1446 Reate,
1104 1419 1159 1439 xm
1174 1409 1228 1440 ka-

221 1469 332 1500 lendas
347 1467 545 1507 septembris,
564 1474 650 1496 anno
665 1465 816 1496 secundo.
834 1477 846 1490 ι

297 1655 412 1683 1360
746 1652 833 1687 Rieti,
853 1652 884 1679 16
900 1652 1064 1687 septembre
1080 1651 1159 1679 1289.

259 1717 315 1745 Jus
331 1717 441 1752 pedagii
451 1716 577 1758 Johanni
587 1714 622 1742 de
633 1715 768 1742 Cabilone
779 1722 962 1741 concessum.
977 1714 1061 1748 (Rea.
1075 1714 1118 1745 44,
1130 1722 1156 1740 c.
1169 1713 1230 1748 462,

226 1768 243 1795 f.
261 1767 312 1795 210
329 1768 376 1800 r0.)

266 1869 364 1899 Nobili
393 1869 460 1897 viro
487 1866 621 1897 Johanni
655 1867 689 1896 de
716 1866 871 1901 (lebitone,
900 1867 1023 1896 domino
1053 1867 1086 1896 de
1115 1867 1230 1896 Arlato.

233 1935 246 1950 ι
263 1921 410 1952 Exhibita
426 1920 518 1951 nobis
534 1924 587 1950 tua
602 1920 711 1959 petitio
732 1919 915 1950 continebat
929 1919 1014 1958 quod
1029 1923 1060 1950 tu
1074 1943 1083 1958 ,
1101 1920 1233 1958 cupiens

227 1976 357 2007 obviare
383 1973 533 2014 periculis
554 1982 616 2013 que
642 1973 869 2004 mercatoribus
893 1976 923 2003 et
945 1972 1015 2003 aliis
1037 1973 1231 2010 viatoribus,

228 2032 312 2061 circa
327 2032 467 2059 castrum
487 2032 579 2057 tuum
600 2031 630 2057 et
651 2027 720 2066 ejus
742 2026 936 2056 territorium
954 2026 992 2056 de
1012 2026 1127 2065 Joigne
1149 2035 1235 2056 com-

229 2082 430 2118 meantibus,
449 2090 505 2120 per
530 2089 591 2120 que
615 2079 744 2119 publica
765 2083 861 2109 strata
881 2079 1049 2118 dirigitur,
1068 2080 1234 2117 continge—

228 2137 325 2173 bant,
343 2144 417 2165 cum
432 2134 615 2173 frequenter
632 2133 861 2172 spoliarentur,
878 2133 1068 2172 quandoque
1085 2133 1234 2163 vulnera-

229 2193 359 2225 rentur,
391 2192 422 2218 et
452 2187 615 2217 interdum
648 2186 743 2216 etiam
771 2186 990 2217 occiderentur
1022 2186 1147 2226 plures,
1180 2195 1236 2226 pro

231 2241 418 2281 hujusmodi
452 2241 609 2270 viatorum
642 2240 799 2270 conductu
831 2248 960 2277 securo,
990 2239 1030 2270 ad
1058 2239 1236 2270 custodiam

231 2299 326 2326 strate
345 2294 462 2333 ipsius,
483 2293 545 2323 tuis
567 2293 748 2332 sumptibus
764 2293 936 2332 deputasti,
954 2297 983 2323 te
1001 2293 1237 2324 nichilominus

230 2349 271 2379 ad
288 2347 552 2379 satisfaciendum
568 2346 647 2386 ipsis
663 2346 837 2376 viatoribus
851 2346 889 2376 de
910 2347 1058 2386 dampnis
1072 2355 1134 2386 que
1152 2347 1237 2376 inibi

232 2411 285 2432 eos
306 2401 369 2440 pati
394 2401 596 2438 contingeret
618 2399 795 2430 voluntarie
820 2399 1043 2437 astringendo,
1068 2400 1238 2430 nonnullis

232 2463 270 2485 ex
292 2455 338 2485 eis
359 2462 438 2493 quoe
462 2453 662 2493 postmodnm
690 2453 732 2483 ibi
754 2453 977 2492 dampnificari
994 2454 1126 2492 contigit
1146 2454 1237 2484 satis-

232 2508 370 2539 factione
394 2508 559 2547 impensa,
582 2511 707 2546 propter
732 2507 816 2546 qnod
840 2507 1025 2538 carissimus
1051 2508 1086 2537 in
1110 2508 1239 2539 Christo

233 2562 320 2592 filius
335 2565 442 2591 noster
457 2560 625 2597 Rudolfus,
642 2569 697 2590 rex
714 2560 934 2591 Romanorum
948 2560 1097 2598 illustris,
1114 2561 1173 2591 sub
1187 2569 1240 2591 cu-

231 2615 283 2654 jus
298 2614 418 2645 dictum
432 2618 571 2643 castrum
584 2613 706 2644 ditione
718 2614 872 2650 consistit,
888 2613 1060 2652 diligenter
1070 2613 1239 2645 attendens

235 2666 320 2706 quod
337 2665 524 2705 hujusmodi
539 2665 714 2696 custodiam
731 2669 761 2696 et
779 2665 982 2696 securitatem
1003 2666 1042 2696 de
1065 2666 1196 2706 antiquo
1211 2670 1241 2696 et

235 2724 386 2751 consueto
402 2720 435 2749 in
454 2719 565 2750 eodem
585 2723 686 2750 castro
709 2719 844 2758 pedagio
862 2719 994 2750 comode
1011 2721 1159 2759 prosequi
1176 2728 1241 2750 non

235 2772 374 2810 valebas,
396 2772 518 2803 dictum
534 2772 705 2812 pedagium
722 2776 922 2809 consuetum,
942 2777 1035 2812 prout
1049 2773 1125 2803 facti
1141 2773 1241 2812 quali-

239 2826 292 2855 tati
309 2834 484 2864 congruere
507 2826 646 2865 putavit,
663 2830 896 2864 augmentans,
915 2826 1020 2865 ipsum
1046 2826 1149 2856 taliter
1164 2835 1241 2865 aug-

238 2883 413 2909 mentatum
441 2880 498 2910 tibi
523 2884 553 2909 et
574 2880 708 2919 posteris
731 2880 792 2910 tuis
810 2880 843 2910 in
864 2879 996 2910 feudum
1016 2880 1115 2918 regali
1135 2880 1242 2920 provi-

239 2932 328 2963 sione
351 2934 526 2970 concessit,
551 2937 642 2972 prout
664 2934 698 2963 in
720 2933 835 2964 litteris
856 2934 932 2963 inde
953 2934 1104 2964 confectis
1126 2934 1243 2965 dicitur

239 2985 366 3024 plenius
385 2986 554 3016 contineri.
581 2987 667 3017 Licet
690 2991 796 3017 autem
823 2991 958 3026 utroque
976 2988 1069 3026 jure,
1089 2987 1242 3018 canonico

240 3037 386 3068 videlicet
401 3042 431 3067 et
445 3038 533 3068 civili
548 3063 554 3075 ,
572 3039 611 3069 sit
627 3043 754 3070 cautum
770 3039 825 3070 illa
840 3039 1008 3070 interdicta
1024 3049 1093 3070 esse
1110 3039 1242 3079 pedagia

1306 434 1367 465 que
1380 433 1442 455 non
1457 428 1579 454 constat
1589 423 1723 462 antiqua
1736 422 1967 452 consuetudine
1980 422 2171 459 introducta,
2187 421 2236 452 vel
2250 423 2316 453 im-

1307 483 1488 518 peratorum
1513 480 1568 506 aut
1589 485 1701 513 regum
1726 476 1911 505 anctoritate
1925 498 1933 512 ‚
1958 475 2007 505 vel
2029 475 2219 506 liberalitate
2240 483 2316 506 con-

1306 539 1405 568 cessa,
1427 538 1485 560 nec
1499 529 1539 559 sit
1552 529 1687 559 dubium
1703 528 1782 567 quin
1799 528 1920 567 possint
1935 537 1990 567 per
2005 528 2210 567 imperatores
2226 533 2257 558 et
2271 537 2316 560 re·

1307 593 1360 623 ges
1377 583 1510 623 pedagia
1530 582 1568 612 de
1587 590 1668 612 novo
1690 581 1843 612 constitui
1867 581 1917 611 vel
1935 581 2030 611 etiam
2046 581 2268 619 augmentari,
2283 585 2316 613 tu

1309 643 1424 673 tamen,
1446 636 1589 666 sollerter
1604 635 1772 665 attendens
1790 635 1876 674 quod
1889 634 1923 664 in
1936 643 2051 665 omnes
2067 634 2269 672 imponentes
2280 634 2317 665 in

1309 692 1398 721 terris
1417 691 1482 720 suis
1501 698 1580 720 nova
1603 689 1737 727 pedagia
1756 689 1790 717 in
1811 688 1910 718 tribus
1929 688 2008 718 anui
2026 687 2316 727 sollempnitatibus

1308 754 1361 783 per
1375 744 1482 774 sedem
1496 742 1699 782 apostolicam
1716 741 2055 772 excommunicationis
2071 741 2229 772 sententia
2243 749 2316 781 pro·
2344 727 2355 755 ,'

1308 797 1482 836 mulgatnr,
1494 797 1533 826 ad
1547 798 1701 835 majorem
1713 799 1764 825 tue
1773 795 1968 825 conscientie
1982 795 2198 831 securitatem,
2212 794 2317 826 humi·
2343 803 2360 827 Ι

1309 851 1381 881 liter
1393 850 1577 890 supplicasti
1591 850 1649 879 tibi
1665 854 1696 879 et
1711 848 1834 879 eisdem
1853 848 1985 887 posteris
2002 848 2085 878 circa
2101 847 2160 878 hec
2172 847 2317 887 ejusdem
2343 852 2346 861 “

1310 905 1394 935 sedis
1403 904 1559 935 beneficio
1569 902 1739 943 provideri.
1749 902 1815 932 Nos
1824 902 1944 941 itaque,
1958 901 2020 931 tuis
2032 900 2316 940 supplicationibus
2338 840 2367 966 5

1309 958 1469 995 inclinati,
1484 958 1538 987 tibi
1549 957 1721 995 etposteris
1732 955 1916 985 memoratis
1928 953 2316 997 presentiumauctoritate
2347 987 2360 991 ,
2381 952 2397 960 ’

1310 1011 1515 1042 concedimus
1527 1015 1572 1047 ut,
1588 1011 1679 1048 juxta
1697 1009 1815 1039 dietam
1832 1009 2070 1039 concessionem
2084 1007 2253 1038 memorati
2264 1015 2317 1038 re·
2359 996 2362 1005 ¹

1309 1067 1359 1104 gis
1374 1066 1407 1095 in
1426 1066 1546 1104 prefato
1563 1064 1602 1094 de
1621 1064 1739 1102 Joigne
1756 1068 1858 1093 castro
1876 1062 2034 1100 exigendo
2055 1061 2242 1101 pedagium,
2259 1069 2318 1093 nec
2340 1057 2377 1102 Ἀ

1310 1117 1526 1149 concessionis
1547 1117 1733 1157 hujusmodi
1757 1116 1910 1147 terminos
1931 1116 1964 1145 in
1989 1115 2097 1154 aliquo
2118 1113 2317 1152 excedendo,
2346 1118 2352 1125 '

1311 1177 1344 1201 tu
1367 1171 1417 1202 vel
1434 1172 1493 1210 ipsi
1517 1171 1630 1211 posteri
1649 1178 1852 1209 nequaquam
1877 1173 2040 1208 propterea
2062 1167 2318 1198 excommunica-

1311 1226 1406 1256 tionis
1427 1225 1620 1255 sentcutiani
1639 1224 1821 1254 incurratis.
1843 1221 1934 1252 Nulli
1952 1230 2026 1259 ergo
2042 1225 2102 1252 etc.
2118 1224 2229 1259 >nostre
2247 1228 2333 1262 con-¹
2355 1219 2358 1226 ’

1311 1278 1464 1308 cessionis
1477 1281 1535 1309 etc.
1551 1277 1621 1307 Dat.
1641 1277 1749 1313 Reate,
1766 1286 1817 1306 xvi
1835 1275 1989 1305 kalendas
2005 1274 2153 1312 octobris,
2169 1281 2256 1305 anno
2269 1282 2319 1306 se-

1311 1331 1429 1362 cundo.
1448 1343 1462 1357 »

1387 1532 1499 1561 1361
1837 1530 1924 1563 Rieu,
1943 1529 1976 1557 13
1991 1520 2155 1565 septembre
2171 1527 2251 1556 1289.

1349 1595 1556 1630 Indulgentiae.
1573 1594 1654 1628 (Rae.
1673 1594 1715 1625 44,
1732 1602 1758 1621 c.
1776 1593 1838 1623 463,
1856 1593 1875 1619 f.
1891 1593 1944 1620 ‘210
1959 1594 2011 1625 vo.)

1355 1721 1374 1729 ..
1390 1698 1492 1736 priori
1510 1702 1534 1726 et
1552 1697 1685 1734 capitulo
1706 1696 1853 1725 secularis
1875 1695 1992 1724 ecclesie
2011 1693 2120 1724 Sancte
2136 1694 2224 1724 Lucio
2240 1693 2323 1728 Qua-
2347 1715 2349 1729 ÷

1316 1757 1384 1781 tuor
1415 1752 1580 1780 Portarum
1608 1751 1643 1779 de
1673 1749 1758 1779 Urbe.
1788 1747 2030 1786 Indulgentiam
2062 1747 2160 1778 unius
2188 1746 2268 1777 anni
2293 1749 2327 1779 et,

1314 1814 1352 1834 xc
1364 1804 1491 1834 dierum
1505 1802 1652 1833 concedit
1663 1801 1813 1832 omnibus
1830 1810 1903 1831 vere
1916 1799 2152 1839 poenitentibus
2163 1803 2194 1830 et
2203 1799 2342 1834 confes-7.

1315 1857 1360 1888 sis
1372 1857 1427 1896 qui
1444 1855 1636 1895 praedictam
1650 1854 1828 1891 ecclesiam,
1843 1862 1952 1893 quam,
1969 1853 2071 1883 nimia
2081 1856 2238 1884 vetustate
2247 1860 2322 1884 cou-
2335 1869 2339 1883 2

1316 1914 1492 1949 sumptam,
1514 1908 1650 1939 dilectus
1665 1907 1752 1938 filius
1769 1908 1922 1946 magister
1935 1906 2103 1937 Johannes
2120 1905 2352 1950 Romanutiij,

1315 1964 1416 2003 ipsius
1432 1962 1586 1993 ecclesiae
1605 1961 1792 1997 canonicus,
1809 1960 1987 1990 litterarum
2003 1959 2247 1999 apostolicarum
2260 1951 2338 1990 cor-vv

1316 2021 1429 2053 rector,
1445 2017 1577 2047 obtentu
1596 2015 1751 2054 perennis
1767 2015 1997 2050 retributionis,
2018 2014 2138 2049 refecit,
2148 2013 2184 2043 in
2200 2015 2347 2044 sanctae·

1318 2071 1433 2101 Luciae
1456 2069 1699 2105 festivitatibus,
1727 2077 1782 2107 per
1806 2072 1876 2098 octo
1901 2068 1968 2097 dies
1993 2071 2174 2106 sequentes,
2190 2070 2222 2097 et
2239 2074 2258 2096 a
2273 2064 2327 2097 dio
2373 2090 2378 2102 ,

1318 2123 1481 2154 Passionis
1504 2132 1605 2162 usque
1622 2122 1661 2152 ad
1677 2121 1763 2152 diem
1781 2121 2038 2151 Resurrectionis
2053 2119 2205 2157 Domini,
2221 2119 2335 2150 visita-2
2360 2124 2364 2129 “

1319 2179 1395 2209 rint.
1767 2182 1770 2185 “
2345 2206 2349 2212 ,

1359 2244 1374 2259 «
1399 2231 1497 2262 Lucia
1516 2230 1605 2268 virgo
1626 2229 1746 2259 inter...
1764 2245 1802 2251 —
1821 2229 1892 2258 Dat.
1918 2228 2036 2266 Reate,
2061 2227 2168 2258 idibus
2190 2230 2350 2266 septem-r

1318 2286 1402 2322 bris,
1419 2293 1505 2315 anno
1522 2283 1673 2314 secundo.
1695 2295 1709 2310 »

1397 2484 1511 2513 1362
1922 2481 2013 2514 Rieti,
2032 2480 2063 2508 21
2080 2481 2149 2508 aunt
2165 2479 2242 2509 1289.

1358 2547 1401 2574 De
1417 2547 1613 2582 inquisitionis
1629 2545 1730 2573 officio.
1748 2545 1832 2579 (Rae.
1852 2545 1897 2578 44,
1914 2553 1939 2572 c.
1958 2544 2019 2580 464,
2034 2544 2054 2571 f.
2071 2543 2124 2572 210
2139 2544 2191 2579 νο.)

1363 2664 1482 2693 Dilectis
1497 2663 1570 2700 filiis
1584 2663 1736 2699 fratribus
1751 2662 1871 2692 ordinis
1889 2662 2118 2700 predicatorum
2136 2650 2338 2699 irtqttisitort'ff¹⁴¹
2364 2695 2366 2698 v
2409 2654 2411 2658 ’

2408 2885 2414 2907 ’ἰ

1324 2924 1464 2961 tionibus
1477 2938 1513 2959 ac
1531 2928 1800 2959 declarationibus
1814 2931 1935 2966 auctas,
1953 2927 2133 2958 observent.
2320 2935 2362 2981 ³³⁷⁴:
2407 2904 2410 2917 ί
2428 2964 2430 2972 Ι

1370 2995 1382 3011 ι
1400 2983 1487 3013 Licet
1503 2991 1538 3013 ex
1554 2981 1745 3012 omnibus...
1761 2998 1801 3003 —
1819 2981 1892 3012 Dat.
1909 2980 2018 3017 Reate,
2033 2988 2076 3010 xn
2094 2977 2247 3009 kalendas
2263 2974 2372 3024 sep-fg

1326 3036 1474 3072 tembris,
1494 3043 1579 3066 anno
1597 3034 1749 3065 secundo.
1768 3046 1782 3062 ιο
