2342 3652
925 361 1178 408 QUATRIEME
1201 370 1356 399 ANNEE.

93 446 314 483 Indulgentias
337 445 376 474 iis
397 445 451 483 qui
470 443 662 483 pauperibus
680 441 845 480 hospitalis
869 440 907 469 de
922 438 1025 471 Colle,
1044 437 1100 466 Pe-

93 500 223 530 rusinae
240 499 404 533 dioecesis,
419 506 553 527 manum
572 496 711 526 caritatis
727 494 934 534 porrexerint,
953 491 1102 521 videlicet

94 557 222 583 centum
245 552 371 582 dierum
393 551 432 581 ab
452 550 653 586 Alexandro,
681 549 810 580 Urbano
833 551 864 577 et
884 546 1049 576 Clemente
1073 548 1103 573 et

94 605 193 636 unius
210 606 287 635 anni
305 610 335 634 et
349 614 386 633 XL
402 604 527 633 dierum
545 612 562 632 a
575 602 730 640 Gregorio
744 610 908 631 concessas
924 598 1101 629 confirmat.

138 672 149 684 α
168 659 256 687 Inter
268 658 424 687 sacrificia
440 662 566 695 grata...
583 672 624 679 —
640 656 710 685 Dat.
729 655 811 693 apud
830 655 1102 689 Urbemveterem,

94 720 138 741 1111
154 711 309 740 kalendas
324 710 450 747 aprilis,
469 718 554 739 anno
569 713 691 747 quarto.
710 720 724 733 11

137 764 174 793 Iu
193 773 221 793 e.
238 773 281 793 m.
300 763 535 800 indulgentiam
549 762 647 792 unius
661 762 739 791 anni
755 766 784 790 et
798 770 836 789 x1,
850 760 976 789 dierum
995 767 1103 789 conce-

95 817 143 847 dit
157 817 362 846 visitantibus
378 815 543 845 ecclesiam
557 815 874 853 Carpentoratensem
892 814 923 842 in
940 813 1102 842 beatorum

96 869 185 899 Petri
201 873 232 899 et
247 869 356 902 Pauli,
373 868 533 898 Johannis
551 869 725 906 Baptistae,
743 867 903 897 Johannis
920 865 1103 903 Evangelis-

97 927 146 952 tae
165 927 196 952 et
216 922 371 960 Stephani
393 922 617 951 festivitatibus
633 925 662 951 et
679 930 732 959 per
752 925 819 950 octo
835 920 902 949 dies
923 924 1102 957 sequentes.

138 987 151 1003 ιι
174 976 211 1005 In
231 981 413 1005 sanctorum
437 974 700 1004 festivitatibus...
719 990 757 995 —-
776 973 846 1002 Dat.
864 973 946 1010 apud
965 972 1103 1002 Urbem-

96 1032 247 1065 veterem,
267 1033 420 1066 utsupra.
441 1040 454 1054 1>

168 1240 394 1269 4638-484
399 1239 420 1266 1

133 1305 282 1332 Johannes
299 1305 334 1330 de
350 1302 576 1330 Bel-kbamstede
592 1302 766 1328 monasterio
786 1300 883 1327 Sancti
899 1301 1018 1333 Albani,
1036 1300 1106 1326 Lin-

98 1354 255 1381 colniensis
270 1353 421 1382 dioecesis,
441 1351 612 1386 praeficitur.
633 1350 715 1378 (Rae.
732 1350 774 1380 46,
793 1358 818 1376 c.
834 1350 876 1381 76,
894 1350 911 1375 s.
934 1350 961 1375 14
981 1351 1031 1381 vo.)

667 1237 793 1269 (Ji-vieto,
816 1236 844 1262 13
862 1243 936 1261 mars
957 1235 1032 1262 1291.

139 1497 248 1526 Dilecto
266 1496 331 1533 filio
348 1496 444 1532 fratri
458 1495 594 1523 Iohanni
612 1494 645 1522 de
662 1494 906 1529 Berlrhamscede,
925 1494 1024 1521 abbati
1040 1501 1106 1521 mo-

99 1551 230 1580 nasterii
253 1550 288 1578 de
312 1549 421 1578 Sancto
443 1549 574 1583 Albano,
596 1548 635 1577 acl
658 1556 818 1576 romanam
842 1548 996 1576 ecclesiam
1022 1547 1107 1576 nullo

99 1605 197 1634 medio
219 1604 418 1641 pertinentis,
437 1603 557 1631 ordinis
573 1602 604 1631 S.
625 1601 790 1634 Benedicti,
810 1602 1029 1630 Lincolniensz's
1047 1602 1109 1630 dio-

99 1658 182 1687 cesis.
200 1657 340 1686 Vacante
363 1656 556 1685 monasterio
578 1654 616 1684 de
640 1654 755 1684 Sancto
773 1653 914 1690 Albano,
933 1677 952 1683 ..
971 1654 1057 1692 prior
1080 1659 1110 1684 et

99 1713 275 1741 conventus
293 1709 438 1747 ejusdem
459 1707 658 1743 monasterii,
675 1707 772 1746 petita
788 1711 818 1736 et
833 1707 959 1736 obtenta
977 1707 1109 1737 licentia

98 1763 139 1793 ab
155 1763 204 1800 E„
216 1771 291 1800 rege
303 1761 452 1799 Augliae,
468 1765 502 1790 ut
519 1760 616 1790 moris
631 1765 688 1796 est,
703 1760 848 1796 Johanni
865 1760 903 1789 de
917 1760 1109 1790 Berkhams-

99 1817 181 1853 tede,
196 1816 345 1853 Roberto‚
357 1815 454 1855 priori
468 1815 507 1845 de
517 1814 671 1850 Binham,
682 1814 826 1844 Jobanni
838 1813 876 1843 de
886 1813 1106 1851 Stakederine,

101 1869 272 1909 subpriori,
285 1868 426 1898 Henrico
441 1868 480 1898 de
494 1868 705 1906 Belingdona,
717 1867 861 1897 Galfrido
875 1867 913 1897 de
922 1867 1106 1906 Cantebrig,

100 1923 203 1954 Adam
218 1923 257 1952 de
267 1921 690 1961 Wymchecumb,Johanni
703 1921 928 1957 Passevaeunt,
939 1920 1108 1960 Raynaldo

101 1976 141 2006 de
153 1976 279 2007 Oxonia
295 1980 325 2004 et
341 1975 478 2005 Roberto
494 1975 532 2003 de
553 1974 760 2012 Beringbam,
780 1974 949 2004 monachis
965 1975 1107 2013 ejusdem

101 2029 303 2065 monasterii,
334 2037 389 2066 per
419 2027 685 2066 compromissum
717 2032 942 2057 concesserunt
975 2027 1109 2058 liberam

101 2082 242 2121 eligendi
282 2082 403 2111 abbatis
442 2085 626 2120 potestatem
640 2105 647 2118 ‚
683 2080 796 2119 illique
836 2082 1108 2120 compromissarii

99 2136 298 2176 praedictum
327 2135 511 2165 Jobannem
545 2134 585 2164 de
618 2134 888 2164 Berckhamstede
920 2134 1107 2172 elegerunt3

100 2199 196 2229 quam
220 2189 426 2225 electionem,
447 2197 503 2227 per
521 2188 566 2224 J.,
587 2188 767 2226 episcopum
791 2188 1026 2223 Tusculanum,
1053 2190 1107 2226 H.,

101 2242 236 2273 Sanctae
263 2241 399 2271 Sabinae
424 2241 666 2279 presbyterum,
694 2245 724 2269 et
748 2240 803 2277 N.,
832 2240 941 2270 Sancti
971 2242 1109 2270 Adriani

100 2297 272 2327 diaconum
298 2294 492 2330 cardinales,
520 2295 753 2330 examinatam,
779 2303 858 2333 papa
887 2295 1108 2333 confirmavit3

100 2350 269 2387 eidemque
293 2348 398 2378 abbati
418 2357 473 2386 per
491 2348 538 2383 L„
562 2347 743 2377 Ostiensem
769 2348 968 2386 episcopum,
991 2357 1110 2378 munus

100 2402 348 2434 consecrationis
364 2401 508 2439 impendi
525 2401 609 2430 fecit.

143 2468 158 2484 «
183 2455 354 2485 Pastor-alis
374 2454 469 2484 officii
491 2454 622 2484 nobis...
643 2471 681 2475 —
702 2454 774 2482 Dat.
797 2454 879 2492 apud
903 2454 1110 2485 Urbemvete—

101 2518 188 2546 rem,
208 2518 241 2538 111
259 2509 332 2538 idus
348 2507 474 2543 martii,
494 2516 579 2537 anno
595 2510 716 2545 quarto.
738 2518 750 2533 11

141 2563 180 2592 111
197 2571 224 2592 e.
245 2571 287 2591 m.
310 2585 330 2591 ..
350 2561 446 2600 priori
473 2565 502 2590 et
526 2560 698 2590 conventui
719 2560 906 2590 monasterii
933 2561 970 2590 de
996 2562 1110 2592 Sancto

101 2616 229 2646 Albano
255 2615 387 2644 mandat
411 2618 445 2644 ut
472 2613 574 2643 eidem
605 2613 710 2643 abbati
733 2613 871 2643 debitam
895 2614 1110 2644 obedientiam

101 2669 285 2709 praebeant.

143 2722 182 2751 In
207 2730 235 2751 e.
258 2730 312 2750 m„
328 2720 472 2749 vassallis
496 2719 681 2749 monasterii
705 2719 742 2749 de
763 2719 878 2749 Sancto
905 2720 1049 2756 Albano,
1080 2726 1113 2751 ut

104 2774 196 2806 solita
223 2773 386 2803 fidelitatis
410 2773 633 2811 juramentum
660 2777 690 2802 et
719 2773 846 2802 servitia
874 2773 977 2803 eidem
1007 2775 1111 2804 abbati

103 2828 286 2868 praebeant.

143 2881 182 2911 In
198 2890 225 2910 e.
239 2889 282 2910 m.
298 2880 344 2915 E„
361 2887 467 2917 regem
483 2879 632 2916 Angliae,
646 2883 734 2917 rogat
751 2884 783 2908 ut
800 2880 948 2909 eumdem
965 2881 1110 2910 abbatem

103 2933 362 2965 commendatum
381 2931 505 2961 habeat.

146 2999 159 3014 ιι
179 2986 445 3017 Predecessorum
462 2989 587 3014 tuorum
608 2994 759 3022 regum...
778 3003 814 3007 ——
834 2986 903 3015 Dat.
923 2991 1076 3025 utsupra.
1097 2999 1110 3013 ι)

59 3076 65 3084 ,
101 3041 255 3081 (Pomm,
273 3038 398 3077 23597.)

2132 370 2188 397 0⁶37

1252 435 1505 463 4642-4843

1220 497 1337 524 Collatio
1355 497 1495 523 beneficii.
1513 496 1595 528 (Rea.
1614 496 1657 527 46,
1673 504 1698 522 c.
1715 496 1759 528 77,
1776 496 1795 521 f.
1816 496 1845 522 15
1862 498 1909 528 r⁰.)

1754 433 1881 467 Orvieto‚
1902 434 1930 460 13
1948 441 2023 460 mars
2043 433 2116 460 1-291.

1226 628 1368 663 Mayistro
1385 626 1521 654 Iohanni
1537 626 1570 654 de
1587 626 1779 663 Pyrdesdon,
1796 625 1940 653 canonico
1958 626 2074 654 ecclesie
2089 625 2192 655 Sancti

1188 680 1277 708 Pauli
1300 680 1529 715 LomIoniensis,
1547 678 1771 708 canonicatum
1796 677 1946 707 ecclesiae
1967 677 2075 707 Sancti
2099 677 2193 707 Pauli

1187 732 1421 762 Londoniensis
1443 740 1515 761 cum
1543 731 1721 769 praebenda
1744 731 1881 764 confert,
1901 739 2085 769 quanquam
2106 731 2192 760 idem

1186 779 1353 815 Johannes
1368 784 1534 814 ecclesiam
1547 784 1585 813 de
1597 783 1784 819 Stradesele,
1800 784 2015 813 Norwicensis
2027 784 2192 819 dioecesis,

1184 839 1251 876 jam
1268 838 1400 867 obtinet.

1230 903 1242 917 «
1262 891 1419 920 Honestas
1436 899 1575 925 morum,
1592 889 1808 918 litterarum...
1826 906 1863 911 -
1876 890 1946 918 Dat.
1961 890 2043 927 apud
2060 890 2194 932 Urbem‡

1188 948 1339 979 veterem,
1356 952 1389 971 111
1408 943 1479 971 idus
1496 943 1612 975 martii,
1631 950 1716 971 anno
1732 946 1854 980 quarto.
1875 954 1887 967 11

1228 997 1265 1026 111
1285 1005 1311 1025 e.
1332 1005 1374 1024 rn.
1395 1018 1414 1024 ..
1434 996 1578 1033 episcopo
1600 994 1745 1023 Boffensi
1769 998 1798 1023 et
1822 995 1982 1031 magistris
2007 995 2137 1024 Nicolao
2157 996 2195 1025 de

1187 1050 1313 1084 Trebis,
1331 1048 1454 1077 notario
1474 1052 1504 1077 et
1524 1047 1699 1076 camerario
1715 1056 1824 1085 papae,
1845 1048 2023 1085 primicerio
2041 1048 2174 1077 Metensi
2189 1072 2194 1083 ,

1188 1111 1222 1132 ac
1237 1101 1371 1131 Giffrido
1389 1102 1426 1130 de
1442 1101 1578 1134 Vezano,
1596 1101 1749 1130 canonico
1765 1099 2000 1134 Cameracensi,
2019 1101 2149 1130 mandat
2165 1106 2197 1130 ut

1188 1155 1364 1194 praefatum
1391 1154 1575 1183 Jobannem
1603 1154 1636 1182 111
1665 1153 1796 1183 ecclesia
1820 1153 1927 1182 Sancti
1952 1154 2043 1183 Pauli
2071 1154 2196 1184 Londo-

1188 1209 1294 1238 niensi
1313 1213 1345 1243 ut
1361 1207 1550 1236 canonicum
1571 1211 1600 1235 et
1617 1207 1743 1235 fratrem
1761 1206 1859 1244 recipi
1878 1206 2004 1235 faciant.

1259 1407 1379 1435 4644

1226 1469 1268 1495 De
1291 1468 1434 1495 discordia
1455 1468 1528 1493 inter
1548 1468 1716 1501 episcopum
1742 1471 1768 1492 et
1792 1466 1948 1492 canonicos
1969 1466 2199 1493 Cenomanenses

1190 1517 1378 1545 terminanda.
1397 1517 1480 1549 (Hac.
1498 1516 1542 1549 45,
1559 1524 1583 1541 c.
1602 1516 1645 1546 78,
1664 1517 1683 1542 f.
1704 1516 1732 1541 15
1749 1517 1796 1548 r0.)

1765 1405 1890 1435 Urvieto,
1908 1404 1940 1430 23
1958 1413 2033 1430 mars
2053 1405 2127 1431 1291.

1238 1647 1404 1676 Venerabili
1426 1646 1522 1681 fratri
1545 1667 1564 1674 ..
1587 1645 1755 1673 Partsz‘ensz'
1777 1649 1802 1672 et
1831 1666 1851 1673 ..
1881 1643 2021 1672 JJelclensi
2047 1645 2198 1681 episcopis.

1197 1713 1209 1727 «
1225 1700 1356 1730 Dudum
1373 1699 1412 1728 ad
1431 1703 1571 1728 nostram
1590 1697 1707 1735 perlato
1730 1697 1873 1725 notitiam
1888 1696 1969 1735 quod
1990 1696 2095 1734 gravis
2114 1704 2199 1725 occa-

1192 1755 1282 1785 sione
1308 1752 1503 1783 discordie...
1536 1752 1621 1780 inter
1654 1749 1869 1779 venerabilem
1897 1749 2025 1779 fratrem
2055 1754 2198 1779 nostrum

1191 1809 1390 1844 Johannem,
1416 1806 1692 1835 Cenomanensem
1716 1803 1915 1841 episcopum,
1939 1811 1975 1831 ex
2002 1808 2089 1841 parte
2116 1811 2198 1838 una,

1193 1867 1223 1893 et
1243 1861 1373 1892 dilectos
1394 1859 1476 1889 filios
1498 1882 1517 1888 ..
1535 1858 1692 1888 decanum
1709 1861 1739 1885 et
1757 1855 1932 1894 capitulum
1948 1855 2200 1885 Cenomanensis

1193 1916 1342 1951 ecclesie,
1364 1922 1488 1943 necnon
1506 1911 1686 1951 capellanos
1701 1914 1730 1939 et
1746 1914 1881 1939 rectores
1897 1909 2035 1938 civitatis
2051 1914 2080 1938 et
2095 1908 2199 1938 dioce-

1192 1972 1235 2000 sis
1253 1967 1506 1999 Cenomanensis
1535 1974 1569 1994 ac
1596 1972 1706 1993 eornm
1724 1962 1866 1992 subditos
1885 1966 1914 1991 et
1929 1961 2120 1991 adherentes
2137 1961 2201 1990 eis-

1192 2024 1277 2060 dem,
1297 2032 1334 2052 ex
1350 2021 1467 2056 altera,
1491 2031 1504 2045 1)
1528 2017 1687 2057 praedicta
1709 2015 1842 2045 ecclesia
1865 2014 1974 2044 multis
1998 2015 2152 2045 molestiis
2174 2020 2203 2044 et

1192 2076 1369 2116 dispendiis
1395 2074 1598 2104 turbabatur.
1627 2083 1641 2097 ιι
1664 2079 1758 2100 1105...
1786 2068 2021 2098 venerabilibus
2050 2067 2201 2097 fratribus

1193 2130 1310 2160 nostris
1328 2151 1349 2158 ..
1368 2126 1603 2158 Constantiensi
1629 2129 1659 2154 et
1678 2147 1697 2154 ..
1717 2122 1865 2160 Sagiensi
1886 2130 1920 2151 ac
1945 2121 2026 2151 bone
2046 2120 2202 2150 memorie

1192 2182 1438 2221 Andegavensi,
1458 2186 1531 2210 tunc
1550 2178 1689 2214 viventi,
1714 2176 1869 2215 episcopis
1890 2184 1944 2214 per
1966 2178 2088 2204 nostras
2110 2173 2201 2202 dedi-

1193 2247 1264 2267 mus
1281 2237 1402 2266 litteras
1422 2235 1454 2264 in
1479 2232 1637 2262 mandatis
1653 2236 1724 2260 ut...
1749 2229 1948 2259 conferentes
1972 2237 2004 2257 se
2023 2226 2201 2265 personali-

1195 2299 1240 2322 ter
1263 2291 1303 2320 ad
1324 2289 1489 2320 ecclesiam.⁴
1516 2285 1749 2325 supradictam,
1773 2283 1822 2311 vel
1846 2282 1885 2311 ad
1908 2281 2013 2311 locum
2039 2281 2137 2309 alium
2162 2280 2201 2309 ad

1193 2354 1288 2384 quem
1312 2348 1414 2382 partes
1437 2345 1564 2380 possent
1586 2338 1734 2368 accedere
1755 2345 1790 2365 ac
1811 2335 1909 2365 iidem
1933 2343 2042 2364 secure
2067 2334 2199 2365 morari,

1150 2385 1152 2396 ’
1194 2398 1394 2437 questionem
1411 2403 1467 2424 sen
1480 2393 1570 2422 litem
1587 2400 1648 2430 que
1667 2391 1750 2419 inter
1769 2389 1907 2418 eundem
1925 2388 2201 2417 Cenomanensem

1194 2452 1376 2490 episcopum
1393 2457 1429 2478 ac
1449 2447 1528 2477 alios
1550 2445 1684 2475 vertitur
1704 2443 1890 2473 anctoritate
1908 2446 2015 2470 nostra
2034 2439 2203 2470 concordia

1194 2505 1280 2534 infra
1296 2504 1431 2532 duorum
1452 2500 1613 2529 mensium
1637 2498 1773 2537 spatium
1791 2505 1808 2525 a
1830 2496 2009 2533 receptione
2025 2494 2202 2523 litterarum

1151 2545 1152 2550 ¹
1194 2560 1338 2597 ipsarum
1351 2555 1485 2585 sollicite
1498 2553 1718 2584 terminarent,
1731 2555 1771 2585 et,
1785 2550 1811 2578 si
1826 2547 2008 2586 hujusmodi
2025 2551 2125 2585 posset
2140 2550 2203 2574 ter-

1195 2611 1329 2640 minatio
1343 2607 1523 2647 provenire,
1536 2605 1597 2643 ipsi
1611 2601 1967 2636 excommunicationis,
1984 2599 2203 2637 suspensionis

1196 2668 1225 2694 et
1249 2662 1409 2693 interdicti
1434 2658 1627 2691 sententias,
1647 2657 1686 2686 de
1709 2656 1825 2694 quibus
1846 2654 2000 2691 agebatur
2019 2653 2050 2681 in
2070 2660 2204 2681 romana

1196 2719 1283 2748 curia
1303 2718 1388 2746 inter
1412 2718 1514 2752 partes
1537 2710 1798 2748 contingentibus
1822 2717 1857 2737 ea
1877 2707 1926 2736 vel
1949 2705 2202 2744 dependentibus

1195 2772 1234 2802 ab
1250 2770 1371 2800 eisdem
1386 2767 1453 2807 (sic)
1470 2766 1650 2800 studerent,
1668 2762 1852 2792 difficultate
1875 2761 2020 2789 submota
2044 2758 2201 2797 qualibet,

1195 2824 1349 2857 relaxare,
1365 2822 1510 2858 injuncto
1525 2817 1645 2847 eisdem
1662 2813 1897 2845 Cenomanensi
1912 2813 2067 2851 episcopo,
2083 2811 2203 2840 decano

1197 2882 1226 2907 et
1242 2876 1315 2905 aliis
1330 2873 1413 2913 quod
1425 2872 1543 2910 dejure
1559 2870 1707 2900 existeret
1724 2866 1974 2905 injungendum,
1991 2864 2204 2902 dispensando

1196 2939 1268 2960 cum
1288 2929 1332 2958 eis
1350 2936 1444 2966 super
1464 2923 1714 2962 irregularitate,
1736 2921 1762 2950 si
1778 2928 1873 2958 quam
1891 2917 2080 2948 celebrando
2095 2917 2205 2946 divina

1196 2984 1378 3022 episcopum
1400 2989 1435 3010 ac
1455 2979 1612 3008 decanum
1634 2981 1662 3006 et
1681 2975 1758 3005 alios
1778 2973 1977 3012 supradictos
1993 2970 2204 3000 immiscendo

1198 3047 1230 3067 se
1248 3036 1312 3066 illis
1329 3034 1503 3064 incurrisse
1520 3032 1651 3061 forsitan
1675 3027 1868 3065 contigisset.
1889 3025 1979 3061 Quod
2001 3025 2027 3054 si
2044 3024 2121 3054 sorte
2138 3024 2204 3053 dis-
