2342 3652
897 355 1117 395 PREMIE'JRE
1139 356 1296 396 ΑΝΝΕΕ.
2104 373 2141 402 55

63 433 179 471 fuerit,
205 433 432 464 relaxationem
457 434 687 464 commisimus.
705 433 857 469 Quocirca
878 431 1061 461 discretioni

63 491 169 517 vestre
184 496 238 526 per
253 487 421 526 apostolica
437 488 551 526 scripta
566 487 755 516 mandamus
768 488 922 523 quatenus
937 492 992 513 vos
1009 483 1060 513 vel

62 539 125 569 duo
150 544 204 569 aut
228 548 310 569 unus
334 545 474 570 vestrum
497 549 551 578 per
571 548 625 570 vos
647 539 697 568 vel
716 547 770 577 per
789 537 887 567 alium
904 545 958 566 seu
981 536 1059 566 alios

63 592 335 631 archiepiscopum
360 598 389 623 et
410 594 626 631 suffraganeos
644 592 778 631 prefatos
796 599 831 619 ex
847 593 934 628 parte
952 594 1059 619 nostra

63 647 272 685 peremptorie
291 647 388 676 citare
404 647 519 676 curetis
537 651 571 676 ut
591 646 675 675 infra
696 645 773 673 duos
791 651 917 672 menses
935 647 1002 680 post
1017 643 1059 672 ci-

63 699 214 729 tationem
230 704 379 735 vestram,
397 708 470 729 cum
487 699 635 730 omnibus
649 697 740 733 actis,
755 696 881 735 juribus
899 699 929 725 et
949 697 1058 725 muni-

14 778 18 781 .
63 752 179 781 mentis
199 753 266 782 suis
283 753 440 791 predictas
460 761 569 782 causas
589 749 860 787 contingentibus,
882 757 937 787 per
958 758 991 778 se
1009 748 1059 778 vel

63 813 119 842 per
131 810 348 843 procuratores
368 806 520 844 ydoneos,
537 807 736 843 compareant
751 810 856 831 coram
872 802 973 836 nobis,
991 802 1056 832 tac-

64 857 126 887 turi
151 863 182 888 et
205 860 360 897 recepturi
387 868 480 898 super
497 857 674 897 premissis,
694 859 784 894 prout
803 855 879 885 ordo
895 855 1058 885 dictaverit

62 911 206 940 rationis.
226 912 318 940 Diem
335 921 408 942 vero
424 911 589 946 citationis,
603 909 735 939 formam
752 913 782 938 et
796 909 947 947 quicquid
964 917 1057 946 super

61 963 128 994 hiis
146 964 300 994 duxeritis
316 964 495 995 faciendum
510 963 600 993 uobis
615 971 670 1000 per
684 966 803 991 vestras
818 965 960 1000 patentes
975 961 1058 991 litte-

63 1026 114 1048 ras
141 1018 256 1048 harum
284 1019 397 1048 seriem
425 1017 620 1048 continentes
644 1015 794 1044 studeatis
820 1015 957 1044 fideliter
981 1015 1057 1045 inti-

62 1073 154 1101 mari.
174 1072 243 1101 Dat.
263 1071 377 1108 Reate,
396 1070 488 1100 nonis
503 1069 703 1108 septembris,
719 1076 804 1097 anno
820 1069 932 1106 primo.
951 1081 962 1094 ι

132 1270 218 1299 288
571 1267 660 1299 Rieti,
678 1267 711 1294 22
727 1267 889 1302 septembre
909 1266 984 1294 1288.

98 1331 230 1359 Facultas
253 1331 370 1359 faciendi
392 1330 477 1365 recipi
496 1330 568 1357 duos
590 1331 744 1356 canonicos
766 1330 848 1362 (Rea.
871 1330 919 1363 44,
942 1338 967 1356 c.
993 1329 1055 1360 168,

62 1381 81 1407 f.
99 1382 131 1408 42
146 1388 192 1414 v03
211 1381 276 1408 Lar.
293 1390 328 1408 nn
342 1380 436 1413 Tenis,
453 1379 476 1411 Ι,
494 1380 548 1412 54.)

110 1496 272 1526 Venerabili
285 1497 377 1533 fratri
392 1495 440 1531 G..
457 1496 675 1533 archiepiscopo
693 1496 939 1532 Rothomaqensi‚
956 1493 1057 1524 facul-

64 1553 127 1578 tem
149 1549 290 1579 concedit
311 1549 447 1578 faciendi
469 1549 584 1587 recipi,
605 1558 659 1587 per
679 1557 712 1578 se
734 1548 783 1578 vel
803 1558 857 1587 per
880 1548 980 1578 alium
1004 1552 1058 1578 aut

63 1601 159 1637 alios,
178 1602 254 1632 duas
278 1610 425 1640 personas
443 1601 584 1640 ydoneas
598 1627 604 1638 ‚
620 1611 698 1641 quas
721 1601 760 1631 ad
778 1602 837 1631 hoc
861 1602 986 1631 duxerit
1004 1601 1058 1631 eli-

63 1654 197 1693 gendas,
213 1655 247 1684 in
266 1654 395 1685 ecclesia
416 1654 684 1692 Rotbomagensi,
702 1655 735 1683 in
752 1663 815 1693 qua
830 1655 956 1685 collatio
972 1663 1058 1693 prae-

64 1707 237 1738 bendarum
254 1708 293 1738 ad
316 1709 418 1747 ipsum
431 1732 438 1744 ,
459 1709 594 1747 receptio
617 1717 690 1738 vero
710 1709 936 1738 canonicorum
951 1709 991 1738 ad
1006 1709 1057 1738 di-

65 1760 158 1791 lectos
181 1761 262 1791 filios
290 1784 309 1791 ..
338 1762 493 1792 decanum
518 1766 548 1792 et
577 1762 752 1801 capitulum
784 1762 1058 1800 Rothomagenses

59 1814 217 1852 pertinere
231 1814 390 1851 dicuntur⁷
412 1815 446 1844 in
464 1815 632 1845 canonicos
649 1820 679 1845 et
698 1816 732 1845 in
749 1816 861 1845 fratres
876 1840 882 1851 ‚
906 1820 937 1845 et
955 1816 1057 1854 provi-

59 1867 156 1897 dendi
171 1876 278 1897 earum
295 1868 420 1906 utrique
439 1868 478 1898 de
495 1869 691 1907 praebenda,
707 1869 735 1898 si
751 1878 812 1907 qua
832 1869 953 1899 ibidem
968 1873 1057 1899 vacat

61 1919 100 1950 ad
114 1929 276 1958 praesens,
298 1921 346 1951 vel
361 1931 456 1961 quam
472 1923 612 1961 primum
631 1923 670 1952 ad
692 1923 725 1952 id
743 1922 894 1953 obtulerit
909 1931 941 1952 se
959 1922 1056 1952 facul-

63 1976 118 2002 tas.

103 2038 115 2053 ι
133 2026 232 2056 Tuam
247 2027 385 2058 volentes
396 2029 560 2059 honorare.
570 2052 589 2059 ..
606 2046 644 2052 —
662 2029 732 2059 Dat.
748 2030 858 2066 Reate,
872 2039 890 2059 x
900 2029 1056 2059 kalendas

47 2071 196 2109 'octobris
206 2104 214 2118 ,
230 2088 313 2110 anno
327 2081 436 2120 primo.
457 2094 470 2108 n

131 2262 217 2292 889
568 2267 658 2301 Rieu,
675 2268 691 2295 9
706 2269 869 2303 septembre
886 2269 961 2296 1288.

95 2325 301 2360 Indulgentiae.
319 2325 399 2359 (Rm.
413 2328 455 2360 44,
467 2337 492 2355 c.
507 2329 564 2361 169,
577 2330 596 2356 f.
609 2330 641 2357 42
657 2336 686 2356 νῦ
698 2343 703 2362 ;
722 2330 787 2358 LAP.
800 2341 835 2360 nn
849 2333 946 2365 ΤΗειι,
958 2333 981 2367 Ι,
998 2335 1053 2368 71.)

98 2441 217 2470 Dilectis
236 2442 309 2477 filiis
327 2464 346 2471 ..
362 2445 466 2472 rectori
481 2445 592 2474 ecclesie
610 2447 692 2476 Beate
708 2448 802 2477 Marie
817 2450 851 2478 de
865 2450 1050 2488 Evansiaco,

58 2493 309 2531 Petraqoricensis
337 2495 467 2526 diocesis.
493 2497 729 2537 Indulgentiam
754 2502 898 2532 concedit
923 2508 1050 2533 centum

59 2546 182 2577 dierum
205 2547 355 2595 omnibus
376 2557 447 2578 vere
471 2552 701 2588 poenitentibus
719 2559 749 2584 et
767 2556 918 2586 confessis
940 2557 996 2595 qui
1018 2558 1051 2587 in

58 2599 195 2638 singulis
219 2600 440 2631 festivitatibus
462 2602 493 2632 S.
513 2604 596 2634 Petri
617 2609 806 2637 accesserint
827 2611 994 2640 annuatim
1013 2611 1052 2640 ad

57 2652 210 2690 capellam
230 2652 268 2682 de
285 2653 505 2692 Lasmacitres,
529 2665 608 2695 quae
625 2659 663 2689 ab
679 2660 811 2690 ecclesia
824 2663 982 2700 praedicta
1001 2663 1050 2693 de-

59 2705 192 2743 pendet,
213 2718 225 2731 «
249 2714 409 2745 quamque
433 2708 467 2737 in
490 2708 608 2740 honore
627 2711 709 2742 beati
729 2714 815 2743 Petri
839 2716 1051 2754 apostolorum

57 2757 208 2796 principis
229 2758 313 2788 clare
334 2760 486 2790 memorie
503 2761 632 2794 Carolus
649 2765 784 2804 Magnus
795 2789 804 2804 ‚
819 2777 873 2798 rex
898 2769 1050 2806 Francie,

57 2811 190 2849 propriis
205 2811 278 2841 fecit
293 2813 470 2851 sumptibus
485 2817 636 2853 construi,
651 2822 680 2847 et
695 2819 733 2849 de
747 2820 839 2850 bon-is
856 2822 922 2851 suis
935 2822 1054 2852 dotavit

57 2863 202 2900 eandem,
216 2864 389 2895 multorum
403 2871 583 2897 sanctorum
596 2869 697 2908 ipsam
708 2874 897 2904 venerandis
907 2874 1053 2914 reliquiis

56 2915 241 2947 decorando.
265 2929 276 2943 n

101 2981 113 2996 ‹
127 2969 214 3000 Licet
228 2971 254 3000 is
272 2971 346 3001 de...
363 2989 400 2994 -
418 2974 487 3003 Dat.
507 2974 615 3012 Reate,
632 2986 651 3006 v
665 2977 735 3008 idus
751 2981 953 3018 septembris,
968 2989 1054 3011 anno

57 3030 168 3060 primo.
192 3035 204 3049 n

1212 432 1401 462 zan-292

1177 494 1341 529 Stephanus
1353 498 1525 524 monasterio
1540 497 1645 524 Montis
1656 498 1774 533 Major-is
1785 500 1947 533 praeficitur
1958 501 1985 526 in
2000 500 2141 527 abbatem.

1140 542 1221 577 (Rae.
1239 544 1282 575 44,
1299 553 1323 571 c.
1345 545 1403 579 170,
1418 546 1436 573 f.
1455 546 1487 573 43
1504 553 1547 580 r⁰;
1564 547 1631 574 Lar.
1649 556 1684 574 nu
1698 547 1796 582 Tuam,
1814 547 1835 579 I,
1852 548 1907 581 73.)

1650 435 1743 468 Rieti‚
1762 436 1793 463 19
1809 437 1971 470 septembre
1988 437 2065 465 1288.

1180 632 1342 670 Stephano,
1353 635 1454 663 abbati
1467 637 1646 665 monasterii
1656 638 1763 666 Montis
1777 637 1913 674 Majoris,
1928 638 1967 666 ad
1980 646 2143 667 romanam

1141 686 1291 714 ecclesiam
1318 688 1404 716 nullo
1429 689 1526 717 medio
1548 691 1749 726 pertinentis,
1777 691 1894 719 ordinis
1919 691 1949 719 S.
1974 691 2142 728 Benedicti,

1141 738 1324 768 Arelatensis
1350 741 1485 770 diocesis.
1511 741 1651 772 Vacante
1682 743 1840 780 praedicto
1872 745 2063 775 monasterio
2087 753 2142 783 per

1141 791 1383 822 translationem
1405 794 1580 831 Bernardi,
1600 796 1789 833 Tripolitani
1808 798 1962 835 episcopi,
1987 797 2065 827 olim
2084 798 2141 827 ab-

1141 844 1221 874 batis
1246 845 1389 882 ejusdem
1415 848 1617 883 monasterii,
1640 849 1680 878 ad
1705 849 1871 878 ecclesiam
1893 849 2139 888 Tripolitanam,

1141 897 1302 928 Honorius
1328 900 1542 938 provisionem
1571 902 1749 931 faciendam
1777 903 1859 932 dicto
1888 904 2080 932 monasterio
2105 903 2143 933 de

1140 953 1252 983 abbate
1283 953 1350 982 sedi
1382 954 1570 992 apostolicae
1602 960 1826 985 reservaverat.
1857 956 1962 991 Quare
1991 955 2142 985 Nicolaus

1140 1015 1218 1045 papa
1245 1007 1394 1036 eumdem
1422 1007 1635 1045 Stephanum,
1663 1013 1736 1037 tunc
1760 1009 1896 1046 priorem
1924 1009 2080 1047 prioratus
2104 1008 2143 1038 de

1141 1060 1298 1096 Bernitio,
1329 1060 1479 1098 praedicti
1496 1061 1638 1096 ordinis,
1657 1061 1887 1091 Nemausensis
1910 1061 2082 1096 dioecesis,
2107 1062 2142 1091 in

1140 1113 1292 1151 praedicti
1319 1114 1505 1143 monasterii
1532 1114 1675 1143 abbatem
1702 1115 1852 1153 praeficit.

1182 1178 1196 1193 ιι
1217 1167 1367 1196 Debitum
1383 1167 1478 1197 officii
1495 1168 1632 1198 nostri...
1644 1184 1683 1189 —
1696 1169 1767 1198 Dat.
1787 1169 1900 1205 Reate,
1919 1177 1974 1198 xm
1990 1168 2143 1198 kalendas

1139 1220 1293 1257 octobris,
1313 1229 1399 1250 auno
1414 1221 1527 1259 primo.
1547 1233 1560 1248 ι)

1180 1274 1218 1303 In
1233 1282 1261 1303 e.
1283 1283 1325 1303 m.
1346 1295 1367 1304 ..
1385 1274 1483 1312 priori
1499 1279 1528 1304 et
1546 1275 1718 1304 conventui
1734 1275 1917 1305 monasterii
1941 1275 2058 1305 Montis
2075 1275 2144 1304 Ma—

1137 1327 1216 1365 j0ris
1229 1327 1358 1356 mandat
1372 1331 1528 1366 quatenus
1543 1328 1702 1366 praedicto
1718 1329 1823 1358 abbati
1836 1329 1976 1358 debitam
1991 1329 2144 1359 obedien-

1141 1381 1217 1410 tiam
1234 1381 1415 1419 praebeant.

1180 1436 1217 1464 In
1236 1444 1262 1464 e.
1282 1444 1325 1464 m.
1343 1435 1499 1465 universis
1517 1436 1661 1465 vassallis
1674 1436 1859 1466 monasterii
1878 1436 2027 1474 praedicti
2045 1445 2140 1466 man-

1141 1489 1193 1519 dat
1208 1493 1363 1528 quatenus
1380 1489 1538 1528 praedicto
1555 1489 1659 1519 abbati
1675 1489 1764 1519 solita
1785 1489 1945 1518 fidelitatis
1959 1490 2143 1527 juramenta

1142 1549 1171 1573 et
1185 1543 1314 1574 servitia
1330 1543 1509 1581 praebeant.

1212 1677 1299 1706 293

1176 1741 1303 1768 Licentia
1320 1741 1416 1768 utendi
1434 1741 1526 1775 pallio.
1544 1740 1625 1773 <Ra-z.
1645 1740 1686 1770 44,
1705 1747 1730 1765 c.
1752 1740 1808 1768 171,
1826 1738 1845 1764 ί,
1863 1738 1895 1764 43
1915 1739 1959 1769 ro.)

1667 1676 1760 1706 meti,
1778 1676 1794 1702 9
1814 1675 1975 1709 septembre
1995 1675 2070 1702 1288.

1186 1831 1350 1860 Venerabili
1375 1831 1470 1867 fratri
1491 1830 1540 1866 N„
1563 1828 1739 1867 patriarche
1766 1827 2029 1862 Jerosolirnitano,
2059 1835 2142 1864 apos-

1141 1886 1224 1915 tolice
1240 1886 1317 1914 sedis
1336 1886 1448 1922 quato,
1467 1882 1671 1922 privilegium
1691 1881 1834 1911 concedit
1850 1880 1884 1909 in
1902 1879 2040 1909 ecclesiis
2059 1879 2143 1908 infra

1138 1939 1238 1977 ipsius
1273 1938 1440 1976 legationis
1471 1937 1624 1966 terminos
1655 1934 1851 1968 constitutis.
1882 1934 2143 1972 quotiescumque

1139 1993 1244 2032 ipsum
1277 1991 1496 2030 sollempniter
1524 1989 1683 2020 celebrare
1709 1988 1897 2025 contigerit,
1929 1986 1990 2016 nisi
2011 1986 2141 2015 forsitan

1139 2056 1289 2078 romanus
1309 2045 1447 2084 pontifex
1466 2052 1614 2083 praesens
1636 2042 1782 2072 fueritin
1800 2041 1934 2077 civitate,
1952 2039 2061 2070 utendi
2076 2038 2142 2078 pal-

1138 2102 1202 2138 leo,
1219 2101 1332 2130 diebus
1347 2100 1511 2129 dumtaxat
1526 2098 1559 2127 in
1578 2097 1696 2136 quibus
1713 2095 1743 2125 ei
1758 2096 1790 2124 in
1808 2095 1875 2133 ejus
1888 2093 2051 2132 provincia
2067 2092 2141 2121 dicti

1137 2154 1232 2194 pallei
1252 2163 1328 2184 usus
1344 2157 1390 2182 est
1404 2160 1584 2182 concessus.

1182 2222 1194 2236 ι
1210 2207 1362 2245 Quamvis
1378 2207 1411 2236 in
1428 2205 1667 2236 concessione...
1679 2219 1719 2225 —
1732 2203 1802 2232 Dat.
1820 2202 1927 2236 Reate.
1947 2209 1967 2229 v
1983 2199 2055 2229 idus
2070 2206 2139 2236 sep-

1138 2263 1284 2298 tembris,
1301 2269 1386 2290 anno
1405 2260 1517 2298 primo.
1538 2271 1551 2285 »

1208 2395 1295 2424 294
1652 2390 1743 2420 Rieti,
1764 2390 1793 2416 13
1809 2388 1972 2423 septembre
1990 2386 2065 2413 1288.

1171 2458 1301 2486 Officium
1318 2457 1526 2484 tabellionatus.
1546 2454 1628 2487 (Rae.
1646 2453 1688 2485 44,
1706 2460 1730 2478 c.
1749 2452 1827 2481 1712,
1845 2451 1863 2477 f.
1882 2450 1913 2476 43
1931 2450 1977 2482 iv.)

1174 2549 1278 2577 Eidem
1294 2545 1475 2576 facultatem
1491 2541 1633 2573 concedit
1649 2539 1832 2571 conferendi
1849 2542 1982 2577 quatuor
1995 2535 2138 2575 personis

1135 2601 1277 2631 officium
1295 2598 1527 2629 tabellionatus.

1177 2667 1189 2680 «
1217 2654 1266 2683 Ne
1286 2655 1506 2683 contractuum
1529 2648 1719 2678 memoria...
1740 2662 1780 2668 —
1800 2645 1870 2674 Dat.
1894 2644 2011 2679 Reate,
2030 2641 2136 2672 idibus

1134 2706 1322 2747 septembris
1333 2728 1340 2740 ‚
1357 2713 1442 2735 auno
1458 2704 1571 2742 primo.
1591 2714 1604 2728 a>

1206 2841 1293 2870 295
1656 2833 1742 2864 Rieti,
1761 2833 1792 2859 13
1809 2831 1969 2866 septembre
1986 2830 2062 2858 1288.

1172 2904 1357 2938 Privilegium
1387 2898 1550 2927 conferendi
1580 2896 1717 2924 beneficia
1745 2895 1949 2921 ecclesiastica.
1976 2894 2058 2928 (Rae.
2085 2894 2131 2926 44,

1135 2963 1159 2982 c.
1181 2953 1242 2983 172.
1259 2953 1278 2979 f.
1297 2951 1328 2978 43
1345 2952 1391 2982 ro.)

1175 3030 1278 3059 Eidem
1295 3025 1496 3066 privilegium
1511 3021 1654 3053 concedit
1670 3021 1704 3050 in
1719 3020 1858 3050 ecclesiis
1879 3025 1942 3050 tam
1965 3020 2130 3051 cathedra-
