2477 3637
198 360 255 390 252
947 352 1185 384 REGJSTRES
1206 353 1261 383 DE
1284 351 1466 383 NICOLAS
1488 351 1544 381 IV.

193 424 335 461 Casulis,
352 423 508 454 canonico
527 421 719 458 Vulterauo,
736 419 910 459 capellanis
934 428 1048 459 papae,
1069 419 1204 450 idoneus

191 479 354 519 judicatus
370 481 427 507 est.

236 544 249 559 u
275 532 322 561 Ne
347 533 569 561 contractuum
595 527 788 557 memoria...
805 543 845 549 —
862 526 934 556 Dat.
956 527 1066 564 Reate,
1086 536 1107 556 11
1131 526 1204 557 idus

195 584 339 623 augusti,
357 591 442 613 anuo
458 581 609 611 secundo.
633 594 644 606 υ

234 639 270 668 111
289 647 315 667 e.
334 645 378 665 m.
395 635 539 666 ι1011110111
555 634 594 663 de
611 635 719 673 Aqua,
737 633 800 664 civi
817 632 1012 663 Ravellensi.

234 692 271 720 Ιιι
291 699 318 720 e.
339 698 383 718 m.
405 688 577 718 Laurentio
595 686 720 724 Guodi,
739 686 855 717 clerico
875 686 1075 723 Brivatensi,
1090 685 1203 716 Claro-

192 743 369 774 montensis
385 742 543 772 dioecesis
560 741 619 781 (En
636 740 765 780 maroe).

266 890 285 917 1
297 889 422 917 lev-¹
435 888 521 917 188
825 887 917 918 Rieu,
937 887 951 914 3
967 887 1035 914 aout
1051 886 1130 914 1289.

230 950 414 985 Dispensatio
431 949 614 976 residentiae.
631 949 714 984 (Rea.
731 950 779 984 44,
795 958 821 976 0.
839 949 889 976 368
901 971 907 981 ,
924 949 944 976 f.
964 949 1010 976 187
1027 950 1080 982 νο.)

234 1054 395 1082 Francisco
411 1053 445 1082 de
459 1053 606 1085 Lucania,
620 1053 770 1091 preposito
786 1052 903 1082 ecclesie
914 1051 1115 1088 Siclt'niensis,
1133 1053 1203 1081 Tor-

192 1107 332 1136 aucensis
347 1106 485 1141 diocesis,
501 1104 647 1143 indulget
662 1109 696 1135 111
711 1104 848 1140 fructus,
864 1104 1005 1134 redditus
1021 1108 1051 1134 et
1066 1113 1203 1144 proven-

193 1162 243 1189 tus
254 1158 490 1197 praepositurae
504 1166 539 1187 ac
553 1157 752 1196 praebendae
771 1157 894 1196 quasin
908 1157 1094 1187 Sicliniensi
1108 1162 1138 1187 et
1148 1157 1206 1188 Ca-

193 1211 399 1242 thalaunensi
415 1210 557 1241 ecclesiis
573 1210 705 1247 obtinet,
721 1211 866 1241 residens
881 1211 915 1240 in
931 1211 1074 1249 ipsarum
1092 1210 1203 1248 altera,

193 1265 243 1295 vel
257 1265 411 1294 insistens
427 1264 600 1294 scolasticis
612 1263 805 1303 disciplinis.
820 1273 875 1303 per
889 1264 1067 1294 triennium
1081 1265 1205 1302 integre

193 1318 354 1357 percipere
370 1317 478 1356 possit.

235 1382 248 1397 α
275 1370 377 1400 Habet
394 1370 429 1399 in
449 1370 579 1401 nobis...
596 1386 636 1393 -
651 1370 722 1400 Dat.
743 1370 856 1407 Reate,
877 1379 912 1400 111
931 1378 1034 1400 nonas
1058 1370 1203 1409 augusti,

161 1416 164 1417 ⁷
191 1431 278 1454 anno
294 1422 445 1453 secundo.
469 1435 482 1450 n

232 1477 271 1506 In
291 1485 319 1506 e.
336 1485 380 1505 m.
400 1499 421 1507 ..
441 1476 638 1507 thesaurario
662 1476 861 1515 BaJ‘ocensis,
880 1498 902 1507 ..
918 1477 1041 1508 cantori
1059 1477 1205 1508 Meldeu-

192 1529 235 1559 sis
248 1534 278 1559 et
290 1529 419 1567 Hugoni
433 1529 471 1559 de
484 1530 611 1567 Parma,
623 1530 778 1560 canonico
790 1530 901 1561 Sancti
913 1529 1085 1569 Gangerici
1093 1530 1206 1562 Came-

192 1583 332 1613 racensis
345 1582 565 1620 ecclesiarum,
576 1583 708 1614 mandat
721 1588 879 1622 quatenus
892 1584 1069 1624 praedictos
1083 1584 1206 1616 fructus

193 1637 228 1667 F.
245 1637 283 1667 de
300 1637 459 1667 Lavaniae
474 1637 599 1676 integre
616 1637 794 1668 ministrari
810 1638 938 1668 faciant.
957 1638 1028 1669 Dat.
1047 1642 1082 1669 ut
1097 1648 1204 1678 supra.

270 1797 291 1824 1
303 1796 388 1825 189
814 1797 907 1831 Rieu,
924 1797 956 1824 13
971 1799 1040 1825 aout
1055 1798 1134 1826 1289.

230 1857 416 1893 Dispensatio
432 1866 521 1894 super
536 1858 696 1893 pluralitate
711 1859 927 1887 beneficiorum.
944 1860 1028 1894 (Rae.
1047 1861 1088 1892 44,
1103 1869 1128 1888 0.
1142 1861 1205 1894 369,

195 1906 215 1933 f.
234 1905 283 1933 *188
299 1906 345 1941 ru.)

237 2009 385 2046 Gausrido
401 2010 435 2039 de
449 2010 607 2039 Launcello
617 2033 625 2048 ,
641 2011 778 2048 Aptensis
793 2012 909 2042 ecclesie
921 2014 1087 2051 preposito,
1105 2014 1204 2052 capel—

198 2062 268 2091 lano
286 2067 397 2092 nostro.
421 2062 456 2092 Ei
479 2063 623 2093 concedit
649 2068 683 2094 ut
707 2065 956 2104 praeposituram
980 2066 1133 2106 Aptensis
1154 2076 1205 2098 ec-

195 2114 324 2152 clesiae,
344 2115 393 2145 vel
409 2115 507 2145 aliam
525 2116 718 2155 dignitatem
733 2122 789 2148 aut
805 2123 1027 2157 personatum,
1048 2129 1113 2150 una
1131 2129 1205 2150 cnm

196 2168 438 2199 canonicatibus
457 2173 486 2199 et
500 2170 691 2209 praebendis
706 2170 742 2200 in
758 2171 922 2211 Aptensis‚
939 2173 1114 2212 Aquensis,
1132 2174 1207 2204 For-

196 2220 446 2260 calqueriensis,
465 2222 688 2254 Sistaricensis
703 2228 735 2254 et
750 2224 990 2256 Ebredunensis
1007 2226 1206 2258 dioecesium

197 2274 357 2312 ecclesiis,
375 2276 513 2305 retinere
528 2277 637 2315 possit.

239 2340 253 2354 «
279 2327 354 2359 Illos
372 2329 521 2369 precipue
539 2339 636 2361 nos...
651 2348 690 2353 -
707 2331 777 2362 Dat.
798 2332 912 2370 Reate,
932 2333 1039 2364 idibus
1063 2335 1204 2374 augusti,

196 2389 283 2411 anno
298 2381 448 2412 secundo.
472 2395 485 2409 n

271 2542 291 2570 1
302 2541 390 2570 190
819 2545 904 2578 Rieti,
924 2547 955 2574 13
971 2549 1038 2575 aout
1056 2548 1133 2577 1289.

232 2603 446 2632 Tabellionatus
461 2605 596 2633 officium.
611 2606 695 2640 (Rea.
713 2608 762 2641 44,
779 2616 805 2635 c.
823 2608 890 2644 370,
907 2610 926 2637 f.
945 2610 995 2638 188
1011 2614 1057 2644 r0.)

238 2706 374 2736 Iohanni
402 2708 520 2738 Nicolai
546 2709 580 2738 de
607 2710 778 2748 Guarcz'no,
805 2712 880 2742 laico
906 2713 1046 2744 Alatrine
1069 2715 1205 2753 diocesis,

199 2757 339 2788 officium
360 2760 556 2799 tabellionis,
579 2762 619 2792 ad
639 2763 723 2802 quod
747 2763 882 2795 idoneus
907 2774 926 2795 a
950 2766 1147 2806 Raymundo
1169 2769 1208 2800 de

201 2810 301 2840 Ponte
313 2835 320 2847 ,
345 2812 465 2844 decano
487 2814 756 2855 Compostellano,
773 2821 804 2848 et
820 2818 1009 2850 Ranuccino
1025 2820 1064 2851 de
1080 2821 1207 2861 Murro,

200 2863 425 2896 archidiacono
436 2867 629 2899 Vervecensi
647 2870 681 2899 10
698 2870 831 2901 00010513
847 2871 1018 2911 Burgensi,
1035 2873 1208 2913 capellanis

202 2917 490 2955 papae,judicatus
505 2925 562 2959 est,
580 2924 734 2956 concedit.

243 2980 256 2995 α
283 2969 331 2999 Νο
359 2976 577 3004 contractuum
603 2977 795 3008 memoria...
815 2995 854 3000 —
872 2979 944 3009 Dat.
967 2980 1079 3018 Reate,
1101 2981 1208 3013 idibus

202 3023 344 3061 augusti,
361 3033 446 3055 anno
463 3028 612 3058 secundo.
635 3042 647 3056 ι

1362 419 1381 445 1
1395 417 1524 446 191-1
1537 417 1621 446 195
1921 417 1998 445 Rieti
2011 440 2018 450 ,
2035 419 2050 446 5
2064 419 2132 446 aotlt
2147 418 2225 447 1289.

1322 481 1368 507 Ad
1385 480 1582 506 liberationem
1598 478 1780 506 Coloniensis
1796 478 2018 514 archiepiscopi.
2033 479 2118 514 (Rau.
2136 481 2180 515 44,
2191 489 2216 509 ο.
2234 481 2295 518 371,

1286 531 1303 557 f.
1330 530 1376 556 18³*
1393 536 1434 563 1⁶⁰3
1456 529 1573 562 Purra„
1590 527 1701 562 23032.)

1334 631 1499 661 Venerabili
1530 629 1624 664 fratri
1657 651 1678 658 ..
1711 630 1934 668 archiepiscopo
1967 631 2140 660 Treverensi
2167 630 2303 664 mandat·
2323 643 2327 647 ’

1286 689 1444 724 quatenns
1468 683 1646 713 Johannem
1659 707 1666 720 ,
1689 682 1881 713 Brabantiae
1903 682 2030 720 ducem,
2050 683 2241 722 Henricum,
2256 683 2296 717 do
2315 708 2319 719 ,

1285 737 1422 773 Juliaco,
1434 741 1464 767 et
1480 736 1679 775 Adnlphnrn,
1694 735 1733 766 de
1748 736 1856 766 Monte
1871 736 2015 774 comites,
2032 736 2305 777 (10101110051500-ἶ

1287 791 1402 821 0105100
1416 790 1579 829 vassallos,
1591 793 1730 824 moneat,
1742 797 1869 828 eosque,
1884 789 1943 819 sub
1955 789 2301 823 excommunicationis*

1287 848 1318 874 et
1338 843 1528 883 privationis
1550 842 1718 873 feudorum
1736 851 1818 882 quae
1833 842 1873 873 ab
1890 842 2001 873 eadem
2023 846 2053 874 et
2066 842 2139 873 aliis
2154 842 2297 876 ecclesiis

1289 901 1319 927 et
1340 896 1543 927 monasteriis
1567 900 1677 926 tenent
1696 897 1822 935 poeniS‚
1848 895 1979 926 inducat
1995 899 2029 926 01
2050 895 2222 933 Sitridum,
2243 905 2295 928 ar-

1287 950 1526 990 chiepiscopum
1556 949 1801 987 Coloniensem,
1827 953 1857 980 et
1884 949 1966 980 alios
1993 957 2072 988 quos
2098 958 2173 980 cum
2199 957 2236 980 eo
2259 950 2302 982 in.

1287 1012 1395 1042 pugna
1418 1005 1501 1042 apud
1523 1003 1683 1033 Wuoriuc
1696 1011 1792 1042 prope
1805 1003 1969 1033 civitatem
1982 1002 2209 1034 Coloniensem
2223 993 2310 1034 coe-³

1287 1061 1403 1096 perunt
1417 1061 1448 1087 et
1463 1057 1622 1093 detinent,
1640 1056 1780 1087 libertati
1795 1056 1977 1086 restituant.
2302 1093 2308 1099 .

1329 1122 1343 1137 α
1369 1110 1546 1149 Nephande
1562 1109 1813 1148 presumptionis
1832 1118 2018 1141 excessus...
2034 1127 2073 1132 —
2089 1109 2162 1140 Dat.
2178 1109 2316 1157 Reate,s3'·
2332 1119 2334 1121 ·

1288 1163 1383 1194 nonis
1398 1163 1541 1201 augusti,
1561 1171 1646 1193 :uno
1661 1162 1812 1193 secundo.
1835 1174 1847 1189 n

2461 578 2477 822 z-EYQLQ—

2458 1008 2477 1094 ἦς·

1908 1243 2000 1276 Rieti,
2015 1243 2048 1272 10
2062 1244 2131 1272 aout
2148 1243 2226 1272 1289.

1327 1305 1367 1334 In
1391 1314 1418 1335 e.
1440 1314 1482 1335 m.
1513 1329 1531 1335 ..
1559 1306 1705 1345 episcopo
1724 1305 1904 1338 Leodiensi.
1931 1306 2003 1337 Dat.
2029 1306 2143 1344 Reate,
2167 1315 2200 1337 vt
2225 1306 2321 1341 idue!

1288 1358 1434 1396 augusti,
1451 1366 1536 1388 anno
1553 1358 1704 1389 secundo.

1328 1412 1367 1441 In
1385 1420 1411 1441 e.
1429 1420 1471 1441 m.
1494 1435 1513 1442 ..
1531 1412 1678 1451 episcopo
1694 1413 1938 1451 Argentinensi.

1327 1465 1366 1495 In
1384 1474 1411 1496 e.
1430 1474 1472 1495 m.
1492 1489 1512 1495 ..
1530 1466 1677 1506 episcopo
1695 1467 1841 1497 Metensi.

1328 1520 1366 1550 In
1385 1528 1412 1549 e.
1431 1529 1475 1550 m.
1494 1543 1514 1550 ..
1532 1520 1678 1560 episcopo
1695 1521 1946 1552 Warmaciensi.

1362 1693 1520 1723 uassd
1530 1694 1614 1724 201
1924 1694 2015 1727 Rieu,
2032 1695 2049 1723 9
2063 1696 2132 1723 aout
2148 1694 2227 1723 1289.

1324 1755 1368 1783 De
1383 1756 1484 1783 eodem
1500 1757 1626 1792 negotio.
1642 1757 1726 1790 (Rea.
1743 1757 1791 1790 44,
1807 1765 1834 1785 0.
1851 1757 1920 1791 372,
1936 1758 1954 1785 f.
1976 1757 2025 1786 188
2041 1759 2094 1792 v⁰.)

1328 1859 1497 1889 Carissimo
1521 1860 1556 1889 in
1575 1858 1694 1889 Christo
1711 1859 1775 1897 filio
1792 1861 1840 1897 R„
1858 1861 1924 1898 regi
1943 1860 2151 1890 Romanorum
2168 1860 2255 1892 illust
2277 1861 2284 1868 '
2302 1875 2312 1903 ‘.

1289 1912 1371 1942 Eum
1387 1917 1477 1951 rogat
1493 1917 1526 1942 ut
1541 1921 1639 1951 penes
1648 1913 1845 1950 Jotmuuem,
1858 1913 1972 1944 ducem
1987 1913 2191 1950 Brabantiae,
2206 1913 2313 1949 Heri-³.

1287 1974 1373 2003 cum,
1391 1965 1430 1995 de
1445 1966 1581 2003 Juliaco,
1600 1971 1630 1996 et
1645 1966 1814 2003 Adulfum,
1831 1967 1871 1997 de
1889 1967 1998 1997 Monte
2013 1966 2158 2005 comites,
2174 1967 2254 1998 insis
2272 1981 2275 1992 ι

1289 2023 1323 2049 01
1337 2019 1563 2050 Coloniensem
1578 2019 1858 2059 archiepiscopum
1873 2020 2015 2050 libertati
2029 2020 2211 2052 restituant.
2295 2047 2301 2050 ,
2372 2053 2375 2060 ,

1332 2085 1346 2099 ι
1368 2072 1492 2103 Clamat
1508 2073 1542 2102 in
1561 2073 1732 2104 auribus...
1748 2090 1786 2095 -
1803 2073 1874 2103 Dat.
1893 2073 2009 2110 Reate,
2026 2083 2047 2104 v
2062 2073 2137 2105 idus
2153 2073 2324 2118 augusfi3'3
2371 2086 2375 2091 -

1287 2133 1374 2155 anno
1391 2125 1541 2156 secundo.
1564 2137 1578 2152 »

1329 2178 1368 2208 In
1385 2188 1413 2208 e.
1429 2187 1473 2208 m.
1493 2201 1512 2209 ..
1531 2179 1640 2209 comiti
1659 2179 1804 2209 Barensi.

1328 2231 1367 2261 In
1385 2241 1412 2261 e.
1431 2240 1474 2261 m.
1494 2255 1514 2262 ..
1532 2232 1640 2262 comiti
1658 2232 1910 2271 Luceburgensi.

1329 2285 1368 2315 In
1385 2293 1412 2315 e.
1430 2294 1474 2316 m.
1493 2308 1514 2315 ..
1532 2286 1640 2316 comiti
1657 2286 1862 2325 Haynoniae.

1329 2338 1367 2368 In
1384 2347 1411 2368 e.
1429 2347 1473 2368 m.
1492 2361 1513 2369 ..
1531 2338 1603 2369 duci
1621 2339 1862 2378 Lothoringiae.

1289 2429 1291 2431 ¹
1329 2392 1368 2423 In
1386 2401 1413 2423 e.
1430 2401 1474 2423 m.
1494 2415 1514 2422 ..
1532 2393 1642 2424 comiti
1658 2393 1841 2426 Flandriae.

1364 2552 1610 2582 1202-1206
1926 2553 2018 2589 Rieti,
2035 2555 2051 2583 5
2065 2556 2134 2584 aoot
2149 2555 2227 2584 1289.

1326 2614 1368 2641 De
1389 2614 1490 2641 eodem
1512 2614 1637 2650 negotio.
1657 2615 1742 2651 (Rea.
1771 2617 1819 2649 44,
1845 2624 1870 2645 c.
1898 2617 1966 2650 373,
1989 2617 2010 2644 f.
2037 2617 2088 2646 189
2111 2624 2152 2650 νς
2179 2617 2295 2651 Pom..
2330 2598 2340 2619 Ἦ

1288 2663 1399 2697 23033.)
2329 2666 2334 2675 ¹

1328 2765 1479 2796 Nobilibus
1499 2767 1577 2796 viris
1599 2767 1742 2805 Hmrico,
1758 2767 1793 2797 de
1811 2768 1947 2806 luliaco,
1963 2773 1991 2799 et
2008 2769 2132 2808 Adulfo,
2149 2770 2185 2800 de
2202 2769 2298 2805 um
2348 2765 2377 2773 ”

1290 2820 1464 2856 comitibus,
1480 2821 1628 2857 spiritum
1650 2821 1776 2851 consilii
1790 2822 1936 2852 sanioris.
1955 2821 2020 2860 Eis,
2038 2822 2098 2853 sub
2112 2829 2308 2854 excommm-

1290 2872 1460 2902 uicationis
1478 2876 1509 2902 et
1527 2873 1719 2911 privationis
1743 2873 1912 2905 feudorum
1928 2883 2011 2914 quae
2029 2883 2048 2906 a
2068 2874 2251 2906 Coloniensi
2264 2876 2306 2906 οῦκ

1290 2979 1464 3017 Sifridum,
1483 2979 1711 3011 Coloniensem
1733 2980 2030 3021 archiepiscopum,
2049 2981 2188 3013 libertati
2202 2980 2295 3013 10011-
2310 3006 2333 3010 .

1290 3038 1391 3064 tuant.
