2342 3652
927 357 1154 393 DEUXIEME
1175 353 1332 392 ANNF'JE.
2114 372 2170 402 379

85 428 206 459 solvere
222 427 446 466 promiserunt,
466 426 624 456 nonnulla
637 426 701 455 illis
716 431 879 465 propterea
894 433 1006 465 castra,
1021 438 1089 458 mu-

85 481 233 516 nitiones,
252 479 357 515 villas,
374 484 483 514 terras,
499 479 714 517 possessiones
731 484 760 508 et
777 481 911 518 quedam
928 481 990 510 alia
1006 481 1089 510 bona

85 539 148 564 tam
165 532 307 572 ejusdem
325 533 455 562 ecclesie
476 540 573 570 quam
599 531 804 562 liberatorum
823 533 962 571 ipsorum
981 534 1087 563 nichi-

84 587 225 617 lominus
247 586 436 623 obligando,
455 594 519 615 non
543 589 722 623 repeterent
743 586 782 615 ab
803 586 880 624 ipsis
905 586 953 615 vel
979 587 1087 625 aliquo

84 639 280 675 eorumdem,
299 638 380 667 datis
397 642 523 676 propter
539 633 599 666 hoc
611 638 655 666 eis
672 638 710 667 ab
726 639 794 676 ipso
806 639 1041 677 archiepiscopo
1052 648 1087 668 ac

83 691 225 722 liberatis
244 690 363 719 eisdem
380 690 572 728 quibusdam
594 690 845 728 fidejussoribus,
866 692 1016 720 consectis
1034 691 1087 720 lit-

83 746 158 776 teris
174 749 203 774 et
221 743 456 779 instrumentis,
474 752 510 772 ac
529 743 809 781 promissionibus,
826 744 1085 779 alienationibus,

83 797 374 829 renuntiationibus
391 801 420 826 et
434 796 682 833 obligationibus
696 796 829 825 diversis
850 802 880 826 et
896 798 991 826 variis
1014 797 1086 826 sub-

84 851 198 882 secutis
224 856 253 880 et
279 859 433 888 penarum
458 850 552 879 etiam
577 850 752 888 adJectione
779 850 914 879 vallatis.
936 850 1001 879 Nos
1025 850 1086 878 ita-

84 914 182 944 que...
200 904 336 933 eundem
354 904 385 933 S.
404 903 679 941 archiepiscopum
691 902 834 940 aliosque
847 903 991 941 prefatos,
1004 903 1086 931 veris

85 956 293 988 existentibus
315 955 521 994 supradictis,
546 956 585 985 ab
608 955 725 984 eisdem
749 961 779 984 et
803 955 999 994 quibuslibet
1016 955 1086 985 aliis

83 1010 243 1042 occasione
271 1009 456 1047 hujusmodi
478 1009 616 1047 prestitis
640 1002 907 1047 jur-amentissac
933 1009 1086 1047 predictos

83 1063 284 1102 fidejussores
295 1071 312 1090 a
328 1062 533 1099 fidejussione
550 1061 746 1099 hujusmodi,
764 1062 867 1100 ipsum
879 1062 1087 1099 archiepisco-

82 1125 156 1157 pum
175 1122 312 1153 suosque
329 1115 498 1152 complices
514 1123 550 1144 ac
566 1114 767 1152 fidejussores
780 1114 905 1144 eosdem
923 1124 937 1143 a
955 1115 1085 1153 quibus-

79 1169 128 1200 vis
147 1167 397 1206 obligationibus
415 1168 503 1197 iactis
521 1177 615 1205 super
632 1168 780 1206 predictis
801 1167 848 1197 vel
869 1177 978 1197 eorum
997 1177 1086 1198 orca—

80 1223 169 1254 sione
185 1221 371 1251 auctoritate
383 1220 553 1259 apostolica
564 1220 716 1250 duximus
726 1222 851 1260 penitus
863 1222 1083 1251 absolvendos.

81 1275 233 1312 Quocirca
248 1274 439 1303 fraternitati
456 1278 556 1302 vestre
575 1283 630 1312 per
647 1274 815 1311 apostolica
834 1275 948 1313 scripta
965 1275 995 1303 in
1023 1275 1084 1304 vir-

80 1332 144 1359 tute
158 1327 338 1358 obedientie
352 1327 493 1356 districte
507 1327 711 1364 precipiendo
726 1327 917 1357 mandamus
933 1328 1084 1366 quatinus

78 1380 263 1420 hujusmodi
288 1380 470 1417 negotium,
496 1380 579 1418 quod
604 1380 692 1409 sedes
718 1380 889 1418 apostolica
913 1381 1086 1419 spetialiter

79 1433 164 1465 cordi
184 1433 283 1471 gerit,
309 1442 380 1463 curn
399 1433 577 1462 devotionis
601 1433 850 1471 promptitudine
868 1440 1083 1472 assumentes,

79 1489 203 1524 ducem,
223 1487 368 1523 comites,
388 1486 523 1522 nobiles,
542 1487 626 1516 cives
638 1491 666 1515 et
682 1487 761 1516 alios
778 1488 985 1525 supradictos,
1001 1489 1084 1526 quod

78 1541 225 1581 prelatos,
242 1540 390 1574 clericos,
413 1540 556 1576 comites,
580 1540 715 1569 barones
732 1545 761 1568 et
779 1540 856 1570 alios
875 1542 1081 1579 supradictos,

78 1603 155 1634 quos
170 1593 275 1623 adhuc
291 1593 431 1631 captivos
448 1592 590 1622 detinere
609 1593 776 1623 dicuntur,
795 1593 925 1622 reddant
950 1595 1083 1632 pristino

77 1646 226 1683 libertati,
246 1649 308 1675 tam
326 1645 466 1675 liberatis
485 1655 580 1684 quam
598 1645 773 1675 liberandis
790 1647 974 1685 hujusmodi
993 1649 1083 1678 bonis

78 1700 227 1731 omnibus
245 1699 411 1728 occasione
428 1699 614 1737 hujusmodi
632 1699 745 1728 ablatis
767 1705 796 1728 et
818 1701 945 1730 extortis
963 1701 1082 1731 eisdem

79 1753 202 1790 integre
225 1752 396 1787 restitutis3
421 1751 657 1790 archiepiscopo
680 1761 753 1782 vero
778 1758 808 1782 et
832 1753 962 1782 ecclesie
991 1754 1083 1784 Colo-

78 1805 183 1836 niensi
198 1805 348 1844 predictis
365 1813 490 1834 necnon
508 1805 715 1843 complicibus
730 1814 837 1835 eorum
854 1808 1028 1845 prenotatis
1045 1808 1083 1838 de

79 1859 224 1898 dampnis
241 1862 270 1888 et
287 1858 417 1897 injuriis
436 1859 512 1897 ipsis
530 1858 658 1897 plenam
680 1864 710 1888 et
733 1859 871 1889 debitam
896 1862 1082 1891 satisfactio-

77 1921 151 1942 nem
168 1912 356 1950 impendant
376 1921 412 1941 ac
433 1912 478 1941 eis
504 1917 622 1948 castra,
648 1913 845 1943 munitiones
860 1914 985 1952 aliaque
1003 1916 1083 1944 bona

77 1967 215 2006 predicte
230 1966 431 1996 Coloniensis
448 1966 579 1996 ecclesie
597 1975 632 1996 ac
649 1975 758 1996 eorum
775 1967 964 2006 complicum
982 1969 1020 1998 ab
1037 1970 1083 1998 eis

75 2019 136 2050 hac
150 2019 314 2050 occasione
329 2019 456 2049 detenta
472 2024 502 2049 et
518 2020 614 2049 etiam
631 2025 791 2059 occupata,
806 2021 929 2050 sublata
942 2022 1084 2060 qualibet

77 2073 278 2109 difficultate,
298 2073 481 2108 restituant,
500 2073 678 2102 monitione
700 2074 869 2112 premissa,
889 2083 942 2112 per
958 2084 1084 2104 excom-

76 2126 306 2156 municationis
322 2125 356 2154 in
373 2134 527 2164 personas
546 2131 575 2155 et
593 2130 689 2155 terras
705 2135 815 2156 eorum
832 2127 993 2156 interdicti
1010 2137 1083 2157 sen-

77 2179 209 2214 tentias,
226 2187 350 2208 necnon
367 2183 396 2208 et
412 2187 467 2217 per
485 2178 654 2208 feudorum
674 2179 884 2218 privationem
903 2174 1081 2218 quorumli-

76 2232 129 2263 het
143 2240 205 2271 que
217 2231 256 2260 ab
272 2231 382 2261 eadem
399 2231 585 2261 Coloniensi
601 2236 631 2262 et
645 2232 840 2270 quibuslibet
853 2233 924 2262 aliis
941 2233 1083 2264 ecclesiis
1118 2232 1121 2233 ⁷

77 2289 108 2314 et
120 2284 322 2314 monasteriis
340 2289 446 2313 tenere
464 2289 653 2320 noscuntur,
670 2294 706 2314 ac
723 2284 802 2314 alias
819 2286 914 2315 etiam
933 2296 1029 2324 penas
1045 2286 1084 2316 de

78 2338 192 2377 quibus
211 2337 354 2368 videritis
375 2338 540 2376 expedire,
567 2338 779 2377 appellatione
801 2344 935 2376 remota,
955 2349 1008 2370 vos
1034 2340 1083 2370 vel

77 2391 156 2422 alter
168 2395 320 2427 vestrum,
340 2401 394 2430 per
409 2400 463 2421 vos
475 2391 524 2421 vel
537 2401 592 2431 per
607 2392 706 2422 alium
721 2402 776 2422 seu
788 2392 879 2430 alios,
894 2393 1084 2432 compellere

78 2444 265 2475 studeatis...
285 2445 435 2474 Invocato
451 2444 490 2474 ad
503 2445 572 2481 hoc,
585 2445 612 2474 si
629 2454 707 2484 opus
718 2446 814 2481 fierit,
827 2446 946 2476 auxilio
963 2447 1084 2476 brachii

79 2496 241 2527 secularis.
259 2497 408 2527 Ceterum
423 2497 554 2527 clericos
570 2497 642 2527 duci
659 2502 690 2528 et
706 2499 874 2528 comitibus
891 2508 926 2528 ac
942 2499 1014 2528 aliis
1029 2508 1084 2528 an-

77 2549 201 2580 tedictis
216 2550 336 2588 primo,
356 2550 495 2580 secundo
515 2555 545 2579 et
567 2551 656 2580 tertio
674 2552 963 2590 consanguinitatis
982 2552 1083 2590 gradu

77 2604 262 2643 conjunctos
278 2613 314 2634 ex
331 2608 419 2642 parte
434 2608 553 2641 nostra,
565 2612 620 2634 vos
635 2604 685 2634 vel
701 2605 780 2635 alter
795 2610 948 2642 vestrum,
962 2616 1016 2644 per
1030 2615 1083 2635 vos

43 2661 46 2666 ¹
76 2656 127 2687 vel
149 2665 204 2696 per
219 2657 320 2686 alium
345 2665 400 2687 seu
423 2656 523 2693 alios,
540 2658 696 2687 moneatis
712 2662 741 2688 et
757 2658 852 2688 etiam
871 2658 1030 2688 inducatis
1051 2663 1083 2688 ut

76 2710 159 2749 apud
175 2710 349 2749 sepedictos
365 2710 479 2740 ducem
496 2715 526 2740 et
541 2711 672 2740 comites
687 2720 724 2741 ac
736 2711 815 2742 alios
829 2711 960 2741 solerter
973 2717 1002 2751 qt
1013 2712 1082 2742 dili-

76 2765 187 2801 genter
202 2763 354 2792 insistant
369 2767 399 2792 et
420 2769 589 2802 procurent
605 2764 702 2794 etiam
717 2765 800 2794 bona
819 2764 881 2794 fide
900 2765 982 2804 quod
1002 2765 1080 2801 dux,

77 2817 206 2846 comites
222 2815 342 2854 aliique
360 2817 501 2855 predicti.
519 2817 604 2846 infra
619 2823 741 2847 certum
760 2818 934 2847 terminum
956 2827 1082 2857 compe-

52 2871 55 2877 '
77 2871 206 2906 tentem,
223 2878 242 2898 a
258 2869 347 2899 vobis
366 2873 420 2899 aut
436 2874 576 2899 vestrum
592 2870 692 2900 altero
708 2871 930 2909 prefigendnm
947 2871 1081 2909 eisdem,

77 2923 229 2962 premissa
241 2923 351 2953 omnia
362 2929 392 2953 et
407 2924 535 2962 singula
550 2924 699 2953 studeant
714 2925 884 2954 efficaciter
894 2924 1080 2963 adimplere,

77 2980 182 3015 aperte
204 2977 376 3015 predicturi
399 2977 518 3007 eisdem
535 2977 635 3016 quod,
652 2977 679 3006 si
703 2977 830 3014 vestris,
855 2978 955 3007 immo
981 2978 1082 3016 potius

77 3029 256 3069 apostolicis
284 3030 518 3060 monitionibus
547 3039 612 3060 non
636 3030 820 3060 curaverint
847 3030 992 3063 obedire.
1025 3039 1082 3060 nos

1171 433 1279 458 contra
1295 438 1346 458 eos
1364 430 1402 458 ad
1426 431 1633 468 privationem
1655 433 1801 462 omnium
1822 434 2048 465 beneficiorum
2071 438 2170 468 eccle-

1171 481 1372 511 siasticorum
1392 492 1541 518 suorum,
1562 485 1657 514 etiarn
1680 486 1707 515 si
1728 486 1897 524 dignitates
1919 488 1967 517 vel
1986 496 2171 527 personatus

1171 534 1322 569 existant,
1344 539 1372 563 et
1396 536 1473 565 alias
1492 537 1598 573 etiam,
1618 543 1707 576 prout
1728 539 1863 577 qualitas
1886 540 1960 569 sacti
1984 544 2117 572 suaserit
2143 548 2172 572 et

1171 586 1319 624 expedire
1336 588 1522 625 viderimus,
1535 594 1637 619 actore
1656 592 1803 621 Domino.
1821 593 2037 629 procedemus.
2054 596 2124 625 Dat.
2138 600 2171 625 ut

1171 648 1276 676 supra.
1298 653 1309 664 »

1210 692 1247 720 In
1266 702 1293 721 e.
1314 702 1356 723 m.
1378 716 1396 722 ..
1417 695 1599 734 episcopum
1620 697 1795 726 Metensem
1813 698 1956 728 hortatur
1972 705 2006 729 ut
2024 701 2170 739 praefatis

1171 767 1190 773 ..
1210 745 1399 783 Maguntino
1417 752 1446 776 et
1469 770 1489 776 ..
1509 749 1698 779 Treverensi
1721 751 1965 790 archiepiscopis
1983 754 2015 782 in
2037 753 2095 784 hoc
2115 764 2171 784 ne-

1170 797 1252 833 gotio
1269 798 1422 835 consiliis,
1441 800 1571 829 auxiliis
1588 806 1617 830 et
1634 802 1795 831 favoribus
1816 805 1998 841 opportunis
2015 807 2149 837 assistat.

1210 850 1247 878 In
1264 860 1290 880 e.-
1311 861 1354 880 [n.
1375 874 1395 881 ..
1414 853 1556 892 episcopo
1575 855 1819 892 Argentinensi.

1210 904 1247 933 Iu
1265 913 1290 933 e.
1311 914 1354 934 m.
1378 928 1397 934 ..
1416 906 1560 945 episcopo
1577 907 1841 939 Paderbornensi.

1211 957 1247 985 In
1266 967 1292 986 e.
1310 967 1353 987 m.
1374 980 1393 987 ..
1414 960 1556 997 episcopo
1578 959 1817 990 &Vm-matiensi.

1210 1010 1247 1038 In
1265 1020 1292 1039 e.
1311 1020 1353 1039 m.
1375 1012 1532 1041 universis
1551 1012 1700 1042 ecclesiae
1717 1013 1915 1044 Coloniensis
1931 1017 2150 1053 suffraganeis.

1210 1062 1246 1091 In
1264 1072 1290 1093 e.
1310 1072 1352 1092 m.
1371 1064 1422 1102 R„
1441 1064 1509 1102 regi
1526 1065 1754 1094 Romanorum.

1208 1263 1454 1291 2142-2151
1517 1264 1868 1298 Sainto-Mavie-Majeure,
1887 1266 2043 1300 31J'anvie1·
2062 1268 2135 1294 1190.

1204 1337 1248 1363 De
1265 1338 1365 1364 eodem
1381 1342 1506 1373 negotio.
1524 1339 1603 1373 (ricc.
1623 1340 1665 1370 list,
1683 1349 1707 1367 c.
1726 1341 1787 1373 860,
1804 1341 1823 1367 f.
1840 1341 1889 1368 ‘297
1907 1344 1953 1374 1‘0.)

1206 1468 1306 1496 Nobili
1329 1469 1395 1495 viro
1414 1468 1566 1503 Jolzcmni,
1587 1469 1657 1497 (luci
1679 1470 1855 1505 Brabanlie,
1883 1472 2027 1508 spiritum.
2051 1474 2172 1502 consilii

1165 1522 1309 1549 saniori&
1328 1521 1363 1549 Ei
1377 1521 1507 1549 mandat
1526 1524 1683 1559 quatenus
1694 1523 1857 1560 praelatos,
1872 1523 2013 1561 clericos,
2026 1525 2169 1562 comites,

1167 1573 1291 1603 nobiles
1307 1582 1482 1611 omnesque
1498 1574 1576 1603 alios
1592 1576 1797 1613 supradictos,
1817 1585 1894 1614 quos
1911 1578 1977 1616 ipse
1994 1581 2022 1606 et
2039 1578 2170 1617 compli-

1166 1635 1216 1656 ces
1231 1628 1279 1656 sui
1300 1627 1334 1655 in
1353 1626 1493 1656 vinculis
1509 1627 1693 1664 detineant,
1714 1628 1849 1658 reddant
1866 1631 2058 1667 quamtotius
2078 1630 2171 1660 liber-

1168 1681 1221 1709 tati
1239 1684 1269 1709 et
1286 1684 1348 1709 tarn
1365 1679 1540 1709 liberandis
1557 1690 1652 1718 quam
1670 1680 1812 1710 liberatis
1824 1691 1882 1711 sua
1894 1682 1977 1712 bona
1992 1684 2169 1721 restituant,

1166 1733 1275 1771 eisque
1309 1732 1347 1761 de
1372 1732 1519 1770 dampnis
1545 1737 1575 1762 et
1599 1733 1728 1772 injuriis
1753 1734 1898 1771 irrogatis
1925 1736 2169 1767 satisfactionem

1165 1785 1363 1824 impendant.

1207 1850 1219 1866 α
1240 1838 1289 1868 Ad
1304 1838 1503 1868 audientiam
1521 1843 1699 1869 nostram...
1720 1857 1758 1861 -
1774 1840 1845 1869 Dat.
1861 1845 2015 1879 utsupra.
2039 1854 2051 1868 »

1206 1893 1242 1921 In
1261 1901 1287 1921 e.
1307 1901 1350 1921 m.
1371 1892 1544 1928 Everardo,
1562 1893 1667 1922 comiti
1686 1893 1723 1922 de
1741 1893 1862 1929 Marka,
1882 1894 2027 1932 spiritum
2045 1894 2172 1925 consilii

1166 1946 1315 1975 sanioris.

1205 1999 1243 2028 In
1266 2008 1293 2028 e.
1317 2008 1359 2027 m.
1390 1998 1520 2035 Adolso,
1539 1999 1646 2029 comiti
1667 1998 1705 2028 de
1729 1999 1856 2036 Monte,
1879 2000 2024 2037 spiritum
2044 2001 2171 2030 consilii

1166 2053 1315 2082 sanioris.

1206 2106 1243 2135 In
1268 2114 1295 2134 e.
1320 2113 1363 2135 m.
1387 2104 1572 2141 VVastamo,
1590 2105 1699 2135 comiti
1713 2105 1908 2141 Juliacensi⁷
1929 2106 2076 2143 spiritum
2093 2114 2170 2136 con-

1166 2158 1231 2188 silii
1249 2158 1396 2188 sanioris.
1416 2158 1553 2197 (Porrn.
1567 2182 1574 2195 ,
1593 2159 1716 2198 23177.)

1205 2213 1244 2242 In
1262 2221 1288 2242 e.
1307 2221 1351 2241 m.
1375 2212 1497 2242 civibus
1517 2212 1782 2248 Coloniensibus,
1807 2213 1953 2251 spiritum
1970 2212 2097 2242 consilii
2120 2221 2171 2241 sa-

1166 2274 1279 2296 moris.

1237 2465 1352 2494 2152
1472 2451 1829 2498 Sainte-Marie-Majeure‚
1848 2464 1878 2490 18
1891 2463 2004 2497 janvier
2022 2463 2098 2490 1290.

1201 2540 1354 2567 Absolutio
1369 2540 1536 2573 juramenti.
1557 2539 1639 2573 (Rae.
1658 2539 1702 2570 44,
1726 2547 1750 2565 c.
1773 2539 1838 2570 861,
1860 2539 1880 2564 f.
1903 2538 1955 2565 297
1977 2545 2022 2569 v⁰;
2046 2537 2167 2569 Pei-ru„

1165 2588 1275 2621 23161.)

1211 2709 1377 2740 Venerabili
1393 2709 1489 2745 fratri
1504 2708 1629 2746 Sifrido,
1649 2709 1870 2745 archiepiscopo
1888 2708 2066 2737 Coloniensi.
2088 2706 2170 2736 Eum

1165 2768 1195 2793 et
1214 2762 1396 2792 defensores
1416 2761 1484 2799 ejus
1509 2769 1527 2790 a
1545 2760 1735 2799 juramentis
1760 2765 1790 2789 et
1810 2760 2070 2799 fidejussionibus
2089 2768 2171 2798 quae

1163 2820 1233 2856 post
1251 2823 1391 2854 pugnam
1413 2814 1496 2852 apud
1518 2818 1655 2843 castrum
1681 2813 1859 2849 Woriuch,
1884 2817 1918 2843 ut
1944 2822 1976 2843 se
2000 2821 2018 2842 a
2042 2813 2168 2851 captivi-

1166 2873 1225 2900 tate
1241 2867 1430 2903 liberarent,
1450 2867 1691 2905 praestiterunt‚
1709 2866 1856 2896 absolvit.

1205 2935 1219 2949 «
1258 2921 1309 2951 Ad
1331 2920 1526 2950 audientiam
1559 2923 1740 2949 nostram...
1764 2935 1803 2941 -
1832 2920 1903 2950 Dat.
1930 2919 2049 2954 Rome,
2086 2918 2169 2957 apud

1164 2976 1313 3006 Sanctam
1328 2973 1465 3003 Mariam
1482 2973 1635 3012 MaJ'orem
1646 2995 1657 3010 ‚
1672 2982 1712 3002 xv
1728 2971 1882 3002 kalendas
1900 2972 2070 3009 februarii,
2084 2979 2170 3001 anno

1164 3027 1315 3059 secundo.
1336 3038 1350 3053 n
