2477 3637
273 394 331 422 ζῷ’.
1027 386 1262 417 RIcuIsTuES
1288 386 1340 415 DE
1364 385 1546 414 NICOLAS
1568 385 1624 414 IV.

271 458 432 489 rounuuni
460 457 598 485 decimas
628 455 747 484 eisdem
778 455 944 493 preposito,
975 454 1112 492 capitulo
1140 458 1168 481 ct
1194 453 1278 481 clero

271 513 392 540 debitas
410 510 454 539 eis
474 516 600 548 quoquo
622 507 713 536 modo
739 506 904 545 persolvat.
934 507 1088 544 Quodque
1110 505 1217 534 nullus
1241 505 1279 534 de

270 566 352 594 dicto
371 563 552 597 communi,
572 562 596 590 si
619 560 756 589 fortassis
776 560 907 588 artiliris
929 565 1102 598 exequatur
1119 559 1257 589 officium
1272 582 1278 593 ,

270 618 363 646 alicui
382 617 419 645 de
444 615 529 645 clero
555 614 693 652 predicto
708 612 876 642 comodum
894 613 1021 650 aliquod
1045 613 1083 641 de
1105 612 1209 641 studio
1230 612 1278 640 vel

271 670 418 699 exercitio
450 668 525 696 artis
564 676 619 695 sue
656 665 890 704 quomodolibet
923 665 1073 694 exhibere
1107 669 1277 703 presumat.

273 722 470 752 l'uiversitas
498 721 629 759 insuper
652 719 728 748 dicti
754 719 887 747 castri...
919 718 957 747 ad
977 718 1129 757 prefatam
1155 717 1278 756 plebem

270 776 402 813 sumptis
432 774 530 803 armis
567 773 749 810 animisque
782 772 961 801 furentibus
1000 771 1155 801 hostiliter
1191 780 1279 800 acce-

269 830 394 863 dentes,
427 826 655 856 canonicorum
691 825 793 864 plebis
820 825 962 863 ejusdem
992 825 1103 855 domos
1132 825 1279 863 nequiter

269 880 446 911 collidendo
467 879 637 917 lapidibus,
663 879 770 908 fractis
790 879 884 917 portis
912 878 1013 917 plebis
1035 877 1135 916 ipsius
1161 882 1190 907 et
1214 877 1278 906 cla-

271 935 360 964 vibus
383 933 479 963 hostii
504 932 692 971 campanilis
717 941 752 961 ac
780 931 923 961 sacristie
951 931 1089 969 predicte
1116 931 1216 969 plebis
1240 930 1278 960 de

269 988 458 1017 clericorum
494 986 642 1015 manibus
677 985 832 1015 violenter
867 985 999 1023 ereptis,
1029 984 1207 1023 campanile
1243 993 1279 1013 ac

270 1041 447 1070 sacristiam
467 1039 606 1079 predicta
623 1039 768 1068 detinent
789 1043 904 1068 temere
923 1043 1090 1077 occupata,
1108 1046 1278 1076 campanas

269 1094 460 1134 campanilis
501 1093 643 1131 ejusdem
676 1092 835 1130 generalis
871 1092 1033 1121 interdicti
1068 1096 1206 1129 tempore
1239 1091 1278 1120 ad

269 1158 379 1179 omnes
407 1148 500 1177 horas
527 1146 646 1185 pulsari
675 1146 863 1180 canonicas,
891 1154 953 1175 non
979 1145 1050 1175 sine
1075 1145 1176 1175 multo
1202 1154 1276 1175 con-

272 1207 389 1240 temptu
407 1200 543 1230 clavium
561 1224 566 1234 ,
585 1200 752 1233 facientes,
771 1208 806 1228 ac
833 1199 926 1229 etiam
949 1199 1048 1238 ipsius
1065 1205 1204 1238 tempore
1227 1199 1276 1228 in-

270 1254 392 1284 terdicti
409 1263 462 1292 per
478 1253 630 1292 quosdam
653 1252 784 1281 clericos
806 1252 838 1282 in
861 1252 971 1282 eadem
989 1252 1079 1290 plebe
1100 1261 1161 1282 non
1184 1252 1276 1281 insti-

272 1313 353 1337 tutos
368 1307 520 1336 canonice
538 1306 690 1335 celebrari
717 1305 764 1335 vel
787 1306 892 1335 verius
912 1305 1103 1344 prophanari
1122 1305 1231 1334 diviua
1248 1310 1278 1335 et

269 1361 410 1391 exbiberi
439 1360 595 1399 prohibita
623 1360 719 1389 etiam
746 1359 957 1389 ecclesiastica
984 1364 1196 1395 sacramenta,
1222 1368 1275 1388 ex·

269 1413 520 1444 comnmnicatos
553 1417 582 1441 et
611 1412 794 1442 interdictos
818 1411 976 1451 quoslibet
1003 1412 1042 1442 ad
1074 1421 1111 1442 ea
1138 1412 1276 1442 nichilo-

271 1468 378 1496 minus
393 1466 602 1496 admittendo.
621 1466 806 1496 Statuerunt
821 1466 953 1504 insuper
976 1470 1010 1495 ut
1027 1465 1134 1496 nullus
1149 1465 1276 1496 labora-

271 1526 372 1550 torum
390 1520 438 1549 vel
459 1520 669 1557 agricolarum
689 1519 831 1557 ejusdem
858 1519 953 1549 castri
979 1523 1076 1549 terras
1099 1518 1150 1549 vel
1166 1519 1276 1549 vineas

269 1573 473 1603 ecclesiarum
491 1573 732 1602 consistentium
748 1573 782 1602 in
804 1572 916 1602 eodem
934 1572 1077 1603 excolere
1092 1582 1149 1603 seu
1165 1573 1275 1603 domos

268 1627 444 1657 conducere
457 1626 505 1656 vel
524 1626 706 1655 inhabitare
724 1631 899 1665 presumat3
917 1626 1064 1666 quodque
1081 1636 1176 1657 nemo
1194 1628 1277 1666 ejus-

269 1680 340 1709 dem
364 1680 459 1708 castri
483 1689 554 1709 cum
578 1680 678 1718 ipsius
698 1679 821 1709 clericis
846 1680 878 1709 in
903 1680 1079 1710 sacerdotio
1097 1681 1275 1710 constitutis

268 1733 384 1762 audeat
405 1732 520 1762 liabere
540 1732 748 1771 colloquium,
768 1732 816 1761 vel
839 1733 878 1762 ad
895 1732 1044 1762 ecclesias
1060 1742 1171 1763 eorum
1187 1742 1275 1763 acce-

269 1787 354 1822 dere,
373 1786 420 1814 vel
441 1786 515 1824 ipsis
539 1786 678 1815 savorem
701 1786 841 1825 aliquem
867 1786 1039 1825 impertiri,
1059 1791 1112 1816 aut
1133 1788 1275 1826 cujusvis

268 1839 453 1877 impendere
470 1838 678 1868 humanitatis
693 1839 1165 1878 obsequium,etian1humanis
1181 1841 1275 1870 rebus

270 1892 434 1930 exemptis,
452 1892 634 1931 quinimmo
656 1892 720 1921 illis
743 1892 918 1930 denegetur
932 1893 1065 1923 omnino
1083 1893 1274 1923 beneficium

271 1945 483 1975 ecclesiastice
500 1945 673 1984 sepulture.
698 1946 904 1984 Compellunt
925 1955 1050 1985 quoque
1066 1955 1171 1978 coram
1189 1957 1221 1978 se
1240 1948 1275 1978 in

265 1999 388 2037 judicio
413 1998 544 2029 clericos
570 1999 772 2038 respondere,
790 2000 856 2038 qui,
876 2001 901 2030 si
929 2000 1007 2030 sorte
1026 2000 1056 2030 id
1079 2001 1203 2032 efficere
1225 2011 1276 2032 re-

272 2057 392 2087 nuant,
426 2052 511 2082 illico
544 2053 714 2090 capiuntur
743 2052 954 2083 carceralibus
985 2053 1120 2083 vinculis
1152 2056 1276 2085 manci-

271 2105 376 2143 pandi.
396 2104 531 2144 Aliaque
554 2104 693 2143 plurima
718 2105 904 2135 detestanda
928 2111 958 2136 et
983 2106 1151 2137 horribilia
1168 2113 1277 2139 contra

271 2159 477 2196 prepositum,
492 2158 666 2197 capitulum
681 2162 711 2187 et
726 2158 847 2188 clerum
865 2160 1030 2198 predictos,
1048 2164 1077 2190 et
1093 2161 1276 2200 hujusmodi

272 2213 433 2247 neg-'otium
463 2216 492 2241 et
528 2212 784 2242 circumstantias
817 2213 885 2251 ejus
920 2214 1084 2251 tangentia
1118 2220 1275 2253 statuere,

270 2265 419 2295 ordinare
442 2269 472 2294 et
489 2266 688 2296 committere
705 2274 768 2296 non
785 2271 972 2297 verentur...
990 2267 1096 2304 Quare
1112 2270 1275 2308 prepositi,

270 2319 399 2357 capituli
420 2322 449 2348 et
474 2318 549 2348 cleri
575 2319 788 2358 predictorum
810 2320 939 2358 supplex
966 2330 984 2350 a
1010 2322 1101 2351 nobis
1123 2323 1277 2354 instantia

271 2372 432 2409 flagitabat
449 2377 483 2401 ut
499 2382 592 2411 super
610 2373 706 2402 tantis
726 2378 755 2402 et
778 2375 841 2403 tam
862 2374 1012 2411 gravibus
1031 2375 1173 2414 ipsorum
1192 2377 1274 2415 peri-

269 2425 362 2461 culis,
390 2435 451 2464 que
479 2430 575 2456 tractu
603 2427 753 2465 temporis
781 2432 1042 2465 augmentantur,
1068 2429 1278 2467 dignaremur

269 2478 307 2508 de
324 2478 492 2516 apostolice
511 2479 594 2509 sedis
610 2479 781 2509 clementia
798 2480 1052 2511 misericorditer
1069 2483 1274 2520 providere...

271 2532 472 2561 Fraternitati
503 2537 554 2561 tue
582 2542 636 2571 per
663 2532 833 2572 apostolica
858 2535 973 2574 scripta
1000 2535 1031 2565 in
1062 2536 1179 2566 virtute
1201 2537 1277 2568 obe-

268 2584 390 2614 dientie
409 2585 549 2615 districte
569 2586 773 2625 precipiendo
795 2588 987 2617 mandamus
1006 2590 1158 2627 quatinus
1174 2594 1277 2628 potes-

272 2642 365 2667 tatem
385 2646 508 2668 necnon
531 2638 702 2669 consilium
725 2644 755 2669 et
773 2649 944 2671 commune
968 2642 1113 2681 prefatos,
1138 2652 1174 2673 ac
1199 2644 1277 2674 Ber-

271 2695 335 2719 tum
356 2691 507 2721 Fortioris
534 2697 562 2721 et
588 2693 794 2723 Thomasium
819 2693 968 2731 Satvutii,
990 2696 1120 2733 milites,
1141 2697 1278 2727 Cachia-

268 2752 429 2780 gucrram,
451 2745 605 2783 judicem,
623 2746 801 2776 Chiardum
819 2748 951 2783 Tudini,
972 2749 1144 2787 pliisicum‚
1168 2750 1277 2781 Comi-

272 2800 333 2825 tem
355 2797 548 2833 lticcardini,
567 2799 717 2829 Junctam
742 2800 920 2837 Paganelli,
938 2801 1094 2832 Cbelaum
1111 2804 1232 2834 Accolti
1249 2808 1280 2834 et.

272 2850 468 2880 Abdus-tium
484 2851 598 2889 Guidi,
616 2852 712 2882 laicos
729 2854 871 2892 ejusdem
891 2857 1002 2891 castri,
1021 2865 1156 2895 quorum
1176 2857 1277 2897 aliqui

273 2903 401 2932 sua-mut
420 2904 585 2941 hactenus,
607 2906 707 2944 aliqui
730 2916 803 2936 vero
825 2913 901 2937 sunt
925 2908 963 2937 ad
990 2919 1120 2947 presens
1148 2911 1184 2940 de
1209 2915 1278 2942 octo

273 2958 415 2992 personis
433 2958 592 2995 predictis,
611 2969 645 2988 ex
665 2965 750 2998 parte
769 2966 885 2997 nostra,
905 2971 958 3001 per
983 2967 1010 2991 te
1032 2963 1081 2992 vel
1104 2973 1157 3002 per
1177 2964 1277 2994 alium

274 3017 327 3036 svn
356 3009 444 3045 alios,
475 3011 596 3041 sublato
621 3013 792 3051 cujuslibet
817 3023 903 3044 more
930 3015 1108 3054 dispendio,
1134 3026 1278 3056 peremp-

277 3065 353 3090 torie
371 3062 466 3091 vitare
489 3073 634 3101 procures
657 3071 703 3101 ut,
722 3067 805 3095 infra
822 3067 1007 3105 quindecim
1024 3069 1090 3099 dies
1108 3074 1174 3108 post
1198 3071 1277 3100 cita-

1364 452 1480 480 tionem
1500 451 1704 489 hnjusmodi,
1719 454 1854 489 potestas
1870 454 1900 479 et
1917 449 2033 479 milites
2051 458 2086 480 ac
2105 449 2179 480 laici
2198 451 2372 490 supradicti

1363 503 1588 542 personaliter,
1620 502 1732 542 prefati
1760 510 1833 532 vero
1858 501 2032 532 consilium
2060 506 2091 532 et
2116 511 2288 534 commune
2319 513 2372 544 per

1362 556 1535 594 syndicum
1558 555 1607 585 vel
1631 564 1686 594 per
1711 559 1949 594 procuratorem
1967 555 2131 594 ydoneum
2157 555 2197 585 ad
2224 555 2283 586 hoc
2303 566 2371 596 spe-

1361 609 1483 639 cialiter
1509 609 1733 645 constitutum,
1762 613 1968 648 compareant
1992 617 2098 639 coram
2126 609 2230 646 nobis,
2256 611 2372 642 nostris

1361 672 1456 701 super
1483 662 1647 701 premissis
1674 661 1886 700 beneplacitis
1913 667 1942 691 et
1968 662 2130 692 mandatis
2153 662 2320 693 humiliter
2343 668 2372 694 et

1361 716 1532 745 efficaciter
1558 715 1705 754 parituri.
1726 716 1844 754 Aperte
1863 715 2066 754 predicturus
2087 715 2208 746 eisdem
2228 716 2327 756 quod,
2345 719 2372 748 si

1361 777 1544 807 comparere
1563 767 1763 806 neglexerint
1787 768 1820 797 in
1843 768 1954 798 eodeni
1980 769 2116 799 termino
2135 777 2242 799 coram
2264 770 2370 809 nobis,

1363 830 1431 857 nos,
1459 821 1497 851 ad
1526 821 1669 860 ipsorum
1695 820 1923 851 conterendam
1952 821 2135 860 superbiam
2168 826 2199 852 et
2216 821 2372 854 malitiam

1360 874 1623 910 conculcandam,
1641 878 1751 904 contra
1777 882 1830 904 eos
1855 878 1886 903 et
1912 879 2028 904 terram
2056 875 2201 913 ipsorum
2225 875 2266 905 ad
2293 875 2373 907 alias

1361 927 1541 966 spirituales
1556 933 1586 958 et
1603 928 1791 966 temporales
1810 936 1918 967 penas
1933 928 1972 958 de
1987 929 2104 967 quibus
2118 928 2267 968 expedire
2284 929 2373 961 vide—

1361 981 1479 1015 bimus,
1503 981 1721 1019 procedemus.
1742 981 1985 1011 Nichilominus
2007 981 2161 1012 adversus
2179 991 2232 1012 eos
2255 986 2286 1013 et
2308 987 2372 1013 ter-

1361 1043 1428 1064 ram
1457 1034 1560 1073 ipsam
1591 1034 1771 1064 invocando
1800 1034 1925 1064 brachii
1952 1035 2107 1065 secularis
2135 1035 2312 1074 auxilium,
2337 1044 2373 1068 ac

1360 1088 1457 1117 etiam
1485 1087 1630 1117 civitates
1661 1092 1691 1117 et
1720 1087 1788 1118 loca
1816 1088 1920 1118 eidem
1955 1093 2036 1118 terre
2065 1089 2193 1126 vicina,
2226 1092 2320 1128 prout
2343 1094 2374 1120 et

1360 1140 1490 1179 quando
1518 1141 1689 1179 expediens
1718 1141 1785 1171 fore
1812 1141 2008 1180 putabimus,
2036 1141 2230 1180 generaliter
2255 1150 2372 1174 convo-

1360 1194 1472 1225 cando.
1503 1195 1596 1224 Diem
1621 1203 1697 1225 vero
1724 1194 1925 1225 citationis...
1956 1195 2028 1225 Dat.
2054 1195 2139 1235 apud
2162 1195 2372 1227 Urbemvete-

1360 1257 1440 1285 rem,
1458 1248 1552 1278 nouis
1568 1248 1766 1284 novembris,
1783 1256 1869 1279 auno
1886 1248 1990 1278 tertio.
2011 1261 2024 1275 n

1430 1421 1547 1450 3582
1894 1421 2022 1453 Orvieto,
2040 1422 2070 1449 31
2088 1421 2205 1449 octobre
2221 1422 2300 1450 1290.

1396 1484 1523 1511 Licentia
1538 1485 1713 1511 monasterio
1729 1484 1827 1511 Sancti
1846 1483 1923 1511 Pauli
1940 1485 1975 1511 de
1986 1484 2066 1512 Urbe
2081 1492 2220 1512 concessa
2229 1484 2370 1513 alienandi

1359 1534 1498 1568 quasdam
1516 1534 1730 1569 possessiones.
1748 1533 1831 1566 (Rae.
1849 1534 1892 1567 45,
1909 1542 1933 1561 c.
1953 1535 2015 1569 511,
2032 1534 2051 1560 s.
2070 1534 2119 1561 104
2135 1535 2184 1567 Γ..)

1405 1631 1573 1660 Venerabili
1587 1631 1684 1667 fratri
1702 1653 1722 1661 ..
1740 1631 1873 1668 episcopo
1888 1631 1980 1660 Esino
1995 1630 2154 1660 commitit
2171 1633 2215 1668 ut,
2233 1630 2259 1660 si
2277 1638 2371 1670 expe-

1358 1684 1451 1714 diens
1472 1684 1603 1720 viderit,
1624 1683 1839 1722 inquisitione
1865 1683 1962 1720 facta,
1982 1707 2002 1714 ..
2020 1683 2127 1714 abbati
2148 1687 2178 1714 et
2198 1684 2370 1715 conventui

1359 1737 1544 1768 monasterii
1580 1737 1690 1768 Sancti
1715 1737 1809 1767 Pauli
1834 1736 1873 1767 de
1903 1737 1991 1768 Urbe
2020 1737 2185 1768 licentiam
2215 1736 2372 1776 largiatur

1358 1791 1506 1821 mutandi
1530 1791 1684 1830 quasdam
1706 1790 1939 1829 possessiones,
1963 1799 2102 1830 quarum
2123 1790 2254 1830 aliquae
2282 1799 2370 1822 com-

1358 1845 1492 1882 mixtae,
1510 1844 1592 1874 aliae
1610 1853 1683 1874 vero
1700 1844 1826 1874 ,vicinae
1844 1848 1920 1874 sunt
1941 1844 2137 1883 quibusdam
2160 1844 2370 1884 possessioni-

1358 1898 1417 1928 bus
1437 1897 1587 1929 ecclesiae
1601 1897 1710 1928 Sancti
1730 1897 1893 1927 Eustachii
1917 1897 1956 1927 de
1972 1898 2060 1928 Urbe
2083 1907 2119 1928 ac
2137 1897 2370 1929 nonnullarum

1359 1960 1569 1991 personarum
1587 1950 1877 1981 ecclesiasticarum
1892 1959 1929 1981 ac
1943 1950 2105 1982 civilium.

1401 2017 1415 2032 «
1441 2005 1663 2044 Exposuerunt
1678 2004 1770 2034 nobis
1786 2003 1934 2034 dilecti...
1947 2021 1986 2026 —
2003 2004 2074 2034 Dat.
2092 2004 2176 2044 apud
2194 2004 2370 2036 Urbemve-

1362 2064 1471 2097 terem,
1490 2068 1511 2089 11
1531 2058 1684 2089 kalendas
1701 2058 1898 2095 novembris,
1916 2067 2004 2089 anno
2021 2058 2124 2090 tertio.
2145 2070 2159 2086 »

1431 2233 1550 2263 3583

1396 2295 1500 2322 Contra
1516 2303 1567 2322 eos
1583 2295 1647 2330 qui,
1664 2295 1768 2321 fratres
1782 2294 1907 2329 Templi,
1927 2293 2085 2330 Hospitalis
2107 2297 2156 2321 aut
2177 2293 2297 2321 aliorum
2321 2293 2372 2320 do—

1361 2353 1472 2371 morum
1491 2344 1542 2371 Dei
1563 2348 1591 2370 et
1614 2343 1797 2378 hospitalium
1818 2352 1849 2370 se
1873 2344 1943 2370 false
1965 2343 2111 2375 dicentes,
2128 2343 2330 2379 eleemosynas
2343 2346 2372 2370 et

1359 2395 1413 2421 alia
1431 2397 1581 2429 quaerunt⁴
1600 2393 1683 2428 (Res.
1701 2393 1748 2426 45,
1766 2401 1791 2419 c.
1810 2392 1871 2423 512,
1892 2393 1912 2419 s.
1932 2392 1978 2419 104
1996 2395 2042 2424 rm)

1889 2231 2022 2267 Orvieto‚
2041 2232 2069 2258 11
2088 2231 2206 2259 octobre
2223 2231 2301 2259 1290.

1407 2484 1571 2513 Venerabili
1595 2483 1690 2519 fratri
1713 2483 1935 2520 archiepiscopo
1960 2483 2139 2519 Maquntino
2166 2486 2193 2511 et
2217 2482 2281 2519 ejus
2304 2481 2371 2518 sus-

1360 2538 1528 2575 srayaneis.
1564 2548 1579 2563 «
1613 2535 1767 2566 Pervenit
1801 2535 1841 2565 ad
1875 2535 2076 2565 audientiam
2113 2538 2254 2565 nostram
2287 2533 2370 2574 quod

1361 2590 1509 2621 nonnulli
1544 2589 1724 2629 iniquitatis
1756 2588 1836 2626 filii,
1868 2597 1901 2619 se
1934 2589 2047 2619 tratres
2076 2587 2194 2619 militie
2225 2587 2369 2627 Templi,

1362 2644 1535 2683 Hospitalis
1566 2643 1673 2674 Sancti
1706 2642 1868 2673 Joliannis
1896 2641 2152 2672 Jerosolimitani
2177 2645 2208 2672 et
2235 2641 2371 2673 aliorum

1361 2697 1562 2728 diversorum
1579 2697 1730 2727 ordinum
1750 2696 1919 2727 domorum
1936 2696 1997 2726 Dei
2016 2700 2046 2726 et
2061 2695 2269 2735 hospitalium
2285 2704 2371 2726 asse-

1362 2755 1480 2788 rentes,
1499 2760 1553 2790 per
1579 2750 1720 2780 diversas
1746 2750 1859 2780 mundi
1885 2749 2072 2789 provintias,
2102 2749 2263 2780 dictorum
2285 2748 2371 2780 ordi-

1363 2814 1459 2842 num,
1488 2804 1657 2835 domorum
1686 2809 1716 2834 et
1740 2803 1950 2842 hospitalium
1980 2803 2128 2840 nomine,
2159 2802 2369 2839 elemosinas,

1362 2857 1466 2896 legata
1488 2862 1518 2888 et
1536 2857 1742 2895 maleablata,
1761 2858 1884 2887 incerta
1901 2862 1930 2887 et
1946 2866 2008 2896 que
2026 2856 2105 2886 alias
2125 2856 2249 2887 ratione
2267 2855 2371 2896 predi-

1362 2911 1497 2941 cationis
1515 2911 1620 2941 crucis
1638 2911 1746 2941 offerri
1769 2911 1937 2948 contingit,
1960 2910 1994 2940 in
2018 2910 2115 2940 Terre
2131 2909 2246 2940 Sancte
2267 2908 2370 2939 subsi-

1362 2964 1452 2994 dium
1470 2965 1701 3000 convertenda,
1721 2969 1840 3003 petere,
1860 2963 2010 3002 colligere
2025 2972 2061 2993 ac
2079 2963 2115 2992 in
2135 2963 2278 3002 proprios
2296 2970 2371 2993 usus

1363 3022 1548 3048 convertere
1580 3018 1779 3057 dampnabili
1811 3018 1991 3048 temeritate
2020 3020 2221 3056 presumunt,
2252 3016 2285 3046 in
2315 3023 2371 3046 sue

1363 3070 1474 3101 salutis
1489 3071 1707 3110 dispendium,
1727 3071 1872 3101 fidelium
1890 3069 2077 3101 scandalum
2099 3073 2129 3099 et
2147 3077 2242 3108 grave
2260 3068 2369 3108 preju-
