2342 3652
900 359 1127 400 nnUXniMn
1148 360 1305 398 ΑΝΝΕΕ.
2083 375 2140 405 259

66 452 79 468 ι
104 437 241 469 Grandis
268 437 398 466 affectus
420 444 516 474 quem
543 435 583 465 ad
608 443 775 474 personam
806 439 893 465 tuam
922 436 1061 473 gerimus

61 491 173 523 merito
189 498 247 520 nos
263 489 389 518 inducit
404 493 438 518 ut
456 497 514 518 nos
529 489 563 517 in
578 488 642 518 hiis
662 492 823 527 promptos
838 489 985 518 invenias
1001 497 1063 527 que

61 544 116 576 tibi
138 543 273 573 debeant
298 550 366 572 esse
389 545 489 579 grata.
508 541 592 571 Sane
611 540 722 579 petitio
741 545 793 570 tua
813 541 904 570 nobis
922 541 1064 571 exhibita

61 595 237 628 continebat
255 594 354 633 quod,
383 592 545 632 quondam
571 592 687 622 comite
708 592 904 628 Tholosano,
924 593 978 632 qui
1002 597 1061 622 ter-

60 658 128 680 ram
142 647 318 686 Agennesii
329 670 336 681 ,
357 646 395 676 ad
413 650 481 676 tuos
494 644 727 684 progenitores,
745 650 780 674 ut
796 645 921 680 asseris,
940 646 977 674 de
991 647 1063 684 jure

61 704 268 742 spectantem,
288 704 362 729 tunc
378 698 531 737 temporis
546 720 554 734 ,
571 706 607 727 ex
630 697 725 727 certis
745 699 865 734 causis,
883 698 922 727 ab
942 698 1062 727 eisdem

60 752 309 795 progenitoribus
325 751 498 787 detinebat,
518 750 722 788 significante
744 750 846 780 felicis
869 750 1062 780 recordatio-

61 807 112 838 nis
124 806 311 836 Innocentio
326 814 404 844 pape
422 805 504 841 IIII,
523 804 739 843 predecessori
759 808 877 840 nostro,
895 804 980 842 quod
996 804 1062 841 ipse

61 860 144 892 infra
164 859 280 889 dictam
305 862 439 896 terram,
458 858 492 887 in
508 857 576 887 loco
594 856 744 887 videlicet
764 856 901 886 silvestri
920 861 949 886 et
967 857 1062 886 inha-

61 913 166 949 bitato,
183 911 387 949 Agennensis
403 910 549 947 diocesis,
569 910 608 940 de
625 918 758 939 assensu
779 909 952 945 diocesani,
971 909 1062 939 edifi-

61 963 348 1003 caveratquoddam
358 967 508 1000 castrum,
517 963 600 1001 quod
611 962 879 992 Grandecastrum
890 962 1063 1000 vulgariter

61 1017 236 1053 dicebatur,
255 1020 286 1046 et
303 1016 337 1045 in
354 1016 411 1046 illo
426 1016 610 1046 intendebat
630 1019 814 1045 construere
829 1015 1062 1053 parrochialem

61 1069 224 1102 ecclesiam
239 1069 376 1108 propriis
393 1069 573 1107 sumptibus
591 1072 622 1098 et
636 1068 763 1105 dotaref,
778 1068 881 1097 dictus
899 1069 1063 1106 predeces-

60 1131 109 1154 sor
133 1122 235 1152 eidem
262 1122 372 1152 comiti
400 1131 456 1161 per
476 1122 598 1152 litteras
623 1130 696 1151 suas
723 1121 842 1151 dicitur
867 1121 1062 1152 concessisse

59 1175 140 1216 quod
157 1175 225 1214 ipse
242 1175 296 1214 jus
312 1175 444 1205 haberet
463 1166 616 1205 rectorem
637 1175 672 1204 in
694 1175 762 1214 ipsa
783 1174 915 1204 ecclesia
932 1184 1062 1214 presen—

58 1228 156 1260 tandi.
176 1228 258 1258 Cum
274 1233 381 1258 autem
395 1251 403 1265 ,
421 1229 503 1259 sicut
518 1229 648 1265 asseris,
667 1228 778 1258 eadem
792 1232 884 1265 terra,
904 1237 977 1258 cnm
992 1238 1061 1258 cas-

56 1285 105 1324 tro
121 1285 150 1311 et
167 1280 298 1311 ecclesia
311 1282 474 1320 predictis,
495 1281 562 1319 tibi,
587 1291 643 1320 per
658 1282 718 1311 Dei
737 1281 886 1319 gratiam,
904 1282 944 1311 sit
963 1281 1062 1312 libere

57 1335 199 1366 restituta
213 1359 220 1373 ,
249 1335 403 1374 illamque
426 1335 589 1375 possideas
615 1335 745 1374 pacifice
766 1339 796 1365 et
819 1336 946 1374 quiete,
969 1336 1061 1366 nobis

57 1388 221 1420 humiliter
242 1388 429 1428 supplicasti
453 1392 486 1419 nt
505 1389 776 1428 presentationem
799 1389 929 1419 rectoris
950 1389 990 1418 in·
1010 1398 1061 1419 ea-

59 1441 130 1472 dem
159 1441 290 1472 ecclesia
320 1441 377 1472 tibi
406 1442 580 1472 concedere
607 1442 830 1480 dignaremur3
858 1451 916 1472 nos
941 1442 1059 1480 igitur,

57 1494 252 1526 attendentes
267 1495 353 1534 quod
368 1504 417 1525 res
433 1504 507 1525 cum
523 1504 620 1525 onere
637 1504 694 1525 suo
709 1495 840 1531 transit,
859 1496 922 1525 tuis
936 1496 1060 1534 petitio-

57 1547 151 1578 nibus
172 1548 346 1587 benignius
374 1552 572 1585 annuentes,
600 1549 684 1588 quod
706 1549 740 1578 in
766 1549 899 1579 ecclesia
921 1550 1058 1588 prefata,

57 1609 128 1632 cum
148 1602 286 1639 vacabit,
306 1602 359 1641 jus
382 1602 500 1632 habeas
517 1602 722 1641 presentandi
741 1607 913 1640 rectorem,
932 1602 1060 1633 celsitu-

58 1654 126 1685 dini
156 1655 243 1693 regie
274 1655 458 1685 auctoritate
488 1656 685 1694 presentium
718 1655 937 1694 indulgemus.
969 1656 1061 1686 Nulli

58 1715 130 1746 ergo
146 1711 203 1738 etc.
221 1711 328 1738 nostre
345 1708 560 1739 concessionis
575 1712 633 1739 etc.
651 1709 722 1738 Dat.
741 1713 775 1738 ut
791 1717 896 1747 supra.
914 1720 928 1735 ›>

124 1853 234 1881 1263
670 1854 758 1886 Rieti,
779 1854 810 1881 18
827 1855 895 1882 aout
910 1854 990 1883 1289.

91 1913 271 1942 Confirmatio
287 1915 404 1950 regulae
420 1915 530 1943 ordinis
545 1915 580 1942 de
595 1915 785 1943 Poenitentia.
803 1916 886 1949 (Res.
903 1917 946 1951 44,
959 1925 985 1943 c.
999 1917 1058 1948 405,

56 1963 76 1991 f.
93 1963 141 1991 197
157 1969 200 1996 r⁰;
216 1963 322 1991 Po'rm.
339 1964 451 1997 23044.)

95 2052 211 2082 Dilectis
229 2052 304 2089 filiis
319 2053 469 2089 fratribus
484 2058 510 2081 et
528 2052 641 2083 dilectis
657 2055 691 2083 in
708 2054 824 2083 Christo
837 2054 960 2092 filiabus
975 2064 1061 2084 soro-

57 2105 140 2135 ribus
153 2107 271 2135 ordinis
289 2108 424 2143 fratrum
439 2107 472 2135 de
485 2107 672 2143 Penitentia,
693 2112 755 2136 tam
768 2109 953 2145 presentibus
968 2118 1061 2146 qaam

57 2159 181 2196 futuris,
196 2159 341 2197 regulam
356 2159 400 2189 eis
415 2169 433 2189 a
450 2160 482 2190 S.
501 2160 672 2190 Francisco
689 2160 850 2197 dictatam,
868 2161 1062 2200 quibusdam

73 2212 195 2242 statutis
211 2213 359 2252 adjectis,
381 2213 562 2243 confirmat.

97 2277 112 2293 «
131 2265 232 2305 Supra
249 2271 391 2296 montem
410 2267 602 2297 catholice...
621 2284 660 2290 —
675 2268 746 2298 Dat.
762 2268 878 2306 Reate,
894 2278 934 2298 xv
952 2269 1062 2298 kalen-

59 2317 112 2349 das
128 2319 332 2358 septembris,
350 2329 436 2350 anno
452 2320 601 2351 secundo.
623 2333 637 2348 n

129 2465 243 2494 1284

93 2525 219 2554 Licentia
235 2528 333 2554 utendi
349 2528 432 2563 pileis
448 2532 476 2555 et
490 2529 622 2556 almuciis
636 2529 665 2556 in
682 2529 844 2557 divinorum
860 2531 1060 2558 celebratione.

61 2574 140 2609 (Rau.
157 2576 200 2607 44,
217 2585 242 2603 c.
261 2577 320 2609 406,
338 2577 357 2604 f.
376 2577 426 2604 ¹98
442 2579 494 2611 vo.)

647 2466 734 2498 Rieti,
753 2467 783 2494 31
799 2467 894 2502 juillet
911 2467 988 2495 1289.

99 2685 119 2693 ..
134 2666 236 2703 priori
253 2669 279 2694 et
296 2667 429 2703 capitulo
445 2667 561 2696 ecclesie
582 2667 814 2704 Wiyorniensis,
832 2668 947 2698 ordinis
962 2668 992 2699 S.
1011 2669 1063 2698 Be-

60 2717 186 2754 nedicti,
203 2717 385 2748 facultatem
405 2719 549 2749 concedit
570 2719 683 2750 utendi
704 2720 796 2758 pileis
823 2729 878 2750 seu
895 2720 1062 2758 almuciis,

60 2777 124 2800 non
141 2771 284 2808 curiosis,
302 2772 335 2801 in
352 2772 536 2803 divinorum
553 2772 773 2808 celebratione,
795 2778 824 2803 et
841 2774 875 2803 in
892 2774 1064 2812 processio-

60 2821 171 2860 nibus3
191 2823 236 2853 ita
252 2827 358 2854 tamen
380 2825 465 2863 quod
482 2825 517 2854 in
541 2825 678 2855 lectione
697 2826 879 2864 evangelica
895 2832 924 2856 et
944 2827 979 2855 in
998 2826 1063 2856 ele-

60 2875 186 2907 vatione
197 2878 337 2916 corporis
347 2878 366 2908 J
370 2887 424 2908 esu
437 2877 560 2908 Christi
576 2883 633 2909 etc.
651 2879 757 2908 debita
767 2880 947 2909 reverentia
956 2879 1064 2909 obser-

61 2932 160 2960 vetur.

104 2994 118 3010 α
137 2984 262 3015 Meritis
281 2989 385 3015 vestre
407 2984 610 3022 religionis...
628 3001 666 3006 -
684 2985 756 3015 Dat.
778 2986 892 3022 Reate,
915 2995 935 3014 11
951 2984 1065 3014 kalen-

63 3035 117 3066 das
132 3038 271 3076 augusti,
290 3047 376 3069 anno
394 3037 545 3068 secundo.
566 3050 579 3064 ¹>

1216 435 1330 463 1285
1753 437 1843 469 Rieti,
1863 439 1894 466 ts
1909 440 1976 465 aout
1993 439 2069 468 1289.

1178 495 1392 531 Exemptiones.
1412 498 1493 530 (Rae.
1512 499 1554 530 44,
1570 507 1594 525 c.
1614 499 1675 532 407,
1691 500 1711 526 t.
1731 500 1778 527 198
1796 501 1846 532 νῦ.)

1187 597 1335 627 Universis
1352 599 1508 628 abbatissis
1529 605 1553 628 et
1576 602 1771 630 conventibus
1793 610 1931 631 sororum
1952 603 2142 634 inclusarum

1144 653 1398 680 monasteriorum
1421 653 1539 681 ordinis
1556 653 1662 683 Sancte
1685 654 1781 685 Clare.
1799 655 1875 692 Eas,
1898 656 1937 685 ad
1956 656 2055 686 instar
2070 657 2143 687 Cle-

1143 703 1262 732 mentis
1278 704 1360 740 IIII,
1377 704 1416 733 ab
1432 705 1579 734 omnibus
1596 706 1810 736 exactionibus
1825 732 1830 743 ,
1850 707 1986 738 collectis
2002 709 2051 739 vel
2067 710 2143 740 sub—

1144 755 1235 785 sidiis
1250 761 1418 795 exemptat.

1185 820 1199 834 «
1219 808 1344 843 Quanto
1363 809 1535 839 studiosius
1551 810 1698 840 devota...
1715 828 1753 832 —
1770 812 1839 841 Dat.
1858 814 1965 850 Reate,
1982 824 2021 844 xv
2036 814 2143 845 kalen-

1144 860 1199 890 das
1213 862 1414 900 septembris,
1433 871 1517 892 anno
1533 863 1681 892 secundo.
1701 876 1714 890 »

1218 1038 1460 1067 1286-126'2
1762 1041 1848 1075 Rieti,
1865 1042 1897 1068 ΞΤ
1914 1043 1980 1069 aont
1997 1043 2074 1070 1289.

1180 1101 1389 1136 Indulgentiae.
1409 1102 1490 1135 (Rae.
1509 1103 1550 1133 44,
1565 1111 1589 1129 c.
1607 1103 1670 1134 408,
1687 1104 1705 1129 f.
1727 1104 1773 1130 198
1789 1111 1834 1137 v⁰;
1852 1104 1956 1131 Porra.
1973 1105 2081 1139 23055.)

1187 1204 1340 1233 Universis
1361 1204 1472 1233 Christi
1494 1205 1632 1241 fidelibus
1648 1210 1798 1243 presentes
1819 1207 1932 1235 litteras
1954 1207 2145 1244 inspecturis.

1143 1257 1501 1295 Indulgentiamssunins
1523 1258 1601 1287 anni
1622 1263 1652 1287 et
1672 1268 1709 1288 xi.
1729 1259 1852 1288 dierum
1871 1260 2014 1290 concedit
2029 1261 2074 1290 eis
2091 1262 2146 1301 qui

1144 1310 1310 1341 ecclesiam
1327 1311 1514 1341 monasterii
1531 1311 1665 1342 Sanctae
1681 1313 1797 1342 Luciae
1814 1313 1941 1343 Reatini
1958 1338 1964 1350 ,
1983 1314 2023 1343 ad
2041 1324 2146 1346 roma-

1143 1372 1218 1393 nam
1235 1364 1400 1394 ecclesiam
1417 1364 1505 1394 nullo
1524 1364 1629 1394 medio
1647 1365 1852 1403 pertinentis,
1873 1366 1996 1396 ordinis
2012 1367 2146 1399 Sanctae

1143 1416 1272 1451 Clarae,
1292 1417 1325 1446 in
1342 1422 1466 1447 sanctae
1483 1418 1598 1447 Luciae
1618 1419 1860 1456 festivitatibus,
1875 1424 1905 1449 et
1920 1429 1976 1458 per
1994 1424 2062 1451 octo
2077 1421 2146 1452 dies

1144 1475 1324 1509 sequentes,
1342 1471 1556 1501 visitaverint.

1189 1537 1200 1550 ιι
1218 1525 1290 1554 Vite
1310 1525 1490 1563 perempnis
1509 1525 1647 1562 gloria...
1664 1543 1702 1548 —
1721 1526 1792 1555 Dat.
1813 1526 1928 1563 Reate,
1946 1536 1977 1556 vi
1993 1527 2146 1558 kalendas

1144 1578 1330 1616 septembris
1345 1602 1351 1614 ,
1368 1586 1454 1607 anno
1471 1578 1619 1607 secundo.
1640 1590 1654 1605 »

1757 1657 1847 1691 Paeti,
1866 1659 1895 1685 31
1914 1659 1980 1685 aont
1999 1659 2064 1686 1289

1183 1720 1221 1749 In
1245 1729 1272 1749 e.
1296 1729 1340 1748 m.
1366 1719 1498 1749 eisdem.
1520 1719 1662 1749 Eandem
1685 1720 1922 1758 indulgentiam
1939 1721 2082 1751 concedit
2102 1722 2146 1751 eis

1144 1773 1200 1812 qui
1217 1773 1382 1803 ecclesiam
1397 1773 1611 1803 cathedralem
1627 1774 1829 1811 Aquensem,
1848 1773 1955 1803 Sancti
1975 1774 2146 1805 Salvatoris

1144 1827 1275 1856 nomine
1291 1826 1491 1864 insignitam,
1510 1826 1545 1855 in
1564 1826 1595 1856 S.
1614 1826 1785 1856 Salvatoris
1804 1831 1834 1856 et
1850 1827 1881 1856 S.
1900 1827 2068 1857 Maximini
2083 1828 2147 1857 fes-

1146 1880 1334 1917 tivitatibus,
1353 1885 1383 1909 et
1399 1889 1454 1919 per
1471 1884 1539 1910 octo
1555 1880 1622 1909 dies
1639 1884 1822 1918 sequentes,
1844 1880 2055 1910 visitaverint.
2075 1881 2144 1911 Dat.

1146 1934 1253 1970 Reate,
1272 1943 1292 1962 11
1311 1933 1465 1963 kalendas
1482 1933 1683 1972 septembris,
1698 1942 1783 1963 anno
1797 1934 1935 1963 secundo
1948 1934 2004 1972 (En
2020 1934 2146 1974 marye).

1219 2106 1333 2135 1288

1180 2169 1390 2195 immunitates.
1408 2168 1490 2201 (Rae.
1509 2169 1551 2199 44,
1567 2176 1592 2195 c.
1610 2168 1682 2202 4082,
1699 2168 1716 2194 s.
1738 2169 1787 2195 198
1803 2174 1851 2201 v0;
1870 2168 1974 2196 Porrn.
1992 2168 2100 2201 23056.)

1759 2106 1849 2137 Paeti,
1867 2107 1899 2132 ‘27
1916 2107 1981 2132 aodt
2003 2107 2077 2134 1289.

1186 2294 1204 2302 ..
1224 2272 1367 2300 abbatisse
1383 2276 1409 2299 et
1424 2272 1583 2300 conventui
1600 2271 1778 2299 monasterii
1793 2271 1898 2300 Sancte
1913 2271 1999 2299 anie
2016 2271 2147 2307 Reatini,

1144 2325 1183 2354 ad
1208 2333 1370 2353 romanam
1394 2324 1545 2353 ecelesiam
1572 2323 1656 2352 nullo
1685 2324 1778 2352 medio
1804 2324 1999 2359 pertinentis,
2029 2324 2148 2352 ordinis

1144 2378 1174 2407 S.
1192 2378 1354 2413 Benedicti,
1368 2377 1536 2407 confirmat
1551 2376 1713 2405 indultum
1729 2384 1791 2414 quo
1809 2375 1990 2405 Alexander
2006 2376 2072 2405 IIII
2089 2376 2144 2411 eis,

1145 2435 1219 2461 tunc
1240 2430 1271 2460 S.
1290 2430 1439 2459 Damiani
1462 2429 1605 2467 regulam
1631 2429 1849 2464 servantibus,
1873 2429 2027 2458 concessit
2051 2433 2084 2458 ut
2107 2428 2145 2457 de

1144 2484 1394 2523 possessionibus
1411 2492 1465 2512 sen
1483 2481 1675 2512 molendinis
1692 2482 1757 2511 suis
1774 2481 1854 2510 nulli
1870 2481 2008 2511 decimas
2022 2481 2144 2511 solvere

1145 2540 1340 2567 tenerentur.

1187 2602 1200 2617 «
1219 2590 1320 2619 Favor
1336 2593 1437 2618 vestre
1453 2588 1658 2626 religionis...
1677 2605 1715 2609 -
1730 2588 1853 2628 Dat4ut
1869 2596 1974 2624 supra.
1997 2599 2010 2613 n

1220 2761 1332 2789 1289
1758 2757 1850 2790 Ricti,
1868 2757 1899 2783 23
1915 2757 1982 2782 nont
2001 2756 2076 2783 1‘289.

1181 2823 1387 2857 Indulgentiae.
1406 2821 1487 2854 (Rae.
1505 2821 1546 2852 44,
1565 2829 1590 2846 c.
1609 2820 1668 2854 409,
1686 2820 1705 2846 f.
1728 2820 1773 2846 109
1790 2826 1832 2852 i·⁰;
1856 2819 1920 2845 Lat).
1938 2828 1973 2845 nu
1988 2819 2091 2851 Tnssin,
2108 2818 2145 2851 11,

1146 2873 1220 2904 ⁶221.)

1191 2974 1341 3003 Universis
1360 2972 1474 3003 Christi
1489 2970 1624 3008 fidelibus
1642 2974 1793 3007 presentes
1820 2970 1936 2998 litteras
1958 2971 2146 3006 inspecturis,

1146 3038 1199 3067 per
1216 3027 1427 3056 Bitaricensem
1444 3048 1450 3060 ,
1471 3024 1679 3053 Carnolensein
1698 3027 1723 3051 et
1738 3023 1950 3052 Nfflernensem
1969 3023 2107 3052 civitates
2124 3026 2150 3052 et
