<?xml version="1.0" encoding="UTF-8"?>
<!DOCTYPE html PUBLIC "-//W3C//DTD XHTML 1.0 Transitional//EN"
    "http://www.w3.org/TR/xhtml1/DTD/xhtml1-transitional.dtd">
<html xmlns="http://www.w3.org/1999/xhtml" xml:lang="en" lang="en">
 <head>
  <title>
</title>
<meta http-equiv="Content-Type" content="text/html;charset=utf-8" />
  <meta name='ocr-system' content='tesseract 3.04.00' />
  <meta name='ocr-capabilities' content='ocr_page ocr_carea ocr_par ocr_line ocrx_word'/>
</head>
<body>
  <div class='ocr_page' id='page_1' title='image "./lesregistresdeni01romeuoft_0267.png"; bbox 0 0 2342 3652; ppageno 0'>
   <div class='ocr_carea' id='block_1_1' title="bbox 895 353 2134 397">
    <p class='ocr_par' dir='ltr' id='par_1_1' title="bbox 895 353 2134 397">
     <span class='ocr_line' id='line_1_1' title="bbox 895 353 2134 397; baseline 0.002 -3"><span class='ocrx_word' id='word_1_1' title='bbox 895 355 1123 395; x_wconf 73' lang='lat' dir='ltr'>DEUXIEME</span> <span class='ocrx_word' id='word_1_2' title='bbox 1139 353 1297 393; x_wconf 72' lang='lat' dir='ltr'>ANNEE.</span> <span class='ocrx_word' id='word_1_3' title='bbox 2079 367 2134 397; x_wconf 75' lang='lat'>257</span> 
     </span>
    </p>
   </div>
   <div class='ocr_carea' id='block_1_2' title="bbox 122 430 982 462">
    <p class='ocr_par' dir='ltr' id='par_1_2' title="bbox 122 430 982 462">
     <span class='ocr_line' id='line_1_2' title="bbox 122 430 982 462; baseline -0.006 -1"><span class='ocrx_word' id='word_1_4' title='bbox 122 433 237 462; x_wconf 67' lang='lat'>1248</span> <span class='ocrx_word' id='word_1_5' title='bbox 661 430 749 462; x_wconf 60' lang='lat' dir='ltr'>Rieu,</span> <span class='ocrx_word' id='word_1_6' title='bbox 768 430 806 456; x_wconf 56' lang='grc' dir='ltr'>1ΘΓ</span> <span class='ocrx_word' id='word_1_7' title='bbox 820 431 888 456; x_wconf 77' lang='lat' dir='ltr'>aoot</span> <span class='ocrx_word' id='word_1_8' title='bbox 905 430 982 457; x_wconf 69' lang='grc'>1289.</span> 
     </span>
    </p>
   </div>
   <div class='ocr_carea' id='block_1_3' title="bbox 51 490 1052 578">
    <p class='ocr_par' dir='ltr' id='par_1_3' title="bbox 51 490 1052 578">
     <span class='ocr_line' id='line_1_3' title="bbox 83 490 1052 528; baseline -0.006 -6"><span class='ocrx_word' id='word_1_9' title='bbox 83 495 185 522; x_wconf 86' lang='lat' dir='ltr'>Contra</span> <span class='ocrx_word' id='word_1_10' title='bbox 199 493 389 528; x_wconf 81' lang='lat' dir='ltr'><strong>pluralitatem</strong></span> <span class='ocrx_word' id='word_1_11' title='bbox 405 492 622 520; x_wconf 88' lang='lat' dir='ltr'>beneficiorum.</span> <span class='ocrx_word' id='word_1_12' title='bbox 635 491 718 525; x_wconf 70' lang='lat' dir='ltr'>(Rea.</span> <span class='ocrx_word' id='word_1_13' title='bbox 732 491 775 523; x_wconf 84' lang='lat'>44,</span> <span class='ocrx_word' id='word_1_14' title='bbox 788 500 814 518; x_wconf 86' lang='lat' dir='ltr'>e.</span> <span class='ocrx_word' id='word_1_15' title='bbox 833 490 905 522; x_wconf 73' lang='lat'>392²,</span> <span class='ocrx_word' id='word_1_16' title='bbox 922 491 942 517; x_wconf 89' lang='lat' dir='ltr'>f.</span> <span class='ocrx_word' id='word_1_17' title='bbox 954 491 1003 518; x_wconf 89' lang='lat'>195</span> <span class='ocrx_word' id='word_1_18' title='bbox 1013 497 1052 522; x_wconf 79' lang='lat' dir='ltr'><strong>vo,</strong></span> 
     </span>
     <span class='ocr_line' id='line_1_4' title="bbox 51 543 217 578; baseline -0.018 -6"><span class='ocrx_word' id='word_1_19' title='bbox 51 553 85 573; x_wconf 83' lang='lat' dir='ltr'>en</span> <span class='ocrx_word' id='word_1_20' title='bbox 99 543 217 578; x_wconf 88' lang='lat' dir='ltr'>marge.)</span> 
     </span>
    </p>
   </div>
   <div class='ocr_carea' id='block_1_4' title="bbox 51 640 1056 1003">
    <p class='ocr_par' dir='ltr' id='par_1_4' title="bbox 51 640 1056 894">
     <span class='ocr_line' id='line_1_5' title="bbox 88 640 1054 678; baseline -0.006 -3"><span class='ocrx_word' id='word_1_21' title='bbox 88 645 230 675; x_wconf 76' lang='lat' dir='ltr'>Nicotaus</span> <span class='ocrx_word' id='word_1_22' title='bbox 257 647 310 672; x_wconf 81' lang='lat' dir='ltr'>etc.</span> <span class='ocrx_word' id='word_1_23' title='bbox 347 642 515 671; x_wconf 76' lang='lat' dir='ltr'><em>Venerabili</em></span> <span class='ocrx_word' id='word_1_24' title='bbox 541 642 637 678; x_wconf 81' lang='lat' dir='ltr'>fratri</span> <span class='ocrx_word' id='word_1_25' title='bbox 659 641 807 677; x_wconf 85' lang='lat' dir='ltr'>Gerardo,</span> <span class='ocrx_word' id='word_1_26' title='bbox 836 640 1054 678; x_wconf 82' lang='lat' dir='ltr'><em>archiepiscopo</em></span> 
     </span>
     <span class='ocr_line' id='line_1_6' title="bbox 51 692 1056 736; baseline -0.008 -7"><span class='ocrx_word' id='word_1_27' title='bbox 51 698 239 736; x_wconf 71' lang='lat' dir='ltr'>uayumino,</span> <span class='ocrx_word' id='word_1_28' title='bbox 253 695 386 725; x_wconf 85' lang='lat' dir='ltr'>mandat</span> <span class='ocrx_word' id='word_1_29' title='bbox 396 698 554 733; x_wconf 88' lang='lat' dir='ltr'>quatenus</span> <span class='ocrx_word' id='word_1_30' title='bbox 569 702 587 723; x_wconf 86' lang='lat' dir='ltr'>a</span> <span class='ocrx_word' id='word_1_31' title='bbox 599 692 769 723; x_wconf 86' lang='lat' dir='ltr'>nonnullis</span> <span class='ocrx_word' id='word_1_32' title='bbox 784 692 908 722; x_wconf 86' lang='lat' dir='ltr'>clericis</span> <span class='ocrx_word' id='word_1_33' title='bbox 922 693 1056 730; x_wconf 88' lang='lat' dir='ltr'>Magun-</span> 
     </span>
     <span class='ocr_line' id='line_1_7' title="bbox 51 746 1054 786; baseline -0.009 -4"><span class='ocrx_word' id='word_1_34' title='bbox 51 751 135 782; x_wconf 81' lang='lat' dir='ltr'>tinae</span> <span class='ocrx_word' id='word_1_35' title='bbox 149 749 303 780; x_wconf 89' lang='lat' dir='ltr'>dioecesis</span> <span class='ocrx_word' id='word_1_36' title='bbox 323 748 378 786; x_wconf 90' lang='lat' dir='ltr'>qui</span> <span class='ocrx_word' id='word_1_37' title='bbox 393 747 485 786; x_wconf 85' lang='lat' dir='ltr'>plura</span> <span class='ocrx_word' id='word_1_38' title='bbox 499 746 655 776; x_wconf 88' lang='lat' dir='ltr'>beneficia</span> <span class='ocrx_word' id='word_1_39' title='bbox 676 749 705 776; x_wconf 88' lang='lat' dir='ltr'>et</span> <span class='ocrx_word' id='word_1_40' title='bbox 720 750 908 784; x_wconf 82' lang='lat' dir='ltr'>personatus</span> <span class='ocrx_word' id='word_1_41' title='bbox 923 768 929 780; x_wconf 93' lang='lat'>,</span> <span class='ocrx_word' id='word_1_42' title='bbox 944 753 1054 774; x_wconf 87' lang='lat' dir='ltr'>curam</span> 
     </span>
     <span class='ocr_line' id='line_1_8' title="bbox 51 799 1055 839; baseline -0.008 -4"><span class='ocrx_word' id='word_1_43' title='bbox 51 804 232 836; x_wconf 80' lang='lat' dir='ltr'>animarum</span> <span class='ocrx_word' id='word_1_44' title='bbox 248 801 401 832; x_wconf 87' lang='lat' dir='ltr'>habentia</span> <span class='ocrx_word' id='word_1_45' title='bbox 412 825 419 838; x_wconf 92' lang='lat'>,</span> <span class='ocrx_word' id='word_1_46' title='bbox 437 801 506 830; x_wconf 89' lang='lat' dir='ltr'>sine</span> <span class='ocrx_word' id='word_1_47' title='bbox 524 800 762 839; x_wconf 81' lang='lat' dir='ltr'>dispensatione</span> <span class='ocrx_word' id='word_1_48' title='bbox 779 799 924 829; x_wconf 79' lang='lat' dir='ltr'>detinent</span> <span class='ocrx_word' id='word_1_49' title='bbox 940 802 1055 828; x_wconf 85' lang='lat' dir='ltr'>statuta</span> 
     </span>
     <span class='ocr_line' id='line_1_9' title="bbox 51 853 653 894; baseline -0.008 -5"><span class='ocrx_word' id='word_1_50' title='bbox 51 856 177 890; x_wconf 85' lang='lat' dir='ltr'>concilii</span> <span class='ocrx_word' id='word_1_51' title='bbox 191 855 353 894; x_wconf 87' lang='lat' dir='ltr'>generalis</span> <span class='ocrx_word' id='word_1_52' title='bbox 369 853 534 884; x_wconf 84' lang='lat' dir='ltr'>observari</span> <span class='ocrx_word' id='word_1_53' title='bbox 548 853 653 884; x_wconf 79' lang='lat' dir='ltr'>faciat.</span> 
     </span>
    </p>

    <p class='ocr_par' dir='ltr' id='par_1_5' title="bbox 51 904 1053 1003">
     <span class='ocr_line' id='line_1_10' title="bbox 92 904 1053 942; baseline -0.005 -3"><span class='ocrx_word' id='word_1_54' title='bbox 92 923 107 939; x_wconf 93' lang='lat'>«</span> <span class='ocrx_word' id='word_1_55' title='bbox 122 910 190 939; x_wconf 89' lang='lat' dir='ltr'>Tua</span> <span class='ocrx_word' id='word_1_56' title='bbox 205 909 298 939; x_wconf 87' lang='lat' dir='ltr'>nobis</span> <span class='ocrx_word' id='word_1_57' title='bbox 313 908 532 938; x_wconf 85' lang='lat' dir='ltr'>fraternitas...</span> <span class='ocrx_word' id='word_1_58' title='bbox 550 923 590 930; x_wconf 96' lang='lat'>—</span> <span class='ocrx_word' id='word_1_59' title='bbox 606 906 679 936; x_wconf 89' lang='lat' dir='ltr'>Dat.</span> <span class='ocrx_word' id='word_1_60' title='bbox 696 906 812 942; x_wconf 84' lang='lat' dir='ltr'>Reate,</span> <span class='ocrx_word' id='word_1_61' title='bbox 830 904 978 935; x_wconf 86' lang='lat' dir='ltr'>kalendis</span> <span class='ocrx_word' id='word_1_62' title='bbox 988 914 1053 935; x_wconf 74' lang='lat' dir='ltr'>vau—</span> 
     </span>
     <span class='ocr_line' id='line_1_11' title="bbox 51 960 456 1003; baseline -0.012 -10"><span class='ocrx_word' id='word_1_63' title='bbox 51 963 152 1003; x_wconf 85' lang='lat' dir='ltr'>gusti,</span> <span class='ocrx_word' id='word_1_64' title='bbox 168 970 253 992; x_wconf 89' lang='lat' dir='ltr'>anno</span> <span class='ocrx_word' id='word_1_65' title='bbox 268 960 418 991; x_wconf 89' lang='lat' dir='ltr'>secundo.</span> <span class='ocrx_word' id='word_1_66' title='bbox 441 972 456 988; x_wconf 88' lang='lat'>»</span> 
     </span>
    </p>
   </div>
   <div class='ocr_carea' id='block_1_5' title="bbox 122 1134 236 1163">
    <p class='ocr_par' dir='ltr' id='par_1_6' title="bbox 122 1134 236 1163">
     <span class='ocr_line' id='line_1_12' title="bbox 122 1134 236 1163; baseline 0.009 -1"><span class='ocrx_word' id='word_1_67' title='bbox 122 1134 142 1162; x_wconf 84' lang='grc'><strong>1</strong></span> <span class='ocrx_word' id='word_1_68' title='bbox 150 1134 236 1163; x_wconf 74' lang='grc'>249</span> 
     </span>
    </p>
   </div>
   <div class='ocr_carea' id='block_1_6' title="bbox 47 1192 1053 1279">
    <p class='ocr_par' dir='ltr' id='par_1_7' title="bbox 47 1192 1053 1279">
     <span class='ocr_line' id='line_1_13' title="bbox 48 1192 1053 1231; baseline -0.005 -7"><span class='ocrx_word' id='word_1_69' title='bbox 48 1228 49 1231; x_wconf 16' lang='lat'>¹</span> <span class='ocrx_word' id='word_1_70' title='bbox 83 1196 218 1224; x_wconf 86' lang='lat' dir='ltr'>Facultas</span> <span class='ocrx_word' id='word_1_71' title='bbox 236 1195 361 1231; x_wconf 84' lang='lat' dir='ltr'>eligendi</span> <span class='ocrx_word' id='word_1_72' title='bbox 381 1195 577 1222; x_wconf 79' lang='lat' dir='ltr'>confessorem</span> <span class='ocrx_word' id='word_1_73' title='bbox 596 1194 755 1229; x_wconf 89' lang='lat' dir='ltr'>proprium.</span> <span class='ocrx_word' id='word_1_74' title='bbox 777 1192 858 1228; x_wconf 63' lang='lat' dir='ltr'>(Rae.</span> <span class='ocrx_word' id='word_1_75' title='bbox 881 1193 929 1227; x_wconf 82' lang='lat'>44,</span> <span class='ocrx_word' id='word_1_76' title='bbox 946 1201 971 1219; x_wconf 86' lang='lat' dir='ltr'>c.</span> <span class='ocrx_word' id='word_1_77' title='bbox 989 1192 1053 1226; x_wconf 84' lang='lat'><strong>393,</strong></span> 
     </span>
     <span class='ocr_line' id='line_1_14' title="bbox 47 1246 195 1279; baseline -0.027 -3"><span class='ocrx_word' id='word_1_78' title='bbox 47 1247 68 1276; x_wconf 73' lang='lat' dir='ltr'>f.</span> <span class='ocrx_word' id='word_1_79' title='bbox 85 1246 134 1274; x_wconf 79' lang='grc'>196</span> <span class='ocrx_word' id='word_1_80' title='bbox 146 1247 195 1279; x_wconf 81' lang='lat' dir='ltr'>r0.)</span> 
     </span>
    </p>
   </div>
   <div class='ocr_carea' id='block_1_7' title="bbox 662 1130 982 1163">
    <p class='ocr_par' dir='ltr' id='par_1_8' title="bbox 662 1130 982 1163">
     <span class='ocr_line' id='line_1_15' title="bbox 662 1130 982 1163; baseline -0.003 -5"><span class='ocrx_word' id='word_1_81' title='bbox 662 1131 751 1163; x_wconf 84' lang='lat' dir='ltr'>Rieti,</span> <span class='ocrx_word' id='word_1_82' title='bbox 767 1131 807 1157; x_wconf 68' lang='lat'><strong>4⁶¹·</strong></span> <span class='ocrx_word' id='word_1_83' title='bbox 820 1131 889 1157; x_wconf 76' lang='lat' dir='ltr'>aout</span> <span class='ocrx_word' id='word_1_84' title='bbox 904 1130 982 1157; x_wconf 70' lang='lat'>1289.</span> 
     </span>
    </p>
   </div>
   <div class='ocr_carea' id='block_1_8' title="bbox 44 1347 1054 1489">
    <p class='ocr_par' dir='ltr' id='par_1_9' title="bbox 44 1347 1054 1489">
     <span class='ocr_line' id='line_1_16' title="bbox 86 1347 202 1378; baseline -0.009 -1"><span class='ocrx_word' id='word_1_85' title='bbox 86 1347 202 1378; x_wconf 86' lang='lat' dir='ltr'>Eidem.</span> 
     </span>
     <span class='ocr_line' id='line_1_17' title="bbox 89 1397 1054 1438; baseline -0.001 -10"><span class='ocrx_word' id='word_1_86' title='bbox 89 1411 104 1428; x_wconf 71' lang='grc' dir='ltr'><strong>α</strong></span> <span class='ocrx_word' id='word_1_87' title='bbox 120 1399 269 1438; x_wconf 88' lang='lat' dir='ltr'>Benigno</span> <span class='ocrx_word' id='word_1_88' title='bbox 285 1399 342 1429; x_wconf 89' lang='lat' dir='ltr'>tibi</span> <span class='ocrx_word' id='word_1_89' title='bbox 355 1403 468 1430; x_wconf 88' lang='lat' dir='ltr'>sunt...</span> <span class='ocrx_word' id='word_1_90' title='bbox 479 1414 520 1421; x_wconf 98' lang='lat'>—</span> <span class='ocrx_word' id='word_1_91' title='bbox 534 1398 607 1429; x_wconf 83' lang='lat' dir='ltr'>Dat.</span> <span class='ocrx_word' id='word_1_92' title='bbox 622 1398 738 1435; x_wconf 88' lang='lat' dir='ltr'>Reate,</span> <span class='ocrx_word' id='word_1_93' title='bbox 754 1397 900 1428; x_wconf 84' lang='lat' dir='ltr'>kalendis</span> <span class='ocrx_word' id='word_1_94' title='bbox 915 1398 1054 1436; x_wconf 86' lang='lat' dir='ltr'>augusti,</span> 
     </span>
     <span class='ocr_line' id='line_1_18' title="bbox 44 1453 336 1489; baseline -0.01 -5"><span class='ocrx_word' id='word_1_95' title='bbox 44 1461 133 1489; x_wconf 67' lang='lat' dir='ltr'>,anno</span> <span class='ocrx_word' id='word_1_96' title='bbox 151 1453 302 1483; x_wconf 90' lang='lat' dir='ltr'>secundo.</span> <span class='ocrx_word' id='word_1_97' title='bbox 322 1465 336 1480; x_wconf 82' lang='grc'>»</span> 
     </span>
    </p>
   </div>
   <div class='ocr_carea' id='block_1_9' title="bbox 83 1600 983 1707">
    <p class='ocr_par' dir='ltr' id='par_1_10' title="bbox 83 1600 983 1707">
     <span class='ocr_line' id='line_1_19' title="bbox 121 1600 983 1642; baseline -0.002 -2"><span class='ocrx_word' id='word_1_98' title='bbox 121 1600 237 1640; x_wconf 68' lang='lat'><strong>125&#39;0</strong></span> <span class='ocrx_word' id='word_1_99' title='bbox 662 1610 748 1642; x_wconf 67' lang='lat' dir='ltr'>Rieu,</span> <span class='ocrx_word' id='word_1_100' title='bbox 768 1611 807 1637; x_wconf 75' lang='lat' dir='ltr'>ier</span> <span class='ocrx_word' id='word_1_101' title='bbox 822 1611 889 1637; x_wconf 53' lang='grc' dir='ltr'>δοίη</span> <span class='ocrx_word' id='word_1_102' title='bbox 905 1610 983 1638; x_wconf 76' lang='lat'>1289.</span> 
     </span>
     <span class='ocr_line' id='line_1_20' title="bbox 83 1672 935 1707; baseline -0.004 -6"><span class='ocrx_word' id='word_1_103' title='bbox 83 1673 127 1701; x_wconf 92' lang='lat' dir='ltr'>De</span> <span class='ocrx_word' id='word_1_104' title='bbox 141 1673 304 1701; x_wconf 85' lang='lat' dir='ltr'>visitatione</span> <span class='ocrx_word' id='word_1_105' title='bbox 317 1673 470 1701; x_wconf 88' lang='lat' dir='ltr'>dioecesis.</span> <span class='ocrx_word' id='word_1_106' title='bbox 487 1673 570 1707; x_wconf 74' lang='lat' dir='ltr'>(Rae.</span> <span class='ocrx_word' id='word_1_107' title='bbox 593 1673 641 1707; x_wconf 92' lang='lat'>44,</span> <span class='ocrx_word' id='word_1_108' title='bbox 659 1681 685 1700; x_wconf 84' lang='lat' dir='ltr'>c.</span> <span class='ocrx_word' id='word_1_109' title='bbox 702 1672 751 1700; x_wconf 89' lang='lat'><strong>394</strong></span> <span class='ocrx_word' id='word_1_110' title='bbox 762 1693 769 1706; x_wconf 95' lang='lat'><strong>,</strong></span> <span class='ocrx_word' id='word_1_111' title='bbox 787 1673 808 1699; x_wconf 81' lang='lat' dir='ltr'>f.</span> <span class='ocrx_word' id='word_1_112' title='bbox 823 1672 872 1700; x_wconf 85' lang='grc'>196</span> <span class='ocrx_word' id='word_1_113' title='bbox 888 1673 935 1706; x_wconf 84' lang='lat' dir='ltr'>r0.)</span> 
     </span>
    </p>
   </div>
   <div class='ocr_carea' id='block_1_10' title="bbox 50 1774 1057 1975">
    <p class='ocr_par' dir='ltr' id='par_1_11' title="bbox 50 1774 1057 1921">
     <span class='ocr_line' id='line_1_21' title="bbox 88 1774 1057 1811; baseline -0.002 -5"><span class='ocrx_word' id='word_1_114' title='bbox 88 1777 193 1806; x_wconf 82' lang='lat' dir='ltr'>Eidem</span> <span class='ocrx_word' id='word_1_115' title='bbox 218 1776 362 1806; x_wconf 82' lang='lat' dir='ltr'>concedit</span> <span class='ocrx_word' id='word_1_116' title='bbox 379 1779 413 1806; x_wconf 89' lang='lat' dir='ltr'>ut</span> <span class='ocrx_word' id='word_1_117' title='bbox 428 1775 643 1805; x_wconf 81' lang='lat' dir='ltr'>visitationem</span> <span class='ocrx_word' id='word_1_118' title='bbox 668 1774 836 1811; x_wconf 84' lang='lat' dir='ltr'>dioecesis,</span> <span class='ocrx_word' id='word_1_119' title='bbox 863 1774 891 1804; x_wconf 88' lang='lat' dir='ltr'>si</span> <span class='ocrx_word' id='word_1_120' title='bbox 908 1774 1057 1804; x_wconf 84' lang='lat' dir='ltr'>inchoata</span> 
     </span>
     <span class='ocr_line' id='line_1_22' title="bbox 50 1828 1057 1868; baseline -0.002 -8"><span class='ocrx_word' id='word_1_121' title='bbox 50 1829 146 1860; x_wconf 79' lang='lat' dir='ltr'>fuerit</span> <span class='ocrx_word' id='word_1_122' title='bbox 161 1833 192 1859; x_wconf 90' lang='lat' dir='ltr'>et</span> <span class='ocrx_word' id='word_1_123' title='bbox 204 1834 330 1868; x_wconf 89' lang='lat' dir='ltr'>propter</span> <span class='ocrx_word' id='word_1_124' title='bbox 345 1838 476 1867; x_wconf 84' lang='lat' dir='ltr'>guerras</span> <span class='ocrx_word' id='word_1_125' title='bbox 492 1837 661 1868; x_wconf 82' lang='lat' dir='ltr'>suspensa,</span> <span class='ocrx_word' id='word_1_126' title='bbox 679 1837 842 1859; x_wconf 86' lang='lat' dir='ltr'>resumere</span> <span class='ocrx_word' id='word_1_127' title='bbox 855 1837 891 1858; x_wconf 86' lang='lat' dir='ltr'>ac</span> <span class='ocrx_word' id='word_1_128' title='bbox 908 1828 1057 1867; x_wconf 87' lang='lat' dir='ltr'>perficere</span> 
     </span>
     <span class='ocr_line' id='line_1_23' title="bbox 50 1882 1054 1921; baseline -0.002 -8"><span class='ocrx_word' id='word_1_129' title='bbox 50 1882 162 1914; x_wconf 88' lang='lat' dir='ltr'>valeat.</span> <span class='ocrx_word' id='word_1_130' title='bbox 187 1883 413 1913; x_wconf 85' lang='lat' dir='ltr'>Praesentibus</span> <span class='ocrx_word' id='word_1_131' title='bbox 434 1886 504 1921; x_wconf 87' lang='lat' dir='ltr'>post</span> <span class='ocrx_word' id='word_1_132' title='bbox 523 1882 786 1921; x_wconf 86' lang='lat' dir='ltr'>quinquennium</span> <span class='ocrx_word' id='word_1_133' title='bbox 808 1890 872 1912; x_wconf 89' lang='lat' dir='ltr'>non</span> <span class='ocrx_word' id='word_1_134' title='bbox 896 1882 1054 1912; x_wconf 82' lang='lat' dir='ltr'>valituris.</span> 
     </span>
    </p>

    <p class='ocr_par' dir='ltr' id='par_1_12' title="bbox 91 1936 861 1975">
     <span class='ocr_line' id='line_1_24' title="bbox 91 1936 861 1975; baseline -0.003 -10"><span class='ocrx_word' id='word_1_135' title='bbox 91 1948 104 1964; x_wconf 82' lang='grc' dir='ltr'><strong>α</strong></span> <span class='ocrx_word' id='word_1_136' title='bbox 124 1936 176 1966; x_wconf 90' lang='lat' dir='ltr'>Ad</span> <span class='ocrx_word' id='word_1_137' title='bbox 190 1945 359 1975; x_wconf 87' lang='lat' dir='ltr'>personam</span> <span class='ocrx_word' id='word_1_138' title='bbox 377 1940 505 1966; x_wconf 87' lang='lat' dir='ltr'>tuam...</span> <span class='ocrx_word' id='word_1_139' title='bbox 526 1953 565 1957; x_wconf 90' lang='lat'><em>-</em></span> <span class='ocrx_word' id='word_1_140' title='bbox 583 1936 654 1965; x_wconf 89' lang='lat' dir='ltr'>Dat.</span> <span class='ocrx_word' id='word_1_141' title='bbox 671 1939 706 1965; x_wconf 89' lang='lat' dir='ltr'>ut</span> <span class='ocrx_word' id='word_1_142' title='bbox 721 1944 826 1974; x_wconf 88' lang='lat' dir='ltr'>supra.</span> <span class='ocrx_word' id='word_1_143' title='bbox 848 1946 861 1962; x_wconf 66' lang='grc' dir='ltr'>ιι</span> 
     </span>
    </p>
   </div>
   <div class='ocr_carea' id='block_1_11' title="bbox 86 2108 1056 2206">
    <p class='ocr_par' dir='ltr' id='par_1_13' title="bbox 86 2108 1056 2206">
     <span class='ocr_line' id='line_1_25' title="bbox 125 2108 984 2140; baseline -0.005 -2"><span class='ocrx_word' id='word_1_144' title='bbox 125 2109 238 2138; x_wconf 85' lang='grc'><strong>1251</strong></span> <span class='ocrx_word' id='word_1_145' title='bbox 654 2108 733 2135; x_wconf 80' lang='lat' dir='ltr'>Rieti</span> <span class='ocrx_word' id='word_1_146' title='bbox 747 2130 752 2140; x_wconf 92' lang='lat'><strong>,</strong></span> <span class='ocrx_word' id='word_1_147' title='bbox 769 2109 808 2134; x_wconf 64' lang='lat' dir='ltr'>‘le‘</span> <span class='ocrx_word' id='word_1_148' title='bbox 823 2109 890 2135; x_wconf 77' lang='lat' dir='ltr'>aout</span> <span class='ocrx_word' id='word_1_149' title='bbox 906 2108 984 2135; x_wconf 73' lang='lat'>1289.</span> 
     </span>
     <span class='ocr_line' id='line_1_26' title="bbox 86 2170 1056 2206; baseline 0 -9"><span class='ocrx_word' id='word_1_150' title='bbox 86 2170 218 2198; x_wconf 85' lang='lat' dir='ltr'>Facultas</span> <span class='ocrx_word' id='word_1_151' title='bbox 232 2170 356 2197; x_wconf 90' lang='lat' dir='ltr'>habendi</span> <span class='ocrx_word' id='word_1_152' title='bbox 369 2171 457 2197; x_wconf 85' lang='lat' dir='ltr'>altare</span> <span class='ocrx_word' id='word_1_153' title='bbox 470 2171 611 2206; x_wconf 86' lang='lat' dir='ltr'>portatile.</span> <span class='ocrx_word' id='word_1_154' title='bbox 629 2170 712 2203; x_wconf 74' lang='lat' dir='ltr'>(Rec.</span> <span class='ocrx_word' id='word_1_155' title='bbox 729 2170 771 2202; x_wconf 89' lang='lat'>44,</span> <span class='ocrx_word' id='word_1_156' title='bbox 785 2179 810 2197; x_wconf 90' lang='lat' dir='ltr'>c.</span> <span class='ocrx_word' id='word_1_157' title='bbox 825 2170 885 2205; x_wconf 78' lang='lat'>395,</span> <span class='ocrx_word' id='word_1_158' title='bbox 902 2171 922 2197; x_wconf 85' lang='lat' dir='ltr'>f.</span> <span class='ocrx_word' id='word_1_159' title='bbox 941 2170 990 2198; x_wconf 80' lang='lat'>196</span> <span class='ocrx_word' id='word_1_160' title='bbox 1006 2171 1056 2204; x_wconf 76' lang='lat' dir='ltr'>r0.)</span> 
     </span>
    </p>
   </div>
   <div class='ocr_carea' id='block_1_12' title="bbox 89 2273 986 2533">
    <p class='ocr_par' dir='ltr' id='par_1_14' title="bbox 89 2273 986 2533">
     <span class='ocr_line' id='line_1_27' title="bbox 89 2273 205 2302; baseline 0 0"><span class='ocrx_word' id='word_1_161' title='bbox 89 2273 205 2302; x_wconf 84' lang='lat' dir='ltr'>Eidem.</span> 
     </span>
     <span class='ocr_line' id='line_1_28' title="bbox 93 2326 920 2366; baseline 0 -12"><span class='ocrx_word' id='word_1_162' title='bbox 93 2337 106 2353; x_wconf 73' lang='grc' dir='ltr'><em>α</em></span> <span class='ocrx_word' id='word_1_163' title='bbox 125 2326 248 2356; x_wconf 87' lang='lat' dir='ltr'>Meritis</span> <span class='ocrx_word' id='word_1_164' title='bbox 264 2330 316 2356; x_wconf 92' lang='lat' dir='ltr'>tue</span> <span class='ocrx_word' id='word_1_165' title='bbox 332 2327 564 2357; x_wconf 80' lang='lat' dir='ltr'>sinceritatis...</span> <span class='ocrx_word' id='word_1_166' title='bbox 583 2343 622 2348; x_wconf 97' lang='lat'><strong>—</strong></span> <span class='ocrx_word' id='word_1_167' title='bbox 640 2326 712 2356; x_wconf 84' lang='lat' dir='ltr'>Dat.</span> <span class='ocrx_word' id='word_1_168' title='bbox 731 2329 767 2356; x_wconf 86' lang='lat' dir='ltr'>ut</span> <span class='ocrx_word' id='word_1_169' title='bbox 782 2335 888 2366; x_wconf 87' lang='lat' dir='ltr'>supra.</span> <span class='ocrx_word' id='word_1_170' title='bbox 906 2338 920 2353; x_wconf 68' lang='lat' dir='ltr'>r&gt;</span> 
     </span>
     <span class='ocr_line' id='line_1_29' title="bbox 125 2497 986 2533; baseline -0.002 -5"><span class='ocrx_word' id='word_1_171' title='bbox 125 2499 238 2530; x_wconf 67' lang='grc'><strong>1252</strong></span> <span class='ocrx_word' id='word_1_172' title='bbox 642 2498 734 2532; x_wconf 65' lang='lat' dir='ltr'>Rieu,</span> <span class='ocrx_word' id='word_1_173' title='bbox 752 2498 784 2525; x_wconf 70' lang='lat'>‘28</span> <span class='ocrx_word' id='word_1_174' title='bbox 797 2497 892 2533; x_wconf 80' lang='lat' dir='ltr'>juillet</span> <span class='ocrx_word' id='word_1_175' title='bbox 908 2498 986 2526; x_wconf 72' lang='lat'>1289.</span> 
     </span>
    </p>
   </div>
   <div class='ocr_carea' id='block_1_13' title="bbox 53 2561 1056 2646">
    <p class='ocr_par' dir='ltr' id='par_1_15' title="bbox 53 2561 1056 2646">
     <span class='ocr_line' id='line_1_30' title="bbox 87 2561 1056 2597; baseline -0.001 -8"><span class='ocrx_word' id='word_1_176' title='bbox 87 2561 134 2589; x_wconf 85' lang='lat' dir='ltr'>Ad</span> <span class='ocrx_word' id='word_1_177' title='bbox 154 2563 329 2590; x_wconf 86' lang='lat' dir='ltr'>solutionem</span> <span class='ocrx_word' id='word_1_178' title='bbox 345 2561 509 2589; x_wconf 88' lang='lat' dir='ltr'>debitorum</span> <span class='ocrx_word' id='word_1_179' title='bbox 531 2561 717 2597; x_wconf 87' lang='lat' dir='ltr'>Maguntinae</span> <span class='ocrx_word' id='word_1_180' title='bbox 740 2562 889 2589; x_wconf 87' lang='lat' dir='ltr'>ecclesiae.</span> <span class='ocrx_word' id='word_1_181' title='bbox 913 2561 994 2596; x_wconf 69' lang='lat' dir='ltr'>(Res.</span> <span class='ocrx_word' id='word_1_182' title='bbox 1013 2562 1056 2595; x_wconf 88' lang='lat'>44,</span> 
     </span>
     <span class='ocr_line' id='line_1_31' title="bbox 53 2610 328 2646; baseline 0 -8"><span class='ocrx_word' id='word_1_183' title='bbox 53 2618 79 2638; x_wconf 85' lang='lat' dir='ltr'>c.</span> <span class='ocrx_word' id='word_1_184' title='bbox 95 2610 164 2646; x_wconf 87' lang='lat'><strong>396,</strong></span> <span class='ocrx_word' id='word_1_185' title='bbox 180 2611 200 2638; x_wconf 80' lang='lat' dir='ltr'>f.</span> <span class='ocrx_word' id='word_1_186' title='bbox 217 2611 266 2639; x_wconf 81' lang='lat'>196</span> <span class='ocrx_word' id='word_1_187' title='bbox 282 2613 328 2644; x_wconf 78' lang='lat' dir='ltr'>ro.)</span> 
     </span>
    </p>
   </div>
   <div class='ocr_carea' id='block_1_14' title="bbox 52 2711 1058 3069">
    <p class='ocr_par' dir='ltr' id='par_1_16' title="bbox 52 2711 1058 2964">
     <span class='ocr_line' id='line_1_32' title="bbox 91 2711 1058 2751; baseline -0.002 -8"><span class='ocrx_word' id='word_1_188' title='bbox 91 2713 195 2743; x_wconf 84' lang='lat' dir='ltr'>Eidem</span> <span class='ocrx_word' id='word_1_189' title='bbox 208 2713 355 2743; x_wconf 87' lang='lat' dir='ltr'>concedit</span> <span class='ocrx_word' id='word_1_190' title='bbox 365 2716 400 2743; x_wconf 89' lang='lat' dir='ltr'>ut</span> <span class='ocrx_word' id='word_1_191' title='bbox 410 2713 531 2743; x_wconf 83' lang='lat' dir='ltr'>fructus</span> <span class='ocrx_word' id='word_1_192' title='bbox 545 2737 551 2750; x_wconf 95' lang='lat'>,</span> <span class='ocrx_word' id='word_1_193' title='bbox 569 2712 713 2743; x_wconf 86' lang='lat' dir='ltr'>redditus</span> <span class='ocrx_word' id='word_1_194' title='bbox 729 2716 759 2742; x_wconf 88' lang='lat' dir='ltr'>et</span> <span class='ocrx_word' id='word_1_195' title='bbox 774 2716 946 2751; x_wconf 90' lang='lat' dir='ltr'>proventus</span> <span class='ocrx_word' id='word_1_196' title='bbox 961 2711 1058 2751; x_wconf 86' lang='lat' dir='ltr'>primi</span> 
     </span>
     <span class='ocr_line' id='line_1_33' title="bbox 53 2764 1058 2804; baseline -0.001 -9"><span class='ocrx_word' id='word_1_197' title='bbox 53 2765 130 2796; x_wconf 85' lang='lat' dir='ltr'>anni</span> <span class='ocrx_word' id='word_1_198' title='bbox 145 2765 375 2795; x_wconf 89' lang='lat' dir='ltr'>beneficiorum</span> <span class='ocrx_word' id='word_1_199' title='bbox 393 2765 680 2796; x_wconf 85' lang='lat' dir='ltr'>ecclesiasticorum</span> <span class='ocrx_word' id='word_1_200' title='bbox 693 2766 821 2804; x_wconf 88' lang='lat' dir='ltr'>quaein</span> <span class='ocrx_word' id='word_1_201' title='bbox 838 2764 1013 2795; x_wconf 82' lang='lat' dir='ltr'>cathedrali</span> <span class='ocrx_word' id='word_1_202' title='bbox 1029 2770 1058 2795; x_wconf 84' lang='lat' dir='ltr'>et</span> 
     </span>
     <span class='ocr_line' id='line_1_34' title="bbox 53 2812 1056 2858; baseline -0.001 -10"><span class='ocrx_word' id='word_1_203' title='bbox 53 2818 126 2848; x_wconf 88' lang='lat' dir='ltr'>aliis</span> <span class='ocrx_word' id='word_1_204' title='bbox 143 2819 352 2857; x_wconf 86' lang='lat' dir='ltr'>Maguntinae</span> <span class='ocrx_word' id='word_1_205' title='bbox 367 2819 519 2849; x_wconf 86' lang='lat' dir='ltr'>dioecesis</span> <span class='ocrx_word' id='word_1_206' title='bbox 538 2812 679 2848; x_wconf 86' lang='lat' dir='ltr'>ecclesiis</span> <span class='ocrx_word' id='word_1_207' title='bbox 695 2827 796 2857; x_wconf 82' lang='lat' dir='ltr'>usque</span> <span class='ocrx_word' id='word_1_208' title='bbox 818 2819 857 2848; x_wconf 87' lang='lat' dir='ltr'>ad</span> <span class='ocrx_word' id='word_1_209' title='bbox 873 2819 1056 2858; x_wconf 88' lang='lat' dir='ltr'>quinquen-</span> 
     </span>
     <span class='ocr_line' id='line_1_35' title="bbox 52 2871 1056 2911; baseline -0.002 -10"><span class='ocrx_word' id='word_1_210' title='bbox 52 2871 145 2901; x_wconf 88' lang='lat' dir='ltr'>nium</span> <span class='ocrx_word' id='word_1_211' title='bbox 158 2872 316 2902; x_wconf 82' lang='lat' dir='ltr'>vacahunt</span> <span class='ocrx_word' id='word_1_212' title='bbox 329 2872 489 2911; x_wconf 85' lang='lat' dir='ltr'>percipere</span> <span class='ocrx_word' id='word_1_213' title='bbox 500 2872 608 2910; x_wconf 86' lang='lat' dir='ltr'>possit,</span> <span class='ocrx_word' id='word_1_214' title='bbox 620 2871 655 2900; x_wconf 87' lang='lat' dir='ltr'>in</span> <span class='ocrx_word' id='word_1_215' title='bbox 672 2871 863 2901; x_wconf 87' lang='lat' dir='ltr'>solutionem</span> <span class='ocrx_word' id='word_1_216' title='bbox 875 2871 1056 2900; x_wconf 82' lang='lat' dir='ltr'>debitorum</span> 
     </span>
     <span class='ocr_line' id='line_1_36' title="bbox 53 2924 689 2964; baseline -0.002 -9"><span class='ocrx_word' id='word_1_217' title='bbox 53 2925 203 2955; x_wconf 86' lang='lat' dir='ltr'>ecclesiae</span> <span class='ocrx_word' id='word_1_218' title='bbox 219 2926 429 2964; x_wconf 87' lang='lat' dir='ltr'>Maguntinae</span> <span class='ocrx_word' id='word_1_219' title='bbox 447 2924 689 2956; x_wconf 89' lang='lat' dir='ltr'>convertendos.</span> 
     </span>
    </p>

    <p class='ocr_par' dir='ltr' id='par_1_17' title="bbox 55 2976 1055 3069">
     <span class='ocr_line' id='line_1_37' title="bbox 94 2976 1055 3017; baseline 0 -12"><span class='ocrx_word' id='word_1_220' title='bbox 94 2990 109 3005; x_wconf 92' lang='lat'>«</span> <span class='ocrx_word' id='word_1_221' title='bbox 125 2978 217 3008; x_wconf 91' lang='lat' dir='ltr'>Circa</span> <span class='ocrx_word' id='word_1_222' title='bbox 235 2987 343 3008; x_wconf 87' lang='lat' dir='ltr'>curam</span> <span class='ocrx_word' id='word_1_223' title='bbox 360 2978 613 3017; x_wconf 84' lang='lat' dir='ltr'>quarumlibet...</span> <span class='ocrx_word' id='word_1_224' title='bbox 629 2993 670 3001; x_wconf 94' lang='lat'>-—</span> <span class='ocrx_word' id='word_1_225' title='bbox 685 2978 755 3008; x_wconf 85' lang='lat' dir='ltr'>Dat.</span> <span class='ocrx_word' id='word_1_226' title='bbox 774 2979 873 3008; x_wconf 87' lang='lat' dir='ltr'>Reate</span> <span class='ocrx_word' id='word_1_227' title='bbox 887 3001 892 3013; x_wconf 94' lang='lat'>,</span> <span class='ocrx_word' id='word_1_228' title='bbox 911 2987 930 3006; x_wconf 87' lang='lat' dir='ltr'>v</span> <span class='ocrx_word' id='word_1_229' title='bbox 946 2976 1055 3006; x_wconf 81' lang='lat' dir='ltr'>kalen-</span> 
     </span>
     <span class='ocr_line' id='line_1_38' title="bbox 55 3026 571 3069; baseline 0.004 -9"><span class='ocrx_word' id='word_1_230' title='bbox 55 3029 109 3061; x_wconf 89' lang='lat' dir='ltr'>das</span> <span class='ocrx_word' id='word_1_231' title='bbox 125 3026 267 3069; x_wconf 79' lang='lat' dir='ltr'>augusti,</span> <span class='ocrx_word' id='word_1_232' title='bbox 287 3040 373 3062; x_wconf 87' lang='lat' dir='ltr'>anuo</span> <span class='ocrx_word' id='word_1_233' title='bbox 392 3032 541 3062; x_wconf 90' lang='lat' dir='ltr'>secundo.</span> <span class='ocrx_word' id='word_1_234' title='bbox 558 3043 571 3058; x_wconf 68' lang='grc' dir='ltr'>ι»</span> 
     </span>
    </p>
   </div>
   <div class='ocr_carea' id='block_1_15' title="bbox 194 3096 481 3124">
    <p class='ocr_par' dir='ltr' id='par_1_18' title="bbox 194 3096 481 3124">
     <span class='ocr_line' id='line_1_39' title="bbox 194 3096 481 3124; baseline -0.003 0"><span class='ocrx_word' id='word_1_235' title='bbox 194 3097 266 3124; x_wconf 77' lang='lat' dir='ltr'>Rsc.</span> <span class='ocrx_word' id='word_1_236' title='bbox 287 3096 409 3124; x_wconf 64' lang='lat' dir='ltr'>Nicoms</span> <span class='ocrx_word' id='word_1_237' title='bbox 428 3096 481 3123; x_wconf 89' lang='lat' dir='ltr'>IV.</span> 
     </span>
    </p>
   </div>
   <div class='ocr_carea' id='block_1_16' title="bbox 1172 428 2063 524">
    <p class='ocr_par' dir='ltr' id='par_1_19' title="bbox 1172 428 2063 524">
     <span class='ocr_line' id='line_1_40' title="bbox 1213 428 2063 464; baseline 0.002 -9"><span class='ocrx_word' id='word_1_238' title='bbox 1213 428 1328 457; x_wconf 81' lang='grc'><strong>1253</strong></span> <span class='ocrx_word' id='word_1_239' title='bbox 1771 430 1856 464; x_wconf 80' lang='lat' dir='ltr'>Rieti,</span> <span class='ocrx_word' id='word_1_240' title='bbox 1874 431 1889 457; x_wconf 78' lang='lat' dir='ltr'>S</span> <span class='ocrx_word' id='word_1_241' title='bbox 1904 431 1970 457; x_wconf 76' lang='lat' dir='ltr'>aout</span> <span class='ocrx_word' id='word_1_242' title='bbox 1987 431 2063 458; x_wconf 68' lang='lat'>1289.</span> 
     </span>
     <span class='ocr_line' id='line_1_41' title="bbox 1172 488 1906 524; baseline 0.005 -9"><span class='ocrx_word' id='word_1_243' title='bbox 1172 488 1276 515; x_wconf 84' lang='lat' dir='ltr'>Contra</span> <span class='ocrx_word' id='word_1_244' title='bbox 1294 491 1450 517; x_wconf 87' lang='lat' dir='ltr'>usurarios.</span> <span class='ocrx_word' id='word_1_245' title='bbox 1467 491 1548 523; x_wconf 75' lang='lat' dir='ltr'>(Rue.</span> <span class='ocrx_word' id='word_1_246' title='bbox 1567 491 1613 523; x_wconf 80' lang='lat'>44,</span> <span class='ocrx_word' id='word_1_247' title='bbox 1631 500 1655 518; x_wconf 89' lang='lat' dir='ltr'>c.</span> <span class='ocrx_word' id='word_1_248' title='bbox 1673 492 1743 523; x_wconf 80' lang='lat'><strong>396²,</strong></span> <span class='ocrx_word' id='word_1_249' title='bbox 1761 492 1780 518; x_wconf 86' lang='lat' dir='ltr'>f.</span> <span class='ocrx_word' id='word_1_250' title='bbox 1799 492 1847 519; x_wconf 84' lang='grc'>196</span> <span class='ocrx_word' id='word_1_251' title='bbox 1861 494 1906 524; x_wconf 88' lang='lat' dir='ltr'>r0.)</span> 
     </span>
    </p>
   </div>
   <div class='ocr_carea' id='block_1_17' title="bbox 1137 617 2138 964">
    <p class='ocr_par' dir='ltr' id='par_1_20' title="bbox 1137 617 2138 870">
     <span class='ocr_line' id='line_1_42' title="bbox 1176 617 2138 658; baseline 0.006 -13"><span class='ocrx_word' id='word_1_252' title='bbox 1176 618 1281 646; x_wconf 80' lang='lat' dir='ltr'>Eidem</span> <span class='ocrx_word' id='word_1_253' title='bbox 1297 617 1428 647; x_wconf 90' lang='lat' dir='ltr'>mandat</span> <span class='ocrx_word' id='word_1_254' title='bbox 1442 623 1617 656; x_wconf 83' lang='lat' dir='ltr'>quatenus,</span> <span class='ocrx_word' id='word_1_255' title='bbox 1637 628 1689 657; x_wconf 86' lang='lat' dir='ltr'>per</span> <span class='ocrx_word' id='word_1_256' title='bbox 1711 628 1846 658; x_wconf 89' lang='lat' dir='ltr'>poenam</span> <span class='ocrx_word' id='word_1_257' title='bbox 1870 621 1904 649; x_wconf 90' lang='lat' dir='ltr'>in</span> <span class='ocrx_word' id='word_1_258' title='bbox 1930 621 2138 652; x_wconf 88' lang='lat' dir='ltr'>Lateranensi</span> 
     </span>
     <span class='ocr_line' id='line_1_43' title="bbox 1137 669 2137 709; baseline 0.006 -11"><span class='ocrx_word' id='word_1_259' title='bbox 1137 669 1273 699; x_wconf 90' lang='lat' dir='ltr'>concilio</span> <span class='ocrx_word' id='word_1_260' title='bbox 1290 674 1398 699; x_wconf 88' lang='lat' dir='ltr'>contra</span> <span class='ocrx_word' id='word_1_261' title='bbox 1415 672 1576 701; x_wconf 87' lang='lat' dir='ltr'>usurarios</span> <span class='ocrx_word' id='word_1_262' title='bbox 1595 672 1728 709; x_wconf 85' lang='lat' dir='ltr'>editam,</span> <span class='ocrx_word' id='word_1_263' title='bbox 1747 673 1785 702; x_wconf 87' lang='lat' dir='ltr'>ad</span> <span class='ocrx_word' id='word_1_264' title='bbox 1800 673 2033 703; x_wconf 86' lang='lat' dir='ltr'>restitutionem</span> <span class='ocrx_word' id='word_1_265' title='bbox 2049 683 2137 704; x_wconf 91' lang='lat' dir='ltr'>com-</span> 
     </span>
     <span class='ocr_line' id='line_1_44' title="bbox 1138 721 2138 763; baseline 0.008 -13"><span class='ocrx_word' id='word_1_266' title='bbox 1138 721 1232 760; x_wconf 86' lang='lat' dir='ltr'>pellat</span> <span class='ocrx_word' id='word_1_267' title='bbox 1249 723 1409 753; x_wconf 85' lang='lat' dir='ltr'>usurarios</span> <span class='ocrx_word' id='word_1_268' title='bbox 1426 725 1497 761; x_wconf 81' lang='lat' dir='ltr'>qui,</span> <span class='ocrx_word' id='word_1_269' title='bbox 1517 733 1589 754; x_wconf 90' lang='lat' dir='ltr'>cum</span> <span class='ocrx_word' id='word_1_270' title='bbox 1605 725 1845 755; x_wconf 86' lang='lat' dir='ltr'>infirmitatibus</span> <span class='ocrx_word' id='word_1_271' title='bbox 1866 727 2078 763; x_wconf 82' lang='lat' dir='ltr'>detineantur,</span> <span class='ocrx_word' id='word_1_272' title='bbox 2098 728 2138 758; x_wconf 86' lang='lat' dir='ltr'>ad</span> 
     </span>
     <span class='ocr_line' id='line_1_45' title="bbox 1137 775 2136 820; baseline 0.007 -16"><span class='ocrx_word' id='word_1_273' title='bbox 1137 775 1309 805; x_wconf 88' lang='lat' dir='ltr'>obtinenda</span> <span class='ocrx_word' id='word_1_274' title='bbox 1329 781 1543 813; x_wconf 83' lang='lat' dir='ltr'>sacramenta,</span> <span class='ocrx_word' id='word_1_275' title='bbox 1562 787 1618 807; x_wconf 87' lang='lat' dir='ltr'>sua</span> <span class='ocrx_word' id='word_1_276' title='bbox 1634 779 1715 807; x_wconf 85' lang='lat' dir='ltr'>bona</span> <span class='ocrx_word' id='word_1_277' title='bbox 1737 779 1769 807; x_wconf 89' lang='lat' dir='ltr'>iu</span> <span class='ocrx_word' id='word_1_278' title='bbox 1791 780 2022 810; x_wconf 87' lang='lat' dir='ltr'>restitutionem</span> <span class='ocrx_word' id='word_1_279' title='bbox 2039 781 2136 820; x_wconf 90' lang='lat' dir='ltr'>depu-</span> 
     </span>
     <span class='ocr_line' id='line_1_46' title="bbox 1138 828 2091 870; baseline 0.006 -13"><span class='ocrx_word' id='word_1_280' title='bbox 1138 832 1224 863; x_wconf 85' lang='lat' dir='ltr'>tent,</span> <span class='ocrx_word' id='word_1_281' title='bbox 1242 828 1307 864; x_wconf 86' lang='lat' dir='ltr'>sed,</span> <span class='ocrx_word' id='word_1_282' title='bbox 1327 830 1455 858; x_wconf 85' lang='lat' dir='ltr'>sanitati</span> <span class='ocrx_word' id='word_1_283' title='bbox 1471 830 1627 863; x_wconf 84' lang='lat' dir='ltr'>restituti,</span> <span class='ocrx_word' id='word_1_284' title='bbox 1650 831 1817 860; x_wconf 84' lang='lat' dir='ltr'>restituere</span> <span class='ocrx_word' id='word_1_285' title='bbox 1834 841 1946 861; x_wconf 85' lang='lat' dir='ltr'>usuras</span> <span class='ocrx_word' id='word_1_286' title='bbox 1961 837 2091 870; x_wconf 84' lang='lat' dir='ltr'>negent.</span> 
     </span>
    </p>

    <p class='ocr_par' dir='ltr' id='par_1_21' title="bbox 1137 881 2137 964">
     <span class='ocr_line' id='line_1_47' title="bbox 1179 881 2137 924; baseline 0.006 -15"><span class='ocrx_word' id='word_1_287' title='bbox 1179 892 1193 907; x_wconf 82' lang='lat'>&lt;‹</span> <span class='ocrx_word' id='word_1_288' title='bbox 1211 881 1326 910; x_wconf 86' lang='lat' dir='ltr'>Petitio</span> <span class='ocrx_word' id='word_1_289' title='bbox 1347 885 1398 910; x_wconf 87' lang='lat' dir='ltr'>tua</span> <span class='ocrx_word' id='word_1_290' title='bbox 1414 882 1542 911; x_wconf 90' lang='lat' dir='ltr'>nobis...</span> <span class='ocrx_word' id='word_1_291' title='bbox 1565 899 1603 904; x_wconf 92' lang='lat'><strong>—</strong></span> <span class='ocrx_word' id='word_1_292' title='bbox 1619 883 1689 913; x_wconf 90' lang='lat' dir='ltr'>Dat.</span> <span class='ocrx_word' id='word_1_293' title='bbox 1710 884 1819 919; x_wconf 74' lang='lat' dir='ltr'>Reate,</span> <span class='ocrx_word' id='word_1_294' title='bbox 1846 893 1876 912; x_wconf 85' lang='lat' dir='ltr'>VI</span> <span class='ocrx_word' id='word_1_295' title='bbox 1901 884 1973 914; x_wconf 91' lang='lat' dir='ltr'>idus</span> <span class='ocrx_word' id='word_1_296' title='bbox 1995 886 2137 924; x_wconf 81' lang='lat' dir='ltr'>augusti,</span> 
     </span>
     <span class='ocr_line' id='line_1_48' title="bbox 1137 934 1422 964; baseline -0.004 -2"><span class='ocrx_word' id='word_1_297' title='bbox 1137 942 1223 964; x_wconf 87' lang='lat' dir='ltr'>anno</span> <span class='ocrx_word' id='word_1_298' title='bbox 1238 934 1389 964; x_wconf 87' lang='lat' dir='ltr'>secundo.</span> <span class='ocrx_word' id='word_1_299' title='bbox 1408 946 1422 961; x_wconf 84' lang='lat'>»</span> 
     </span>
    </p>
   </div>
   <div class='ocr_carea' id='block_1_18' title="bbox 1213 1161 2071 1193">
    <p class='ocr_par' dir='ltr' id='par_1_22' title="bbox 1213 1161 2071 1193">
     <span class='ocr_line' id='line_1_49' title="bbox 1213 1161 2071 1193; baseline 0.002 -4"><span class='ocrx_word' id='word_1_300' title='bbox 1213 1162 1328 1189; x_wconf 81' lang='grc'><strong>1254</strong></span> <span class='ocrx_word' id='word_1_301' title='bbox 1758 1161 1844 1193; x_wconf 87' lang='lat' dir='ltr'>Rieti,</span> <span class='ocrx_word' id='word_1_302' title='bbox 1862 1163 1892 1189; x_wconf 78' lang='lat'>‘21</span> <span class='ocrx_word' id='word_1_303' title='bbox 1911 1164 1978 1189; x_wconf 74' lang='lat' dir='ltr'>amit</span> <span class='ocrx_word' id='word_1_304' title='bbox 1996 1163 2071 1191; x_wconf 67' lang='lat'><strong>1289.</strong></span> 
     </span>
    </p>
   </div>
   <div class='ocr_carea' id='block_1_19' title="bbox 1137 1224 2142 1307">
    <p class='ocr_par' dir='ltr' id='par_1_23' title="bbox 1137 1224 2142 1307">
     <span class='ocr_line' id='line_1_50' title="bbox 1173 1224 2142 1264; baseline 0.004 -14"><span class='ocrx_word' id='word_1_305' title='bbox 1173 1224 1359 1264; x_wconf 75' lang='lat' dir='ltr'>Dispensatio</span> <span class='ocrx_word' id='word_1_306' title='bbox 1375 1232 1463 1259; x_wconf 87' lang='lat' dir='ltr'>super</span> <span class='ocrx_word' id='word_1_307' title='bbox 1478 1224 1638 1259; x_wconf 81' lang='lat' dir='ltr'>pluralitate</span> <span class='ocrx_word' id='word_1_308' title='bbox 1654 1224 1867 1252; x_wconf 78' lang='lat' dir='ltr'>beneficiorum.</span> <span class='ocrx_word' id='word_1_309' title='bbox 1881 1225 1963 1258; x_wconf 70' lang='lat' dir='ltr'>(Rae.</span> <span class='ocrx_word' id='word_1_310' title='bbox 1981 1226 2024 1260; x_wconf 88' lang='grc'>44,</span> <span class='ocrx_word' id='word_1_311' title='bbox 2041 1234 2067 1253; x_wconf 92' lang='lat' dir='ltr'>c.</span> <span class='ocrx_word' id='word_1_312' title='bbox 2081 1227 2142 1258; x_wconf 83' lang='lat'><strong>397,</strong></span> 
     </span>
     <span class='ocr_line' id='line_1_51' title="bbox 1137 1273 1290 1307; baseline 0 -9"><span class='ocrx_word' id='word_1_313' title='bbox 1137 1273 1156 1299; x_wconf 82' lang='lat' dir='ltr'>f.</span> <span class='ocrx_word' id='word_1_314' title='bbox 1176 1273 1225 1300; x_wconf 86' lang='grc'>196</span> <span class='ocrx_word' id='word_1_315' title='bbox 1244 1273 1290 1307; x_wconf 83' lang='lat' dir='ltr'>ro.)</span> 
     </span>
    </p>
   </div>
   <div class='ocr_carea' id='block_1_20' title="bbox 1138 1403 2143 1709">
    <p class='ocr_par' dir='ltr' id='par_1_24' title="bbox 1138 1403 2143 1602">
     <span class='ocr_line' id='line_1_52' title="bbox 1177 1403 2140 1442; baseline 0.003 -10"><span class='ocrx_word' id='word_1_316' title='bbox 1177 1404 1312 1432; x_wconf 74' lang='lat' dir='ltr'>Johannz·</span> <span class='ocrx_word' id='word_1_317' title='bbox 1330 1404 1428 1438; x_wconf 77' lang='lat' dir='ltr'>Petri,</span> <span class='ocrx_word' id='word_1_318' title='bbox 1445 1404 1591 1440; x_wconf 65' lang='lat' dir='ltr'>magistro</span> <span class='ocrx_word' id='word_1_319' title='bbox 1604 1403 1753 1431; x_wconf 77' lang='lat' dir='ltr'>scolarum</span> <span class='ocrx_word' id='word_1_320' title='bbox 1772 1404 1888 1432; x_wconf 76' lang='lat' dir='ltr'>ecclesie</span> <span class='ocrx_word' id='word_1_321' title='bbox 1905 1404 2140 1442; x_wconf 64' lang='lat' dir='ltr'>Colimbrieizsis,</span> 
     </span>
     <span class='ocr_line' id='line_1_53' title="bbox 1138 1455 2142 1494; baseline 0.002 -9"><span class='ocrx_word' id='word_1_322' title='bbox 1138 1455 1285 1493; x_wconf 80' lang='lat' dir='ltr'>indulget</span> <span class='ocrx_word' id='word_1_323' title='bbox 1306 1460 1340 1485; x_wconf 90' lang='lat' dir='ltr'>ut</span> <span class='ocrx_word' id='word_1_324' title='bbox 1361 1455 1528 1485; x_wconf 85' lang='lat' dir='ltr'>ecclesiam</span> <span class='ocrx_word' id='word_1_325' title='bbox 1544 1455 1776 1493; x_wconf 79' lang='lat' dir='ltr'>parrochialem</span> <span class='ocrx_word' id='word_1_326' title='bbox 1796 1455 1834 1485; x_wconf 90' lang='lat' dir='ltr'>de</span> <span class='ocrx_word' id='word_1_327' title='bbox 1850 1456 1976 1494; x_wconf 83' lang='lat' dir='ltr'>Agatha</span> <span class='ocrx_word' id='word_1_328' title='bbox 1990 1465 2053 1486; x_wconf 86' lang='lat' dir='ltr'>una</span> <span class='ocrx_word' id='word_1_329' title='bbox 2069 1465 2142 1487; x_wconf 90' lang='lat' dir='ltr'>cum</span> 
     </span>
     <span class='ocr_line' id='line_1_54' title="bbox 1138 1508 2143 1547; baseline 0.001 -8"><span class='ocrx_word' id='word_1_330' title='bbox 1138 1509 1322 1547; x_wconf 80' lang='lat' dir='ltr'>magisterio</span> <span class='ocrx_word' id='word_1_331' title='bbox 1359 1509 1518 1539; x_wconf 85' lang='lat' dir='ltr'>scolarum</span> <span class='ocrx_word' id='word_1_332' title='bbox 1554 1508 1704 1538; x_wconf 87' lang='lat' dir='ltr'>ecclesiae</span> <span class='ocrx_word' id='word_1_333' title='bbox 1733 1509 1976 1539; x_wconf 83' lang='lat' dir='ltr'>Colimbriensis</span> <span class='ocrx_word' id='word_1_334' title='bbox 2005 1510 2143 1540; x_wconf 87' lang='lat' dir='ltr'>retinere</span> 
     </span>
     <span class='ocr_line' id='line_1_55' title="bbox 1138 1563 1248 1602; baseline -0.009 -9"><span class='ocrx_word' id='word_1_335' title='bbox 1138 1563 1248 1602; x_wconf 88' lang='lat' dir='ltr'>possit.</span> 
     </span>
    </p>

    <p class='ocr_par' dir='ltr' id='par_1_25' title="bbox 1140 1616 2143 1709">
     <span class='ocr_line' id='line_1_56' title="bbox 1183 1616 2143 1653; baseline 0.001 -7"><span class='ocrx_word' id='word_1_336' title='bbox 1183 1630 1194 1643; x_wconf 67' lang='grc' dir='ltr'>τι</span> <span class='ocrx_word' id='word_1_337' title='bbox 1221 1617 1307 1647; x_wconf 85' lang='lat' dir='ltr'>Dum</span> <span class='ocrx_word' id='word_1_338' title='bbox 1329 1617 1529 1647; x_wconf 83' lang='lat' dir='ltr'>conditiones</span> <span class='ocrx_word' id='word_1_339' title='bbox 1550 1624 1617 1647; x_wconf 85' lang='lat' dir='ltr'>et...</span> <span class='ocrx_word' id='word_1_340' title='bbox 1644 1634 1682 1638; x_wconf 92' lang='lat'><strong>—</strong></span> <span class='ocrx_word' id='word_1_341' title='bbox 1704 1617 1776 1646; x_wconf 87' lang='lat' dir='ltr'>Dat.</span> <span class='ocrx_word' id='word_1_342' title='bbox 1798 1617 1914 1653; x_wconf 84' lang='lat' dir='ltr'>Reate,</span> <span class='ocrx_word' id='word_1_343' title='bbox 1931 1626 1972 1646; x_wconf 73' lang='grc' dir='ltr'>ΧΠ</span> <span class='ocrx_word' id='word_1_344' title='bbox 1990 1616 2143 1647; x_wconf 85' lang='lat' dir='ltr'>kalendas</span> 
     </span>
     <span class='ocr_line' id='line_1_57' title="bbox 1140 1670 1647 1709; baseline 0 -9"><span class='ocrx_word' id='word_1_345' title='bbox 1140 1671 1346 1709; x_wconf 74' lang='lat' dir='ltr'>septembris,</span> <span class='ocrx_word' id='word_1_346' title='bbox 1366 1678 1451 1700; x_wconf 89' lang='lat' dir='ltr'>anuo</span> <span class='ocrx_word' id='word_1_347' title='bbox 1468 1670 1618 1700; x_wconf 89' lang='lat' dir='ltr'>secundo.</span> <span class='ocrx_word' id='word_1_348' title='bbox 1636 1683 1647 1695; x_wconf 79' lang='lat' dir='ltr'><em>n</em></span> 
     </span>
    </p>
   </div>
   <div class='ocr_carea' id='block_1_21' title="bbox 1214 1884 1328 1913">
    <p class='ocr_par' dir='ltr' id='par_1_26' title="bbox 1214 1884 1328 1913">
     <span class='ocr_line' id='line_1_58' title="bbox 1214 1884 1328 1913; baseline 0.018 -2"><span class='ocrx_word' id='word_1_349' title='bbox 1214 1884 1328 1913; x_wconf 74' lang='grc'><strong>1255</strong></span> 
     </span>
    </p>
   </div>
   <div class='ocr_carea' id='block_1_22' title="bbox 1139 1946 2143 2028">
    <p class='ocr_par' dir='ltr' id='par_1_27' title="bbox 1139 1946 2143 2028">
     <span class='ocr_line' id='line_1_59' title="bbox 1173 1946 2143 1981; baseline 0 -8"><span class='ocrx_word' id='word_1_350' title='bbox 1173 1946 1228 1973; x_wconf 86' lang='lat' dir='ltr'>Jus</span> <span class='ocrx_word' id='word_1_351' title='bbox 1250 1950 1417 1981; x_wconf 84' lang='lat' dir='ltr'>patronatus</span> <span class='ocrx_word' id='word_1_352' title='bbox 1439 1947 1468 1972; x_wconf 87' lang='lat' dir='ltr'>in</span> <span class='ocrx_word' id='word_1_353' title='bbox 1492 1946 1614 1972; x_wconf 87' lang='lat' dir='ltr'>ecclesia</span> <span class='ocrx_word' id='word_1_354' title='bbox 1641 1946 1675 1972; x_wconf 91' lang='lat' dir='ltr'>de</span> <span class='ocrx_word' id='word_1_355' title='bbox 1702 1946 1893 1972; x_wconf 75' lang='lat' dir='ltr'>Riseiubeclie</span> <span class='ocrx_word' id='word_1_356' title='bbox 1918 1947 2090 1973; x_wconf 87' lang='lat' dir='ltr'>monasterio</span> <span class='ocrx_word' id='word_1_357' title='bbox 2114 1947 2143 1973; x_wconf 89' lang='lat' dir='ltr'>in</span> 
     </span>
     <span class='ocr_line' id='line_1_60' title="bbox 1139 1995 1975 2028; baseline -0.002 -6"><span class='ocrx_word' id='word_1_358' title='bbox 1139 1995 1337 2022; x_wconf 84' lang='lat' dir='ltr'>Gravenhorst</span> <span class='ocrx_word' id='word_1_359' title='bbox 1352 1995 1518 2022; x_wconf 84' lang='lat' dir='ltr'>conseritur.</span> <span class='ocrx_word' id='word_1_360' title='bbox 1539 1995 1620 2028; x_wconf 70' lang='lat' dir='ltr'>(Rae.</span> <span class='ocrx_word' id='word_1_361' title='bbox 1639 1995 1681 2028; x_wconf 85' lang='lat'>44,</span> <span class='ocrx_word' id='word_1_362' title='bbox 1699 2004 1724 2021; x_wconf 89' lang='lat' dir='ltr'>c.</span> <span class='ocrx_word' id='word_1_363' title='bbox 1742 1995 1803 2027; x_wconf 71' lang='lat'>308,</span> <span class='ocrx_word' id='word_1_364' title='bbox 1821 1995 1840 2021; x_wconf 88' lang='lat' dir='ltr'>f.</span> <span class='ocrx_word' id='word_1_365' title='bbox 1859 1995 1906 2021; x_wconf 33' lang='lat'><strong>&#39;1913</strong></span> <span class='ocrx_word' id='word_1_366' title='bbox 1924 1996 1975 2027; x_wconf 77' lang='lat' dir='ltr'>vo.)</span> 
     </span>
    </p>
   </div>
   <div class='ocr_carea' id='block_1_23' title="bbox 1754 1883 2071 1914">
    <p class='ocr_par' dir='ltr' id='par_1_28' title="bbox 1754 1883 2071 1914">
     <span class='ocr_line' id='line_1_61' title="bbox 1754 1883 2071 1914; baseline 0.003 -5"><span class='ocrx_word' id='word_1_367' title='bbox 1754 1883 1841 1914; x_wconf 83' lang='lat' dir='ltr'>Rieti,</span> <span class='ocrx_word' id='word_1_368' title='bbox 1861 1883 1897 1909; x_wconf 76' lang='lat' dir='ltr'>1er</span> <span class='ocrx_word' id='word_1_369' title='bbox 1912 1883 1978 1909; x_wconf 73' lang='lat' dir='ltr'>aout</span> <span class='ocrx_word' id='word_1_370' title='bbox 1997 1883 2071 1910; x_wconf 71' lang='lat'>1289.</span> 
     </span>
    </p>
   </div>
   <div class='ocr_carea' id='block_1_24' title="bbox 1141 2122 2145 2213">
    <p class='ocr_par' dir='ltr' id='par_1_29' title="bbox 1141 2122 2145 2213">
     <span class='ocr_line' id='line_1_62' title="bbox 1185 2122 2145 2160; baseline 0 -8"><span class='ocrx_word' id='word_1_371' title='bbox 1185 2124 1351 2153; x_wconf 71' lang='lat' dir='ltr'>Venerabili</span> <span class='ocrx_word' id='word_1_372' title='bbox 1366 2125 1459 2160; x_wconf 72' lang='lat' dir='ltr'>fratri</span> <span class='ocrx_word' id='word_1_373' title='bbox 1475 2147 1494 2154; x_wconf 89' lang='lat'>..</span> <span class='ocrx_word' id='word_1_374' title='bbox 1511 2124 1642 2160; x_wconf 77' lang='lat' dir='ltr'>episeopo</span> <span class='ocrx_word' id='word_1_375' title='bbox 1658 2123 1895 2152; x_wconf 38' lang='lat' dir='ltr'>inormem-sensi.</span> <span class='ocrx_word' id='word_1_376' title='bbox 1914 2122 1994 2152; x_wconf 86' lang='lat' dir='ltr'>Cum</span> <span class='ocrx_word' id='word_1_377' title='bbox 2011 2144 2032 2151; x_wconf 90' lang='lat'>..</span> <span class='ocrx_word' id='word_1_378' title='bbox 2053 2122 2145 2152; x_wconf 88' lang='lat' dir='ltr'>abba-</span> 
     </span>
     <span class='ocr_line' id='line_1_63' title="bbox 1141 2176 2141 2213; baseline -0.001 -7"><span class='ocrx_word' id='word_1_379' title='bbox 1141 2177 1216 2206; x_wconf 88' lang='lat' dir='ltr'>tissa</span> <span class='ocrx_word' id='word_1_380' title='bbox 1229 2181 1259 2206; x_wconf 85' lang='lat' dir='ltr'>et</span> <span class='ocrx_word' id='word_1_381' title='bbox 1271 2181 1446 2206; x_wconf 86' lang='lat' dir='ltr'>conventus</span> <span class='ocrx_word' id='word_1_382' title='bbox 1463 2177 1649 2206; x_wconf 87' lang='lat' dir='ltr'>monasterii</span> <span class='ocrx_word' id='word_1_383' title='bbox 1665 2176 1698 2205; x_wconf 86' lang='lat' dir='ltr'>in</span> <span class='ocrx_word' id='word_1_384' title='bbox 1715 2176 1944 2213; x_wconf 84' lang='lat' dir='ltr'>Graveuhorst,</span> <span class='ocrx_word' id='word_1_385' title='bbox 1958 2176 2141 2205; x_wconf 87' lang='lat' dir='ltr'>Cistercien-</span> 
     </span>
    </p>
   </div>
   <div class='ocr_carea' id='block_1_25' title="bbox 1118 2229 2143 2275">
    <p class='ocr_par' dir='ltr' id='par_1_30' title="bbox 1118 2229 2143 2275">
     <span class='ocr_line' id='line_1_64' title="bbox 1118 2229 2143 2275; baseline -0.002 -15"><span class='ocrx_word' id='word_1_386' title='bbox 1118 2232 1183 2260; x_wconf 67' lang='lat' dir='ltr'>&#39;sis</span> <span class='ocrx_word' id='word_1_387' title='bbox 1213 2231 1350 2265; x_wconf 82' lang='lat' dir='ltr'>ordinis,</span> <span class='ocrx_word' id='word_1_388' title='bbox 1383 2229 1641 2267; x_wconf 80' lang='lat' dir='ltr'>Osnabnrgensis</span> <span class='ocrx_word' id='word_1_389' title='bbox 1675 2230 1844 2275; x_wconf 72' lang='lat' dir='ltr'>dioecesis,</span> <span class='ocrx_word' id='word_1_390' title='bbox 1878 2231 1931 2268; x_wconf 90' lang='lat' dir='ltr'>jus</span> <span class='ocrx_word' id='word_1_391' title='bbox 1960 2233 2143 2268; x_wconf 87' lang='lat' dir='ltr'>patronatus</span> 
     </span>
    </p>
   </div>
   <div class='ocr_carea' id='block_1_26' title="bbox 1136 2282 2143 3059">
    <p class='ocr_par' dir='ltr' id='par_1_31' title="bbox 1136 2282 2143 2954">
     <span class='ocr_line' id='line_1_65' title="bbox 1140 2282 2142 2321; baseline -0.003 -7"><span class='ocrx_word' id='word_1_392' title='bbox 1140 2285 1174 2314; x_wconf 90' lang='lat' dir='ltr'>in</span> <span class='ocrx_word' id='word_1_393' title='bbox 1188 2284 1320 2314; x_wconf 82' lang='lat' dir='ltr'>ecclesia</span> <span class='ocrx_word' id='word_1_394' title='bbox 1336 2284 1375 2313; x_wconf 90' lang='lat' dir='ltr'>de</span> <span class='ocrx_word' id='word_1_395' title='bbox 1389 2284 1615 2319; x_wconf 84' lang='lat' dir='ltr'>Risembeche,</span> <span class='ocrx_word' id='word_1_396' title='bbox 1630 2284 1773 2321; x_wconf 87' lang='lat' dir='ltr'>ejusdem</span> <span class='ocrx_word' id='word_1_397' title='bbox 1785 2283 1947 2318; x_wconf 87' lang='lat' dir='ltr'>dioecesis,</span> <span class='ocrx_word' id='word_1_398' title='bbox 1964 2283 2003 2312; x_wconf 87' lang='lat' dir='ltr'>ab</span> <span class='ocrx_word' id='word_1_399' title='bbox 2015 2282 2142 2318; x_wconf 87' lang='lat' dir='ltr'>Ottone,</span> 
     </span>
     <span class='ocr_line' id='line_1_66' title="bbox 1140 2335 2142 2375; baseline -0.003 -8"><span class='ocrx_word' id='word_1_400' title='bbox 1140 2338 1254 2368; x_wconf 79' lang='lat' dir='ltr'>comite</span> <span class='ocrx_word' id='word_1_401' title='bbox 1277 2337 1315 2366; x_wconf 87' lang='lat' dir='ltr'>de</span> <span class='ocrx_word' id='word_1_402' title='bbox 1340 2337 1565 2375; x_wconf 84' lang='lat' dir='ltr'>Raveusberg,</span> <span class='ocrx_word' id='word_1_403' title='bbox 1586 2337 1756 2373; x_wconf 86' lang='lat' dir='ltr'>emissent,</span> <span class='ocrx_word' id='word_1_404' title='bbox 1781 2345 1876 2374; x_wconf 79' lang='lat' dir='ltr'>seque</span> <span class='ocrx_word' id='word_1_405' title='bbox 1894 2336 2091 2374; x_wconf 86' lang='lat' dir='ltr'>postmodum</span> <span class='ocrx_word' id='word_1_406' title='bbox 2107 2335 2142 2364; x_wconf 85' lang='lat' dir='ltr'>in</span> 
     </span>
     <span class='ocr_line' id='line_1_67' title="bbox 1141 2387 2142 2429; baseline -0.004 -8"><span class='ocrx_word' id='word_1_407' title='bbox 1141 2391 1200 2422; x_wconf 83' lang='lat' dir='ltr'>hoc</span> <span class='ocrx_word' id='word_1_408' title='bbox 1218 2391 1322 2420; x_wconf 89' lang='lat' dir='ltr'>labem</span> <span class='ocrx_word' id='word_1_409' title='bbox 1341 2390 1563 2429; x_wconf 83' lang='lat' dir='ltr'>symoniacam</span> <span class='ocrx_word' id='word_1_410' title='bbox 1581 2389 1780 2419; x_wconf 85' lang='lat' dir='ltr'>commisisse</span> <span class='ocrx_word' id='word_1_411' title='bbox 1796 2389 2062 2425; x_wconf 76' lang='lat' dir='ltr'>recognovissent,</span> <span class='ocrx_word' id='word_1_412' title='bbox 2080 2387 2142 2417; x_wconf 89' lang='lat' dir='ltr'>dis-</span> 
     </span>
     <span class='ocr_line' id='line_1_68' title="bbox 1140 2440 2140 2483; baseline -0.005 -9"><span class='ocrx_word' id='word_1_413' title='bbox 1140 2444 1365 2483; x_wconf 86' lang='lat' dir='ltr'>pensationem</span> <span class='ocrx_word' id='word_1_414' title='bbox 1383 2444 1543 2482; x_wconf 82' lang='lat' dir='ltr'>petierunt</span> <span class='ocrx_word' id='word_1_415' title='bbox 1557 2443 1597 2472; x_wconf 84' lang='lat' dir='ltr'>ab</span> <span class='ocrx_word' id='word_1_416' title='bbox 1615 2466 1634 2473; x_wconf 91' lang='lat'>..</span> <span class='ocrx_word' id='word_1_417' title='bbox 1653 2443 1807 2481; x_wconf 84' lang='lat' dir='ltr'>episcopo,</span> <span class='ocrx_word' id='word_1_418' title='bbox 1827 2446 1900 2470; x_wconf 81' lang='lat' dir='ltr'>tunc</span> <span class='ocrx_word' id='word_1_419' title='bbox 1916 2440 2023 2477; x_wconf 84' lang='lat' dir='ltr'>electo,</span> <span class='ocrx_word' id='word_1_420' title='bbox 2038 2440 2140 2470; x_wconf 85' lang='lat' dir='ltr'>Osna-</span> 
     </span>
     <span class='ocr_line' id='line_1_69' title="bbox 1140 2492 2143 2536; baseline -0.007 -8"><span class='ocrx_word' id='word_1_421' title='bbox 1140 2498 1311 2536; x_wconf 83' lang='lat' dir='ltr'>burgensi,</span> <span class='ocrx_word' id='word_1_422' title='bbox 1332 2497 1389 2535; x_wconf 84' lang='lat' dir='ltr'>qui</span> <span class='ocrx_word' id='word_1_423' title='bbox 1406 2519 1426 2525; x_wconf 89' lang='lat'>..</span> <span class='ocrx_word' id='word_1_424' title='bbox 1446 2497 1545 2534; x_wconf 90' lang='lat' dir='ltr'>priori</span> <span class='ocrx_word' id='word_1_425' title='bbox 1560 2496 1695 2525; x_wconf 78' lang='lat' dir='ltr'>fratrum</span> <span class='ocrx_word' id='word_1_426' title='bbox 1714 2495 1965 2533; x_wconf 86' lang='lat' dir='ltr'>praedicatorum</span> <span class='ocrx_word' id='word_1_427' title='bbox 1983 2495 2016 2523; x_wconf 86' lang='lat' dir='ltr'>in</span> <span class='ocrx_word' id='word_1_428' title='bbox 2032 2492 2143 2522; x_wconf 87' lang='lat' dir='ltr'>Minda</span> 
     </span>
     <span class='ocr_line' id='line_1_70' title="bbox 1141 2545 2140 2590; baseline -0.007 -9"><span class='ocrx_word' id='word_1_429' title='bbox 1141 2556 1171 2582; x_wconf 92' lang='lat' dir='ltr'>et</span> <span class='ocrx_word' id='word_1_430' title='bbox 1191 2574 1210 2581; x_wconf 88' lang='lat'>..</span> <span class='ocrx_word' id='word_1_431' title='bbox 1229 2550 1405 2590; x_wconf 85' lang='lat' dir='ltr'>praeposito</span> <span class='ocrx_word' id='word_1_432' title='bbox 1421 2549 1573 2579; x_wconf 83' lang='lat' dir='ltr'>ecclesiae</span> <span class='ocrx_word' id='word_1_433' title='bbox 1591 2548 1629 2578; x_wconf 89' lang='lat' dir='ltr'>de</span> <span class='ocrx_word' id='word_1_434' title='bbox 1647 2549 1802 2585; x_wconf 89' lang='lat' dir='ltr'>Leveren,</span> <span class='ocrx_word' id='word_1_435' title='bbox 1821 2547 1959 2585; x_wconf 86' lang='lat' dir='ltr'>ejusdem</span> <span class='ocrx_word' id='word_1_436' title='bbox 1978 2545 2140 2581; x_wconf 87' lang='lat' dir='ltr'>dioecesis,</span> 
     </span>
     <span class='ocr_line' id='line_1_71' title="bbox 1141 2602 2142 2637; baseline -0.008 -2"><span class='ocrx_word' id='word_1_437' title='bbox 1141 2604 1300 2636; x_wconf 85' lang='lat' dir='ltr'>commisit</span> <span class='ocrx_word' id='word_1_438' title='bbox 1322 2608 1356 2633; x_wconf 81' lang='lat' dir='ltr'>ut</span> <span class='ocrx_word' id='word_1_439' title='bbox 1380 2612 1454 2632; x_wconf 88' lang='lat' dir='ltr'>cum</span> <span class='ocrx_word' id='word_1_440' title='bbox 1479 2602 1598 2632; x_wconf 86' lang='lat' dir='ltr'>eisdem</span> <span class='ocrx_word' id='word_1_441' title='bbox 1620 2602 1778 2631; x_wconf 82' lang='lat' dir='ltr'>abbatissa</span> <span class='ocrx_word' id='word_1_442' title='bbox 1808 2605 1841 2630; x_wconf 85' lang='lat' dir='ltr'>et</span> <span class='ocrx_word' id='word_1_443' title='bbox 1864 2604 2020 2630; x_wconf 86' lang='lat' dir='ltr'>conventu</span> <span class='ocrx_word' id='word_1_444' title='bbox 2048 2608 2142 2637; x_wconf 89' lang='lat' dir='ltr'>super</span> 
     </span>
     <span class='ocr_line' id='line_1_72' title="bbox 1140 2651 2142 2697; baseline -0.008 -9"><span class='ocrx_word' id='word_1_445' title='bbox 1140 2657 1307 2697; x_wconf 82' lang='lat' dir='ltr'>praedictis</span> <span class='ocrx_word' id='word_1_446' title='bbox 1323 2657 1554 2694; x_wconf 85' lang='lat' dir='ltr'>dispensarent,</span> <span class='ocrx_word' id='word_1_447' title='bbox 1573 2659 1618 2692; x_wconf 82' lang='lat' dir='ltr'>et,</span> <span class='ocrx_word' id='word_1_448' title='bbox 1645 2658 1771 2692; x_wconf 88' lang='lat' dir='ltr'>recepta</span> <span class='ocrx_word' id='word_1_449' title='bbox 1790 2653 1828 2682; x_wconf 90' lang='lat' dir='ltr'>ab</span> <span class='ocrx_word' id='word_1_450' title='bbox 1855 2653 1899 2682; x_wconf 89' lang='lat' dir='ltr'>eis</span> <span class='ocrx_word' id='word_1_451' title='bbox 1923 2651 2142 2689; x_wconf 83' lang='lat' dir='ltr'>resignatione</span> 
     </span>
     <span class='ocr_line' id='line_1_73' title="bbox 1136 2706 2142 2751; baseline -0.008 -10"><span class='ocrx_word' id='word_1_452' title='bbox 1136 2712 1218 2751; x_wconf 84' lang='lat' dir='ltr'>juris</span> <span class='ocrx_word' id='word_1_453' title='bbox 1235 2714 1434 2749; x_wconf 82' lang='lat' dir='ltr'>patronatus,</span> <span class='ocrx_word' id='word_1_454' title='bbox 1453 2709 1485 2738; x_wconf 88' lang='lat' dir='ltr'>id</span> <span class='ocrx_word' id='word_1_455' title='bbox 1503 2709 1623 2738; x_wconf 83' lang='lat' dir='ltr'>eisdem</span> <span class='ocrx_word' id='word_1_456' title='bbox 1639 2708 1677 2737; x_wconf 90' lang='lat' dir='ltr'>de</span> <span class='ocrx_word' id='word_1_457' title='bbox 1701 2715 1782 2736; x_wconf 88' lang='lat' dir='ltr'>novo</span> <span class='ocrx_word' id='word_1_458' title='bbox 1805 2706 1994 2735; x_wconf 75' lang='lat' dir='ltr'>conferrent.</span> <span class='ocrx_word' id='word_1_459' title='bbox 2018 2706 2142 2734; x_wconf 90' lang='lat' dir='ltr'>Rursus</span> 
     </span>
     <span class='ocr_line' id='line_1_74' title="bbox 1141 2757 2142 2804; baseline -0.008 -10"><span class='ocrx_word' id='word_1_460' title='bbox 1141 2774 1218 2804; x_wconf 84' lang='lat' dir='ltr'>papa</span> <span class='ocrx_word' id='word_1_461' title='bbox 1245 2764 1388 2802; x_wconf 84' lang='lat' dir='ltr'>episcopo</span> <span class='ocrx_word' id='word_1_462' title='bbox 1413 2761 1655 2792; x_wconf 82' lang='lat' dir='ltr'>Monasterieusi</span> <span class='ocrx_word' id='word_1_463' title='bbox 1683 2759 1812 2789; x_wconf 83' lang='lat' dir='ltr'>mandat</span> <span class='ocrx_word' id='word_1_464' title='bbox 1838 2763 1993 2797; x_wconf 70' lang='lat' dir='ltr'>quatenus</span> <span class='ocrx_word' id='word_1_465' title='bbox 2021 2757 2142 2787; x_wconf 90' lang='lat' dir='ltr'>eisdem</span> 
     </span>
     <span class='ocr_line' id='line_1_75' title="bbox 1139 2813 2141 2852; baseline -0.009 -4"><span class='ocrx_word' id='word_1_466' title='bbox 1139 2818 1317 2848; x_wconf 81' lang='lat' dir='ltr'>abbatissae</span> <span class='ocrx_word' id='word_1_467' title='bbox 1333 2821 1362 2845; x_wconf 83' lang='lat' dir='ltr'>et</span> <span class='ocrx_word' id='word_1_468' title='bbox 1378 2815 1549 2845; x_wconf 78' lang='lat' dir='ltr'>conventui</span> <span class='ocrx_word' id='word_1_469' title='bbox 1565 2814 1762 2852; x_wconf 85' lang='lat' dir='ltr'>praedictum</span> <span class='ocrx_word' id='word_1_470' title='bbox 1775 2813 1828 2850; x_wconf 81' lang='lat' dir='ltr'>jus</span> <span class='ocrx_word' id='word_1_471' title='bbox 1847 2816 2049 2850; x_wconf 83' lang='lat' dir='ltr'>patronatus,</span> <span class='ocrx_word' id='word_1_472' title='bbox 2067 2819 2141 2840; x_wconf 88' lang='lat' dir='ltr'>con-</span> 
     </span>
     <span class='ocr_line' id='line_1_76' title="bbox 1140 2863 2142 2906; baseline -0.007 -7"><span class='ocrx_word' id='word_1_473' title='bbox 1140 2870 1350 2900; x_wconf 77' lang='lat' dir='ltr'>sentientibus</span> <span class='ocrx_word' id='word_1_474' title='bbox 1375 2870 1518 2906; x_wconf 87' lang='lat' dir='ltr'>episcopo</span> <span class='ocrx_word' id='word_1_475' title='bbox 1546 2871 1576 2897; x_wconf 88' lang='lat' dir='ltr'>et</span> <span class='ocrx_word' id='word_1_476' title='bbox 1600 2865 1736 2904; x_wconf 86' lang='lat' dir='ltr'>capitulo</span> <span class='ocrx_word' id='word_1_477' title='bbox 1760 2864 2081 2902; x_wconf 78' lang='lat' dir='ltr'>Osuaburgeusibus,</span> <span class='ocrx_word' id='word_1_478' title='bbox 2104 2863 2142 2893; x_wconf 85' lang='lat' dir='ltr'>de</span> 
     </span>
     <span class='ocr_line' id='line_1_77' title="bbox 1140 2922 1389 2954; baseline -0.012 -1"><span class='ocrx_word' id='word_1_479' title='bbox 1140 2932 1222 2954; x_wconf 83' lang='lat' dir='ltr'>novo</span> <span class='ocrx_word' id='word_1_480' title='bbox 1239 2922 1389 2952; x_wconf 81' lang='lat' dir='ltr'>conferat.</span> 
     </span>
    </p>

    <p class='ocr_par' dir='ltr' id='par_1_32' title="bbox 1139 2969 2140 3059">
     <span class='ocr_line' id='line_1_78' title="bbox 1181 2969 2140 3008; baseline -0.004 -5"><span class='ocrx_word' id='word_1_481' title='bbox 1181 2989 1194 3003; x_wconf 63' lang='grc' dir='ltr'><strong>α</strong></span> <span class='ocrx_word' id='word_1_482' title='bbox 1215 2976 1277 3006; x_wconf 82' lang='lat' dir='ltr'>Sua</span> <span class='ocrx_word' id='word_1_483' title='bbox 1293 2974 1386 3004; x_wconf 86' lang='lat' dir='ltr'>nobis</span> <span class='ocrx_word' id='word_1_484' title='bbox 1402 2974 1551 3003; x_wconf 58' lang='lat' dir='ltr'>dilecte...</span> <span class='ocrx_word' id='word_1_485' title='bbox 1569 2989 1607 2994; x_wconf 92' lang='lat'><em>-</em></span> <span class='ocrx_word' id='word_1_486' title='bbox 1620 2973 1690 3001; x_wconf 86' lang='lat' dir='ltr'>Dat.</span> <span class='ocrx_word' id='word_1_487' title='bbox 1707 2972 1821 3008; x_wconf 83' lang='lat' dir='ltr'>Reate,</span> <span class='ocrx_word' id='word_1_488' title='bbox 1839 2970 1986 3001; x_wconf 77' lang='lat' dir='ltr'>kalendis</span> <span class='ocrx_word' id='word_1_489' title='bbox 2000 2969 2140 3008; x_wconf 83' lang='lat' dir='ltr'>augusti,</span> 
     </span>
     <span class='ocr_line' id='line_1_79' title="bbox 1139 3028 1425 3059; baseline -0.017 0"><span class='ocrx_word' id='word_1_490' title='bbox 1139 3038 1224 3059; x_wconf 85' lang='lat' dir='ltr'>anuo</span> <span class='ocrx_word' id='word_1_491' title='bbox 1241 3028 1390 3058; x_wconf 79' lang='lat' dir='ltr'>secundo.</span> <span class='ocrx_word' id='word_1_492' title='bbox 1413 3039 1425 3053; x_wconf 81' lang='grc'>»</span> 
     </span>
    </p>
   </div>
   <div class='ocr_carea' id='block_1_27' title="bbox 1969 3090 2001 3117">
    <p class='ocr_par' dir='ltr' id='par_1_33' title="bbox 1969 3090 2001 3117">
     <span class='ocr_line' id='line_1_80' title="bbox 1969 3090 2001 3117; baseline -0.063 0"><span class='ocrx_word' id='word_1_493' title='bbox 1969 3090 2001 3117; x_wconf 81' lang='grc'>33</span> 
     </span>
    </p>
   </div>
  </div>
 </body>
</html>
