2342 3652
917 381 1170 429 QUATRIEME
1193 380 1350 420 ΑΝΝΕΕ.
2123 387 2179 417 655

155 463 276 491 4533

124 523 306 558 Dispensatio
323 531 411 558 super
427 523 587 558 pluralitate
602 522 816 548 beneficiorum.
833 521 915 551 (Rae.
934 520 981 550 46,
999 528 1022 546 c.
1042 520 1089 549 35,

86 573 105 599 f.
123 574 136 599 7
155 575 202 605 r⁰.)

650 460 774 492 Orvieto‚
796 462 832 487 'ler
848 469 923 486 mars
943 460 1018 486 1291.

129 673 307 711 Guillelmo,
328 679 399 703 nalo
415 674 569 711 qnondam
589 674 669 702 Petri
685 673 718 700 cle
735 673 903 708 Monteforli
916 696 922 707 ,
940 670 1093 708 capellano

90 733 202 764 noslm,
223 728 333 756 decano
350 729 468 756 ecclesie
482 728 585 756 Sancti
601 727 690 755 Pauli
705 725 926 761 Londoniensis,
942 734 1014 753 cum
1032 731 1094 762 qno

88 779 270 810 Alexander
289 788 368 817 papa
387 781 453 818 J‘am
473 779 670 818 dispensavit
690 783 722 808 ut
743 778 956 808 ecclesiastica
975 776 1094 806 henefi-

89 833 148 869 cia,
164 837 350 871 personatus
365 837 395 863 et
408 833 592 871 dignitateS,
610 841 712 871 usque
725 832 764 862 ad
780 840 939 861 summam
952 839 1096 860 annuam

90 889 305 916 trecentarum
325 887 530 916 marcharum
552 886 799 923 sterlingorum,
819 885 962 915 obtinere
983 887 1094 922 posset.

90 939 171 970 Cum
199 948 236 969 eo
263 949 374 969 rursus
401 939 565 978 dispensat
592 939 745 969 Nicolaus
772 947 851 977 papa
878 942 912 967 ut
940 936 1098 975 praedicta

90 993 246 1023 beneficia
261 1001 362 1030 usque
381 992 420 1021 ad
439 1001 598 1022 summam
617 997 829 1022 trecentarum
846 991 1000 1020 librarum
1017 994 1097 1019 ster-

90 1046 254 1084 lingorum
271 1046 409 1084 recipere
427 1045 539 1076 valeat.

134 1112 146 1127 ιι
165 1099 257 1130 Clare
273 1099 450 1129 devotionis
468 1100 617 1128 merita...
636 1115 676 1122 —
696 1099 766 1128 Dat.
784 1098 865 1137 apud
887 1098 1099 1128 Urbemvete-

90 1164 170 1190 rem,
190 1154 337 1184 kalendis
355 1154 473 1190 martii,
494 1163 579 1183 anno
597 1159 718 1192 quarto.
742 1166 755 1180 »

161 1329 280 1358 4534

129 1391 217 1418 Filios
234 1394 384 1426 parentum
404 1390 470 1416 olim
491 1390 701 1416 haereticorum
719 1398 782 1415 mox
801 1389 1030 1423 resipiscentium
1047 1389 1102 1414 im-

93 1448 196 1467 munes
212 1449 227 1466 a
242 1440 332 1466 faniae
347 1439 456 1465 lesione
472 1442 500 1465 et
515 1438 549 1464 ad
566 1446 666 1463 omnes
682 1443 764 1464 actus
781 1438 920 1472 publicos,
934 1438 1058 1463 honores
1074 1440 1102 1463 et

94 1489 249 1524 dignitates
264 1489 349 1514 etiam
365 1487 578 1514 ecclesiasticas
590 1487 710 1512 idoneos
721 1486 854 1512 declarat.
868 1486 950 1519 (Rae.
964 1486 1004 1516 46,
1018 1494 1043 1511 c,
1058 1485 1100 1517 36,

93 1539 112 1565 f.
130 1539 144 1564 7
161 1545 203 1569 r⁰;
221 1537 336 1568 Poma„
351 1537 461 1569 23591.)

679 1327 804 1357 Ort-icto,
822 1328 836 1353 7
857 1334 932 1352 ‹nnrs
952 1326 1027 1352 1291.

135 1641 254 1670 Dilectis
268 1640 343 1677 filiis
357 1640 463 1669 Jacobo
481 1644 507 1668 et
522 1639 645 1675 Anyelo,
663 1640 744 1667 natis
764 1638 925 1667 Reazencase
942 1638 1103 1673 Johannz's,

97 1693 131 1723 cle
146 1693 386 1731 Aquapendente‚
406 1693 503 1729 laicis,
525 1692 705 1720 Urbevetnne
722 1691 855 1720 diocesis.

140 1758 153 1773 ιι
181 1747 327 1776 Romana
347 1750 448 1775 mater
469 1745 641 1775 ecclesia...
663 1762 701 1765 ——
727 1745 797 1773 Dat.
822 1744 904 1783 apud
928 1744 1106 1774 Urbemve—

100 1804 211 1836 terem,
229 1799 324 1830 nonis
338 1799 459 1836 martii,
476 1807 561 1828 anno
577 1803 701 1837 quarto.
720 1810 733 1824 »
811 1794 813 1796 ’

169 1973 288 2002 4535

134 2035 261 2062 Licentia
276 2033 456 2069 ingrediendi
472 2034 655 2060 monasteria.
674 2033 761 2067 (Ra-o.
780 2033 824 2064 46,
844 2041 869 2058 c.
892 2033 933 2062 37,
958 2032 974 2058 ft
995 2033 1008 2057 7
1028 2033 1073 2060 ro.)

645 1970 772 2001 Orvieto‚
791 1970 824 1997 *23
841 1970 943 1996 fevi-ior
961 1969 1037 1996 1291.

138 2137 238 2166 Nobili
256 2137 381 2166 mulieri
396 2137 550 2170 Johanne,
568 2136 689 2165 domine
710 2136 743 2164 cle
765 2135 868 2164 Castro
892 2135 1021 2169 l'illnni,
1040 2135 1111 2162 Lin—

98 2191 238 2228 ⁴(lonensis
263 2191 406 2226 diocesis,
423 2189 572 2227 indulget
595 2193 628 2219 ut
649 2189 843 2218 monasteria
859 2188 970 2217 Clarae
990 2187 1110 2223 Vallis,

100 2244 140 2274 de
156 2243 330 2283 Ripatorio,
343 2243 382 2273 de
396 2243 486 2273 Valle
502 2243 616 2273 Beatae
631 2242 752 2272 Mariae
769 2247 799 2271 et
815 2242 853 2271 de
866 2241 977 2279 Regali
991 2231 1123 2278 montes

101 2296 323 2326 Cisterciensis
339 2296 472 2332 ordinis,
489 2296 524 2325 in
540 2295 730 2331 Parisiensi‚
746 2294 944 2328 Belvacensi,
962 2294 1113 2323 Trecensi

102 2353 133 2379 et
149 2349 349 2387 Lingonensi
365 2349 580 2385 dioecesibus,
597 2348 697 2378 semel
718 2348 751 2377 in
768 2356 871 2384 anno,
890 2356 963 2377 cum
983 2356 1034 2376 sex
1054 2346 1111 2376 ho-

104 2403 204 2432 nestis
231 2402 403 2440 matronis,
430 2402 550 2431 intrare
575 2402 689 2440 possit,
716 2401 890 2430 dummodo
917 2401 950 2429 in
977 2400 1022 2430 eis
1050 2408 1113 2429 non

103 2455 272 2485 comedant
287 2463 345 2485 nec
360 2459 560 2493 pernoctent.

145 2521 160 2536 «
180 2508 365 2539 Devotionis
381 2510 484 2538 vestre
499 2512 676 2537 meretur...
693 2524 732 2529 —
749 2507 820 2536 Dat.
837 2506 920 2545 apud
938 2506 1115 2537 Urbemve-

107 2567 216 2597 terem,
234 2571 277 2591 vn
294 2561 448 2591 kalendas
464 2561 586 2600 martii,
602 2569 686 2590 anno
702 2564 825 2599 quarto.
846 2571 859 2586 >³

177 2739 294 2769 4536

143 2801 326 2837 Dispensatio
341 2809 430 2837 super
445 2801 558 2828 defectu
576 2801 723 2827 natalium.
741 2800 825 2833 (Rae.
841 2800 884 2831 46,
901 2808 925 2825 e.
944 2800 985 2830 38,
1005 2800 1022 2826 f.
1037 2800 1051 2825 7
1069 2800 1116 2831 ro.)

666 2738 794 2767 Orvieto,
815 2739 854 2764 1⁰?
870 2745 946 2764 mars
967 2737 1043 2764 1291.

155 2905 323 2934 Venerabili
340 2905 436 2940 fratri
452 2925 473 2934 ..
490 2904 623 2941 episcopo
639 2903 834 2931 Zamorrcnsi
852 2901 982 2930 mandat
995 2905 1030 2929 ut
1045 2908 1118 2929 cum

108 2958 242 2988 Alfonso
269 2957 399 2993 Alvari,
424 2956 554 2992 elerico,
579 2964 673 2994 super
696 2955 820 2985 defectu
846 2954 999 2984 natalium
1024 2962 1119 2992 quem

109 3013 244 3052 patitur,
262 3021 279 3041 e
296 3010 408 3041 solutis
425 3010 610 3049 parentibus
626 3009 684 3038 sibi
705 3008 743 3038 ad
762 3008 901 3038 invicem
919 3011 1031 3046 quarto
1047 3006 1119 3036 affi-

111 3065 222 3096 nitatis
249 3064 350 3103 gradu
375 3063 639 3101 contingentibus
665 3061 806 3099 genitus,
832 3061 994 3098 dispenset
1021 3064 1056 3088 ut
1081 3059 1120 3089 ad

1174 465 1285 486 omnes
1307 456 1437 486 ordines
1462 455 1641 494 promoveri
1664 459 1694 485 et
1716 454 1964 484 ecclesiasticum
1987 453 2179 483 beneficium

1175 509 1334 548 suscipere
1351 509 1463 538 valeat.

1217 572 1231 591 <c
1248 562 1412 592 Accedens
1428 561 1467 592 ad
1486 561 1716 600 presentiam...
1735 578 1772 583 —
1789 561 1859 589 Dat.
1877 560 1960 598 apud
1977 559 2181 589 Urbemvete-

1176 624 1256 653 rem,
1273 615 1420 645 kalendis
1439 615 1556 651 martii,
1574 623 1659 644 auno
1676 619 1798 653 quarto,
1817 626 1830 639 »

1247 774 1376 801 4537-
1383 773 1500 801 4538

1216 834 1399 868 Dispensatio
1416 842 1503 868 super
1520 835 1679 869 pluralitate
1698 833 1912 860 beneficiorum.
1930 833 2013 865 (Hm.
2033 833 2079 866 46,
2097 840 2121 858 c.
2141 832 2183 863 39,

1180 885 1198 910 f.
1221 885 1234 909 7
1258 886 1308 915 vo.)

1732 794 1734 796 ,
1764 771 1890 803 Orviet0‚
1911 772 1925 797 4
1942 779 2018 798 mars
2034 771 2110 797 1291.

1226 973 1394 1001 Venerabili
1409 973 1505 1008 fratri
1522 993 1540 1000 ..
1558 972 1689 1008 episeopo
1704 971 1904 999 Londoniensi
1920 969 2049 998 mandat
2065 973 2099 998 ut
2113 977 2187 998 cum

1182 1025 1332 1061 magistro
1349 1024 1498 1053 dohanne
1519 1023 1557 1052 de
1577 1023 1692 1052 Sancto
1710 1022 1821 1059 Claro,
1842 1027 1962 1051 rectore
1980 1021 2130 1051 ecclesiae
2150 1022 2187 1051 de

1183 1077 1352 1113 Folebani,
1378 1076 1613 1106 Londoniensis
1633 1075 1806 1111 dioecesis,
1827 1075 1987 1113 dispenset
2010 1079 2044 1103 ut
2066 1078 2189 1113 praeter

1181 1131 1375 1169 praedictam
1396 1129 1562 1159 ecclesiam
1583 1138 1684 1158 unum
1705 1128 1792 1157 aliud
1810 1128 2003 1157 beneficium
2025 1127 2189 1157 ecclesias-

1183 1184 1280 1213 ticum
1299 1184 1436 1222 recipere
1453 1187 1482 1212 et
1499 1183 1636 1212 retinere
1657 1182 1767 1211 valeat.

1223 1250 1236 1261 «
1260 1237 1421 1265 Virtutum
1438 1236 1553 1266 merita
1570 1235 1726 1274 quibus..
1743 1252 1782 1256 -
1798 1235 1868 1264 Dat.
1888 1238 2046 1272 utsupra,
2067 1243 2113 1262 1111
2132 1241 2189 1263 no-

1184 1299 1239 1319 nas
1258 1290 1377 1325 martii,
1395 1298 1481 1319 anno
1497 1294 1620 1328 quarto.
1641 1301 1654 1316 »

1772 1367 1899 1401 Orvieto‚
1917 1367 1931 1394 3
1948 1375 2023 1393 mars
2043 1366 2119 1394 1‘291.

1224 1433 1261 1461 In
1274 1441 1301 1462 e.
1314 1441 1357 1461 m.
1373 1433 1552 1470 ..episcopo
1565 1431 1696 1461 Norwic
1707 1431 1779 1467 insi,
1796 1440 1851 1469 pro
1865 1430 2019 1468 magistro
2029 1430 2189 1464 Johanne,

1185 1491 1304 1516 rectore
1317 1485 1468 1515 ecclesiae
1483 1485 1521 1514 de
1535 1485 1690 1522 Walcote,
1707 1484 1924 1514 No1·wic÷nsis
1940 1484 2102 1514 dioecesis.
2119 1484 2188 1513 Dat.

1185 1538 1268 1578 apud
1286 1538 1560 1575 Urbemveterem,
1579 1548 1598 1568 v
1616 1547 1715 1568 nonas
1731 1538 1848 1574 martii,
1866 1547 1951 1567 anno
1968 1542 2090 1576 quarto.

1258 1696 1508 1725 4533-4551
1732 1696 1859 1730 Orvieto,
1875 1697 1908 1724 26
1924 1697 2027 1723 fevi-ier
2044 1697 2122 1724 1291.

1224 1759 1432 1793 Indulgentiae.
1451 1759 1534 1793 (nso.
1553 1760 1596 1793 46,
1612 1768 1638 1787 c.
1656 1760 1698 1790 40.
1716 1760 1734 1786 s.
1754 1761 1767 1786 7
1783 1761 1833 1791 νῦ.)

1233 1873 1250 1879 ..
1270 1851 1369 1887 priori
1383 1854 1408 1878 et
1420 1851 1580 1879 conventui
1595 1851 1775 1879 monasterii
1787 1850 1890 1879 Sancti
1903 1850 1986 1878 Petri
2003 1850 2036 1878 cle
2053 1850 2199 1879 Castanea

1197 1905 1396 1938 Vilerbiensis,
1413 1913 1465 1941 per
1479 1905 1611 1940 priorem
1627 1904 1711 1932 soliti
1725 1904 1903 1940 gubernari,
1923 1904 2041 1932 ordinis
2057 1903 2088 1932 S.
2106 1904 2200 1932 Bene-

1191 1958 1274 1986 dicti.
1302 1956 1544 1994 Indulgentiam
1567 1957 1711 1986 concedit
1735 1957 1831 1985 unius
1855 1957 1934 1986 anni
1960 1961 1990 1986 et
2013 1966 2051 1986 xi,
2074 1957 2199 1986 dierum

1192 2010 1343 2040 omnibus
1363 2019 1435 2039 vere
1460 2010 1698 2048 poenitentibus
1723 2014 1753 2039 et
1777 2010 1931 2039 confessis
1954 2010 2008 2048 qui
2033 2010 2201 2040 ecclesiam

1195 2063 1347 2101 praedicti
1363 2063 1567 2098 monasterii,
1588 2064 1619 2093 in
1639 2063 1794 2093 honorem
1814 2063 1845 2092 S.
1865 2063 1950 2092 Petri
1967 2066 2199 2100 constructam,

1195 2117 1228 2145 in
1247 2116 1384 2154 singulis
1405 2116 1549 2155 ejusdem
1568 2117 1669 2146 sancti
1694 2121 1725 2145 et
1752 2121 1935 2145 sanctorum
1954 2116 2094 2146 Thomae
2114 2125 2201 2146 mar-

1196 2172 1292 2211 tyris,
1314 2172 1409 2209 Eligii
1429 2176 1459 2201 et
1480 2171 1647 2201 Benedicti
1666 2172 1884 2201 confessorum
1906 2171 2129 2201 festivitatibus
2143 2196 2149 2207 ,
2168 2172 2202 2201 in

1196 2225 1305 2254 eadem
1323 2225 1454 2254 ecelesia
1473 2224 1661 2254 solemniter
1675 2224 1842 2254 celebratis
1854 2248 1861 2260 ‚
1879 2234 1934 2262 per
1949 2228 2018 2254 octo
2033 2225 2099 2254 dies
2115 2225 2203 2254 festi-

1196 2279 1308 2309 vitates
1326 2279 1409 2317 ipsas
1428 2278 1613 2308 immediate
1631 2283 1801 2316 sequentes
1817 2282 1847 2307 et
1862 2278 1895 2306 in
1914 2279 2135 2308 anniversario
2153 2279 2204 2307 die

1196 2331 1406 2361 dedicationis
1423 2331 1567 2369 ejusdem
1586 2331 1737 2361 ecclesiae
1753 2331 1963 2360 visitaverint.

1239 2397 1251 2411 α
1274 2384 1499 2423 Apostolorum
1524 2385 1670 2422 princeps
1694 2385 1845 2414 Petrus...
1872 2400 1913 2406 -
1938 2384 2008 2413 Dat.
2035 2384 2118 2422 apud
2144 2385 2203 2414 Ur-

1198 2438 1422 2474 bemveterem,
1442 2447 1487 2466 1111
1504 2437 1659 2466 kalendas
1675 2437 1795 2474 martii,
1813 2446 1898 2467 auno
1914 2442 2036 2476 quarto.
2057 2449 2069 2464 »

1741 2516 1868 2548 Orvict0‚
1886 2517 1919 2543 ‘25
1936 2517 2040 2543 fevi-ier
2057 2516 2133 2543 1291.

1240 2582 1275 2610 ln
1295 2590 1322 2610 e.
1341 2589 1384 2609 m.
1404 2580 1574 2610 Universis
1591 2580 1709 2609 Christi
1726 2579 1875 2609 fidelibus
1892 2585 2072 2618 praesentes
2087 2579 2207 2609 litteras

1198 2633 1403 2673 inspecturis.
1422 2633 1564 2662 Eandem
1585 2633 1820 2670 indulgentiam
1841 2633 1987 2662 concedit
2004 2633 2208 2663 visitantibus

1199 2687 1366 2717 ecclesiam
1384 2686 1569 2715 monasterii
1587 2686 1694 2715 Sancti
1710 2686 1784 2715 Rufi
1800 2685 1973 2722 Valentini,
1989 2686 2028 2715 ad
2042 2694 2207 2716 romanam

1200 2738 1368 2768 ecclesiam
1386 2737 1477 2767 nullo
1493 2737 1597 2767 medio
1614 2737 1815 2776 pertinentis,
1832 2737 1954 2766 ordinis
1971 2737 2002 2766 S.
2021 2737 2207 2775 Augustini,

1201 2792 1235 2821 in
1253 2792 1407 2821 honorem
1424 2791 1534 2820 beatae
1552 2791 1671 2820 Mariae
1690 2790 1827 2828 virginis
1843 2795 1873 2819 et
1888 2794 2069 2819 sanctorum
2085 2790 2208 2820 Johan-

1201 2845 1251 2874 nis
1270 2844 1428 2883 Baptistae
1444 2848 1474 2873 et
1489 2844 1564 2873 Rufi
1580 2843 1770 2873 confessoris
1788 2848 2012 2881 constructam,
2031 2844 2066 2873 in
2082 2853 2210 2874 eorum-

1201 2897 1272 2927 dem
1291 2897 1426 2934 virginis
1443 2901 1472 2926 et
1491 2901 1674 2926 sanctorum
1692 2897 1914 2926 festivitatibus
1935 2900 1965 2926 et
1985 2906 2039 2936 per
2058 2902 2126 2927 octo
2143 2898 2210 2928 dies

1202 2955 1382 2989 sequentes.

1245 3016 1259 3030 «
1280 3003 1312 3033 Si
1329 3003 1395 3033 loca
1415 3003 1554 3033 dicata...
1572 3021 1611 3023 —
1633 3003 1702 3032 Dat.
1720 3002 1804 3041 apud
1823 3003 2101 3041 Urbemveterem,
2120 3014 2138 3033 v
2155 3004 2209 3033 ka-

1203 3057 1314 3087 lendas
1332 3058 1448 3093 martii,
1466 3066 1551 3087 anno
1567 3062 1690 3095 quarto.
1710 3068 1723 3083 »
