2477 3637
297 403 354 435 166
1046 397 1282 428 REGISTRES
1303 396 1358 428 DE
1379 394 1563 427 NICOLAS
1586 395 1641 425 IV.

297 475 328 501 et
343 471 413 510 ejus
426 469 574 506 claustro,
588 472 679 508 prout
695 465 904 496 occurrebant
919 464 1052 501 eisdem,
1068 472 1191 494 necnon
1208 472 1305 503 super

295 523 367 553 aliis
384 522 623 562 personalibus,
643 519 824 550 actionibus
847 525 994 556 expresse
1011 517 1072 547 sibi
1083 517 1246 556 expositis,
1263 516 1303 546 ad

296 585 369 606 suas
384 577 508 606 assistas
523 580 550 604 et
562 575 686 612 placita,
700 577 735 602 ut
751 570 893 610 regionis
908 578 997 600 more
1015 569 1201 609 loquamur,
1218 568 1304 600 mul-

296 630 411 660 totiens
426 632 610 663 evocarunt‚
629 625 785 665 quosdam
800 633 837 655 ex
850 625 917 664 jam
931 623 1025 653 dictis
1040 623 1215 660 canonicis,
1233 623 1304 653 offi—

295 682 430 713 cialibus
451 681 530 721 ipsis
553 681 586 710 in
609 679 725 709 talibus
748 686 811 709 non
839 681 998 718 parentes,
1017 676 1232 716 temporaliter
1247 684 1305 715 pro

295 744 353 767 suo
368 735 457 765 libito
474 734 650 773 puniendo.

335 789 415 818 Item
436 786 652 827 prenominati
672 784 835 821 officiales,
854 785 961 824 pejora
979 783 1072 813 malis
1095 787 1125 813 et
1146 782 1305 813 deteriora

294 841 456 881 prioribus
482 840 661 870 temerariis
685 838 858 869 adicientes
887 837 1037 873 auxibuS,
1063 835 1220 866 nonnulla
1242 835 1305 865 alia

293 895 375 925 bona
393 894 525 924 ecclesie
537 893 705 932 sepedicto,
720 891 830 922 hostili
841 891 979 930 quodam
994 891 1138 928 incursu,
1151 894 1215 919 tam
1230 893 1305 919 tem-

294 947 414 988 poralia
431 956 527 987 quam
547 945 737 986 spiritualia,
758 944 916 984 priminas
932 943 1080 974 videlicet
1094 952 1130 973 ac
1146 942 1302 980 decimas,

295 1009 421 1031 necnon
444 1008 569 1039 grossos
597 999 832 1039 prebendarum
863 998 1002 1033 sructuS,
1031 996 1068 1027 ad
1098 995 1304 1026 matutinales

293 1053 435 1093 aliasque
462 1053 557 1083 horas
577 1053 763 1088 canonicas,
783 1051 822 1081 ad
845 1051 944 1091 ipsius
969 1049 1101 1080 ecclesie
1125 1049 1302 1084 luminare,

293 1116 464 1147 campanas
478 1106 662 1146 pulsandas,
679 1114 716 1135 ac
733 1105 829 1135 etiam
842 1103 880 1134 ad
895 1102 1128 1133 matricularios
1143 1106 1303 1132 ceterosve

293 1161 469 1191 servientes
480 1166 510 1191 et
520 1160 665 1191 custodes
677 1158 809 1190 ecclesie
823 1158 1016 1197 pertinentia
1030 1160 1232 1191 memoratos,
1248 1162 1314 1191 no<

293 1216 382 1246 mine
399 1216 488 1253 regio
513 1215 640 1250 saisire,
657 1222 694 1244 ac
709 1212 898 1252 justitiarios
913 1212 947 1241 in
968 1216 1030 1241 tota
1051 1211 1151 1249 ipsius
1171 1208 1303 1239 ecclesie

294 1273 378 1299 terra
408 1268 576 1298 instituere
610 1269 890 1306 presumpserunt,
924 1264 958 1294 in
991 1263 1136 1303 ejusdem
1170 1261 1302 1292 ecclesie

291 1321 436 1360 grangiis
453 1324 554 1351 certos
572 1319 747 1349 servientes
763 1318 885 1357 equites
900 1316 1092 1356 deputando,
1110 1315 1234 1345 duobus
1249 1322 1301 1344 so-

290 1373 366 1404 lidis
382 1373 611 1413 parisiensium
628 1371 767 1410 singulis
779 1379 889 1401 eorum
902 1379 959 1409 pro
974 1370 1118 1408 ipsorum
1135 1367 1302 1407 stipendiis

290 1428 341 1458 die
359 1427 501 1467 quolibet
515 1426 714 1462 constitutis,
736 1429 841 1465 preter
856 1423 1034 1454 cotidianas
1052 1431 1163 1453 eorum
1181 1429 1302 1460 expen-

289 1490 357 1518 sas,
375 1489 454 1519 quas
476 1480 515 1509 de
532 1479 748 1518 predictarum
766 1478 976 1515 grangiarum
993 1475 1149 1506 fructibus
1168 1483 1223 1514 pro
1244 1483 1303 1504 sua

290 1534 451 1573 recipiunt
466 1533 640 1568 voluntate,
657 1536 783 1571 propter
798 1530 894 1570 quod,
912 1530 994 1560 sicut
1009 1529 1173 1565 asseritur,
1186 1527 1253 1567 jam
1266 1527 1301 1557 in

289 1596 407 1625 magna
420 1586 598 1626 quantitate
611 1585 757 1624 pecunie,
774 1589 879 1624 preter
894 1583 1017 1613 illatam
1035 1592 1072 1612 ex
1088 1581 1237 1621 predictis
1253 1582 1301 1611 in-

286 1640 419 1680 juriam,
434 1639 567 1670 ecclesia
577 1640 646 1678 ipsa
658 1638 885 1677 dampnificata
899 1636 1087 1673 dinoscitur,
1100 1639 1130 1665 et
1139 1635 1223 1665 bona
1231 1635 1300 1674 ejus

290 1697 366 1724 sunt
380 1692 601 1732 multipliciter
619 1692 790 1722 devastata.

332 1748 412 1776 [tem
429 1746 588 1777 universis
600 1745 778 1781 abbatibus,
792 1744 952 1784 prioribus
966 1747 996 1773 et
1009 1742 1082 1773 aliis
1093 1741 1300 1773 ecclesiarum

289 1800 420 1840 prelatis
439 1801 472 1830 in
498 1799 650 1830 comitatu
672 1798 922 1829 consistentibus
940 1796 1130 1836 supradictis
1148 1805 1204 1834 per
1223 1803 1300 1825 con-

289 1858 465 1884 servatores
494 1852 738 1892 privilegiorum
770 1851 885 1890 prefati
913 1851 1008 1889 regis,
1037 1850 1075 1879 de
1103 1849 1300 1880 conscientia

289 1908 388 1946 regia,
402 1907 461 1937 sub
478 1905 781 1937 comminationibus
797 1904 960 1943 gravibus,
977 1904 1059 1934 sicut
1071 1903 1235 1940 asseritur,
1253 1907 1300 1932 est

289 1962 473 2001 injunctum
490 1965 539 1998 ut,
559 1959 728 1990 interdicto
745 1968 800 1998 per
817 1959 904 1989 idern
921 1957 1097 1997 capitulum
1113 1956 1299 1996 hujusmodi

289 2015 455 2046 occasione
463 2013 689 2052 gravaminum
700 2013 734 2042 in
744 2012 896 2051 comitatu
908 2012 987 2050 ipso,
997 2011 1094 2041 etiam
1105 2010 1192 2050 prius
1201 2018 1298 2049 quam

289 2068 328 2098 ad
354 2068 541 2098 demanium
560 2076 654 2096 suum
671 2066 847 2103 accederet,
864 2065 966 2104 posito
990 2072 1054 2094 non
1071 2064 1232 2100 obstante,
1250 2071 1299 2093 or-

289 2131 373 2161 gana
393 2123 526 2152 omnino
548 2125 726 2150 resumant.
754 2120 808 2157 Et,
833 2118 906 2149 licet
921 2117 1074 2149 officiales
1096 2118 1158 2157 ipsi
1173 2121 1299 2156 propter

289 2176 477 2214 gravamina
493 2174 581 2204 illata
597 2173 736 2212 capitulo
751 2173 920 2212 sepedicto,
938 2182 973 2202 ex
991 2181 1027 2202 eo
1043 2171 1127 2210 quod
1141 2171 1298 2210 predictas

290 2228 661 2258 excommunicationum
692 2226 868 2256 sententias
891 2224 1112 2264 protulerunt,
1142 2223 1191 2254 vel
1223 2224 1299 2263 quia

289 2290 354 2312 non
376 2285 565 2311 revocarunt
588 2280 727 2316 easdem,
745 2279 938 2309 sententiam
956 2277 1298 2308 excommunicationis

288 2334 488 2365 incurrerint
507 2333 639 2363 canonis
658 2332 785 2363 concilii
807 2332 1052 2370 Lugdunensis,
1072 2331 1175 2370 ipsam
1192 2335 1298 2361 tamen

289 2388 324 2418 in
340 2392 523 2427 contemptu
540 2387 680 2417 clavium
696 2395 760 2417 non
777 2386 956 2416 observant.

328 2442 411 2471 Item
440 2440 588 2471 canonici
617 2448 635 2469 a
663 2439 743 2470 sesto
771 2438 1011 2476 Assumptionis
1031 2437 1127 2468 Beate
1152 2436 1299 2475 Virginis

288 2496 434 2534 proximo
452 2493 602 2533 preterito
614 2517 621 2531 ,
639 2492 689 2523 vel
704 2492 847 2529 circiter,
865 2495 990 2531 propter
1005 2491 1184 2530 captiones,
1204 2490 1298 2520 saisi-

289 2557 347 2578 nas
366 2553 395 2578 et
421 2547 654 2578 devastationes
678 2545 883 2585 hujusmodi,
908 2545 1075 2575 solitarum
1098 2544 1299 2574 distributio-

289 2611 368 2632 num
391 2600 568 2632 commodis
591 2603 780 2636 caruerunt,
803 2599 912 2637 sicque
935 2597 1001 2627 illis
1025 2597 1212 2628 necessariis
1236 2597 1300 2627 vite

289 2655 457 2686 subtractis
475 2654 573 2685 coacti
590 2658 665 2683 sunt
680 2653 720 2683 ab
736 2652 847 2682 eadem
867 2651 998 2682 ecclesia
1010 2675 1018 2689 ‚
1035 2660 1100 2681 non
1122 2651 1192 2681 sine
1209 2651 1299 2681 uberi

287 2708 496 2739 lacrimarum
505 2708 672 2744 effusione,
681 2706 855 2743 discedere,
866 2706 1032 2745 ipsamque
1041 2704 1198 2740 deserere,
1209 2704 1299 2743 quasi

289 2762 394 2801 gravis
417 2762 512 2792 ruina
537 2760 743 2792 desolationis
768 2768 965 2800 oppressam.
989 2754 1205 2796 Quamobrem
1229 2767 1298 2797 pre-

289 2816 373 2846 dicta
390 2815 534 2852 ecclesia,
560 2815 594 2844 in
615 2824 679 2854 qua
701 2814 809 2844 divini
831 2813 937 2844 cultus
953 2812 1159 2843 laudabiliter
1175 2812 1300 2850 vigebat

289 2869 539 2907 officinn1‚qnasi
551 2868 664 2898 doinus
675 2868 799 2898 deserta
810 2867 1014 2906 conspicitur,
1026 2870 1056 2896 ct
1066 2866 1118 2896 ubi
1130 2865 1191 2895 Dei
1200 2865 1298 2902 filius,

289 2921 546 2960 predecessorum
576 2922 658 2959 regis
689 2921 823 2959 predicti
857 2920 1070 2959 temporibus,
1103 2918 1299 2949 serventibus

289 2975 403 3007 studiis
421 2974 591 3007 colebatur,
612 2984 731 3013 sueque
748 2974 852 3004 laudis
866 2975 989 3003 cantica
1004 2973 1135 3003 vocibus
1152 2971 1298 3002 altisonis

288 3027 491 3061 resonabant,
510 3029 578 3065 ejus
595 3031 732 3066 tempore
747 3027 842 3063 inibi,
857 3027 948 3065 proti]
960 3025 1069 3056 dolor!
1088 3025 1245 3055 taciturna
1260 3024 1298 3054 si-

289 3080 398 3116 lentia,
418 3081 451 3109 in
477 3089 571 3118 grave
599 3080 804 3118 dispendium
836 3079 947 3110 salutis
976 3078 1132 3115 fidelium,
1161 3086 1296 3117 quorum

1363 2753 1489 2795 'regem
1519 2765 1575 2795 per
1602 2756 1758 2796 predictas
1782 2756 1902 2786 litteras
1927 2764 2077 2795 rogamus
2101 2759 2132 2787 et
2161 2755 2327 2787 hortamur
2343 2753 2359 2770 ·“

1385 462 1474 497 illuc,
1493 462 1573 491 sicut
1587 460 1752 496 asseritur,
1771 459 1942 489 multitudo
1955 460 2233 498 peregrinantium
2249 463 2389 495 conflue-

1384 515 1437 546 bat
1454 515 1643 549 innumera,
1663 514 1884 543 observantur.

1425 570 1509 600 Sane
1528 569 1683 609 prefatum
1703 577 1810 606 regem
1829 567 1964 598 sollicite
1979 567 2182 599 considerare
2198 569 2346 602 volumus
2360 577 2406 605 ev·

1385 623 1547 654 attendere
1571 622 1743 660 diligenter
1763 621 1847 660 quod
1861 645 1868 658 ‚
1891 620 1919 650 si
1941 620 2092 651 officiales
2117 621 2251 660 predicti
2273 623 2312 654 de
2334 624 2416 659 sua}

1385 676 1515 706 licentia
1543 675 1593 706 vel
1622 674 1773 704 mandato
1803 673 1843 704 ad
1876 673 1983 713 aliqua
2010 673 2223 713 predictorum
2261 676 2389 710 forsitan

1385 732 1625 768 processerunt,
1650 731 1778 767 propter
1799 735 1861 766 que
1877 726 1994 757 dietam
2015 727 2122 757 statuti
2145 727 2272 758 concilii
2307 729 2385 765 Lus·

1385 783 1542 813 dunensis
1559 780 1903 812 excommunicationis
1920 780 2114 810 sententiam
2127 781 2300 813 incurrisse
2317 792 2365 814 n·

1385 840 1521 873 cuntur,
1557 835 1609 866 vel
1631 835 1669 865 ad
1700 833 1816 864 similia
1829 858 1836 870 ,
1869 833 1953 872 quod
1985 833 2085 871 absit,
2125 834 2330 873 procederent

1386 889 1550 926 futurum,
1577 888 1712 918 eandem
1745 887 1937 917 sententiam
1967 886 2006 917 de
2035 886 2122 917 facili
2151 888 2306 926 potuisset
2337 873 2386 921 ιμ’

1385 951 1532 979 currere,
1559 941 1610 972 vel
1636 941 1748 971 eadem
1774 941 1807 971 in
1835 944 1997 979 posterum
2024 944 2129 979 posset
2150 941 2292 978 involvi,
2317 951 2335 974 c
2365 958 2379 969 ι.

1385 994 1555 1034 privilegia
1586 1003 1641 1034 per
1674 994 1781 1024 sedem
1803 993 2011 1032 apostolicam
2035 993 2293 1034 quibuscumque
2339 1010 2376 1026 w.

1385 1057 1474 1079 cessa
1503 1052 1537 1079 ut
1566 1048 1606 1078 ab
1641 1048 1772 1079 homine
1803 1047 2076 1077 excommunicari
2106 1055 2170 1078 non
2204 1048 2343 1080 valeant·

1386 1101 1580 1131 sententiam
1605 1109 1767 1132 canonum
1788 1100 1972 1131 nullatenus
1997 1100 2219 1131 extendantur.
2241 1102 2385 1134 Αῑῑθιι’

1385 1158 1415 1184 et
1432 1154 1539 1190 etiam,
1558 1154 1585 1184 si
1600 1153 1742 1184 celorum
1759 1154 1917 1192 reginam,
1935 1153 2027 1192 cnjus
2042 1153 2181 1192 glorioso
2197 1154 2348 1187 vocabulo
2368 1170 2388 1190 :3

1385 1207 1570 1237 reverendis
1582 1207 1727 1247 reliquiis
1739 1207 1872 1237 ecclesia
1884 1206 2026 1246 predicta
2037 1207 2215 1238 dinoscitur
2225 1208 2369 1251 insigni
2387 1222 2389 1227 ’

1384 1260 1528 1304 sinostri
1544 1260 1754 1300 redemptoris
1772 1264 1918 1298 matrem,
1937 1260 1966 1290 si
1982 1260 2120 1290 humani
2145 1261 2274 1299 generis
2297 1262 2349 1294 ad
2364 1253 2386 1292 ᾖ,

1385 1317 1487 1343 catam
1513 1313 1674 1352 condigne
1708 1313 1889 1344 reverentie
1913 1317 2086 1344 veneretur
2109 1314 2241 1352 affectu,
2271 1315 2300 1346 si
2328 1329 2349 1343 ι’,

1384 1367 1572 1397 meritorum
1588 1367 1706 1398 intuitu
1723 1367 1911 1407 placabilem
1927 1367 1988 1398 sibi
2007 1367 2130 1405 reddat,
2147 1368 2173 1398 si
2183 1368 2213 1398 ei
2223 1368 2378 1409 obsequ*

1384 1429 1456 1450 rum
1482 1420 1657 1460 impendiis
1684 1425 1739 1451 aut
1762 1421 1927 1451 effectibus
1952 1429 2085 1460 operum
2110 1421 2173 1451 sibi
2194 1421 2343 1454 exhibeat
2363 1437 2382 1449 w

1383 1474 1546 1513 devotum,
1567 1474 1644 1504 dum
1664 1474 1760 1504 tantis
1777 1479 1807 1504 et
1826 1479 1889 1504 tam
1905 1474 2057 1513 gravibus
2071 1475 2174 1514 ipsam
2192 1473 2320 1506 lacessit
2342 1489 2384 1510 zu,

1383 1527 1528 1558 lacessiri
1553 1528 1709 1567 permittit
1744 1528 1894 1567 injuriis,
1923 1527 2031 1558 vexari
2059 1527 2236 1566 molestiis,
2259 1529 2386 1568 μου),

1383 1581 1491 1619 affligi,
1511 1580 1640 1611 utillud
1658 1581 1787 1612 silentio
1802 1581 2026 1620 relinquamus
2045 1581 2130 1620 quod
2144 1580 2322 1612 familiares
2346 1578 2382 1609 :r

1385 1634 1490 1664 eidem
1515 1634 1667 1673 capitulo,
1686 1635 1742 1673 qui
1767 1643 1872 1665 coram
1897 1644 1933 1664 eo
1958 1634 2008 1664 vel
2027 1634 2094 1664 suis
2117 1634 2278 1665 ministris
2299 1643 2381 1675 εμὲ

1384 1687 1614 1727 temporalibus
1648 1696 1714 1718 non
1743 1687 1923 1718 feudalibus
1951 1688 2044 1718 honis
2075 1688 2207 1719 ecclesie
2235 1688 2388 1728 sepedic

1382 1741 1575 1781 respondere
1593 1746 1731 1778 recusat,
1754 1742 1836 1772 sicut
1855 1750 1914 1772 nec
1939 1745 2082 1779 tenetur,
2105 1742 2244 1780 graviter
2259 1750 2388 1773 coumni.

1382 1799 1517 1832 uantur,
1535 1795 1620 1834 quod
1643 1795 1671 1824 ei
1695 1795 1839 1825 custodia
1854 1794 1904 1825 vel
1920 1795 2055 1833 guardia
2071 1790 2159 1833 regia
2176 1795 2327 1827 subtrahe
2348 1805 2352 1822 v

1381 1848 1527 1887 personis
1542 1852 1573 1877 et
1593 1847 1689 1878 bonis
1713 1848 1855 1886 ejusdem
1881 1847 2013 1878 ecclesie
2034 1852 2144 1878 contra
2166 1848 2217 1878 sui
2236 1847 2386 1882 honor-1,
2405 1878 2408 1882 ,
2455 1835 2459 1850 ”

1382 1901 1537 1932 culminis
1561 1901 1760 1941 quibuslibet
1783 1901 1995 1940 periculosius
2018 1901 2232 1940 exponendis;
2255 1901 2342 1941 profe
2367 1907 2383 1939 ζ

1382 1963 1447 1985 non
1465 1955 1510 1986 sic
1532 1955 1622 1985 illam
1640 1955 1690 1985 sui
1706 1946 1924 1994 progenitores
1939 1954 2044 1984 incliti
2054 1958 2238 1992 tractavere,
2251 1955 2328 1986 dum

1381 2013 1508 2046 verent,
1526 2009 1605 2039 dum
1624 2009 1723 2047 regali
1739 2008 1817 2039 solio
1835 2008 2057 2048 presidehant,
2076 2007 2140 2038 non
2157 2008 2204 2039 sic
2220 2009 2305 2040 circa
2327 2022 2347 2035 2:
2363 2040 2385 2046 .-

1381 2063 1515 2102 ejusque
1540 2062 1705 2092 ministros
1721 2071 1753 2091 se
1769 2070 1879 2100 gerere
1895 2065 2098 2098 curaverunt,
2118 2062 2198 2101 quin
2214 2062 2315 2093 immo
2330 2061 2337 2068 '
2367 2063 2375 2101 f

1381 2120 1486 2155 utpote
1503 2115 1566 2145 fide
1585 2115 1731 2155 preclari,
1749 2115 1917 2145 devotione
1933 2114 2093 2144 ferventes
2109 2119 2140 2145 et
2158 2115 2198 2145 ad
2213 2123 2309 2154 opera
2332 2115 2378 2142 ·':>

1381 2169 1453 2199 tatis
1470 2169 1597 2204 intenti,
1617 2168 1771 2207 prefatam
1781 2167 1959 2205 ecclesiam,
1977 2167 2095 2198 mentis
2110 2167 2212 2199 oculis
2227 2165 2383 2200 erectisma?

1381 2222 1571 2258 Dominum,
1603 2221 1712 2251 multis
1735 2221 1913 2251 honoribus
1939 2221 2118 2260 prevenire,
2142 2221 2341 2253 libertatibus
2365 2214 2376 2247 ’Ῐ
2451 2234 2455 2258 ς

1380 2275 1638 2306 immunitatibus
1654 2274 1768 2304 fulcire
1785 2283 1849 2304 non
1868 2274 2000 2305 modicis
2016 2283 2052 2304 ac
2068 2273 2289 2314 spiritualibus
2325 2287 2332 2301 ι
2347 2288 2370 2300 ι·
2451 2293 2455 2306 i

1380 2330 1508 2360 munire
1525 2329 1703 2368 privilegiis
1719 2328 1930 2365 studuerunt,
1948 2331 2075 2367 propter
2097 2327 2182 2367 quod
2204 2329 2250 2358 eis
2273 2337 2309 2359 ex
2332 2342 2336 2354 ι
2357 2327 2380 2362 2²1
2450 2323 2455 2382 J

1381 2384 1536 2414 retributa
1551 2387 1626 2413 sunt
1642 2383 1763 2422 premia
1784 2387 1814 2412 et
1831 2391 1942 2412 eorum
1959 2382 2044 2412 sama
2059 2382 2180 2420 grande
2203 2372 2362 2422 suscepit!
2395 2382 2399 2385 ’
2450 2383 2456 2444 J

1381 2436 1487 2468 seculo
1515 2437 1764 2467 incrementum.
1794 2436 1906 2473 Unde,
1935 2445 2009 2466 cum
2040 2431 2195 2474 prefatam
2225 2435 2344 2466 eccla·
2361 2441 2372 2475 j

1380 2492 1507 2530 propter
1524 2499 1580 2520 sue
1596 2490 1774 2520 devotionis
1789 2489 1904 2525 zelum,
1923 2489 1999 2519 fidei
2010 2489 2194 2528 puritatem,
2210 2489 2344 2520 obedien
2353 2494 2379 2526 ··<.j
2447 2456 2455 2576 ξ

1381 2543 1667 2583 promptitudinem
1685 2547 1715 2573 et
1731 2543 1908 2573 reverentie
1923 2542 2072 2582 specialis
2086 2542 2237 2573 affectum
2248 2566 2256 2580 ,
2271 2541 2342 2582 qu'·
2357 2537 2377 2567 Γ

1381 2598 1420 2628 ab
1436 2597 1514 2628 olim
1533 2606 1608 2635 erga
1626 2597 1733 2627 sedem
1751 2596 1958 2635 apostolicam
1974 2595 2118 2627 noscitur
2133 2595 2304 2634 claruisse,
2337 2595 2344 2601 '
2356 2607 2370 2628 11
2447 2583 2454 2643 i

1381 2651 1461 2682 ceris
1479 2650 1897 2689 prosequamuraffecffibus,
1914 2658 1951 2680 ac
1963 2650 2031 2688 ejus
2041 2649 2193 2688 dampna,
2210 2648 2347 2688 injurias
2449 2642 2454 2680 ἶ

1377 2705 1519 2744 jacturas
1546 2703 1679 2734 incieste
1706 2702 1984 2742 quamplurimum
2009 2702 2222 2742 perferamus,
2250 2701 2364 2733 eund
2437 2681 2453 2780 ἑ

1380 2810 1447 2840 filio
1464 2809 1522 2839 Dei
1538 2809 1637 2848 patris
1658 2813 1702 2844 nt,
1729 2809 1864 2839 sollicita
1886 2809 2094 2839 meditatione
2109 2808 2290 2848 recogitans
2303 2816 2369 2848 qun

1381 2863 1442 2893 sibi
1459 2872 1553 2901 super
1570 2863 1629 2892 hoc
1646 2872 1680 2892 ex
1699 2863 1812 2893 intimo
1827 2862 1934 2892 cordis
1949 2862 2062 2892 affectu
2078 2861 2251 2901 dirigimus
2271 2859 2347 2892 scri
2365 2867 2378 2896 ζ

1381 2920 1502 2953 nostra,
1520 2921 1550 2946 et
1564 2915 1655 2954 quod·
1666 2916 1854 2955 hujusmodi
1871 2915 2035 2954 negotium
2053 2914 2222 2954 apostolica
2232 2913 2341 2945 sedes·
2369 2936 2374 2939 -

1382 2969 1504 2999 tissime
1522 2969 1607 2999 cordi
1623 2969 1716 3007 gerit,
1736 2970 1979 3009 quodquetanta
1996 2973 2102 2998 ettam
2119 2967 2323 3007 dispendiosa
2340 2968 2371 2993 ·-ῖ«

1380 3022 1475 3053 clesie
1493 3023 1631 3061 predicte
1642 3024 1830 3061 gravamina
1843 3031 2047 3061 nequaqnam
2061 3030 2238 3061 possemus,
2253 3027 2353 3059 urgan
2423 3015 2429 3020 “
2446 3019 2447 3022 ’

1381 3084 1438 3106 nos
1452 3076 1599 3106 conscien
1607 3077 1658 3111 tia,
1669 3076 1885 3115 equanimiter
1897 3075 2039 3111 tolerare,
2049 3083 2067 3105 a
2074 3073 2224 3114 predictis
2237 3071 2366 3104 omnib
2375 3098 2383 3110 ,.
