2342 3652
909 377 1136 418 DEUXIEME
1157 375 1314 415 ANNEE.
2094 388 2145 417 201

111 470 124 486 α
142 459 208 488 Το3
224 456 316 486 nobis
331 455 550 485 fraternitas...
567 471 606 477 -
624 454 696 484 Dat.
716 454 826 489 Reate,
842 463 897 482 vm
916 451 1069 482 kalendas

65 512 163 554 Junii,
180 518 265 541 anno
281 508 430 539 secundo.
455 517 469 536 1)

138 668 327 698 ais-919

104 731 218 759 Collatio
236 730 365 757 beneficii
381 731 409 755 et
424 729 601 763 dispensatio
624 736 711 762 super
732 727 891 762 pluralitate
915 726 1070 751 beneficio-

70 789 142 811 rum.
161 780 241 811 (Rae.
258 779 305 810 44,
322 787 347 805 c.
364 778 429 809 ²201,
446 778 466 804 f.
486 777 532 804 153
549 785 588 809 t·⁰;
606 777 672 803 Lai).
691 786 725 804 110
740 776 843 810 Tuam,
860 774 903 807 II,
924 774 992 808 101.)

691 665 781 695 Rieu,
804 665 832 691 19
847 665 901 690 mai
921 664 996 691 1239.

109 883 249 920 Mayislro
277 881 436 910 Guillelmo
466 880 499 909 de
525 880 700 915 Bellofortt',
730 880 874 908 canonico
889 878 1069 906 Pnrz'st'ensi.

74 948 88 965 ι
104 936 188 966 Dum
206 933 405 964 conditiones
429 936 495 962 et...
515 932 569 961 tibi
592 932 781 961 decanatum
807 939 902 969 quem
925 931 957 959 in
983 930 1073 959 Mon-

72 989 110 1019 tis
126 987 307 1025 Belligardi,
328 986 496 1015 Bisuntine
511 1009 517 1019 ,
543 990 573 1014 01
588 985 812 1014 canonicatum
827 993 862 1013 ae
878 983 1072 1022 prebendam

74 1050 150 1082 quos
167 1041 200 1070 in
217 1040 254 1070 de
269 1039 489 1075 Monasteriis,
508 1039 696 1068 Basiliensis
715 1038 910 1073 diocesium,
931 1037 1072 1067 ecclesiis

72 1095 209 1126 nosceris
225 1094 380 1129 obtinere,
398 1101 434 1122 ac
449 1092 544 1122 etiarn
560 1093 613 1129 ¹jus
630 1092 712 1130 quod
732 1092 787 1122 tibi
811 1091 845 1120 in
865 1091 1071 1127 canonicatu,

72 1147 228 1188 prebenda
250 1151 280 1176 et.
294 1147 449 1184 dignitate
470 1147 502 1174 in
528 1145 698 1179 Basiliensi
714 1150 744 1175 et
758 1145 841 1184 quod
859 1146 892 1174 in
915 1145 1071 1175 beneficio

72 1201 106 1232 in
123 1200 284 1230 Romarici
302 1199 431 1235 montis,
450 1198 609 1228 Tullensis
624 1199 769 1235 diocesis,
787 1198 939 1235 ecclesiis,
957 1207 1012 1237 per
1024 1207 1074 1228 ve-

73 1253 244 1285 nerabilem
260 1253 390 1282 fratrem
412 1257 555 1282 nostrum
571 1253 615 1289 J.,
636 1252 818 1291 episcopum
836 1252 1069 1289 Tusculanum,

74 1311 146 1338 tunc
168 1306 281 1336 inillis
300 1306 442 1345 partibus
460 1306 630 1344 apostolice
649 1307 730 1336 sedis
749 1306 889 1344 legatum
907 1330 912 1342 ,
931 1306 1072 1336 auctori-

73 1364 132 1392 tate
147 1369 201 1390 sue
216 1359 397 1398 legationis,
414 1363 448 1389 ut
464 1359 591 1395 asseris,
609 1360 789 1395 reservatis,
804 1364 982 1398 competere
1001 1369 1072 1390 nos-

73 1413 162 1451 citur,
175 1413 208 1442 in
225 1413 341 1447 nostris
359 1413 509 1445 manibus
523 1412 623 1442 libere
640 1413 828 1450 resignand,
848 1414 1072 1443 canonicatum

73 1466 258 1504 Parisiensis
284 1465 426 1503 ecclesie,
445 1475 518 1496 cum
540 1466 739 1505 plenitudine
762 1467 845 1505 juris
861 1468 1018 1503 canonici,
1046 1472 1076 1497 et

0 1509 4 1514 ,
34 1532 37 1533 ⁷
73 1520 262 1560 prebendam
278 1519 451 1557 integram,
466 1520 600 1549 liberam
616 1525 644 1549 et
658 1529 721 1550 non
737 1520 974 1557 sacerdotalem,
994 1521 1075 1551 nulli

72 1572 126 1604 alii
142 1573 262 1612 dejure
277 1573 427 1609 debitam,
443 1573 471 1602 si
489 1582 551 1611 qua
568 1573 601 1602 in
619 1573 729 1603 eadem
750 1574 923 1603 Parisiensi
942 1574 1075 1604 ecclesia

73 1630 160 1656 vacat
175 1626 214 1656 ad
229 1635 378 1665 presenS,
397 1635 470 1656 curn
493 1627 643 1656 omnibus
662 1627 788 1665 juribus
817 1631 846 1656 et
869 1627 1074 1664 pertinentiis

73 1680 147 1717 suis,
167 1679 336 1718 apostolica
347 1679 404 1709 tibi
419 1680 604 1710 auctoritate
620 1680 813 1710 conserimus
829 1685 858 1710 et
869 1681 1075 1718 providemus

75 1732 112 1763 de
126 1732 200 1770 illis,
219 1737 310 1772 teque
332 1742 388 1772 per
406 1738 552 1763 nostrum
575 1733 710 1763 anulum
731 1734 923 1763 investimus
948 1744 1075 1772 presen-

76 1786 190 1817 tialiter
204 1787 242 1816 de
258 1787 389 1817 eisdem.
408 1787 442 1817 Si
459 1796 532 1817 vero
552 1787 642 1817 nulla
658 1787 727 1817 talis
744 1788 905 1826 prebenda
924 1797 1009 1817 nunc
1023 1798 1072 1817 va-

77 1844 123 1870 cat
136 1840 169 1870 in
185 1840 316 1870 ecclesia
334 1841 525 1879 supradicta⁷
542 1850 599 1871 nos
611 1841 799 1879 hujusmodi
815 1841 1009 1879 prebendam
1026 1842 1077 1871 in-

77 1897 191 1932 tegram
203 1917 211 1932 ,
235 1893 370 1924 liberam
393 1898 423 1924 et
445 1903 509 1924 non
526 1894 752 1924 sacerdotalem
767 1918 774 1932 ‚
793 1895 896 1933 primo
912 1895 946 1924 in
963 1896 1074 1925 eaden]

76 1946 202 1978 ecclesia
217 1952 417 1984 vacaturam,
439 1958 500 1987 que
523 1948 673 1978 similiter
698 1948 736 1978 de
754 1950 826 1987 jure
845 1949 926 1979 nulli
943 1949 997 1978 alii
1016 1949 1074 1979 de-

75 1999 193 2037 beatur,
209 2001 434 2030 conferendam
452 2001 520 2037 tibi,
540 2010 612 2031 cum
627 2002 795 2038 vacaverit,
809 2002 974 2032 donationi
985 2011 1076 2041 apos-

77 2053 164 2084 tolice
179 2063 415 2085 reservamus...
432 2055 502 2084 Non
518 2055 755 2085 obstantibus...
774 2055 858 2094 quod
876 2056 908 2084 in
922 2056 1075 2092 Metensi,

61 2105 215 2136 ·Tullensi
229 2107 304 2136 etde
319 2108 481 2146 Vernone,
499 2108 709 2145 Ebroicensis,
725 2114 754 2138 et
769 2109 806 2138 de
819 2109 1076 2147 Montebligardi,

77 2158 156 2189 dicte
177 2159 347 2190 Bisuntine
370 2160 563 2197 diocesium,
581 2163 805 2199 canonicatus,
830 2167 860 2192 et
883 2163 916 2192 in
943 2163 1021 2202 ipsis
1039 2163 1078 2192 de

78 2204 222 2243 vernone
237 2222 272 2244 ac
287 2214 324 2244 de
342 2214 589 2252 Montebligardi
606 2215 746 2245 ecclesiis
765 2217 945 2255 prebendas
967 2225 1077 2247 nosce·
1124 2234 1127 2237 «

77 2265 121 2295 ris
141 2266 319 2298 obtinere...
347 2268 418 2298 Dat.
451 2269 564 2305 Reate,
589 2279 656 2298 111111
684 2269 837 2300 kalendas
856 2271 961 2309 junii,
992 2280 1078 2301 anno

77 2320 222 2351 secundo.
242 2332 256 2348 »

115 2373 153 2402 In
176 2382 203 2404 e.
226 2382 270 2403 m.
296 2374 433 2405 Rodulso
455 2375 492 2404 de
519 2376 706 2413 Novavilla,
734 2376 960 2415 Belvacensis,
988 2379 1077 2408 Hen-

79 2425 142 2456 rico
167 2425 204 2456 de
233 2426 415 2464 Gebennis,
448 2429 636 2466 Remensis,
662 2438 697 2459 ac
724 2429 899 2461 Guillelmo
928 2431 969 2461 de
998 2432 1080 2461 Ver-

81 2485 171 2516 none,
201 2479 399 2510 Ebroicensis
423 2481 628 2514 dioecesium.
660 2482 869 2513 ecclesiarum
897 2484 1078 2521 canonicis,

80 2531 206 2562 mandat
221 2537 377 2572 quatenus
394 2534 533 2564 eundem
549 2535 760 2565 Guillelmum
779 2536 817 2566 de
835 2536 1011 2573 Bellosorti,
1031 2537 1080 2567 vel

82 2584 148 2624 ejus
161 2590 405 2624 procuratorem,
422 2587 455 2616 in
475 2588 650 2618 Parisiensi
668 2589 799 2619 ecclesia
815 2590 913 2628 recipi
925 2590 1080 2620 facientes

81 2636 114 2666 in
127 2639 313 2670 canonicum
330 2645 360 2670 et
378 2640 410 2669 in
430 2641 560 2671 fratrem
577 2666 583 2678 ,
602 2651 675 2672 eum
691 2643 726 2671 in
744 2643 939 2681 corporalem
956 2651 1080 2682 posses-

81 2689 198 2722 sionem
214 2692 400 2732 hujusmodi
415 2694 616 2733 praebendae
631 2695 797 2726 inducant.

149 2843 233 2872 92⁰

117 2903 157 2932 De
170 2907 337 2934 alienatione
354 2908 493 2935 bonorum
517 2909 702 2944 episcopatus
717 2910 905 2938 Urbevetani.
930 2910 1012 2944 (Rea.
1031 2911 1078 2942 44,

83 2959 108 2980 ο.
122 2953 182 2986 202,
198 2955 218 2982 f.
236 2956 285 2984 153
301 2958 353 2990 vo.)

415 2845 771 2882 Sainte-Marie-Majeure,
789 2848 823 2875 ‘29
842 2848 911 2874 avril
929 2848 1008 2875 11289.

125 3080 144 3087 ..
161 3060 259 3090 abbati
282 3063 460 3092 monasterii
482 3061 585 3092 Sancti
605 3062 706 3092 Severi
723 3071 815 3100 prope
847 3064 1080 3094 Urbemveterem

220 3125 292 3153 Rae.
313 3126 435 3154 Nicoms
454 3126 506 3153 IV.

1152 450 1281 479 mandat
1309 454 1342 479 ut
1366 451 1507 489 inquirat
1539 451 1577 480 de
1607 451 1839 490 opportunitate
1870 451 2004 489 petionis
2036 460 2098 489 qua
2127 476 2150 482 ..

1152 503 1314 540 episcopus
1324 503 1543 534 Urbevetanus
1559 504 1722 534 licentiam
1738 505 1836 542 poscit
1853 503 2069 533 vendendivel
2084 513 2152 534 mu-

1154 555 1241 584 tandi
1262 556 1416 593 quasdam
1436 557 1660 595 possessiones.

1195 620 1207 634 ι(
1229 608 1272 637 Ex
1285 613 1370 646 parte
1387 609 1617 639 venerabilis...
1630 627 1667 630 -—
1685 610 1754 638 Dat.
1774 610 1884 646 Rome,
1901 610 1983 648 apud
2002 609 2150 639 Sanctam

1155 661 1287 689 Mariani
1317 661 1486 699 Maj0re1n,
1516 672 1548 691 111
1573 662 1726 691 kalendas
1743 663 1840 699 111311,
1864 671 1949 691 anno
1966 662 2117 692 secundo.
2138 674 2151 688 π

1223 834 1414 862 921-922
1500 834 1857 869 Sainte-Marie-Majeure,
1873 835 1906 861 2‘2
1921 835 1990 861 avril
2009 835 2084 862 1289.

1190 895 1307 922 Collatio
1324 896 1464 922 beneficii.
1482 896 1563 930 (Res.
1581 897 1627 929 44,
1645 905 1670 923 0.
1685 896 1751 927 203,
1775 898 1792 923 f.
1815 897 1860 923 153
1877 897 1927 929 vo.)

1194 999 1338 1034 Mayislro
1368 998 1533 1033 Ricccrdo,
1561 998 1741 1027 subdiacono
1769 1003 1794 1026 et
1820 999 1939 1025 notario
1977 1004 2087 1028 nostro.
2122 999 2157 1027 Ei

1155 1056 1359 1090 personatum
1380 1051 1429 1079 vel
1454 1051 1645 1087 dignitatem
1667 1051 1699 1079 in
1720 1059 1817 1088 regno
1834 1051 1989 1079 Franciae
2005 1056 2154 1080 reservat.

1197 1116 1210 1130 ι(
1229 1104 1325 1133 Recte
1341 1113 1435 1141 agere
1454 1104 1652 1133 credimus...
1669 1120 1707 1124 -—
1731 1103 1800 1132 Dat.
1822 1103 1941 1134 Rome.
1959 1103 2041 1141 apud
2060 1104 2157 1133 Sanc-

1157 1161 1220 1186 tam
1232 1157 1366 1186 Mariam
1386 1157 1552 1195 Maj0rem,
1569 1165 1587 1185 x
1602 1155 1755 1185 kalendas
1771 1156 1858 1192 maii,
1873 1164 1958 1185 anno
1974 1156 2122 1186 secundo.
2143 1168 2157 1182 »

1195 1211 1233 1239 In
1251 1220 1276 1239 e.
1298 1219 1340 1239 m.
1358 1209 1489 1239 Nicolao
1515 1209 1553 1238 de
1574 1209 1703 1243 Trebis‚
1735 1209 1909 1239 camerario
1945 1217 2020 1244 suo,
2048 1209 2158 1247 primi-

1155 1264 1239 1293 cerio
1266 1264 1413 1300 Metensi⁷
1442 1286 1461 1293 ..
1487 1263 1592 1292 abbati
1618 1263 1805 1292 monasterii
1826 1262 1959 1292 Sanctae
1976 1262 2160 1292 Genovel'ae

1157 1317 1365 1353 Parisiensis,
1385 1322 1438 1347 et..
1458 1317 1580 1346 cantori
1600 1316 1751 1346 ecclesiae
1777 1316 1952 1345 Furnensis
1965 1339 1972 1353 ‚
1992 1316 2159 1345 Morinen-

1157 1371 1199 1400 sis
1215 1371 1377 1406 dioecesis,
1396 1370 1525 1399 mandat
1538 1374 1694 1409 quatenus
1706 1370 1904 1408 praedictum
1921 1369 2111 1399 Riccardum
2126 1369 2160 1398 in

1157 1424 1299 1462 ejusdem
1322 1428 1507 1461 personatus
1533 1423 1582 1452 vel
1604 1423 1770 1460 dignitatis
1799 1423 2030 1460 possessionen]
2048 1430 2159 1460 corpo-

1157 1480 1255 1509 ralem
1277 1480 1440 1508 inducant.

1229 1660 1316 1688 923

1195 1723 1378 1758 Dispensatio
1404 1721 1586 1748 matrimonii.
1605 1721 1687 1754 (Hm.
1705 1721 1753 1753 44,
1771 1728 1796 1747 c.
1814 1720 1879 1753 ⁵204,
1902 1720 1919 1745 f.
1951 1720 1996 1746 1:34
2021 1727 2066 1752 vo,
2094 1719 2160 1746 Lae.

1158 1781 1193 1799 1111
1207 1771 1371 1803 Tu1211.‚11,
1393 1771 1461 1803 105.)

1798 1657 1886 1685 Rieu,
1905 1658 1919 1683 4
1932 1657 1994 1689 juin
2016 1656 2090 1683 128¹).

1205 1875 1370 1904 Venerabili
1383 1875 1478 1910 s'ratrt'
1501 1896 1521 1902 ..
1539 1874 1672 1909 episcopo
1690 1873 1887 1901 Nemausensi
1907 1871 2038 1900 mandat
2053 1875 2163 1909 quate-

1159 1938 1220 1959 nus
1238 1938 1309 1958 curn
1330 1927 1431 1957 nobili
1447 1928 1515 1956 viro
1530 1925 1705 1955 Gnillelmo
1732 1925 1895 1961 Arnaudi,
1922 1925 2052 1954 domino
2070 1926 2163 1954 castri

1159 1982 1197 2011 de
1217 1982 1442 2019 Montepesato,
1461 1985 1491 2009 et
1506 1978 1606 2008 nobili
1626 1978 1766 2007 muliere
1785 1977 1969 2014 Porcelleta,
1988 1982 2060 2007 nata
2077 1978 2163 2006 Petri

1160 2037 1198 2066 de
1221 2036 1408 2071 Lanibisco,
1432 2034 1596 2072 dispenset
1623 2037 1654 2062 ut
1679 2032 1713 2061 in
1734 2031 1940 2061 matrimonio
1965 2031 2048 2070 quod
2071 2030 2160 2067 olim,

1160 2090 1345 2128 ignorantes
1362 2087 1629 2126 impedimentum
1648 2095 1726 2122 esse,
1745 2089 1980 2119 contraxerunt,
1999 2085 2075 2113 etin
2099 2092 2162 2122 quo

1160 2143 1243 2172 filios
1262 2146 1481 2181 procrearunt,
1500 2149 1666 2169 remanere
1682 2139 1818 2175 valeant,
1838 2147 1901 2168 non
1920 2138 2062 2168 obstante
2076 2137 2160 2176 quod

1160 2196 1322 2235 quondam
1343 2194 1527 2230 Guirauda,
1545 2202 1623 2223 uxor
1643 2192 1822 2229 Guillelmi,
1843 2191 2035 2221 Porcelletae
2051 2196 2161 2229 quarto

1160 2248 1449 2287 consanguinitatis
1463 2247 1564 2285 gradu
1579 2247 1750 2284 conjuncta
1767 2251 1845 2275 erat.

1204 2318 1215 2329 n
1235 2303 1350 2333 Petitio
1370 2301 1478 2331 dilecti
1501 2300 1598 2330 filii...
1621 2316 1657 2320 —
1674 2299 1744 2328 Dat.
1764 2299 1880 2333 Reate,
1909 2307 1930 2326 11
1950 2306 2051 2327 nonas
2066 2297 2164 2335 junii,

1161 2366 1246 2388 anno
1262 2356 1411 2386 secundo.
1435 2367 1447 2381 n

1789 2524 1875 2554 Rieu,
1893 2524 1926 2550 ‘25
1943 2524 1997 2549 mai
2016 2521 2091 2548 1289.

1232 2531 1320 2559 924

1196 2595 1301 2620 Contra
1317 2591 1533 2626 dilapidationes
1547 2588 1699 2619 Francisci,
1714 2587 1837 2618 abbatis,
1851 2589 1878 2612 et
1889 2584 2067 2617 Christofori,
2085 2591 2164 2609 oeco-

1162 2644 1239 2671 nomi
1254 2641 1420 2669 monasterii
1436 2640 1557 2666 Sanctae
1573 2638 1679 2664 Mariae
1694 2636 1728 2662 de
1749 2635 1870 2662 Farneto
1887 2634 1969 2665 (Rae.
1988 2634 2019 2660 44
2030 2654 2036 2664 ,
2054 2641 2079 2659 0.
2096 2632 2162 2663 205,

1161 2695 1180 2721 f.
1199 2694 1247 2720 154
1266 2693 1317 2724 νο.)

1205 2818 1224 2824 ..
1242 2795 1367 2832 plebano
1384 2791 1475 2830 plebis
1488 2790 1521 2819 de
1537 2787 1725 2825 Anaqnalla,
1744 2785 1866 2814 Clusz'ne
1883 2784 2017 2818 diocesis,
2035 2780 2166 2811 mandat

1163 2851 1319 2887 quatenus
1334 2843 1552 2877 Franciscum,
1571 2840 1731 2877 abbatem,
1748 2841 1776 2867 et
1790 2835 2037 2871 Christofornm,
2054 2842 2166 2864 mona-

1164 2901 1261 2931 chum
1279 2904 1307 2928 et
1323 2904 1532 2927 oeconomum
1551 2891 1737 2923 monasterii
1756 2890 1891 2919 Sanctae
1909 2888 2028 2917 Mariae
2043 2887 2081 2916 de
2096 2886 2167 2916 Far-

1165 2958 1251 2989 neto,
1270 2951 1308 2981 ad
1327 2957 1492 2980 romanam
1517 2945 1682 2976 ecclesiam
1712 2942 1801 2972 nullo
1827 2941 1934 2970 medio
1958 2939 2164 2978 pertinentis,

1164 3005 1285 3037 ordinis
1301 3004 1333 3034 S.
1349 3000 1525 3036 Benedicti,
1541 2998 1693 3028 Aretinae
1706 2996 1870 3031 dioecesis,
1886 2994 1959 3024 citet
1978 2999 2009 3022 nt
2025 2993 2107 3022 infra
2122 2992 2166 3020 vi-

1164 3060 1244 3100 ginti
1260 3059 1328 3088 dies
1343 3065 1450 3087 coram
1473 3054 1545 3084 sede
1565 3050 1739 3091 apostolica
1765 3053 1988 3087 compareant,
2018 3055 2114 3085 super
2130 3053 2166 3074 oo

1993 3112 2026 3139 ς26
