2342 3652
899 383 1125 423 DEUXIEME
1148 380 1304 420 ANNnn.
2086 392 2139 420 :307

63 465 306 495 consueverant,
336 469 437 498 usque
456 459 495 489 ad
517 459 751 497 quinquaginta
774 458 887 488 solidos
912 463 1065 487 turoneu-
1104 456 1109 462 '

63 517 145 547 sium
162 523 343 554 parvorum,
359 513 398 542 ab
412 512 484 542 aliis
501 520 574 540 vero
592 512 711 547 minus,
729 511 965 549 procurationes
984 510 1064 539 reci-

63 579 134 610 pere
150 569 255 608 possit.

103 635 118 650 «
136 621 274 651 Grandis
292 624 343 649 tue
355 619 572 649 devotionis...
588 634 628 640 —
644 618 715 647 Dat.
734 617 834 646 Rome
849 641 854 653 ‚
871 617 954 655 apud
972 617 1067 646 Sanc-

64 680 126 706 tam
149 674 284 704 Mariam
309 673 462 711 Majorem
479 696 484 707 ,
503 681 549 700 1111
571 680 670 701 nonas
693 671 893 705 novembris,
911 678 996 699 anno
1017 678 1066 698 se-

64 728 176 759 cundo.
197 739 209 753 n

138 933 251 962 1618

101 995 133 1022 In
149 995 313 1022 subsidium
333 994 521 1028 quorumdam
544 993 735 1026 Portugalliae
756 991 966 1026 episcoporum.
985 990 1068 1023 (Rae.

67 1045 108 1078 44,
125 1052 151 1071 c.
168 1044 229 1077 58⁶3,
247 1044 264 1070 f.
282 1043 332 1070 ‘244
350 1045 400 1075 vo.)

586 931 672 964 Rieti,
689 930 723 956 24
738 929 901 963 septembre
918 928 995 954 1289.

110 1160 331 1190 Venerabilibus
350 1159 503 1194 fratribus
518 1158 660 1196 episcopis
676 1165 712 1186 ac
725 1157 842 1186 dilectis
859 1157 936 1193 filiis
953 1157 1069 1184 abbati-

68 1214 137 1249 bus,
158 1213 333 1250 prim-ihm,
352 1212 483 1247 decanis,
504 1211 729 1240 archidiaconis
745 1215 770 1238 ει
786 1211 856 1239 aliis
874 1207 1069 1238 ecclesiarum

63 1267 189 1306 prelatis
201 1290 208 1303 ‚
222 1266 399 1302 rectoribus,
416 1265 568 1295 canonicis
585 1270 610 1293 et
626 1265 742 1294 clericis
756 1273 809 1301 per
820 1272 949 1300 regnum
960 1264 1069 1292 Portu-

66 1321 146 1359 9alie
160 1321 342 1350 constitutis.
363 1319 419 1348 Eos
436 1319 580 1349 hortatur
596 1322 630 1347 ut
647 1339 665 1347 ..
682 1317 916 1355 archiepiscopo
935 1316 1071 1346 Eraclia-

66 1375 154 1406 rensi
169 1379 200 1404 et
217 1398 237 1404 ..
252 1374 491 1410 Colimbriensi,
511 1396 530 1403 ..
550 1373 690 1402 Silvensi
707 1377 736 1402 et
753 1396 772 1402 ..
791 1372 976 1402 Lamecensi
991 1373 1070 1410 epis-

67 1428 167 1467 copis,
184 1429 274 1467 juxta
294 1436 367 1457 suas
387 1427 572 1462 facultates,
590 1426 769 1456 subsidium
790 1426 994 1464 impendant,
1016 1433 1070 1464 pro

67 1482 211 1520 expensis
226 1481 260 1511 in
275 1481 497 1511 defensionem
512 1480 668 1510 libertatis
682 1484 711 1509 et
723 1480 848 1519 jurium
862 1479 1069 1509 ecclesiarum

66 1534 279 1573 Portugalliae
291 1535 392 1564 factis.

109 1600 122 1616 α
146 1587 181 1618 Si
202 1588 251 1618 lex
272 1587 431 1618 Christi...
454 1603 491 1608 —-
510 1587 581 1616 Dat.
605 1586 716 1621 Reate,
740 1596 794 1615 vni
816 1586 968 1616 kalendas
986 1590 1070 1615 octo-

69 1641 144 1679 bris,
161 1649 246 1671 anno
261 1640 410 1670 secundo.
430 1652 444 1667 »

142 1855 268 1884 1819-
279 1855 299 1882 1
308 1854 396 1882 (izo

105 1918 237 1946 Facultas
251 1917 419 1944 absolvendi
435 1917 469 1944 ab
486 1916 794 1943 excommunicationis
818 1917 968 1943 sententia.
991 1916 1070 1949 (Rae.

72 1968 118 2000 44,
135 1975 161 1994 c.
180 1967 240 1999 583,
257 1967 275 1993 f.
292 1966 344 1993 ‘245
361 1968 407 1997 1·⁰.)

586 1854 674 1885 Rieti,
694 1854 726 1880 ‘24
742 1854 904 1888 septembre
922 1853 1001 1880 1289.

115 2084 280 2114 Venerabili
294 2083 388 2119 fratri
405 2083 513 2119 Telllo‚
530 2082 751 2120 archiepiscopo
767 2083 985 2117 macharensi,
1003 2090 1073 2111 con-

72 2136 152 2167 cedit
165 2140 201 2166 ut
215 2135 347 2166 clericos
363 2144 438 2165 suae
454 2135 607 2164 dioecesis
619 2135 685 2173 qui,
701 2134 931 2173 archiepiscopi
945 2134 994 2164 vel
1007 2135 1075 2172 ejus

72 2189 262 2220 vicariorum
285 2188 444 2218 mandatis
470 2196 533 2218 non
557 2188 756 2224 obedientes,
777 2188 1076 2218 excommunicatio-

73 2242 123 2272 nis
141 2242 333 2272 sententiam
353 2241 569 2276 incurrerint,
593 2241 773 2278 absolvere,
796 2246 825 2271 et
847 2250 920 2271 cum
938 2241 985 2271 eis
1001 2242 1074 2279 qui⁷
1122 2232 1124 2235 ¹

73 2295 118 2326 sic
138 2295 238 2334 ligati,
255 2295 365 2324 divina
380 2295 584 2329 celebrarint,
603 2295 787 2333 dispensare
806 2295 914 2333 possit.

113 2361 128 2377 κ
144 2348 274 2379 Favoris
293 2348 393 2378 nostri
411 2348 616 2386 provenire...
636 2355 674 2369 -·-
692 2348 763 2377 Dat.
782 2352 816 2377 ut
834 2357 938 2386 supra.
961 2360 973 2374 n

112 2402 151 2433 In
166 2411 193 2432 e.
208 2411 252 2432 m.
269 2403 289 2432 J
291 2401 412 2432 ohanni
424 2424 431 2438 ‚
444 2401 589 2440 episcopo
610 2401 809 2431 Lamecensi.

148 2615 393 2646 isszl-lsszz
597 2615 682 2646 Rieti,
701 2615 734 2642 25
751 2615 912 2650 septembre
929 2613 1006 2642 1289.

112 2677 216 2705 Eadem
232 2678 363 2705 facultas.
380 2676 463 2709 (Rae.
483 2677 530 2708 44,
549 2685 572 2703 c.
592 2677 642 2704 584
654 2698 660 2708 ,
678 2677 699 2703 s.
714 2677 766 2704 ‘245
783 2680 828 2708 r0.)

122 2793 284 2823 Venerabili
299 2794 394 2829 fratri?
414 2793 503 2822 Tellio
514 2817 521 2830 ‚
536 2792 753 2830 archiepiscopo
767 2793 978 2822 Bracharensi.
997 2794 1080 2823 Ean-

81 2844 151 2875 dem
168 2845 347 2876 facultatem
363 2846 508 2875 concedit
522 2846 556 2875 in
574 2847 714 2876 savorem
729 2845 918 2875 clericorum
933 2847 1080 2876 concubi-

80 2905 204 2928 norum.

125 2963 137 2978 ι
154 2951 302 2981 Exhibita
318 2951 410 2993 nobis
429 2956 516 2982 tna...
535 2968 574 2973 —
587 2952 657 2980 Dat.
677 2952 772 2981 Reate
788 2975 794 2986 ‚
811 2961 853 2980 vn
866 2951 1018 2981 kalendas
1033 2961 1081 2982 oc-

83 3004 189 3041 tobris,
205 3013 290 3034 anno
307 3004 457 3035 secundo.
477 3017 491 3031 »

123 3058 160 3087 In
176 3067 203 3088 e.
219 3051 264 3087 in.
281 3058 423 3088 «Iohanni
437 3079 446 3095 ,
464 3057 608 3095 episcopo
626 3057 822 3087 Lamecensi.

1221 457 1335 485 1523
1400 458 1758 491 Sainte-Mai‘ie-Majeure,
1780 458 1807 484 13
1825 458 1976 483 novembre
1997 457 2069 484 1280.

1183 517 1225 542 De
1249 519 1417 543 ain—natione
1435 520 1651 552 possessionum
1670 520 1818 553 hospitalis
1843 519 1938 545 Sancti
1965 520 2088 553 Spiritus
2114 528 2141 546 in

1148 565 1233 591 Saxia
1249 566 1282 591 de
1301 566 1386 592 Urbe.
1404 567 1486 599 (l‘titu.
1505 567 1547 599 44,
1566 577 1589 593 c.
1604 568 1662 597 585,
1680 568 1700 593 f.
1716 568 1767 594 *245
1782 569 1829 600 νυ.)

1195 667 1361 696 Venerabili
1381 669 1473 703 fiatri
1498 690 1517 698 ..
1546 670 1677 705 Opi-§copo
1699 669 1842 697 Firmano
1868 673 1893 698 ec
1915 670 2017 698 dilecto
2037 670 2100 706 filio
2122 693 2141 698 ..

1148 721 1246 757 priori
1273 722 1387 749 ecclesie
1408 722 1618 749 Laceranensis
1641 722 1771 750 mandat
1787 726 1959 759 quatenus.
1986 744 2005 750 ..
2026 723 2144 759 magis-

1151 777 1196 802 tro
1224 777 1253 801 et
1280 773 1433 802 fratribus
1456 773 1621 811 hospitalis
1647 774 1754 803 Sancti
1780 774 1914 812 Spiritus
1935 776 1967 803 111
1990 775 2082 804 §axia
2107 776 2144 805 de

1153 826 1237 855 Urbe
1260 826 1421 855 licentiam
1444 827 1602 855 vendendi
1624 827 1777 865 quasdam
1799 828 2011 864 possessiones
2038 829 2070 857 in
2096 829 2144 857 di—

1150 880 1249 907 versis
1274 879 1371 915 locis,
1396 888 1495 917 usque
1526 879 1564 908 ad
1588 879 1724 908 valorem
1744 879 1851 909 decem
1881 880 1928 909 vel
1955 890 2066 910 novem
2091 882 2147 910 mi-

1151 931 1231 960 lium
1251 932 1443 961 florenorum
1461 932 1545 969 auri,
1564 936 1593 960 et
1617 941 1652 960 ex
1672 933 1787 970 pretio,
1807 933 1925 970 adjecta
1941 934 2076 971 quadam
2097 944 2148 972 pe-

1151 986 1263 1014 cuniae
1282 986 1475 1024 quantitate,
1502 990 1638 1014 castrum
1659 985 1742 1023 quod
1765 985 1880 1014 dicitur
1905 986 2018 1015 Sancta
2041 987 2149 1024 Puppa

1151 1042 1181 1068 et
1207 1039 1407 1067 medietatem
1437 1039 1531 1068 castri
1559 1047 1613 1067 seu
1641 1038 1808 1067 castellar-ii
1839 1038 1954 1068 Cubita
1978 1038 2151 1076 vulgariter

1152 1091 1347 1129 nuncupati,
1364 1091 1513 1120 Sutrinae
1543 1091 1715 1127 dioecesis,
1738 1091 1864 1119 emendi
1890 1092 2087 1129 petentibus⁷
2112 1092 2150 1121 ad

1152 1146 1229 1175 haec
1246 1146 1462 1183 possessiones
1482 1149 1511 1174 et
1531 1149 1632 1174 castra
1654 1144 1860 1183 personaliter
1884 1145 2033 1174 accedant
2061 1149 2090 1173 et
2113 1145 2151 1174 de

1152 1198 1337 1236 hujusmodi
1355 1198 1546 1227 venditionis
1563 1202 1592 1226 et
1608 1197 1779 1235 emptionis
1800 1197 1933 1227 utilitate
1948 1198 2122 1236 inquirant.

1193 1262 1207 1281 «
1229 1251 1344 1281 Dilecti
1362 1251 1423 1280 filii
1442 1274 1460 1280 ..
1480 1251 1668 1288 magister...
1685 1267 1722 1271 —-
1740 1251 1808 1279 Dat.
1828 1251 1938 1287 Rome,
1956 1251 2037 1289 apud
2055 1251 2152 1280 Sanc-

1155 1310 1215 1335 tam
1228 1306 1360 1335 Mariam
1378 1305 1543 1343 Majorem,
1557 1304 1662 1333 idibus
1674 1304 1866 1338 novembris,
1877 1313 1960 1334 anno
1972 1305 2120 1333 secundo.
2138 1318 2150 1329 »

1228 1492 1342 1521 1624

1192 1555 1377 1590 Dispensatio
1391 1563 1478 1589 super
1494 1555 1651 1588 pluralitate
1667 1553 1880 1579 beneficiorum,
1900 1552 1981 1585 (Res.
1996 1553 2037 1585 44,
2055 1561 2080 1578 e.
2093 1553 2151 1583 586,

1155 1605 1174 1631 f.
1193 1604 1243 1631 *345
1260 1606 1306 1630 r⁰.i

1670 1491 1754 1521 Rieti,
1772 1490 1806 1517 ‘20
1821 1491 1982 1525 septembre
2004 1490 2081 1517 1289.

1195 1707 1329 1736 ι101111111ιί
1350 1706 1384 1734 [le
1406 1705 1606 1739 Scin-aemma.
1632 1705 1774 1733 canonico
1800 1702 2026 1739 Her-esordensi,
2052 1704 2156 1732 clerico

1156 1760 1257 1789 dilecte
1276 1761 1309 1788 in
1323 1760 1440 1788 Christo
1456 1758 1517 1795 filie
1534 1758 1640 1786 nobilis
1656 1758 1794 1786 mulieris
1809 1757 1967 1791 Aliariore,
1988 1757 2093 1785 viatrix
2108 1765 2155 1785 ca-

1156 1815 1257 1843 rissi'm
1265 1815 1273 1841 1ἶ
1286 1815 1317 1842 in
1332 1813 1448 1842 Christo
1464 1812 1523 1848 silit
1538 1811 1792 1845 ηοείνιῖΕίίῖιανιῖιῗ,
1808 1811 1999 1849 169101719111)
2015 1811 2154 1843 illustris,

1156 1866 1303 1904 indulget
1320 1871 1362 1902 ut,
1374 1864 1505 1894 ecclesia
1521 1864 1559 1893 de
1573 1863 1719 1900 Stanton⁷
1731 1862 1878 1901 Elyensis
1888 1863 2049 1899 dioecesis,
2062 1871 2156 1900 quani

1156 1920 1412 1951 commendatam
1444 1918 1598 1947 hactenus
1625 1916 1744 1951 tenuit,
1769 1915 1920 1951 dimissa,
1947 1924 2046 1944 unum
2070 1915 2156 1944 aliud

1156 1974 1348 2004 beneficium
1381 1972 1522 2010 recipere
1547 1975 1574 1999 et
1603 1979 1674 1999 cum
1702 1969 1834 1999 ecclesia
1856 1969 1893 1998 de
1920 1968 2046 2002 Sistan,
2082 1969 2155 1997 Lin-

1156 2028 1329 2058 colniensis
1346 2025 1510 2060 dioecesis,
1525 2028 1555 2054 et
1569 2023 1757 2053 canonicatu
1774 2027 1804 2051 et
1818 2022 1995 2060 praebenda
2009 2022 2040 2050 in
2059 2021 2156 2050 eccle—

1157 2081 1203 2111 sia
1214 2078 1441 2110 Herefordensi
1453 2078 1536 2106 licite
1552 2077 1692 2106 retinere
1708 2075 1818 2104 valeat.
1832 2075 2011 2104 Dummodo
2027 2075 2065 2104 de
2078 2075 2158 2104 fruc-

1158 2135 1241 2163 tibus
1264 2132 1414 2162 ecclesiae
1430 2131 1468 2160 de
1489 2131 1621 2160 Stanton
1646 2129 1679 2158 in
1703 2129 1872 2158 utilitatem
1898 2128 2037 2166 ejusdem
2058 2128 2157 2157 eccle-

1157 2187 1223 2216 siae
1239 2193 1413 2223 congruam
1432 2184 1607 2222 portionem
1628 2182 1786 2212 exhibeat.

1199 2252 1212 2265 κ
1237 2238 1416 2277 Apostolice
1433 2236 1514 2266 sedis
1534 2235 1750 2273 benignitas...
1770 2251 1805 2255 —-
1824 2234 1893 2263 Dat.
1916 2234 2028 2269 Reate,
2045 2242 2085 2261 xn
2102 2232 2157 2261 ka-

1158 2293 1268 2323 lendas
1284 2291 1418 2322 octobris
1433 2315 1438 2325 ,
1458 2298 1543 2319 anno
1560 2288 1708 2318 secundo.
1729 2300 1742 2313 n

1233 2474 1253 2500 1
1261 2472 1347 2500 6325

1196 2533 1379 2569 Dispensatio
1397 2530 1575 2558 matrimonii.
1595 2530 1677 2563 (Rau.
1711 2530 1753 2557 44,
1771 2537 1795 2555 c.
1814 2528 1874 2560 587,
1893 2528 1909 2553 f.
1928 2528 1977 2554 245>
1995 2528 2044 2559 νο.)

1429 2467 1787 2501 Sainte-Marie-Majeure,
1809 2467 1823 2492 5
1840 2466 1992 2491 novembre
2012 2465 2085 2491 1289.

1205 2635 1369 2667 Venerabili
1379 2634 1474 2670 fratri
1491 2656 1510 2662 ..
1522 2634 1654 2669 episcopo
1666 2630 1891 2668 Pampiconensi
1900 2628 2069 2658 committit
2081 2636 2156 2665 qua-

1161 2696 1252 2721 tenus
1267 2697 1340 2718 cum
1350 2687 1499 2717 Johanne
1510 2685 1592 2714 dicto
1604 2684 1773 2713 Coi-baram
1785 2682 1823 2711 de
1840 2681 1948 2717 Lebet,
1963 2685 1992 2709 et
2007 2679 2157 2716 Viracba,

1160 2744 1243 2774 dicta
1264 2741 1382 2776 Vellaz,
1406 2736 1662 2776 Pzimpilonensis
1687 2735 1859 2770 dioecesis,
1885 2734 2046 2772 dispenset
2073 2732 2158 2762 utin

1160 2794 1365 2826 matrimonio
1381 2793 1481 2831 quod,
1499 2800 1561 2820 non
1579 2791 1762 2827 ignorantes
1780 2798 1812 2817 se
1837 2792 1947 2826 quai-to
1969 2787 2160 2824 consangui-

1162 2849 1272 2880 nitatis
1293 2846 1392 2885 gradu
1415 2845 1600 2882 conjunctos
1624 2851 1710 2875 esse,
1737 2841 1790 2870 sed
1813 2840 1887 2878 quia
1911 2839 2047 2868 Viraclia
2069 2839 2106 2867 ad
2129 2839 2159 2867 id

1162 2905 1267 2933 coacta
1283 2904 1328 2929 est
1344 2903 1374 2928 et
1388 2898 1563 2932 Johanries‚
1577 2895 1913 2934 propterjuventuteni
1932 2892 2077 2928 nimiam,
2097 2900 2160 2921 non

1163 2953 1363 2986 existimabat
1382 2950 1639 2989 inpedimentum
1658 2956 1740 2983 esse,
1757 2946 1794 2975 ad
1812 2945 1967 2974 sedandas
1990 2945 2074 2974 inter
2089 2954 2161 2983 pro-

1163 3008 1323 3047 genitores
1344 3003 1530 3034 inimicitias
1551 3005 1581 3031 et
1600 3000 1639 3030 ad
1659 2999 1843 3029 instantiam
1860 3020 1880 3027 ..
1904 2998 1986 3036 regis
2006 2997 2161 3027 Castellae

1165 3066 1194 3091 et
1215 3084 1234 3092 ..
1260 3056 1481 3097 gubernatoris
1507 3055 1596 3092 regni
1620 3054 1791 3088 Navarrae,
1818 3055 2062 3086 contraxerunt,
2082 3051 2159 3080 etin
