2477 3637
212 364 270 396 304
526 364 539 379 ³·
958 362 1194 393 REGISTRES
1215 363 1270 392 DE
1292 361 1476 392 NICOLAS
1498 363 1554 393 IV.

251 431 288 461 In
306 439 333 461 e.
351 438 394 461 m.
413 453 434 460 ..
451 429 595 468 episcopo
613 427 762 466 Aptensi,
782 450 802 457 ..
819 427 1045 459 archidiacono
1065 428 1214 459 Aurelia-

209 484 298 515 censi
317 484 348 513 in
371 481 624 513 claromontensi
646 480 778 510 ecclesia
794 485 824 510 et
845 505 865 512 ..
884 482 1062 521 praeposito
1079 483 1213 512 Avinio-

209 537 321 568 nensis
341 535 491 566 ecclesiae
506 533 639 564 mandat
653 537 687 563 ut
702 533 860 572 praedicta
880 539 1086 573 personatum
1101 535 1152 566 vel
1167 535 1213 565 di-

209 591 362 629 gnitatem
382 588 485 619 eidem
504 587 635 625 Hugoni
651 586 826 617 conferant.
848 587 921 618 Dat.
942 592 976 618 ut
992 597 1096 628 supra.

281 775 395 804 1598
791 775 877 810 Rieti,
895 775 910 802 3
926 775 1043 802 octobre
1060 774 1140 802 1289.

242 837 285 864 De
303 837 486 864 contentione
506 837 580 863 inter
602 836 794 864 Sodorensem
818 838 987 873 episcopum
1010 840 1038 864 et
1063 840 1210 864 monaste-

207 887 279 914 rium
293 885 415 914 Sanctae
431 885 586 913 Columbae
602 886 636 913 de
651 886 689 914 Y.
707 886 790 920 (Rau.
808 887 851 920 114,
868 895 893 913 c.
911 887 972 921 571,
989 887 1008 913 f.
1024 886 1076 913 243
1093 886 1140 921 r0.)

251 990 417 1019 Venerabili
426 990 521 1026 fratri
535 1011 555 1019 ..
569 990 700 1028 episcopo
714 989 1114 1026 Eryadiensimandatut..
1131 988 1211 1028 epis-

203 1051 317 1081 copum
337 1041 568 1079 Sederensem,
593 1043 649 1081 qui
673 1042 931 1081 jurisdictionem
954 1042 1150 1072 ordinariam
1175 1042 1209 1072 iu

203 1096 396 1126 monasterio
413 1096 522 1126 Sancti
538 1095 712 1126 Columbae
728 1095 767 1126 de
782 1096 831 1132 Y.,
843 1095 966 1126 ordinis
981 1095 1014 1126 S.
1029 1095 1208 1131 Benedicti,

203 1149 391 1181 Sodorensis
409 1150 573 1186 dioecesis,
591 1150 766 1189 usurpavit,
783 1150 859 1179 licet
875 1150 960 1179 idem
977 1150 1207 1180 monasterium

202 1203 240 1233 ad
257 1211 422 1233 romanam
444 1203 611 1234 ecclesiam
630 1203 720 1233 nullo
734 1203 896 1234 mediante
909 1204 1075 1243 pertineat,
1091 1215 1104 1230 α
1118 1207 1210 1242 prout

203 1256 299 1286 etiam
317 1256 351 1286 in
370 1256 452 1287 libro
467 1256 612 1287 censuali
628 1256 781 1286 ecclesiae
798 1265 950 1286 romanae
969 1256 1093 1295 liquido
1116 1264 1208 1295 repe-

200 1310 297 1347 ritur,
317 1322 329 1336 n
351 1314 479 1342 moneat
495 1314 528 1339 ut
541 1310 581 1339 ab
596 1309 657 1339 hac
672 1309 879 1348 usurpatione
896 1310 1045 1346 desistat,
1064 1309 1208 1348 alioquin

200 1372 274 1393 eum
288 1364 430 1401 assignet
445 1372 551 1393 coram
571 1363 645 1393 sede
660 1363 842 1402 apostolica.

240 1429 254 1443 «
279 1416 329 1446 Ad
346 1417 543 1447 audientiam
570 1421 749 1447 nostram...
769 1434 807 1438 —
830 1417 902 1446 Dat.
926 1417 1043 1455 Reate,
1068 1427 1088 1446 v
1106 1425 1207 1448 nonas

199 1469 350 1507 octobris,
371 1479 457 1500 anno
474 1470 624 1501 secundo.
645 1482 658 1497 n

274 1657 388 1685 ¹599
718 1657 804 1689 Rieti,
823 1658 854 1685 13
871 1658 1033 1693 septembre
1056 1658 1133 1686 1289.

234 1720 408 1746 Monasterio
423 1719 520 1746 Sancti
538 1719 613 1747 Petri
631 1720 665 1747 de
680 1720 795 1747 Blazilia
810 1721 977 1748 tribuuntur
989 1721 1119 1748 redditus
1135 1729 1206 1756 quo—

199 1768 326 1795 rumdam
349 1769 536 1804 prioratuum.
566 1768 646 1802 (Rsc.
675 1769 724 1800 44,
751 1777 776 1796 c.
803 1769 870 1801 572,
893 1770 912 1798 f,
939 1770 989 1797 ζ243
1015 1777 1056 1803 ro,
1081 1770 1147 1798 Lm.
1171 1779 1206 1798 nu

197 1816 299 1851 Τιῑειι,
316 1816 357 1849 11,
376 1817 450 1850 290.)

244 1920 410 1949 Venerabili
425 1921 520 1957 fratri
538 1944 558 1949 ..
577 1922 708 1958 episcopo
726 1921 981 1951 Claromonlensi.
1000 1935 1011 1949 u
1032 1923 1096 1952 Sua
1113 1923 1204 1953 nobis

197 1972 310 2002 dilecte
331 1973 364 2002 in
387 1972 516 2003 Christo
535 1973 600 2003 filie
620 1997 640 2004 ..
660 1974 819 2004 abbatissa
837 1979 867 2004 et
882 1979 1058 2005 conventus
1074 1984 1205 2006 monas—

198 2025 267 2055 terii
287 2025 395 2055 Sancti
417 2026 506 2056 Petri
526 2027 564 2056 de
589 2026 736 2063 Blazilia,
758 2027 883 2058 ordinis
899 2028 931 2058 S.
952 2028 1134 2066 Benedicti,
1153 2035 1204 2059 tue

196 2078 347 2114 diocesis,
363 2079 515 2117 petitione
531 2084 752 2110 monstrarunt
765 2081 867 2119 quod,
880 2090 953 2111 cum
970 2083 1203 2113 monasterium

196 2131 300 2169 ipsum
324 2131 431 2169 plures
448 2132 606 2171 prioratus
626 2133 660 2162 in
677 2133 816 2172 predicta
837 2143 872 2163 ac
890 2134 1065 2172 prioratum
1085 2135 1123 2165 de
1143 2136 1202 2166 Te-

195 2184 321 2214 rondels
339 2185 370 2214 in
390 2186 592 2215 Rutheneusi
609 2181 790 2218 diocesibus
807 2187 941 2224 haheat,
958 2189 1014 2227 qui
1032 2197 1202 2219 consueve-

195 2242 267 2267 rant
290 2238 444 2268 hactenus
464 2248 519 2277 per
540 2239 697 2269 moniales
717 2240 861 2279 ejusdem
880 2242 1066 2272 monasterii
1085 2242 1201 2280 guber-

195 2291 284 2328 nari,
302 2291 457 2330 contingit
472 2293 587 2331 sepius,
606 2293 742 2323 faciente
756 2293 891 2323 humaui
907 2295 1036 2332 generis
1048 2295 1200 2333 inimico,

194 2344 278 2383 quod
302 2344 496 2374 monialibus
518 2345 593 2384 ipsis
608 2346 647 2375 ad
665 2346 849 2385 hujusmodi
866 2348 1025 2385 regimina
1043 2348 1202 2388 deputatis

194 2396 448 2427 discurrentibus
476 2407 532 2437 per
558 2400 662 2429 curias
689 2400 870 2439 principum
901 2405 932 2431 et
953 2406 1116 2440 potentum
1147 2411 1202 2442 pro

193 2450 328 2488 negotiis
344 2451 543 2489 prioratuum
563 2453 767 2490 eorumdem,
784 2455 951 2484 occasione
967 2455 1153 2495 hujusmodi
1171 2461 1202 2486 et

193 2503 289 2533 etiam
309 2512 396 2534 more
412 2513 508 2543 quam
522 2505 556 2534 in
574 2505 693 2536 eisdem
708 2507 898 2546 prioratibus
912 2508 1107 2539 contrahunt
1119 2509 1202 2539 mul-

193 2557 308 2587 totiens
328 2556 499 2587 inhonesta
522 2563 552 2588 et
572 2558 686 2589 illicita
703 2559 802 2598 inibi,
819 2560 898 2599 proh
913 2561 1028 2600 pudor!
1053 2563 1200 2592 commit-

192 2615 314 2647 tuntur,
331 2611 363 2640 in
383 2611 538 2641 offensam
556 2612 628 2649 Dei,
646 2613 812 2651 religionis
827 2615 1033 2654 opprobrium
1049 2620 1078 2645 et
1090 2617 1197 2655 jactu-

191 2672 259 2693 ram
280 2669 310 2693 et
329 2664 515 2695 scandalum
540 2665 764 2704 plurimorum.
786 2667 891 2703 Quare
914 2669 1006 2698 nobis
1028 2668 1200 2699 humiliter

191 2717 412 2756 supplicarunt
424 2723 471 2755 ut,
488 2718 526 2748 ad
539 2719 599 2749 hoc
611 2720 694 2758 quod
704 2721 807 2750 divini
822 2721 926 2751 cultus
939 2726 1150 2760 augmentum
1164 2722 1197 2752 in

191 2771 385 2801 monasterio
397 2773 577 2810 supradicto
593 2773 807 2803 residentibus
822 2774 867 2803 ibi
882 2775 1032 2804 omnihus
1045 2775 1197 2806 moniali·

192 2823 250 2852 bus
266 2823 452 2863 amplietur,
478 2831 507 2855 et
524 2826 666 2856 scandali
686 2827 871 2864 hujusmodi
886 2828 925 2857 de
940 2833 1044 2858 cetero
1063 2828 1196 2858 materia

193 2876 328 2906 totaliter
343 2879 558 2916 subtrahatur,
574 2881 745 2910 amovendi
756 2881 911 2911 moniales
921 2882 1106 2920 predictasa
1118 2882 1196 2921 prio·

191 2929 311 2959 ratibus
334 2935 364 2960 et
382 2932 555 2970 deputandi
579 2933 721 2964 redditus
744 2938 775 2964 et
801 2939 971 2973 proventus
996 2936 1195 2974 prioratuum

191 2982 400 3020 predictorum
418 2985 456 3014 ad
475 2994 550 3015 usus
565 2987 746 3016 communis
762 2995 872 3017 mense
890 2987 1051 3026 ipsarum,
1069 2998 1131 3027 que
1149 2993 1196 3018 est

192 3037 266 3066 satis
284 3039 386 3067 tennis
402 3043 430 3067 et
447 3039 549 3075 exilis,
569 3040 730 3071 licentiam
748 3042 807 3072 sibi
824 3043 998 3074 concedere
1014 3044 1193 3075 misericor-

1295 428 1378 458 diter
1400 428 1619 466 dignaremur.
1644 428 1711 459 Nos
1731 429 1857 469 itaque,
1881 430 1919 460 de
1940 431 2223 472 circumspectione
2248 439 2300 466 tua

1294 482 1422 522 plenam
1441 482 1474 511 in
1494 481 1634 512 Domino
1651 481 1802 512 fiduciam
1820 483 2002 514 obtinentes
2015 509 2022 523 ‚
2040 485 2230 517 fraternitati
2249 491 2300 519 tue

1295 545 1350 576 per
1362 535 1534 575 apostolica
1552 536 1667 574 scripta
1682 535 1875 567 mandamus
1892 541 2052 576 quatenus
2067 538 2188 570 eisdem
2203 539 2299 571 abba-

1294 590 1370 620 tisse
1388 593 1419 619 et
1435 589 1622 625 conventui,
1641 589 1668 619 si
1684 589 1814 620 utilitati
1831 590 1975 630 ejusdem
1997 592 2183 623 monasterii
2205 602 2299 633 expe-

1294 642 1362 672 dire
1383 642 1505 672 videris
1517 667 1525 682 ‚
1541 641 1610 672 vice
1631 647 1739 673 nostra
1757 643 1910 673 concedas
1929 643 2115 683 hujusmodi
2136 644 2300 678 licentiam
2350 669 2366 681 ,,

1294 695 1523 736 postulatam...
1546 696 1618 727 Dat.
1644 696 1760 733 Reate,
1784 696 1891 727 idibus
1913 698 2102 737 septembris
2116 722 2123 735 ,
2145 707 2231 730 anno
2250 707 2299 730 se·
2332 724 2352 730 .

1293 749 1409 780 cundo.
1436 761 1449 776 »
2355 743 2359 756 ⁸

1367 924 1386 951 Ι
1395 921 1487 951 600

1328 986 1374 1012 Ad
1408 986 1579 1013 solutionem
1616 985 1777 1012 debitorum
1804 986 1970 1013 monasterii
1994 985 2117 1013 Sanctae
2141 985 2242 1015 Crucis
2263 986 2300 1020 de
2348 1005 2360 1014 0

1292 1034 1451 1062 Waltham.
1468 1034 1551 1068 (Rae.
1569 1035 1612 1066 44,
1629 1042 1654 1061 c.
1670 1034 1732 1066 573,
1748 1034 1766 1061 f.
1785 1033 1837 1061 243
1854 1035 1902 1067 r0.)

1565 922 1930 958 Sainte-Marie-MaJeure,
1949 923 1963 950 4
1979 924 2135 951 novembre
2152 923 2229 952 1289.

1332 1139 1452 1168 Dilectis
1462 1138 1538 1175 filiis
1554 1159 1574 1168 ..
1587 1138 1691 1167 abbati
1704 1142 1730 1166 et
1741 1137 1905 1167 conventui
1915 1137 2096 1167 monasterii
2107 1136 2215 1168 Sancte
2223 1137 2299 1170 Gru-

1291 1193 1332 1221 cis
1348 1192 1382 1220 de
1405 1191 1554 1220 Walmam
1570 1214 1576 1227 ,
1593 1191 1711 1220 ordinis
1733 1190 1763 1220 S.
1788 1189 1974 1228 Αυῃυείἰηί,
1993 1191 2211 1222 Londoniensis
2230 1190 2297 1222 aio·
2336 1206 2347 1234 ¹1
2375 1182 2397 1202 ³·

1291 1245 1383 1281 cesis,
1406 1243 1553 1281 indulget
1569 1247 1604 1273 ut
1620 1252 1674 1282 per
1689 1243 1952 1282 quinquennium
1969 1242 2092 1274 fructus
2109 1247 2140 1274 et
2157 1243 2299 1283 redditus
2339 1235 2351 1241 '⁷

1291 1295 1445 1326 ecclesiae
1455 1296 1494 1326 de
1510 1295 1706 1333 Lamburne,
1720 1296 1865 1335 ejusdem
1875 1296 2042 1334 dioecesis,
2054 1296 2088 1326 in
2103 1304 2167 1336 qua
2177 1296 2231 1336 J'us
2246 1305 2299 1336 pa-

1291 1353 1402 1383 tronus
1418 1349 1556 1386 habent,
1572 1349 1704 1379 cedente
1723 1349 1771 1379 vel
1788 1349 1960 1380 decedente
1981 1353 2116 1386 rectore.
2135 1349 2298 1390 percipere
2319 1372 2322 1380 .

1289 1401 1438 1439 valeant,
1454 1401 1494 1432 ad
1511 1401 1662 1432 solvenda
1677 1402 1781 1432 debita
1800 1402 1998 1433 monasterii.
2312 1403 2314 1405 ’

1332 1467 1346 1483 «
1363 1455 1466 1485 Favor
1481 1459 1584 1485 vestre
1601 1454 1806 1493 religionis..
1822 1472 1861 1477 —
1875 1456 1947 1485 Dat.
1965 1455 2084 1494 Rome,
2100 1455 2184 1495 apud
2199 1447 2298 1487 Sanc-⁴

1290 1513 1356 1539 tam
1381 1507 1516 1537 Mariam
1539 1508 1712 1547 Maj0rem,
1736 1517 1757 1538 ιι
1784 1516 1886 1538 nonas
1911 1507 2114 1546 novembris,
2141 1515 2227 1539 auno
2247 1517 2318 1545 sem,

1289 1561 1405 1591 cundo.
1425 1573 1439 1588 n

1364 1736 1475 1765 1601

1324 1799 1510 1835 Dispensatio
1543 1806 1631 1833 super
1660 1797 1774 1825 defectu
1800 1797 1946 1825 natalium.
1974 1798 2057 1832 (Rae.
2084 1798 2135 1830 44,
2162 1806 2190 1828 c.
2214 1798 2292 1832 573²,
2310 1834 2316 1844 Ι
2347 1827 2351 1832 ,
2386 1835 2390 1844 ⁴

1287 1852 1308 1878 t'.
1328 1851 1380 1878 243
1397 1852 1444 1882 νυ.)

1567 1734 1928 1769 Sainte-Marie-Majeure,
1943 1734 1957 1761 4
1975 1734 2129 1762 novembre
2146 1734 2224 1763 1289.

1331 1977 1349 1984 ..
1367 1955 1467 1983 abbati
1486 1952 1663 1982 monasterii
1680 1952 1788 1982 Sancte
1805 1952 1909 1982 Crucis
1930 1953 1964 1982 de
1987 1953 2157 1989 Waltham‚
2177 1952 2303 1988 ordinis*

1285 2009 1316 2039 S.
1340 2008 1519 2046 Auqustini,
1545 2007 1759 2036 Londoniensz's
1781 2007 1926 2042 diocesis,
1950 2005 2132 2035 facultatem
2150 2003 2319 2037 concedit·

1286 2061 1492 2101 dispensandi
1508 2069 1580 2090 cum
1599 2060 1748 2090 fratribus
1764 2060 1900 2090 Roberto
1916 2059 1954 2089 de
1968 2059 2141 2096 Cornubia,
2156 2055 2302 2098 Robertn'>
2316 2055 2321 2062 ³

1285 2115 1324 2145 de
1345 2115 1460 2145 Sancta
1485 2113 1617 2151 Ositha,
1639 2113 1758 2143 Jacobo
1785 2113 1823 2143 de
1846 2112 2013 2142 &Valtbam
2038 2116 2069 2143 et
2092 2112 2230 2144 eicardo
2254 2111 2293 2144 do
2318 2151 2321 2154 Ι
2366 2110 2385 2116 ’

1286 2168 1435 2206 Bortmm,
1452 2167 1658 2206 presbyteris,
1671 2166 1835 2197 canonicis
1852 2166 1949 2206 hujus
1964 2166 2162 2204 monasterii,
2173 2169 2307 2205 ut,non.

1283 2222 1427 2252 obstante
1443 2220 1566 2251 defectu
1585 2220 1756 2256 natalium,
1779 2220 1813 2249 in
1831 2220 1986 2258 susceptis
2005 2220 2188 2250 ministrare
2202 2219 2291 2251 ordi·

1284 2275 1380 2305 nibus
1401 2274 1486 2304 etad
1503 2273 1673 2312 dignitates
1693 2283 1748 2304 seu
1764 2273 1907 2303 abbatias
1927 2273 2081 2312 praedicti
2101 2272 2226 2304 ordinis
2239 2278 2292 2304 38-
2312 2268 2318 2279 ’
2372 2284 2375 2310 7

1284 2328 1369 2359 sumi
1384 2327 1526 2363 valeant,
1544 2327 1718 2358 dummodo
1735 2327 1774 2357 de
1790 2326 1933 2364 incestu,
1950 2325 2120 2364 adulterio,
2139 2330 2195 2357 aut
2209 2334 2226 2357 e
2240 2334 2292 2358 re—
2315 2356 2318 2369 ,
2335 2330 2338 2335 “

1283 2381 1387 2420 gulari
1401 2381 1451 2411 vel
1466 2381 1652 2420 presbytero
1668 2380 1770 2418 geniti
1787 2388 1851 2410 nou
1870 2380 1945 2410 sint.

1325 2447 1337 2462 «
1360 2434 1403 2465 Ut
1419 2439 1447 2464 te
1465 2434 1568 2464 Deo...
1585 2451 1623 2455 —
1640 2435 1710 2463 Dat.
1736 2438 1770 2463 ut
1788 2442 1895 2472 supra.
1917 2445 1930 2460 n

1354 2613 1610 2643 1802-1805
1870 2613 1957 2648 Rieu,
1974 2613 1990 2640 8
2005 2612 2122 2640 octobre
2138 2611 2218 2640 4289.

1316 2678 1362 2705 Ad
1387 2677 1559 2705 solutionem
1580 2676 1743 2703 debitorum
1759 2675 1963 2703 Tirasonensis
1987 2679 2016 2702 et
2040 2673 2291 2704 Barchinon-ensis*

1279 2726 1478 2754 ecclesiarum.
1497 2725 1579 2758 (Rae.
1598 2725 1647 2757 44,
1665 2733 1690 2751 e.
1709 2725 1775 2758 574,
1792 2725 1813 2752 f.
1828 2724 1880 2752 ⁴243
1897 2726 1944 2757 ro.)

1326 2827 1491 2859 Venerabili
1499 2829 1594 2865 fratri
1603 2828 1700 2864 Petro,
1711 2829 1844 2865 episcopo
1859 2827 2062 2866 Tirasonensi,
2074 2825 2207 2862 fructus,
2217 2815 2309 2865 rell-,²¹

1279 2883 1363 2912 ditus
1392 2886 1422 2912 et
1449 2885 1622 2920 proventus
1650 2881 1747 2920 primi
1777 2880 1855 2910 anni
1883 2880 2031 2910 omnium
2055 2877 2314 2922 beneficiorum}

1278 2944 1360 2975 quae
1377 2935 1411 2964 in
1433 2934 1639 2964 'rix-asonensi
1656 2933 1794 2964 dioecesi
1817 2942 1919 2972 nsque
1935 2933 1975 2963 ad
1993 2932 2169 2962 triennium
2190 2937 2303 2974 vaca-3
2354 2935 2358 2937 “

1278 2989 1377 3024 bunt,
1404 2988 1443 3018 ad
1470 2987 1662 3018 solutionem
1684 2987 1864 3017 debitorum
1884 2985 2108 3016 Tirasonensis
2133 2982 2294 3014 ecclesiae·

1276 3041 1521 3078 convertendos,
1540 3040 1692 3071 concedit.
