2477 3637
209 363 265 394 280
519 378 523 381 -
954 360 1190 391 REGISTRES
1212 361 1267 391 DE
1289 360 1470 392 NICOLAS
1493 361 1548 391 lv.

283 430 538 462 1403-1405
732 427 818 458 Rieti,
839 427 870 453 12
886 427 1048 462 septembre
1067 427 1143 454 ¹2⁸9.

243 495 450 531 Indulgentiae.
467 494 548 529 (Rau.
568 494 613 524 44,
632 501 657 519 c.
676 491 736 523 489.
760 491 780 518 f.
798 491 846 518 ‘217
865 491 912 523 1¹⁰.)

250 600 402 629 Unirersis
427 597 541 627 Christi
559 595 696 633 fidelibus
711 599 861 632 presentes
887 594 1001 623 litteras
1022 593 1211 631 inspecturis.

206 651 446 690 Indulgentiam
462 649 560 680 unius
573 648 651 678 anni
665 652 696 678 et
710 656 748 677 x1,
763 646 889 676 dierum
903 646 1048 676 concedit
1060 645 1213 676 omnibus

205 715 279 736 vere
295 703 532 744 poenitentibus
547 706 578 732 et
592 702 745 732 confessis
761 701 816 739 qui
833 699 996 730 ecclesiam
1015 699 1123 730 Sancti
1145 699 1212 729 Ho-

206 759 309 790 norati
334 757 551 788 Parisiensem
563 778 572 793 ,
591 756 625 785 in
646 755 818 785 festivitate
844 753 988 792 ejusdem
1014 753 1136 787 sancti,
1159 761 1213 791 per

204 817 274 844 octo
299 812 366 842 dies
386 815 572 850 sequentes,
593 813 624 840 et
642 810 675 839 in
696 807 917 838 anniversario
932 806 983 837 die
1002 806 1212 836 dedicationis

205 866 348 906 ejusdem
364 864 526 900 ecclesiae,
543 862 754 893 visitaverint.
1165 864 1170 870 '

250 932 263 946 α
287 919 476 949 Sanctorum
499 917 622 947 meritis
644 915 792 946 inclita...
810 931 848 936 —
866 915 936 944 Dat.
956 914 1075 949 Reate,
1099 922 1119 942 ιι
1139 912 1210 942 idus

204 973 404 1013 septembris.
422 980 508 1002 anno
525 969 674 1000 secundo.
697 981 711 995 »

727 1049 812 1084 Ricti,
830 1049 861 1076 2ss
877 1048 1040 1084 septembre
1060 1047 1138 1073 1⁶:89.

244 1118 282 1147 In
307 1126 334 1147 e.
359 1126 402 1146 m.
427 1115 558 1146 eisdem.
576 1113 718 1144 Eandem
741 1111 977 1150 indulgentiam
995 1109 1140 1140 concedit
1163 1108 1209 1138 eis

202 1171 259 1210 qui
276 1170 440 1201 ecclesiam
458 1168 565 1198 Sancti
587 1166 750 1197 Laurentii
767 1166 805 1195 de
820 1164 987 1204 Faysutis‚
1007 1164 1207 1193 Beneventa-

202 1233 263 1254 nae
279 1223 451 1259 dioecesis,
472 1222 505 1251 in
529 1221 607 1250 sesto
629 1219 773 1259 ejusdem
792 1218 914 1252 sancti,
933 1221 964 1247 et
980 1225 1035 1255 per
1054 1219 1123 1246 octo
1140 1214 1209 1244 dies

202 1281 380 1317 sequentes,
398 1274 608 1306 visitaverint.
627 1274 696 1303 Dat.
716 1273 825 1307 Reate,
843 1280 873 1300 VI
889 1270 1044 1300 kalendas
1059 1268 1208 1304 octobris,

201 1338 286 1361 anno
302 1328 440 1360 secundo
455 1328 515 1367 (Εη
532 1327 660 1366 marqe).

716 1406 808 1438 Rieti,
827 1405 858 1433 13
875 1404 1038 1440 septembre
1055 1403 1135 1430 1289.

237 1475 277 1504 In
293 1482 320 1503 e.
337 1482 380 1503 m.
400 1495 419 1502 ..
437 1471 541 1502 abbati
555 1475 585 1501 et
599 1469 738 1509 capitulo
752 1469 924 1499 saecularis
940 1467 1093 1498 ecclesiae
1107 1466 1207 1496 Sane-

199 1532 302 1558 torum
318 1526 452 1557 Cosmae
466 1529 495 1555 et
510 1524 661 1555 Damiani
680 1524 717 1554 de
735 1523 857 1559 Trebis,
874 1522 1068 1560 Anagninae
1084 1520 1208 1550 dioece-

198 1582 253 1611 sis.
272 1580 512 1618 Indulgentiam
527 1583 657 1609 centum
674 1578 800 1607 dierum
816 1575 961 1606 concedit
976 1575 1021 1604 eis
1034 1574 1089 1613 qui
1105 1572 1207 1612 capel-

195 1635 261 1665 lam
285 1634 396 1664 Sancti
418 1633 535 1668 Blasii,
561 1631 740 1671 praedictae
766 1629 918 1660 ecclesiae
944 1628 1118 1667 subJectam
1136 1651 1142 1665 ,
1169 1626 1207 1655 in

195 1687 422 1719 festivitatibus
437 1687 547 1716 beatae
563 1685 695 1723 Mariae,
713 1685 745 1714 S.
764 1683 860 1713 Blasii
879 1688 909 1713 et
924 1686 1050 1712 sanctae
1067 1680 1184 1711 Luciae
1196 1703 1205 1717 ,

197 1746 227 1773 et
241 1751 296 1781 per
313 1746 382 1771 octo
399 1740 467 1770 dies
485 1744 664 1779 sequentes,
683 1737 896 1768 visitaverint.

197 1796 269 1826 Dat.
289 1796 398 1831 Reate,
418 1793 522 1823 idibus
539 1793 738 1831 septembris,
752 1799 838 1821 auno
855 1789 1006 1820 secundo.
1027 1801 1042 1816 »

272 1969 389 1998 1408
819 1965 903 1998 Rieu,
921 1965 948 1991 31
969 1965 1037 1991 aout
1055 1963 1131 1990 1289.

231 2032 411 2059 Terminatur
433 2030 577 2058 contentio
598 2031 672 2057 inter
692 2029 823 2056 abbatem
843 2027 1011 2055 monasterii
1032 2027 1160 2054 Ciuniaci
1177 2029 1206 2053 et

195 2082 306 2119 priores
332 2080 521 2116 quorumdam
556 2079 732 2114 prioratuum
764 2077 1007 2105 Cluniacensium.
1039 2076 1124 2110 (Rae.
1154 2076 1203 2107 44,

195 2141 221 2160 c.
239 2132 298 2163 490,
318 2132 336 2158 f.
352 2132 402 2158 217
420 2133 465 2162 1·⁰.)

235 2235 375 2264 Nicolaus
398 2238 450 2263 etc.
473 2233 516 2262 Ad
537 2238 713 2269 perpetuam
734 2232 778 2259 ret
807 2231 996 2259 memoriam.
1022 2229 1202 2259 Confirmat

195 2289 448 2318 instrumentum
475 2294 538 2324 quo
564 2285 761 2321 Matthaeus,
792 2283 875 2313 tituli
903 2283 1012 2313 Sancti
1039 2283 1205 2313 Laurentii

192 2342 227 2372 in
244 2342 392 2377 Damaso,
411 2341 516 2377 fingo,
534 2339 618 2369 tituli
634 2339 770 2369 Sanctae
787 2337 924 2368 Sabinae
940 2337 1122 2376 presbyteri
1137 2346 1204 2367 car-

193 2395 333 2432 dinales,
355 2394 557 2430 Benedictus,
575 2393 683 2423 Sancti
704 2391 828 2422 Nic-olai
846 2391 880 2421 in
900 2390 1036 2421 Car-cere
1052 2391 1202 2421 Tulliano

192 2450 345 2480 diaconus
369 2447 549 2483 cardinalis,
571 2445 778 2482 Guillelmus,
795 2444 1028 2475 Mauziacensis
1043 2444 1152 2481 abbas,
1171 2448 1202 2474 et

192 2504 355 2539 Albertus‚
366 2503 451 2542 prior
462 2501 569 2532 Sancti
580 2501 672 2539 Lupi,
685 2500 909 2530 Cluniacensis
926 2499 1060 2536 ordinis,
1076 2498 1199 2535 arbitri,

194 2557 445 2588 controversiam
461 2557 545 2586 inter
567 2555 711 2585 abbatem
727 2553 891 2589 Cluniaci,
915 2562 951 2583 ex
969 2561 1033 2582 una
1051 2556 1153 2591 parte,
1173 2556 1204 2583 et

193 2611 404 2650 Stephanum,
419 2610 457 2640 de
470 2609 642 2649 Crispeyo,
656 2609 803 2643 Petrum,
820 2607 858 2637 de
870 2606 1039 2637 Lenthona
1049 2630 1056 2644 ,
1078 2606 1201 2636 Rober-

192 2669 272 2702 tum,
282 2665 320 2695 de
330 2665 512 2702 Nongento,
525 2662 718 2699 Gufflonem,
733 2661 772 2691 de
785 2661 902 2692 Sancto
913 2659 1200 2698 Gelasio,Guillel-

192 2719 343 2756 mum,de
361 2718 476 2749 Sancto
492 2715 687 2754 Theobaldo,
706 2720 736 2745 et
752 2714 978 2751 Guiozardum,
1001 2714 1039 2744 de
1058 2713 1200 2753 Flabeyo

191 2773 391 2812 prioratuum
407 2771 526 2811 priores
538 2794 546 2808 ,
568 2769 742 2800 monachos
757 2767 980 2800 Cluniacensis
999 2767 1141 2804 ordinis,
1163 2776 1201 2797 ex

192 2825 301 2862 altera,
319 2826 440 2855 ratione
456 2824 691 2855 reformationis
709 2826 900 2853 statutorum
911 2821 1137 2852 Cluniacensis
1147 2828 1200 2852 or-

194 2878 282 2908 dinis
291 2878 490 2915 existentem,
509 2878 734 2908 terminarunt.
751 2876 858 2915 Hujus
868 2879 976 2905 autem
990 2874 1200 2905 instrumenti

197 2937 286 2962 tenor
305 2932 355 2961 hic
381 2936 427 2961 est
446 2944 452 2960 :

235 2997 250 3027 ,⁴¹
272 2985 308 3014 In
327 2985 457 3014 nomine
477 2985 618 3014 Domini.
639 2986 754 3014 Amen.
783 2982 912 3013 Dudum
937 2981 1078 3020 religiosi
1096 2980 1197 3012 viri...

197 3051 211 3066 »
234 3055 273 3060 -
290 3039 367 3067 Acta
383 3042 457 3067 sunt
472 3038 529 3067 hec
549 3038 654 3073 Reate,
674 3038 707 3066 in
727 3037 864 3076 hospitio
883 3035 1058 3075 supradicti
1072 3035 1198 3066 domini

1299 440 1310 453 n
1344 427 1462 457 Mathei
1505 426 1677 457 cardinalis
1695 451 1701 463 ,
1739 428 1942 466 presentibus
1983 429 2222 462 venerabilibus
2264 431 2299 462 in

1298 493 1311 508 ι»
1335 480 1464 511 Christo
1506 480 1649 520 patribus
1687 480 1827 510 dominis
1868 481 2052 519 Bernardo,
2087 483 2298 523 Tripolitano‚

1295 547 1307 561 ι
1337 534 1507 574 Philippo.
1530 534 1701 572 Firmano,
1720 533 1913 566 Guilielmo.
1939 535 2138 574 Mimatensi‚
2166 541 2197 566 et
2221 537 2299 568 Ber-

1298 601 1309 614 »
1336 588 1434 618 nardo
1450 612 1456 625 ‚
1477 587 1630 617 Paduano
1645 587 1817 627 episcopis,
1835 596 1871 618 ac
1887 589 2126 620 venerabilibus
2153 590 2229 620 viris
2244 590 2300 622 do-

1296 654 1310 669 »
1335 642 1433 672 minis
1470 641 1589 672 Jacobo
1622 641 1660 672 de
1695 641 1884 680 Ravingeyo
1898 666 1905 678 ,
1945 642 2043 673 eleeto
2081 643 2297 681 Virdunensi‚

1297 707 1310 723 »
1334 695 1475 733 Angelo,
1492 695 1616 725 domini
1633 704 1712 734 pape
1727 696 1865 732 notario,
1881 695 2046 734 Johanne,
2064 697 2175 727 abbate
2192 696 2300 729 Claro-

1297 763 1308 775 »
1334 749 1510 786 montensi,
1529 754 1559 779 et
1572 749 1723 779 Johaiine
1737 749 1776 779 de
1793 749 2015 789 Savingneyo,
2032 750 2187 781 canonico
2201 750 2301 782 Ceno—

1295 814 1310 829 »
1333 803 1501 837 manensi,
1531 811 1656 832 necnon
1680 803 1774 832 Petro
1798 802 1837 832 de
1864 803 2104 840 Montetolello,
2130 803 2245 835 clerico
2270 807 2300 836 et

1295 868 1309 883 »
1334 856 1456 886 notario
1473 856 1582 895 prefati
1600 856 1724 886 domini
1736 857 1882 894 Hugonis
1895 857 2079 894 cardinalis,
2092 857 2300 889 etnonnullis

1294 921 1308 936 n
1332 909 1404 939 aliis
1413 910 1556 946 testibus,
1567 910 1624 939 sub
1636 918 1721 940 anno
1732 910 2067 941 DoniiniaNativitate
2076 920 2297 949 mcccxxxvun,

1294 974 1308 989 »
1332 963 1511 993 indictione
1545 964 1705 1000 secunda,
1737 963 1942 1001 pontificatus
1977 965 2171 995 sanctissimi
2205 965 2300 1004 patris

1294 1028 1308 1042 ῃ
1332 1015 1456 1046 domini
1474 1016 1597 1046 Nicolai
1615 1025 1692 1055 pape
1709 1017 1776 1046 IIII
1793 1025 1880 1047 anno
1898 1017 2058 1054 secundo,
2078 1017 2130 1048 die
2146 1018 2299 1050 vicesimo

1295 1081 1308 1096 n
1333 1070 1453 1099 mensis
1462 1070 1599 1107 augusti.
1619 1070 1653 1099 Et
1668 1078 1725 1107 ego
1735 1069 1880 1107 Angelus
1895 1070 2044 1108 Berardi,
2059 1070 2162 1101 dictus
2174 1071 2299 1109 Ricius,

1294 1135 1307 1150 s>
1332 1123 1411 1152 civis
1427 1123 1637 1159 Tudertinus,
1659 1123 1828 1162 apostolice
1846 1123 1929 1153 sedis
1954 1125 2142 1154 auctoritate
2159 1128 2190 1154 et
2212 1132 2300 1155 nunc

1290 1188 1304 1203 ι
1332 1176 1444 1215 prefati
1460 1176 1583 1206 domini
1600 1177 1707 1207 fratris
1725 1177 1847 1207 Mathei
1865 1177 2040 1207 cardinalis
2055 1179 2216 1216 notarius,
2233 1187 2300 1218 pre-

1293 1240 1306 1256 ·
1332 1229 1425 1259 dictis
1442 1230 1600 1267 arbitriis,
1618 1230 1870 1261 deffinitionibus
1887 1255 1893 1268 ‚
1910 1230 2165 1262 ordinationibus
2180 1236 2210 1262 et
2226 1240 2297 1271 pro-

1293 1294 1307 1309 »
1332 1282 1608 1320 nuntiationibus,
1628 1292 1751 1314 necnon
1769 1283 2026 1314 revocationibus
2043 1288 2073 1314 et
2087 1284 2298 1315 restitutioni-

1293 1348 1307 1363 »
1332 1336 1395 1380 hus
1419 1345 1454 1365 ac
1481 1336 1709 1375 emologationi
1739 1341 1769 1367 et
1797 1337 2033 1368 confirmationi
2061 1338 2296 1378 suprascriptis,

1293 1401 1306 1417 a>
1330 1393 1423 1428 prout
1446 1390 1592 1428 superius
1619 1391 1812 1428 recitantur,
1837 1391 1971 1421 intertui
1999 1395 2030 1421 et
2049 1400 2087 1421 ea
2109 1391 2236 1429 omnia,
2260 1391 2300 1423 de

1292 1455 1305 1470 >2
1330 1443 1545 1482 predictorum
1569 1444 1774 1475 dominorum
1796 1444 2010 1475 cardinalium
2030 1453 2066 1475 ac
2081 1445 2179 1475 etiam
2193 1445 2300 1476 fratris

1292 1508 1305 1523 »
1330 1496 1516 1534 Gnillelmi‚
1535 1497 1659 1527 abbatis
1679 1498 1925 1535 Mauziacensis,
1944 1503 1973 1528 et
1993 1499 2140 1537 magistri
2154 1498 2296 1537 Atheni,

1291 1561 1306 1577 »
1331 1550 1444 1590 prioris
1458 1550 1567 1581 Sancti
1580 1551 1673 1590 Lupi,
1687 1551 1811 1590 spetiali
1824 1552 1985 1589 mandato,
1995 1556 2026 1582 et
2038 1557 2166 1598 rogatus
2177 1561 2196 1582 a
2206 1552 2298 1583 dictis
2339 1559 2343 1563 ’

1292 1616 1305 1631 »
1329 1604 1483 1643 partibus,
1501 1604 1613 1643 scripsi
1629 1608 1660 1635 et
1675 1605 1834 1643 publicavi
1848 1610 1878 1635 et
1893 1606 1926 1635 in
1948 1606 2107 1646 principio
2120 1614 2191 1636 meo
2205 1605 2298 1637 solito
2344 1645 2345 1649 Ἰ

1291 1671 1305 1686 »
1330 1659 1421 1697 signo
1437 1659 1575 1697 signavi.
1603 1672 1614 1684 υ

1332 1725 1345 1740 α
1361 1712 1453 1743 Circa
1469 1716 1585 1742 statum
1603 1713 1825 1743 monasterii...
1845 1731 1882 1735 —
1904 1714 1974 1743 Dat.
1999 1713 2118 1750 Reate,
2147 1723 2168 1743 11
2184 1713 2298 1743 kalen-

1290 1767 1345 1797 das
1359 1766 1562 1805 septembris,
1580 1775 1666 1797 anno
1682 1767 1832 1797 secundo.
1853 1780 1865 1794 n

1364 1940 1383 1967 1
1390 1939 1480 1968 40⁶2

1325 2002 1510 2038 Dispensatio
1518 2011 1605 2038 super
1614 2003 1727 2029 defectu
1741 2002 1887 2029 natalium.
1901 2002 1984 2036 (Rso.
1997 2003 2039 2034 44.
2050 2010 2076 2029 e.
2087 2002 2147 2035 491,
2155 2003 2174 2030 f.
2185 2002 2236 2030 220
2244 2004 2295 2037 νο.)
2329 2038 2332 2043 Ι

1816 1939 1902 1972 Rieti,
1922 1941 1951 1966 Π
1968 1939 2132 1974 septembre
2148 1939 2226 1968 1289.

1326 2094 1468 2144 Magiistro
1484 2105 1610 2144 Huyom·
1619 2106 1816 2143 Sampsom's,
1840 2106 1986 2143 diacono,
1998 2106 2086 2144 juris
2109 2107 2211 2136 civilis
2219 2114 2296 2144 pro-

1285 2161 1411 2197 fessori,
1438 2160 1548 2190 rectori
1568 2160 1684 2188 ecclesie
1707 2159 1741 2188 tle
1766 2159 1915 2197 Byrltyn,
1942 2159 2137 2189 Eboracensis
2161 2159 2294 2190 diocesis.

1286 2213 1367 2244 Cum
1393 2221 1430 2243 eo
1454 2213 1619 2251 dispensat
1642 2217 1694 2249 ut,
1718 2220 1782 2242 non
1813 2212 1958 2243 obstante
1985 2211 2110 2243 defectu
2137 2211 2294 2243 natalium

1285 2276 1382 2307 quem
1400 2267 1534 2306 patitur,
1553 2275 1569 2296 e
1588 2266 1783 2296 subdiacono
1804 2270 1835 2296 et
1851 2266 1954 2297 soluta
1977 2265 2124 2304 genitus,
2146 2267 2295 2306 persona-
2328 2295 2333 2298 c
2378 2263 2381 2267 ⁴

1285 2325 1353 2351 tum
1367 2319 1417 2350 vel
1432 2319 1624 2358 dignitatem
1638 2319 1885 2350 ecclesiasticam
1896 2344 1903 2358 ,
1922 2320 2019 2350 etiam
2035 2327 2145 2350 curam
2165 2319 2293 2349 anima·
2342 2323 2343 2326 ’

1283 2383 1357 2405 rum
1369 2374 1556 2410 habentem,
1576 2373 1718 2412 recipere
1732 2373 1845 2403 valeat.
1861 2373 1882 2403 J
1884 2382 1936 2403 am
1950 2381 2024 2403 cum
2038 2373 2150 2403 eodem
2165 2371 2294 2411 dispen-

1284 2431 1368 2458 sarat
1401 2427 1560 2457 Martinus
1596 2430 1630 2456 ut
1663 2426 1702 2456 ad
1733 2435 1846 2457 omnes
1879 2426 2007 2457 ordines
2046 2425 2227 2466 promoveri
2262 2427 2294 2456 et

1283 2482 1444 2520 suscipere
1459 2480 1653 2511 beneficium
1671 2480 1922 2511 ecclesiasticum
1939 2479 2070 2511 valeret.

1329 2548 1341 2562 tx
1356 2535 1548 2573 Quanquam
1567 2538 1676 2564 contra
1694 2538 1822 2565 natos...
1839 2550 1878 2555 —
1896 2535 1966 2564 Dat.
1991 2533 2107 2570 Reate,
2123 2541 2164 2563 xv
2178 2531 2291 2563 kalen-

1283 2589 1338 2619 das
1353 2589 1489 2619 octobris
1501 2612 1509 2626 ,
1527 2597 1612 2619 anno
1632 2588 1781 2619 secundo.
1806 2600 1818 2615 n
2273 2576 2276 2580 ’

1357 2761 1476 2791 1408
1804 2760 1889 2795 Rieti,
1907 2760 1940 2788 *20
1958 2760 2122 2795 septembre
2141 2759 2217 2788 1289.

1315 2825 1371 2852 Jus
1385 2824 1496 2859 ingredi
1513 2825 1694 2851 monasteria.
1711 2824 1796 2858 (Rae.
1813 2824 1856 2855 44,
1873 2832 1899 2851 c.
1916 2823 1976 2855 492,
1995 2823 2016 2850 f.
2033 2822 2084 2851 220
2103 2824 2156 2856 νο.)

1322 2928 1485 2957 Carisa-rme
1507 2929 1539 2957 ῖη
1563 2928 1681 2957 Christo
1705 2927 1767 2964 filie
1789 2927 1970 2963 Helisabeeh,
1986 2927 2090 2963 reqine
2115 2919 2287 2962 Poraeuqaroe
2331 2945 2333 2949 ι

1281 2986 1306 3011 et
1324 2982 1463 3019 Alam-bii
1484 2982 1609 3010 illustri.
1630 2993 1642 3007 α
1665 2981 1758 3010 Pium
1776 2979 1970 3010 arbitramur
1985 2982 2051 3009 et...
2079 2977 2286 3016 indulgemus
2347 2973 2358 2982 '

1281 3039 1316 3065 ut
1330 3034 1562 3065 monasterium
1586 3034 1766 3070 Alcobatie,
1787 3032 2010 3063 cisterciensis
2031 3031 2168 3065 ordinis,
2189 3029 2284 3062 Ulix-
