2342 3652
916 352 1148 392 TeoisinMn
1171 350 1328 390 ANNnE.
2110 358 2167 390 453

77 435 298 471 Treverensis,
326 439 356 463 et
390 432 591 472 postmodum
622 430 852 467 Giburgensis,
888 428 1078 465 Maguntine

77 489 248 520 diocesium
262 511 268 524 ‚
284 496 394 517 curam
410 485 582 515 habentem
596 484 778 513 animarum
791 490 961 516 annexam,
980 479 1079 510 eccle-

78 543 195 573 siarum
209 539 434 579 preposituras,
446 547 482 567 ac
498 537 614 566 deinde
629 535 783 574 capellam
800 535 833 564 in
850 533 1060 564 Rudeusliein
1070 556 1077 569 ,

77 596 128 626 cui
152 603 227 624 cura
248 593 363 622 similis
385 591 535 621 imminet
556 589 757 624 animarum,
780 588 919 627 predicte
946 586 1079 616 diocesis

79 647 275 685 Maguntine,
292 649 366 674 ante
388 642 563 673 concilium
580 641 794 679 Lugdunense
811 639 985 669 novissime
1002 638 1080 667 cele-

78 701 201 731 bratum
224 699 327 728 extitit
347 701 532 731 assecutus,
553 700 582 724 et
606 695 844 729 canonicatum,
865 692 1078 730 prebendam,

79 753 287 793 preposituras
302 755 332 780 et
347 749 500 788 capellam
521 748 677 787 predictos
698 748 818 785 absque
842 745 1081 784 dispensatione

79 806 161 837 sedis
186 804 352 844 apostolice
380 804 501 838 tenuit,
529 802 651 831 fructus
678 801 854 839 percipiens
885 809 919 828 ex
948 799 1079 828 eisdem.

80 859 172 890 Unde
187 866 259 887 cum
276 857 415 896 prefatus
429 856 637 885 Hermannus
653 853 819 893 capellam,
833 858 867 882 ut
882 852 968 887 dicit,
986 851 1082 880 dimi—

79 912 153 943 serit
167 911 398 950 supradictam,
418 909 510 939 nobis
531 908 699 938 humiliter
724 906 914 946 supplicavit
937 914 1010 935 cum
1027 913 1080 939 eo,

79 969 113 996 ut
123 965 355 999 canonicatum,
372 962 567 1002 prebendam
579 966 607 991 et
624 962 838 1000 preposituras
854 959 992 994 eosdem„
1009 967 1082 988 cum

79 1019 228 1049 fructibus
243 1027 279 1047 ex
298 1018 344 1047 eis
359 1026 394 1046 ac
409 1017 503 1046 etiam
520 1025 555 1045 ex
574 1015 694 1054 capella
711 1015 850 1053 predicta
869 1013 975 1043 medio
1003 1017 1083 1042 tem-

79 1082 151 1114 pore
166 1071 318 1111 perceptis
333 1095 339 1106 ,
357 1070 442 1100 licite
458 1071 596 1099 retinere
611 1069 725 1104 valeat,
740 1067 969 1098 constitutione
985 1075 1082 1104 gene-

79 1126 154 1157 ralis
169 1123 296 1155 concilii
312 1128 342 1153 et
357 1123 420 1152 alia
438 1123 578 1161 qualibet
595 1122 755 1151 contraria
773 1130 836 1151 non
849 1121 1004 1155 obstante,
1022 1119 1083 1148 dis-

81 1187 211 1220 pensare
227 1177 474 1207 misericorditer
491 1176 698 1214 dignaremur
713 1200 718 1211 ,
734 1184 863 1204 omnem
881 1174 1038 1203 maculam
1055 1177 1085 1203 et

79 1231 290 1262 inhabilitatis
306 1234 412 1259 notam
429 1234 539 1259 contra
560 1238 633 1258 eum
653 1238 688 1258 ex
715 1229 891 1258 retentione
913 1227 1083 1257 beneficio-

66 1295 151 1316 ·rum
182 1284 394 1323 predictorum
423 1288 453 1313 et
470 1282 678 1321 perceptione
709 1283 870 1311 fructuum
897 1281 1083 1311 eorumdem

81 1340 220 1370 obortam
243 1338 281 1368 de
308 1337 478 1376 apostolice
506 1338 666 1375 potestatis
686 1336 887 1374 plenitudine
904 1335 1082 1372 abolentes.

82 1394 146 1424 Nos
161 1394 286 1431 itaque,
307 1392 464 1430 prefatum
486 1391 712 1420 Hei-mannum
727 1414 732 1425 ,
750 1390 879 1420 obtentu
898 1390 1084 1419 meritorum

81 1456 209 1477 suorum
223 1470 230 1482 ,
250 1455 344 1484 super
359 1445 475 1484 quibus
492 1444 652 1473 laudabile
669 1444 730 1472 sibi
750 1444 966 1473 testimonium
981 1442 1084 1481 per'ni-

81 1501 191 1537 betur,
216 1499 357 1529 volentes
377 1499 482 1528 favore
499 1499 645 1536 prosequi
665 1498 819 1535 gratioso,
836 1506 871 1526 ac
887 1497 925 1526 de
944 1501 994 1526 tue
1013 1506 1086 1535 pro-

82 1554 151 1584 bate
168 1552 464 1591 circumspectionis
479 1551 638 1581 industria
657 1551 784 1590 plenam
798 1551 831 1579 in
850 1551 988 1580 Domino
1007 1550 1085 1580 fidu-

82 1607 157 1637 tiam
172 1607 362 1641 obtinentes,
381 1605 437 1635 tibi
451 1605 660 1643 dispensandi
676 1613 749 1633 cum
766 1604 876 1633 eodem
899 1604 1086 1634 Hermanno

53 1651 56 1654 ⁴
82 1669 175 1699 super
190 1659 373 1698 premissis,
394 1663 486 1697 prout
503 1658 597 1687 saluti
614 1662 642 1687 et
666 1658 760 1687 statui
788 1658 856 1695 ejus
881 1658 997 1687 videris
1023 1658 1086 1687 uti-

82 1713 145 1744 lius
161 1713 323 1752 expedire,
343 1712 471 1751 plenam
488 1716 518 1741 et
531 1711 666 1741 liberam
684 1711 881 1749 presentium
902 1711 1087 1740 auctoritate

82 1767 284 1797 concedimus
299 1770 494 1805 potestatem.
512 1765 582 1795 Dat.
602 1765 720 1801 Rome,
740 1764 824 1802 apud
851 1764 999 1793 Sanctam
1020 1765 1085 1793 Ma-

83 1821 164 1850 riam
181 1821 333 1859 MaJorem
345 1842 353 1856 ,
373 1829 418 1849 1111
434 1819 506 1849 idus
523 1819 616 1855 maii,
635 1827 721 1848 anno
737 1819 839 1848 tertio.
860 1830 873 1844 n

136 1993 385 2021 zvlv-zvzz

118 2055 324 2091 Indulgentiae.
343 2055 427 2088 (Rae.
445 2055 488 2090 45,
506 2063 530 2081 c.
550 2055 609 2085 197,
627 2054 646 2081 f.
665 2054 697 2080 34
715 2056 763 2086 ro.)

465 1991 818 2026 Sainte-Marie-Majeure,
838 1991 867 2017 11
885 1991 940 2017 mai
958 1990 1034 2018 1990.

127 2158 279 2187 Universz's
298 2157 413 2186 Christi
427 2157 565 2195 fidelibus
588 2161 737 2194 presentes
760 2157 877 2185 litteras
899 2156 1088 2192 inspecturis.

85 2210 324 2249 Indulgentiam
341 2214 471 2240 centum
489 2210 615 2239 dierum
628 2209 774 2239 concedit
789 2209 834 2239 eis
849 2208 905 2248 qui
923 2208 1091 2238 ecclesiam

86 2263 273 2294 Sanctorum
295 2263 448 2302 Phylippi
466 2267 496 2293 et
512 2263 622 2293 Jacohi
645 2262 683 2292 de
703 2262 894 2300 Calognole,
917 2261 1092 2291 Fesulauae

86 2317 256 2355 dioecesis,
276 2317 310 2347 in
331 2317 559 2347 festivitatibus
576 2316 763 2346 eorumdem
779 2319 962 2346 sanctorum
982 2315 1093 2344 visita-

87 2371 200 2401 verint.

127 2436 142 2452 «
160 2425 248 2455 Licet
261 2424 289 2454 is
304 2424 381 2454 de...
401 2440 441 2445 -—
456 2424 526 2454 Dat.
544 2424 664 2460 Rome,
682 2423 765 2462 apud
785 2423 934 2453 Sanctam
959 2422 1094 2451 Mariam

89 2479 260 2518 Maiorem,
277 2488 298 2508 v
313 2478 385 2508 idus
403 2477 479 2507 maii
495 2501 501 2512 ,
521 2486 608 2507 anno
625 2477 727 2507 tertio.
746 2489 758 2503 1>

726 2556 809 2591 Orte,
825 2557 858 2583 ‘28
875 2556 930 2582 mai
948 2555 1024 2582 1290*

128 2620 166 2650 In
183 2629 209 2650 e.
236 2629 280 2650 m.
304 2643 323 2651 ..
351 2620 529 2658 guardiano
554 2623 584 2649 et
608 2619 760 2649 fratribus
785 2619 907 2649 ordinis
934 2619 1095 2648 minorum

90 2673 230 2704 Ortanis.
248 2673 490 2711 Indulgentiam
510 2673 607 2703 trium
623 2681 786 2703 annorum
804 2677 834 2702 et
851 2673 946 2701 trium
963 2671 1097 2710 quadra·

90 2735 246 2764 genarum
268 2727 412 2758 concedit
431 2736 486 2766 pro
503 2735 613 2757 eorum
629 2726 773 2757 ecclesia.
791 2727 863 2755 Dat.
885 2726 986 2762 Ortis,
1008 2735 1027 2754 v
1043 2725 1098 2754 ka—

92 2780 201 2811 lendas
215 2781 323 2820 junii,
340 2789 426 2811 anno
443 2781 546 2811 tertio.
565 2781 721 2820 (Pomm,
742 2779 864 2818 23290).

727 2859 809 2892 Orte,
827 2859 859 2886 ‘27
875 2860 930 2886 mai
949 2859 1026 2886 1‘290.

132 2924 170 2954 In
186 2933 214 2956 e.
231 2933 275 2954 m.
295 2948 314 2955 ..
332 2924 438 2954 abbati
461 2928 491 2954 et
506 2923 678 2954 conventui
702 2923 888 2953 monasterii
908 2922 1098 2952 Sanctorum

93 2977 241 3008 Andreae
256 2982 287 3008 et
301 2977 448 3008 Silvestri
464 2977 502 3007 de
520 2976 680 3012 Flumine,
694 2976 733 3006 ad
749 2985 916 3006 romanam
930 2976 1098 3006 ecclesiam

95 3030 182 3061 nullo
201 3031 305 3062 medio
321 3031 525 3070 pertinentis,
542 3030 663 3060 ordinis
682 3029 715 3059 S.
742 3028 930 3065 Benedicti,
954 3028 1099 3058 Civitatis

1162 425 1361 455 Castellanae
1392 426 1556 456 dioecesis.
1587 427 1729 456 Eandem
1756 425 1992 464 indulgentiam
2022 426 2167 456 concedit

1162 487 1218 516 pro
1235 487 1344 507 eorum
1361 479 1503 508 ecclesia.

1204 542 1218 556 <c
1236 531 1308 560 Vite
1325 532 1507 569 perempnis
1526 532 1666 569 gloria...
1684 549 1721 554 —
1738 533 1808 562 Dat.
1829 531 1912 570 apud
1931 531 2023 561 Ortas
2038 555 2043 568 ,
2060 541 2092 560 vr
2111 531 2166 560 ka-

1162 583 1274 612 lendas
1288 583 1392 620 junii,
1410 592 1494 614 anno
1512 585 1603 615 tertio
1624 598 1636 611 n
1654 585 1714 624 (En
1729 584 1857 623 marye).

1746 664 1875 695 Orvieto,
1893 664 1924 691 13
1937 665 2001 698 juin
2019 664 2098 691 1290.

1204 725 1242 754 In
1276 734 1302 755 e.
1334 735 1377 754 m.
1408 726 1567 755 universis
1592 726 1713 756 Christi
1740 726 1899 757 fidelibus.
1928 726 2168 763 Indulgentiam

1166 779 1261 808 unius
1271 778 1350 808 an'ni
1362 783 1391 808 et
1406 789 1443 808 XL
1455 779 1581 809 dierum
1593 780 1736 809 concedit
1750 789 1803 818 pro
1817 780 1947 809 ecclesia
1957 780 2065 809 Sancti
2077 780 2170 818 Sym-

1166 832 1316 870 phoriani
1332 832 1370 861 de
1389 832 1555 868 Theches,
1574 832 1795 862 Cabilonensis
1815 833 1977 862 dioecesis.
1997 833 2067 861 Dat.
2086 832 2170 870 apud

1167 885 1450 919 Urbemveterem,
1471 885 1577 914 idibus
1591 886 1697 923 junii,
1714 894 1799 914 anno
1815 886 1918 916 tertio.
1938 885 2040 924 (Ibid.)

1741 965 1856 991 Orvieto
1867 984 1874 997 ,
1892 966 1924 991 27
1938 965 2002 999 juin
2022 965 2098 991 1290.

1207 1030 1245 1059 In
1260 1039 1286 1058 e.
1304 1038 1348 1058 m.
1365 1028 1497 1065 eisdem,
1516 1037 1570 1067 pro
1589 1027 1723 1057 ecclesia
1738 1027 1847 1057 Sancti
1865 1027 2019 1065 Stephani
2031 1026 2069 1055 de
2081 1027 2172 1056 Gres-

1167 1082 1254 1112 sibus
1268 1082 1456 1112 Parisiensi.

1209 1148 1221 1162 α
1240 1136 1328 1165 Licet
1346 1136 1373 1164 is
1389 1135 1464 1166 de...
1482 1151 1519 1156 -—
1536 1135 1607 1163 Dat.
1626 1135 1709 1172 apud
1726 1134 2007 1168 Urbemveterem‚
2023 1142 2043 1162 v
2059 1132 2172 1162 kalen-

1167 1188 1320 1227 dasjulii,
1341 1196 1426 1217 anno
1444 1189 1545 1218 tertio.
1564 1201 1575 1213 υ
1591 1187 1697 1226 (Ιὺὶά.)

1744 1266 1877 1297 Orvieto,
1895 1266 1927 1292 27
1940 1267 2005 1300 juin
2024 1265 2101 1292 1990.

1208 1333 1247 1362 In
1265 1342 1292 1362 e.
1310 1341 1353 1361 m.
1370 1331 1506 1367 eisdem,
1525 1339 1578 1369 pro
1595 1329 1725 1359 ecclesia
1742 1329 1849 1359 Sancti
1864 1328 1973 1358 Jacobi
1989 1326 2121 1366 apostoli
2135 1327 2174 1357 de

1168 1385 1313 1424 Nigella,
1330 1384 1555 1415 Noviomeusis
1572 1383 1733 1413 dioecesis.

1210 1451 1224 1465 «
1250 1440 1330 1469 Loca
1355 1442 1538 1467 sanctorum
1557 1437 1702 1466 omnia...
1730 1453 1768 1457 —-
1794 1436 1863 1464 Dat.
1891 1435 1974 1473 apud
2000 1435 2173 1464 Urbemve-

1170 1498 1287 1529 terem,
1303 1502 1323 1521 v
1336 1491 1489 1521 kalendas
1503 1490 1575 1529 julii
1589 1513 1596 1525 ,
1613 1498 1699 1519 anno
1715 1489 1817 1518 tertio.
1839 1500 1851 1513 »
1868 1487 1972 1526 (ibid.)

1241 1678 1358 1706 2223

1205 1740 1404 1775 Expropriatio
1433 1738 1572 1764 bonorum
1595 1737 1629 1763 ad
1651 1737 1894 1763 constructionem
1916 1735 2054 1762 ecclesiae
2078 1734 2176 1760 cathe-

1170 1790 1256 1817 dralis
1272 1789 1370 1816 Sancti
1385 1788 1500 1822 Angeli.
1519 1787 1602 1820 (Rae.
1619 1786 1661 1818 45,
1679 1794 1705 1812 0.
1724 1785 1783 1820 198,
1801 1786 1821 1813 f.
1839 1785 1871 1811 34
1887 1785 1938 1818 v0.)

1530 1674 1887 1708 Sainte-Marie-Majeure,
1906 1673 1937 1699 18
1953 1673 2008 1699 mai
2025 1672 2102 1699 1289.

1215 1928 1234 1936 ..
1251 1907 1367 1935 vicario
1384 1906 1418 1934 in
1433 1905 1648 1942 spiritualibus
1664 1903 1799 1932 marchia
1814 1902 2012 1931 Aozoonizane.
2031 1912 2045 1927 «
2062 1900 2178 1930 Petitio

1172 1959 1364 1989 venerabilis
1375 1959 1483 1988 fratris
1500 1957 1600 1988 nostri
1616 1980 1635 1986 ..
1655 1956 1792 1995 episcopi
1809 1955 1967 1985 Callensis
1983 1954 2074 1984 nobis
2090 1953 2179 1983 exhi-

1172 2013 1236 2042 bita
1252 2013 1436 2042 continebat
1451 2010 1546 2050 quod,
1563 2010 1637 2039 licet
1650 2017 1822 2039 commune
1838 2008 1973 2038 civitatis
1990 2007 2098 2036 Sancti
2113 2008 2181 2036 Au-

1173 2066 1236 2104 geli
1260 2065 1381 2104 papalis
1394 2089 1401 2101 ,
1426 2068 1553 2103 propter
1572 2063 1785 2092 mutationem
1803 2061 1942 2091 civitatis
1963 2060 2119 2090 Callensis
2141 2059 2182 2089 ad

1174 2121 1336 2151 civitatem
1352 2120 1466 2157 ipsam,
1478 2127 1533 2156 pro
1547 2118 1782 2148 constructione
1797 2115 1928 2146 ecclesie
1942 2113 2133 2144 cathedralis
2146 2122 2182 2143 ac

1174 2173 1401 2213 episcopalium
1417 2176 1446 2202 et
1459 2171 1604 2210 eJ'usdem
1620 2170 1752 2200 ecclesie
1770 2169 1899 2208 capituli
1915 2168 2082 2198 domorum
2097 2171 2128 2196 et
2140 2167 2184 2197 of-

1175 2227 1347 2257 ficinarum
1358 2224 1610 2255 necessariarum
1625 2223 1683 2260 eis,
1699 2223 1846 2261 episcopo
1862 2225 1892 2250 et
1904 2220 2042 2259 capitulo
2054 2220 2184 2259 prefatis

1175 2282 1209 2310 in
1226 2284 1311 2310 certo
1327 2279 1394 2308 loco
1410 2277 1646 2315 assignaverint
1663 2279 1785 2305 certum
1802 2275 1939 2304 fundum
1951 2296 1960 2310 ‚
1983 2274 2058 2312 quia
2077 2277 2183 2302 tamen

1176 2333 1296 2363 fundus
1318 2333 1386 2371 ipse
1402 2331 1480 2361 adeo
1498 2330 1600 2360 extitit
1619 2328 1745 2359 modice
1761 2328 1949 2366 quantitatis
1964 2327 2048 2365 quod
2063 2335 2121 2355 nec
2137 2334 2184 2355 ec-

1177 2386 1307 2416 clesiam
1316 2385 1419 2423 ipsam
1429 2385 1519 2423 Juxta
1533 2383 1582 2412 sui
1594 2381 1887 2416 honorificentiam,
1897 2389 2000 2418 neque
2010 2379 2185 2409 claustrum

1178 2444 1208 2470 et
1223 2440 1332 2469 domos
1348 2437 1409 2467 sibi
1425 2442 1455 2466 et
1473 2437 1556 2466 dicto
1572 2435 1712 2474 capitulo
1729 2434 1942 2473 competentia
1953 2457 1961 2470 ‚
1984 2441 2042 2462 nec
2062 2432 2185 2462 cimite-

1178 2493 1263 2522 rium
1279 2492 1324 2521 eis
1341 2495 1372 2520 et
1385 2489 1605 2529 parrochianis
1618 2488 1718 2527 ipsius
1732 2487 1864 2517 ecclesie
1875 2486 2090 2516 necessarium
2102 2484 2184 2522 epis·-

1178 2554 1275 2585 copus
1288 2548 1318 2574 et
1333 2543 1509 2582 capitulum
1527 2543 1639 2581 prefati
1657 2545 1791 2580 possunt
1805 2544 1992 2571 construere
2005 2540 2038 2568 in
2052 2539 2182 2574 eodem;

1179 2607 1278 2637 quare
1298 2597 1367 2636 (sic)
1385 2596 1548 2635 predictus
1573 2595 1738 2633 episcopus
1757 2594 1850 2627 nobis
1873 2592 2039 2623 humiliter
2063 2591 2185 2630 suppli-

1179 2651 1261 2682 cavit
1274 2655 1307 2680 ut
1317 2649 1482 2688 providere
1493 2649 1553 2678 sibi
1568 2653 1599 2677 et
1611 2647 1715 2677 eidem
1731 2646 1870 2685 capitulo
1882 2654 1976 2684 super
1986 2645 2046 2674 hoc
2056 2648 2189 2683 paterna

1179 2703 1348 2742 diligentia
1364 2711 1561 2732 curaremus.
1581 2701 1663 2736 Quia
1680 2707 1754 2730 vero
1771 2699 1827 2729 tibi
1843 2709 1896 2737 per
1914 2702 2036 2728 nostras
2053 2696 2188 2726 manda-

1179 2767 1251 2788 mus
1262 2757 1383 2786 litteras
1395 2759 1429 2785 ut
1442 2759 1567 2784 terrena
1586 2763 1641 2784 seu
1658 2753 1815 2783 territoria
1826 2753 1910 2781 inter
1922 2751 2070 2781 ecclesias
2081 2754 2111 2780 et
2120 2759 2189 2789 per-

1181 2820 1272 2842 sonas
1289 2808 1519 2840 ecclesiasticas
1531 2816 1567 2837 ac
1583 2808 1667 2837 cives
1679 2806 1817 2836 civitatis
1833 2805 1933 2843 ipsius
1950 2804 2060 2834 Sancti
2070 2802 2189 2841 Angeli

1177 2867 1267 2904 juxta
1285 2862 1525 2893 extimationem
1541 2860 1657 2890 factam
1674 2868 1693 2889 a
1714 2858 1829 2888 dilecto
1844 2857 1912 2887 filio
1928 2856 2031 2887 nobili
2048 2856 2118 2886 viro
2134 2856 2189 2886 Jo-

1183 2919 1289 2948 hanne
1304 2916 1343 2945 de
1358 2914 1547 2952 Columpna,
1562 2917 1683 2942 rectore
1697 2911 1839 2941 marchie
1850 2910 2066 2946 Anconitane,
2082 2908 2189 2939 distri-

1181 2972 1271 3007 buta,
1291 2970 1318 2999 si
1339 2968 1395 2998 tibi
1412 2966 1590 2997 constiterit
1604 2966 1746 2996 dominis
1765 2969 1964 2995 terrenorum
1988 2973 2044 2993 seu
2066 2962 2190 2993 territo-

1182 3025 1303 3055 riorum
1326 3023 1469 3060 ipsorum
1497 3030 1515 3050 a
1540 3019 1686 3059 personis
1711 3023 1742 3049 et
1764 3018 1930 3049 communi
1954 3017 2081 3057 prefatis
2100 3017 2192 3056 juxta
