2342 3652
920 381 1150 422 DEUXIEME
1171 382 1329 420 ANNEE.
2114 399 2171 428 219

75 471 139 493 non
157 468 362 500 personarum
387 458 440 487 sed
457 457 667 487 ecclesiarum
687 458 737 487 vel
757 458 935 487 officiorum
957 458 1080 487 ratione

74 515 190 547 relictis
205 514 326 543 decima
343 511 551 550 persolvetur.

113 569 174 598 Pro
194 566 315 596 decima
334 565 513 603 supradicta
537 572 602 593 non
626 564 771 601 exigetur
788 564 924 602 pecunia
945 564 1008 593 nisi
1025 564 1082 594 illa

74 631 133 662 que
150 619 361 650 communiter
382 621 493 647 curret
514 617 552 646 de
568 617 719 646 mandato
744 617 867 646 domini
893 621 973 646 terre
989 617 1081 654 cujus

75 679 120 705 est
135 677 258 703 moneta
275 672 306 700 in
325 671 402 700 locis
418 670 450 699 in
469 669 587 708 quibus
602 670 777 699 consistent
794 670 914 698 fructus
931 674 960 698 et
976 670 1080 699 reddi-

76 732 124 758 tus
141 726 223 756 unde
242 725 366 754 decima
383 723 597 762 persolvetur,
611 731 670 752 nec
686 722 788 760 aliqui
809 722 977 761 pecuniam
999 731 1083 752 cam-

74 780 142 810 bire
156 783 310 816 cogentur
328 777 475 806 eandem.

114 831 147 862 Si
166 840 202 860 ex
224 828 439 868 probabilibus
459 837 515 857 seu
535 827 765 857 verisimilibus
788 827 1082 865 presumptionibus

72 883 254 924 apparuerit
268 882 423 920 aliquem,
438 881 578 920 pensatis
592 881 661 919 ejus
674 880 891 919 proventibus,
906 880 1013 909 minus
1032 880 1083 909 de-

75 936 138 968 bito
156 935 339 966 notabiliter
350 935 388 964 de
399 935 523 964 decima
538 933 739 972 persolvisse,
759 933 801 962 ita
817 933 901 971 quod
918 942 1014 971 super
1023 933 1083 963 hoc

75 991 185 1021 merito
209 993 371 1027 suspectus
390 988 501 1017 debeat
520 987 678 1026 reputari,
699 996 734 1016 ex
759 987 861 1016 officio
886 991 1007 1023 vestro,
1027 996 1082 1025 per

75 1043 156 1073 viros
173 1042 314 1081 ydoneos
330 1040 527 1079 deputandos
543 1050 561 1069 a
577 1040 666 1070 vobis
683 1049 737 1070 seu
756 1040 801 1069 eis
819 1040 935 1077 quibus
951 1040 1082 1069 commi-

75 1095 186 1131 seritis,
195 1093 348 1123 faciemus
362 1092 485 1131 inquiri
495 1093 534 1122 ab
543 1092 608 1122 illis
622 1093 675 1130 qui
691 1100 785 1130 snper
796 1091 856 1121 hoc
866 1092 946 1121 scire
956 1091 1082 1120 valeant

75 1147 253 1183 veritatem,
281 1146 430 1176 videlicet
456 1146 494 1175 de
517 1145 651 1175 consilio
679 1145 840 1175 diocesani
859 1144 1012 1183 episcopi,
1031 1144 1081 1174 vel

72 1201 175 1240 aliquo
191 1199 370 1239 deputando
385 1199 424 1228 ab
441 1199 521 1237 ipso,
537 1199 563 1228 si
581 1198 622 1228 sit
638 1199 707 1237 ejus
725 1198 884 1234 subditus,
899 1201 929 1227 et
945 1206 1009 1227 non
1025 1197 1079 1227 ali-

73 1259 128 1290 ter,
143 1253 170 1283 si
186 1253 349 1291 episcopus
369 1253 437 1291 ipse
455 1252 505 1281 vel
528 1252 696 1290 deputatus
712 1252 751 1281 ab
775 1260 811 1281 eo
831 1251 962 1281 comode
984 1251 1081 1289 possit

72 1306 199 1343 haberi;
217 1310 247 1335 et
263 1310 338 1335 tunc
354 1305 496 1341 demum,
515 1310 545 1335 et
561 1314 624 1335 non
641 1306 748 1344 prius,
765 1305 820 1334 ille
834 1305 925 1343 cujus
942 1313 1079 1343 proven-

77 1365 123 1391 tus
138 1360 259 1389 fuerint
277 1359 383 1388 taliter
401 1359 555 1394 extimati,
573 1368 628 1397 pro
644 1368 680 1389 eo
698 1359 784 1397 quod
804 1359 913 1388 minus
932 1358 1078 1395 solverat,

73 1414 166 1444 etiam
184 1413 377 1443 nominatim
395 1413 738 1449 excommunicabitur,
758 1413 784 1442 si
798 1413 867 1451 ejus
878 1408 1081 1442 contumacia

72 1466 208 1504 exegerit
224 1471 254 1496 et
269 1466 373 1495 visum
393 1466 489 1495 fuerit
505 1466 664 1505 expedire.

110 1520 252 1559 Episcopi
267 1525 373 1549 autem
390 1524 419 1549 et
436 1520 566 1549 abbates
583 1524 750 1558 cetereque
766 1528 900 1558 persone
916 1519 1079 1549 ecclesias-

72 1573 130 1604 tice
145 1573 359 1609 honorabiles,
376 1582 439 1602 non
458 1577 614 1611 suspecte,
631 1572 757 1611 proprie
771 1572 967 1602 conscientie
982 1571 1077 1601 relin-

71 1631 222 1666 quentur,
242 1627 284 1655 ita
308 1626 393 1664 quod
419 1626 558 1655 sufficiat
583 1625 687 1664 quoad
715 1625 791 1655 tales
816 1625 1076 1655 excommunica-

72 1681 163 1711 tionis
191 1680 348 1710 sententia
376 1690 437 1718 que
457 1680 489 1709 iu
514 1679 603 1710 nullo
624 1679 718 1710 modo
745 1679 794 1710 vel
814 1680 950 1709 scienter
966 1679 1077 1709 minus

72 1733 225 1764 solventes
255 1737 284 1763 et
317 1734 507 1763 adhibentes
538 1733 683 1763 fraudem
720 1733 768 1762 vel
803 1732 962 1762 malitiam
992 1732 1076 1763 circa

71 1786 168 1826 ipsius
186 1787 307 1817 decime
327 1786 537 1823 solutionem,
555 1786 752 1825 generaliter
766 1786 954 1825 proferetur.

109 1839 208 1879 Super
223 1839 287 1869 hiis
305 1845 411 1870 autem
434 1840 490 1869 fiet
510 1839 686 1878 compulsio
706 1849 762 1878 per
783 1849 952 1870 censuram
973 1839 1075 1870 eccle-

71 1894 242 1930 siasticam,
269 1898 359 1932 prout
384 1894 471 1923 vobis
503 1898 532 1923 et
559 1893 631 1923 aliis
661 1893 778 1932 quibus
809 1893 1076 1923 committendum

71 1946 220 1977 duxeritis
236 1947 341 1976 visum
357 1947 453 1976 fuerit
469 1946 629 1986 expedire.
648 1947 821 1976 Protei-etis
836 1950 960 1983 autem,
978 1947 1004 1976 si
1022 1956 1076 1976 ex-

70 1999 173 2040 pedire
187 2000 340 2037 videritis,
355 2000 697 2030 excommunicationis
712 2009 766 2030 seu
774 2000 904 2030 tentiam
914 1999 1074 2038 generali-

70 2059 115 2086 ter
128 2055 176 2085 vel
188 2056 361 2095 spetialiter
373 2057 407 2085 in
421 2065 474 2086 eos
487 2056 543 2094 qui
557 2060 667 2085 contra
682 2055 877 2086 solutionem
890 2055 1014 2086 decime
1025 2056 1076 2086 vel

71 2118 196 2140 suorum
214 2109 453 2140 extimationem
470 2118 525 2148 pro
543 2113 711 2144 ventuum,
729 2109 901 2138 cumfuerit
918 2109 1074 2147 facienda,

70 2162 210 2194 fraudem
229 2163 278 2193 vel
298 2162 456 2192 malitiam
473 2163 611 2193 scienter
624 2162 774 2192 duxerint
786 2162 1013 2193 adhibendam.

108 2217 223 2247 Nullus
244 2221 350 2247 autem
372 2225 436 2247 non
458 2216 653 2247 solventium
678 2215 888 2255 compellatur
907 2225 963 2254 per
985 2225 1077 2246 secu-

70 2270 143 2301 laris
160 2271 344 2301 violentiam
361 2272 536 2309 potestatis,
551 2269 617 2299 nisi
632 2269 734 2309 ipsius
750 2278 815 2299 non
833 2269 987 2300 solventis
1001 2277 1077 2299 con-

72 2325 206 2355 tumacia
227 2324 278 2355 vel
304 2323 440 2355 rebellio
464 2323 534 2353 talis
555 2328 609 2353 aut
636 2327 721 2353 tanta
743 2323 839 2354 fuerit
861 2322 944 2362 quod
961 2323 1076 2353 merito

71 2382 177 2408 contra
199 2379 304 2418 ipsum
316 2401 324 2415 ‚
349 2378 431 2408 sicut
455 2377 544 2407 fieret
563 2377 599 2407 in
616 2377 687 2407 aliis
705 2377 831 2407 casibus
849 2385 904 2406 seu
923 2376 1075 2414 negotiis,

70 2435 192 2472 propter
213 2431 426 2462 ecclesiastice
452 2439 587 2461 censure
611 2433 846 2469 contemptum,
863 2430 1006 2460 invocari
1021 2429 1077 2460 de-

70 2484 140 2516 beat
154 2485 312 2528 aurilium
328 2485 452 2515 brachii
469 2484 634 2515 secularis.

108 2537 315 2569 Declaramus
331 2540 427 2569 etiam
444 2539 539 2578 quod,
557 2539 723 2569 occasione
739 2538 862 2569 decime
877 2538 1076 2578 hujusmodi,

72 2591 198 2629 calices,
216 2592 307 2630 libri,
326 2595 516 2622 ornamenta
541 2596 571 2622 et
593 2596 696 2623 cetera
719 2592 941 2623 ecclesiasticis
964 2591 1079 2621 officiis

71 2644 214 2684 deputata
230 2645 415 2676 nullatenus
432 2649 650 2676 assumantur.

109 2698 177 2729 Fiet
202 2703 308 2729 autem
336 2699 451 2729 solutio
480 2699 603 2729 decime
635 2706 700 2728 non
728 2698 765 2728 in
789 2698 867 2736 ipsis
895 2697 989 2727 rebus
1017 2705 1078 2735 que

71 2751 280 2791 percipientur
295 2752 334 2782 de
350 2752 567 2791 proventibus,
583 2751 638 2781 sed
654 2752 689 2781 in
706 2751 841 2790 pecunia
856 2754 1036 2780 numerata.

109 2804 253 2835 Solvetur
273 2810 380 2835 antem
402 2805 526 2835 decima
542 2804 608 2834 illis
625 2805 772 2844 personis
789 2813 867 2843 quas
885 2804 925 2833 ad
944 2804 1004 2833 hoc
1024 2811 1079 2841 per

72 2866 134 2894 voe,
150 2859 198 2889 vel
213 2859 314 2889 alium
329 2868 384 2889 seu
399 2859 476 2888 alios
493 2859 609 2897 quibus
625 2858 685 2888 hoc
701 2858 966 2888 committendum
982 2857 1076 2886 duxe-

73 2911 155 2948 ritis,
172 2913 344 2950 contigerit
359 2912 516 2950 deputari.

111 2963 222 2995 Hector
240 2964 449 3004 parrochialis
466 2963 613 2999 ecclesie,
637 2963 709 3001 qui,
734 2965 868 3000 urgente
891 2961 1079 2992 necessitate

73 3023 145 3046 cure
165 3017 294 3047 ecclesie
317 3027 389 3054 sue,
407 3021 480 3056 puta
502 3017 578 3055 quia
596 3016 664 3054 ipse
680 3014 850 3045 residendo
867 3014 1077 3053 personaliter

73 3067 107 3098 in
122 3069 231 3100 eadem
253 3079 307 3109 per
327 3080 360 3100 se
385 3079 447 3100 non
467 3069 583 3099 sufficit
598 3068 658 3107 ipsi
675 3077 768 3105 cure,
785 3071 912 3106 propter
928 3066 1078 3096 multitu-

1164 456 1272 486 dinem
1298 458 1581 495 parrochiauorum
1606 459 1654 488 vel
1677 459 1882 489 diffusionem
1906 462 2072 498 parrochie
2096 472 2167 500 sue,

1164 509 1219 538 sed
1238 518 1365 539 necesse
1383 510 1475 540 babet
1495 521 1608 549 unum,
1624 512 1674 541 vel
1689 512 1778 548 duos,
1796 521 1852 542 seu
1869 513 1975 551 plures
1990 514 2170 552 capellanos

1164 561 1352 598 conducere,
1371 567 1400 591 et
1418 564 1474 599 eis,
1494 568 1618 602 propter
1639 566 1770 602 victum⁷
1788 564 1938 595 salarium
1961 568 2168 605 constituere,

1164 614 1315 643 salarium
1340 615 1525 653 hujusmodi
1548 617 1660 655 poterit
1683 618 1715 646 in
1743 618 1867 647 decime
1893 619 2048 649 solutione
2070 620 2167 650 dedu-

1164 676 1254 703 cereg
1277 668 1330 696 sed
1354 669 1475 698 ratione
1500 670 1600 699 victus
1623 670 1860 708 capellanorum
1883 672 2023 709 ipsorum
2047 672 2169 711 aliquid

1165 728 1230 749 non
1249 721 1392 751 deducet.

1205 773 1295 808 Quod
1318 775 1343 803 si
1368 774 1402 803 in
1424 775 1558 804 diversis
1577 775 1758 805 civitatibus
1777 781 1832 806 aut
1848 777 2026 808 diocesibus
2043 779 2170 808 diversa

1165 826 1320 856 beneficia
1335 827 1476 856 obtineat
1489 828 1573 866 quis,
1590 829 1627 857 de
1644 838 1707 858 uno
1723 838 1850 867 quoque
1866 830 2021 860 beneficio
2039 832 2072 860 in
2090 832 2168 860 civi-

1166 883 1225 909 tate
1242 880 1290 909 vel
1307 880 1422 909 diocesi
1439 881 1470 909 in
1489 891 1550 918 qua
1566 881 1645 910 illud
1664 882 1762 910 suerit
1777 882 1900 911 decima
1915 884 2121 921 persolvetur.

1205 932 1251 961 De
1276 933 1452 962 redditibus
1475 937 1581 962 autem
1599 933 1822 963 ecclesiasticis
1839 935 1877 964 ad
1898 936 2049 965 fabricam
2070 937 2169 967 eccle-

1165 986 1285 1014 siarum
1301 986 1423 1015 decima
1443 986 1649 1024 persolvetur.

1205 1038 1252 1067 De
1271 1038 1454 1067 elemosinis
1475 1048 1548 1068 vero
1565 1048 1617 1068 seu
1636 1039 1848 1070 oblationibus
1870 1041 1951 1070 datis
1972 1042 2010 1071 ad
2029 1051 2106 1081 opus
2122 1043 2170 1072 fa-

1163 1091 1251 1121 brice
1271 1092 1395 1121 decima
1414 1101 1477 1122 uon
1497 1092 1647 1122 solvetur.

1205 1145 1361 1175 Similiter
1380 1154 1439 1174 nec
1455 1145 1493 1175 de
1516 1145 1580 1175 illis
1596 1145 1812 1176 oblationibus
1829 1156 1890 1185 que
1906 1147 2101 1185 colliguntur
2118 1149 2169 1178 in-

1166 1199 1290 1228 terdum
1308 1208 1362 1236 per
1382 1198 1479 1228 laicos
1496 1199 1550 1237 qui
1577 1199 1751 1229 confratres
1776 1200 1936 1238 dicuntur,
1958 1205 1987 1230 et
2008 1202 2170 1232 interdum

1163 1261 1219 1290 per
1235 1252 1377 1288 clericos,
1393 1257 1421 1281 et
1436 1262 1497 1291 que
1513 1253 1551 1281 ad
1564 1261 1643 1291 opus
1658 1254 1829 1283 confratrie
1841 1255 2033 1290 offeruntur,
2053 1260 2085 1285 ut
2097 1256 2172 1286 inde

1163 1305 1338 1334 luminaria
1361 1306 1393 1334 in
1422 1305 1571 1342 ecclesia,
1598 1315 1707 1335 cruces
1735 1310 1765 1336 et
1792 1307 1906 1337 calices
1924 1307 2005 1337 fiant
2027 1312 2057 1338 et
2081 1318 2170 1347 repa-

1162 1364 1285 1395 rentur,
1309 1364 1339 1388 et
1362 1359 1457 1388 etiam
1482 1364 1514 1388 ut
1541 1369 1576 1388 ex
1602 1359 1668 1388 illis
1693 1361 1886 1398 pauperibus
1911 1361 2118 1391 subveniatur
2142 1366 2172 1392 et

1163 1412 1360 1451 sepeliantur
1379 1422 1553 1452 pauperum
1570 1422 1700 1451 corpora
1717 1414 1951 1445 defunctorum.

1203 1466 1324 1496 Prelati
1339 1471 1447 1496 autem
1462 1471 1491 1495 et
1507 1466 1615 1496 clerici
1630 1466 1749 1502 exules,
1767 1467 1997 1505 cujuscumque
2016 1468 2169 1498 conditio-

1162 1520 1213 1549 nis
1228 1524 1283 1549 aut
1298 1519 1463 1557 dignitatis
1479 1513 1630 1556 existant,
1645 1519 1684 1548 de
1702 1521 1767 1549 suis
1784 1520 1990 1558 proventibus
2006 1520 2169 1550 ecclesias-

1162 1573 1232 1603 ticis
1248 1573 1406 1603 decimam
1423 1572 1630 1602 exhibebunt,

1201 1626 1260 1656 Ille
1287 1635 1411 1665 quoque
1440 1634 1576 1664 expense
1601 1635 1662 1664 que
1691 1626 1773 1655 fiunt
1801 1635 1855 1664 pro
1891 1626 2014 1656 fossatis
2039 1631 2068 1655 et
2091 1626 2169 1656 alias

1161 1681 1256 1710 etiarn
1276 1689 1331 1718 pro
1357 1679 1448 1709 terris
1469 1679 1699 1714 bonificandis,
1719 1683 1752 1708 ut
1775 1679 1935 1709 uberiores
1954 1679 2073 1708 fructus
2097 1688 2169 1717 pro-

1160 1734 1289 1769 ducant,
1310 1737 1340 1762 et
1356 1732 1411 1762 ille
1429 1742 1492 1771 que
1509 1733 1591 1762 fiunt
1609 1732 1642 1761 in
1662 1732 1890 1762 conservandis
1913 1741 1968 1761 sen
1986 1733 2169 1770 reparandis

1161 1787 1296 1817 edificiis
1321 1786 1607 1822 molendinorum,
1626 1785 1794 1815 domorum
1815 1794 1868 1815 seu
1889 1786 2113 1824 apothecarum
2141 1790 2170 1816 et

1160 1840 1319 1870 similium
1335 1862 1343 1876 ,
1361 1848 1396 1869 ex
1415 1839 1531 1877 quibus
1548 1839 1668 1868 fructus
1693 1842 1723 1868 et
1742 1840 1912 1877 pensiones
1932 1839 2168 1877 percipiuntur,

1160 1893 1280 1932 et,!nisi
1300 1897 1538 1931 repararentur,
1556 1893 1677 1922 fructus
1691 1901 1728 1921 ex
1744 1893 1788 1922 eis
1801 1892 1919 1931 percipi
1937 1900 2000 1921 non
2016 1892 2169 1929 valerent,

1159 1947 1197 1976 de
1220 1946 1345 1976 decima
1372 1946 1561 1985 hujusmodi
1583 1945 1719 1975 minime
1742 1945 1960 1981 deducentur-3
1990 1954 2048 1974 nec
2075 1946 2170 1974 etiam

1159 2000 1215 2030 ille
1236 2010 1298 2038 que
1326 2000 1410 2029 fiunt
1426 2008 1482 2038 pro
1506 1999 1649 2029 custodia
1666 2003 1861 2035 castrorum,
1878 1999 2023 2037 quamvis
2040 1997 2118 2027 fiant
2134 1998 2169 2026 in

1160 2053 1220 2084 hoc
1235 2053 1374 2092 majores
1393 2052 1495 2083 solito.

1199 2108 1336 2145 Insuper
1355 2106 1394 2136 de
1416 2105 1633 2136 oblationibus
1651 2105 1881 2135 minutissimis
1896 2113 1973 2143 quas
1989 2104 2171 2143 percipiunt

1160 2160 1372 2191 ecclesiastice
1405 2168 1541 2198 persone
1566 2158 1690 2188 ratione
1720 2157 1926 2188 ecclesiarum
1958 2166 2086 2187 suarum
2113 2165 2170 2195 pro

1159 2213 1332 2253 sepulturis
1349 2217 1380 2243 et
1398 2212 1513 2242 dandis
1530 2211 1717 2250 penitentiis
1741 2210 1882 2249 predicta
1905 2210 2030 2239 decima
2048 2208 2169 2248 persol-

1158 2271 1261 2297 vetur.

1198 2321 1252 2351 Illi
1265 2329 1395 2359 quoque
1412 2319 1467 2358 qui
1479 2318 1621 2358 deputati
1633 2318 1753 2348 fuerint
1764 2318 1803 2347 ad
1815 2317 2033 2347 collectionem
2046 2316 2168 2346 decime

1159 2383 1232 2405 cum
1258 2374 1305 2404 eis
1334 2373 1390 2413 qui
1415 2372 1538 2403 solvere
1562 2372 1679 2401 debent
1703 2371 1860 2401 decimam
1891 2371 1928 2400 de
1951 2370 2058 2408 aliqua
2084 2374 2168 2400 certa

1159 2437 1287 2459 summa
1300 2426 1451 2457 solvenda
1466 2434 1522 2465 pro
1537 2425 1662 2455 decima
1679 2428 1845 2463 nequeunt
1861 2424 2045 2454 convenire.

1199 2481 1247 2510 De
1271 2479 1427 2510 fructibus
1449 2479 1601 2508 arborum
1621 2481 1650 2507 et
1675 2482 1816 2507 ortorum
1835 2477 1889 2515 qui
1911 2477 2089 2506 vendentur
2104 2475 2166 2505 sol-

1159 2537 1250 2564 vetur
1265 2533 1406 2569 decima,
1433 2531 1472 2561 de
1496 2531 1561 2561 hiis
1586 2535 1693 2560 autem
1718 2530 1772 2569 qui
1798 2533 2026 2559 consumentur
2042 2538 2100 2558 usu
2116 2527 2166 2558 vel

1159 2597 1213 2617 esu
1229 2587 1268 2617 ab
1284 2586 1349 2616 illis
1368 2594 1505 2625 quorum
1523 2589 1598 2614 sunt
1613 2584 1736 2614 decima
1754 2592 1815 2613 non
1835 2583 1984 2612 solvetur.

1199 2639 1356 2670 Similiter
1379 2643 1409 2668 et
1435 2639 1473 2667 de
1498 2637 1654 2667 fructibus
1677 2645 1809 2674 gregum
1833 2644 1886 2665 seu
1910 2634 2118 2670 animalium,
2139 2634 2166 2664 si

1159 2698 1235 2724 sunt
1250 2692 1469 2728 ecclesiarum,
1486 2690 1688 2729 persolvetur
1705 2689 1841 2724 decima,
1859 2687 2002 2717 deductis
2020 2687 2166 2725 expensis

1160 2746 1422 2783 necessariisque
1436 2745 1518 2773 fiunt
1542 2752 1598 2781 pro
1620 2741 1773 2776 custodia,
1793 2741 1818 2770 si
1836 2749 1909 2770 vero
1925 2745 2000 2769 sunt
2016 2748 2166 2778 persona-

1159 2809 1245 2836 rum,
1265 2799 1389 2828 decima
1407 2806 1469 2826 non
1491 2797 1642 2826 solvetur.

1201 2854 1263 2883 Vos
1280 2860 1365 2889 ergo,
1384 2852 1416 2880 in
1434 2850 1496 2879 hiis
1514 2850 1615 2879 solum
1636 2850 1737 2878 Deum
1757 2853 1786 2877 et
1798 2847 1955 2886 justitiam
1978 2855 2013 2876 ac
2031 2846 2165 2885 predicti

1159 2906 1277 2944 negotii
1293 2914 1311 2934 a
1326 2905 1447 2943 prefato
1463 2912 1536 2940 rege
1558 2902 1690 2931 Francie
1707 2901 1843 2939 suscepti
1862 2900 2083 2930 necessitatem
2106 2900 2165 2929 ha-

1158 2961 1269 2990 bentes
1291 2967 1345 2997 pre
1362 2957 1479 2991 oculis,
1503 2965 1539 2985 ex
1557 2954 1709 2994 predictis
1725 2953 1993 2983 declarationibus
2011 2953 2165 2983 informa-

1159 3014 1278 3044 tionem
1301 3010 1465 3050 accipiatis
1482 3010 1516 3039 in
1534 3007 1787 3039 dubitationibus
1806 3006 1995 3046 hujusmodi
2015 3006 2164 3037 deciden-

1159 3067 1218 3097 dis.
1245 3065 1400 3095 Volumus
1425 3071 1551 3102 quoque
1581 3066 1610 3092 et
1638 3061 1834 3101 presentium
1862 3061 1950 3091 vobis
1978 3061 2164 3091 auctoritate
