2342 3652
889 318 1118 373 ontimana
1140 329 1298 370 ANNiiE.
2078 346 2132 377 159

49 412 224 452 petentibus
239 420 294 449 per
311 410 449 440 eundem
468 410 721 449 predecessorem
738 409 913 439 Martinum
929 408 1043 446 hujus-

48 465 132 496 modi
154 469 319 494 tractatum
344 465 409 494 sive
431 464 693 502 compositionem
714 463 800 492 inter
828 470 880 492 eos
901 461 1044 491 habitam

47 518 227 550 confirmari
242 522 272 547 et
289 517 412 546 firmari
428 516 531 546 taliter
555 516 638 555 quod
658 515 755 545 robur
782 519 969 553 perpetuum
993 513 1045 542 ob-

48 572 176 607 tineret,
203 569 289 599 idem
316 569 518 607 predecessor
546 569 603 600 M..
634 567 856 607 responsiones
889 565 1045 604 predictas

48 623 236 658 discutiens,
263 623 337 660 quia
355 621 530 651 nonnullas
555 630 590 650 ex
618 621 664 650 eis
690 619 835 656 invenit,
855 619 912 648 etsi
939 620 1045 647 forsan

44 677 108 718 juri
129 684 293 711 consonas,
317 675 465 714 captiosis
489 680 594 704 tamen
619 673 849 712 adjectionibus
873 672 1043 709 involutas,

47 730 128 769 ipsas
145 729 215 758 tecit
231 729 263 757 in
281 728 416 758 formam
445 728 550 765 redigi
569 727 637 765 juri
659 727 866 762 conformem,
891 731 920 755 et
940 727 1046 764 cujus-

45 782 121 814 libet
137 781 289 820 captionis
306 786 478 819 expertem,
498 785 533 810 ut
549 781 576 810 ei
593 779 792 810 confirmatio
808 778 951 808 adhiberi
972 786 1043 816 pos-

47 840 94 868 set
121 835 240 873 absque
267 834 461 864 conscientie
489 832 648 871 scrupulo,
679 832 706 861 si
738 831 842 861 forsan
875 835 1043 869 peteretur.

47 888 195 927 Reliquas
212 896 284 916 vero
300 887 378 917 adeo
393 887 548 925 comperit
564 885 734 914 defectivas
746 889 775 914 et
791 894 808 914 a
824 885 903 923 juris
921 885 1046 913 tramite

47 941 175 978 alienas,
201 940 286 979 quod
312 940 377 970 illis
404 939 659 969 confirmationis
689 938 880 968 beneficium
910 937 1046 974 adjicere

48 1003 110 1026 non
126 993 258 1029 valebat,
276 993 472 1023 couscientia
489 991 683 1027 reluctante,
705 991 781 1029 quia
798 999 871 1020 vero
887 991 1046 1020 dictorum

45 1041 273 1086 archiepiscopi
288 1050 318 1076 et
331 1046 522 1086 prelatorum
537 1045 672 1075 habebat
686 1044 820 1074 assertio
853 1044 936 1083 quod
953 1054 1047 1082 super

47 1100 110 1135 illis
127 1101 219 1130 etiam
235 1099 389 1135 articulis,
406 1108 500 1137 super
516 1098 643 1137 quibus,
662 1103 696 1127 ut
712 1098 925 1136 premittitur,
945 1098 1048 1127 fuerat

47 1155 195 1186 defective
231 1162 290 1183 nec
329 1153 505 1182 secundum
533 1153 607 1191 jura
641 1158 847 1190 responsum,
879 1151 1049 1189 sperabant

48 1215 232 1246 componere
263 1206 364 1236 taliter
386 1205 469 1244 quod
491 1205 524 1234 in
546 1204 715 1234 utilitatem
742 1204 873 1234 ecclesie
898 1204 1046 1234 habenda

49 1269 140 1300 super
177 1259 244 1289 illis
280 1259 471 1302 compositio·
501 1258 714 1293 redundaret,
749 1257 851 1287 dictus
882 1258 1046 1296 predeces-

48 1321 98 1354 sor
119 1313 161 1343 M.
181 1311 357 1342 venerabili
386 1312 475 1340 fratri
504 1315 611 1341 nostro
642 1333 662 1340 ..
691 1311 836 1349 episcopo
855 1311 1046 1349 Legionensi

48 1370 78 1397 et
91 1365 212 1396 dilectis
229 1365 306 1394 filiis
323 1387 343 1394 ..
361 1365 480 1394 decano
495 1370 524 1394 et
543 1387 561 1393 ..
583 1364 807 1394 archidiacono
831 1364 869 1394 de
890 1365 1046 1395 Ledesma

50 1419 274 1451 salamantinis
290 1427 402 1448 omnes
420 1418 576 1457 predictos
592 1417 742 1447 articulos
757 1422 787 1447 et
801 1419 1044 1456 responsiones,

49 1477 189 1511 utsupra
203 1471 402 1510 exprimitur,
424 1472 610 1501 reformatas
626 1471 685 1500 sub
702 1470 788 1501 bulla
804 1480 860 1500 sua
869 1471 1044 1509 destinans,

50 1525 96 1556 eis
110 1525 192 1554 inter
211 1529 312 1554 cetera
336 1533 391 1562 per
411 1533 483 1554 suas
505 1524 667 1554 commisit
688 1524 809 1554 litteras
830 1529 860 1554 et
884 1525 1048 1554 mandavit

53 1582 85 1609 ut
100 1579 160 1618 ipsi
175 1578 224 1608 vel
241 1578 303 1608 duo
319 1587 356 1608 ex
375 1578 419 1608 eis
439 1578 537 1608 dictos
552 1578 718 1613 articulos,
740 1588 835 1617 super
850 1579 965 1617 quibus
982 1588 1048 1608 res-

51 1633 216 1672 ponsiones
237 1632 423 1662 reformatas
449 1633 545 1662 fuisse
571 1621 753 1671 predicitur,
780 1641 904 1663 necnon
930 1639 960 1663 et
981 1643 1048 1663 res-

51 1685 218 1726 ponsiones
232 1686 316 1724 ipsas
332 1686 470 1724 sepefato
482 1686 549 1724 regi
562 1686 717 1724 Dyonisio
730 1686 929 1723 exhibentes,
944 1688 1049 1725 ipsum

51 1737 216 1777 diligenter
231 1743 400 1768 monerent
416 1743 446 1768 et
463 1739 637 1769 efficaciter
651 1739 730 1768 indu
738 1744 843 1769 :erent
865 1744 899 1769 ut
919 1749 1049 1778 respon-

52 1791 153 1822 siones
167 1791 292 1822 easdem
306 1791 340 1821 in
352 1792 494 1830 generali
509 1801 566 1822 sua
579 1792 681 1829 curia,
700 1793 738 1822 <le
752 1793 910 1822 consensu
928 1798 956 1822 et
973 1802 1049 1823 con-

51 1843 122 1877 silio
134 1844 234 1884 ipsius
246 1845 333 1874 curie
345 1832 542 1884 suortimque
550 1845 824 1882 consiliariorum,
838 1855 944 1876 coram
957 1846 1050 1876 dictis

0 1911 1 1915 =
40 1891 281 1937 'archiepiscopo
298 1902 328 1928 et
342 1898 470 1937 prelatis
487 1907 566 1937 quos
584 1904 657 1929 tunc
674 1899 708 1928 iu
725 1899 836 1929 eodem
859 1909 958 1938 regno
978 1909 1050 1939 pre-

50 1954 152 1981 sentes
170 1960 238 1981 esse
259 1952 468 1990 contingeret,
492 1947 680 1991 acceptaret,
701 1953 746 1982 ita
769 1953 854 1991 quod
873 1953 963 1983 lectis
989 1954 1050 1983 sibi

51 2003 183 2043 singulis
197 2005 340 2035 articulis
357 2010 386 2035 et
401 2005 512 2044 plene,
532 2006 623 2045 plane
638 2015 674 2036 ac
692 2006 863 2045 diligenter
879 2008 1029 2046 expositis
1043 2031 1049 2044 ,

51 2057 250 2097 responderet
263 2059 342 2098 ipsis
358 2059 595 2098 archiepiscopo
611 2064 641 2090 et
656 2060 797 2099 prelatis,
815 2066 906 2099 prout
921 2070 1050 2091 earum-

51 2109 122 2146 dem
136 2111 379 2150 responsionum
392 2113 490 2142 series
508 2113 716 2152 exprimebat,
732 2114 917 2153 eisdemque
931 2115 1052 2144 archie-

0 2200 4 2211 ,
51 2163 174 2203 piscopo
190 2169 220 2194 et
233 2165 362 2204 prelatis
384 2170 527 2205 patentes
544 2167 676 2204 litteras,
697 2176 753 2198 sno
770 2168 926 2207 pendenti
944 2168 1051 2206 sigillo

0 2236 3 2242 ι
51 2217 198 2254 munitas,
215 2227 309 2257 super
323 2219 470 2257 ipsarum
488 2221 736 2259 responsionum
753 2222 997 2251 confirmatione
1012 2222 1052 2252 ab

53 2269 160 2300 eadem
183 2270 256 2301 sede
273 2272 407 2310 petenda
436 2273 623 2303 concederet
643 2273 678 2303 in
700 2274 768 2304 forn
785 2284 801 2303 a
830 2283 927 2313 quam
948 2275 1051 2306 dictus

0 2343 1 2346 η
50 2321 251 2360 predecessor
274 2324 319 2354 M.
345 2325 404 2355 sub
431 2326 540 2356 eadem
561 2326 649 2356 bulla
681 2327 853 2357 destinavit
872 2328 1049 2366 inclusam,

53 2375 195 2414 quodque
222 2385 316 2416 super
344 2377 416 2407 aliis
447 2378 592 2408 articulis
620 2379 658 2409 ad
683 2389 774 2419 quOS,
805 2385 839 2410 ut
865 2381 1050 2420 predicitur,

0 2432 2 2443 '
51 2425 152 2460 ,fuerat
172 2428 324 2459 defective
346 2439 406 2460 nec
429 2432 607 2462 secundum
623 2434 699 2471 jura
718 2442 926 2473 responsum,
948 2434 1052 2464 taliter

53 2479 135 2511 idem
156 2491 210 2512 rex
234 2483 412 2522 Dyonisius
435 2490 638 2524 componeret
659 2496 732 2516 cum
757 2488 905 2526 predictis
927 2489 1051 2518 archie-

53 2533 176 2572 piscopo
198 2539 228 2564 et
251 2535 381 2574 prelatis
411 2538 496 2576 quod
519 2538 553 2567 in
580 2547 690 2569 eorum
717 2540 887 2570 utilitatem
924 2546 1053 2571 tractata

53 2585 136 2616 inter
151 2596 204 2618 eos
217 2589 404 2627 compositio
417 2590 621 2629 redundaret,
637 2597 784 2632 statuque
793 2595 885 2632 regni
894 2595 1051 2633 ejusdem,

53 2636 186 2678 aliisque
212 2641 353 2679 pensatis
375 2642 637 2682 circumstantiis,
658 2646 768 2676 eadem
791 2648 975 2686 compositio
1004 2648 1053 2677 vel

53 2690 91 2721 ad
107 2691 289 2723 habendum
305 2695 477 2733 apostolice
492 2698 747 2729 confirmationis
762 2700 861 2730 robur
879 2709 945 2731 non
967 2701 1053 2731 indi-

53 2751 114 2782 gne
127 2751 230 2784 posset
243 2747 383 2784 admitti,
399 2748 450 2778 vel
467 2749 579 2780 saltem
594 2752 713 2791 absque
728 2762 871 2784 remorsu
888 2755 1053 2785 conscien-

54 2795 96 2827 tie
123 2797 259 2830 tolerari.
288 2799 437 2831 Ceterum
468 2803 595 2841 prefatis
627 2805 746 2836 decano
773 2811 804 2836 et
830 2808 1055 2838 archidiacono

54 2851 295 2888 procedentibus
311 2853 345 2882 in
362 2842 526 2892 premissis
538 2856 630 2895 juxta
646 2859 795 2890 traditam
819 2861 879 2891 sibi
898 2861 1033 2891 formam
1046 2885 1053 2898 ,

55 2908 228 2934 memorato
243 2906 387 2945 episcopo
403 2913 549 2938 excusato
564 2909 716 2949 legitime,
736 2913 893 2951 sepefatus
907 2923 961 2943 rex
971 2914 1056 2953 Dyo-

59 2955 176 2999 nisius,
192 2966 337 2988 asserens
356 2960 391 2988 in
407 2960 570 2999 aliquibus
590 2971 626 2992 ex
651 2964 800 3002 predictis
813 2965 956 2996 articulis
978 2967 1055 3005 ipsis

59 3006 175 3039 decano
193 3014 223 3040 et
239 3011 474 3050 archidiacono,
494 3018 528 3044 ut
543 3015 726 3054 predicitur,
742 3017 922 3056 destinatis,
939 3028 974 3049 ac
994 3019 1057 3049 sibi

1125 407 1217 445 juxta
1240 410 1383 436 tenorem
1405 407 1547 438 mandati
1566 408 1728 447 apostolici
1747 408 1896 439 exhibitis
1918 419 1973 448 per
1993 411 2132 449 eosdem,

1127 459 1357 503 et'specialiter
1371 461 1406 489 in
1423 461 1639 499 predictarum
1661 470 1816 500 penarum
1839 463 2134 502 sententiarumque

1127 511 1264 548 duritia,
1287 512 1531 544 intolerabiliter
1551 523 1583 544 se
1606 514 1741 552 gravari,
1768 514 1883 544 dilecto
1902 514 1968 545 filio
1995 516 2134 547 Martino

1127 565 1226 601 Petri,
1240 565 1407 595 Elborensi
1422 571 1560 603 cantore,
1573 568 1773 606 etquondam
1785 567 1946 606 Stephano
1958 569 2133 607 Laurentii,

1127 617 1250 648 clericis
1269 620 1345 655 suis,
1362 620 1401 648 ad
1417 621 1524 650 sedem
1540 621 1754 659 apostolicam,
1765 622 1816 660 pie
1833 623 1986 652 memorie
1998 623 2134 653 Honorii

1129 681 1205 710 pape
1227 672 1304 707 litt,
1321 673 1551 710 predecessoris
1565 674 1675 710 nostri,
1688 674 2025 712 tempore,destinatis,
2040 685 2136 714 super

1128 724 1314 763 hujusmodi
1333 726 1572 762 gravaminibus
1595 726 1694 765 ipsius
1717 727 1802 756 sedis
1824 728 2058 765 providentiam
2073 729 2134 758 im-

1129 777 1274 816 ploravit,
1291 778 1440 817 idemque
1457 779 1657 817 predecessor
1674 780 1889 810 venerabilem
1911 782 2038 811 tratrem
2062 790 2134 811 nos-

1130 835 1214 860 trum
1230 831 1278 866 L.,
1298 831 1478 860 Ostiensem
1497 832 1691 870 episcopum,
1709 836 1738 862 et
1757 833 1837 863 bone
1854 835 2005 863 memorie
2021 834 2136 865 Gerva-

1129 885 1226 919 sium,
1256 884 1341 913 tituli
1369 884 1400 914 S.
1430 885 1562 914 Martini
1590 885 1623 914 in
1654 886 1817 915 Montibus
1843 888 2076 925 presbyterum,
2100 897 2136 918 ac

1133 937 1284 966 dilectum
1315 937 1418 966 filium
1447 944 1592 967 nostrum
1622 939 1830 968 Benedictum
1849 963 1855 974 ,
1888 940 1919 969 S.
1949 940 2074 970 Nicolai
2102 943 2137 970 in

1131 989 1264 1020 Carcere
1280 990 1426 1020 Tulliano
1443 990 1613 1031 diaconum
1629 991 1827 1028 cardinales,
1844 992 1882 1021 ad
1900 993 2136 1023 discutiendum

1132 1048 1162 1072 et
1182 1043 1389 1081 dirigendum
1409 1043 1595 1082 hujusmodi
1618 1045 1781 1082 negotium
1807 1045 1979 1084 deputavit.
1999 1047 2046 1081 Et,
2066 1046 2139 1076 licet

1131 1096 1233 1135 ipsius
1278 1096 1510 1135 predecessoris
1538 1097 1580 1128 H.
1616 1102 1755 1135 tempore
1788 1099 1883 1127 fuerit
1911 1108 1964 1137 per
1992 1099 2138 1129 cardina-

1132 1149 1178 1179 les
1194 1149 1321 1179 eosdem
1340 1149 1511 1187 diligenter
1528 1155 1558 1180 et
1579 1150 1750 1180 efficaciter
1769 1151 1804 1180 in
1820 1152 1900 1181 facta
1920 1152 1966 1182 eis
1987 1153 2138 1182 commis-

1134 1203 1222 1232 sione
1252 1212 1454 1241 processum,
1484 1204 1552 1242 ipso
1581 1208 1687 1233 tamen
1714 1205 1935 1242 predecessore
1969 1206 2007 1235 H.
2039 1211 2139 1236 morte

1135 1261 1297 1294 prevento,
1325 1257 1411 1286 idem
1441 1258 1607 1295 negotium
1635 1266 1699 1287 non
1730 1259 1829 1297 potuit
1858 1259 2008 1297 expediri.
2038 1259 2139 1289 Nobis

1135 1318 1219 1345 vero,
1237 1314 1328 1348 prout
1344 1310 1499 1339 concessit
1513 1310 1703 1348 altissimus,
1722 1312 1761 1340 ad
1775 1312 1897 1350 apicem
1915 1313 2033 1342 summi
2050 1321 2139 1351 apos-

1135 1363 1249 1393 tolatus
1271 1365 1453 1402 assumptis,
1481 1370 1674 1394 memoratus
1703 1369 1814 1394 cantor
1840 1371 1869 1394 et
1893 1365 2028 1395 dilectus
2052 1366 2139 1395 iliius

1134 1416 1300 1446 <Iohannes
1310 1417 1452 1451 Martini,
1461 1417 1896 1454 canonicusColinz'nriensis,
1906 1420 1931 1456 ej
1940 1419 2048 1447 usdfni
2056 1419 2140 1456 regis

1137 1471 1285 1508 Dyonisii
1302 1470 1410 1499 nuntii
1427 1475 1457 1499 et
1471 1477 1701 1508 procuratores,
1719 1472 1757 1500 ad
1773 1472 2030 1509 componendum
2047 1481 2140 1510 super

1134 1523 1299 1562 premissis
1315 1523 1477 1552 sufficiens
1492 1524 1610 1562 abipso
1626 1524 1812 1553 mandatum
1822 1525 1988 1559 habentes,
1999 1531 2139 1554 nostram

1135 1576 1341 1615 presentiam,
1368 1576 1522 1615 premisse
1556 1577 1788 1615 implorationis
1817 1578 2002 1607 instantiam
2034 1586 2138 1615 prose-

1135 1634 1281 1668 quentes,
1290 1629 1475 1668 [adierunt].
1487 1630 1553 1660 Nos
1562 1635 1681 1666 autem,
1695 1630 1943 1660 sollicitudinem
1953 1631 2140 1660 directionis

1136 1683 1280 1721 ejusdem
1305 1683 1423 1720 negotii
1451 1683 1635 1712 memoratis
1660 1683 1799 1712 Ostiensi
1821 1685 1964 1721 episcopo
1987 1687 2016 1712 et
2039 1683 2138 1713 Beue-

1135 1736 1217 1765 dicto
1233 1735 1450 1765 cardinalibus
1469 1735 1574 1765 denuo
1590 1737 1836 1772 committentes,
1853 1737 1967 1766 dilecto
1984 1736 2049 1766 filio
2066 1745 2139 1766 nos-

1135 1794 1181 1819 tro
1196 1790 1301 1826 Petro,
1316 1789 1401 1819 tituli
1418 1789 1525 1819 Sancti
1536 1789 1634 1819 Marci
1647 1790 1831 1828 presbytero
1844 1790 2010 1826 cardinali,
2024 1790 2141 1828 pretato

1134 1842 1326 1872 Gervasioin
1338 1843 1450 1872 eadem
1461 1842 1664 1872 solicitudine
1674 1843 1856 1881 subrogato,
1869 1843 1947 1873 utad
1957 1843 2140 1872 animarum

1134 1896 1264 1926 vitanda
1279 1895 1434 1934 pericula,
1458 1905 1519 1934 que
1540 1896 1574 1925 in
1597 1896 1708 1926 eodem
1731 1905 1830 1934 regno
1852 1901 1990 1934 pretacta
2010 1896 2143 1934 ingessit

1133 1949 1288 1979 hactenus
1313 1954 1343 1978 et
1362 1949 1466 1979 adhuc
1493 1949 1613 1987 ingerit
1634 1950 1810 1979 inveterata
1832 1950 2008 1984 dissensio,
2040 1953 2142 1988 posset

1133 2003 1218 2032 idem
1250 2003 1415 2040 negotium
1450 2002 1585 2032 celerius
1617 2003 1770 2041 expediri,
1800 2002 1999 2032 venerabiles
2028 2003 2141 2031 [ratres

1136 2061 1261 2085 nostros
1281 2079 1300 2085 ..
1318 2056 1573 2086 Bracharensem
1589 2056 1862 2095 archiepiscopum
1881 2061 1910 2085 et
1926 2056 2141 2086 Colimbrien-

1134 2118 1212 2146 sem,
1238 2109 1419 2139 Silvensem
1439 2114 1469 2138 et
1488 2110 1717 2139 Lamecensem
1735 2110 1906 2148 episcopos,
1925 2114 2089 2147 presentes
2106 2109 2141 2138 in

1133 2171 1268 2192 romana
1283 2163 1382 2199 curia,
1399 2166 1429 2192 et
1447 2172 1541 2192 suum
1557 2172 1593 2192 ac
1609 2172 1740 2193 suarum
1758 2163 1966 2193 ecclesiarum
1983 2163 2139 2192 interesse

1117 2217 1167 2246 ·in
1190 2216 1300 2246 eodem
1324 2216 1466 2254 negotio,
1497 2216 1579 2246 sicut
1594 2216 1633 2246 ad
1652 2225 1703 2246 eos
1720 2217 1873 2255 pertinet,
1895 2221 2140 2254 prosequentes,

1133 2271 1172 2301 ad
1189 2272 1445 2310 prosecutionem
1461 2272 1561 2310 ipsius
1579 2271 1718 2310 negotii,
1740 2272 1836 2301 etiam
1853 2272 1990 2301 aliorum
2007 2270 2141 2309 prelato-

1133 2319 1207 2353 runi
1223 2333 1259 2354 ac
1275 2324 1422 2354 omnium
1439 2325 1649 2354 ecclesiarum
1665 2324 2017 2362 ecclesiasticarumque
2034 2333 2138 2362 perso-

1134 2385 1251 2407 narum
1281 2378 1358 2407 dicti
1388 2379 1479 2416 regni
1509 2379 1653 2415 nomine,
1683 2378 1721 2407 de
1752 2379 1915 2416 potestatis
1943 2377 2142 2416 plenitudine

1133 2431 1284 2461 duximus
1313 2431 1524 2470 deputandos,
1553 2431 1648 2469 plena
1675 2432 1720 2460 eis
1748 2436 1777 2461 et
1803 2431 1903 2460 libera
1931 2429 2142 2469 componendi

1134 2493 1207 2514 cum
1235 2484 1319 2514 dicto
1342 2493 1416 2522 rege
1439 2493 1493 2514 seu
1518 2484 1618 2523 ipsius
1640 2483 1898 2522 procuratoribus
1921 2485 1988 2521 ejus
2012 2482 2142 2512 nomine

1134 2546 1229 2576 super
1255 2537 1348 2567 dictis
1375 2537 1520 2566 articulis
1553 2536 1732 2575 specialiter
1762 2541 1792 2565 et
1821 2545 1966 2574 expresse
1995 2534 2141 2564 facultate

1134 2599 1293 2622 concessa.
1312 2590 1440 2620 Eisdem
1457 2590 1566 2629 itaque
1581 2589 1835 2630 archiepiscopo,
1854 2589 2006 2627 episcopis
2026 2593 2055 2617 et
2070 2595 2141 2626 pro-

1134 2643 1334 2675 curatoribus
1356 2652 1450 2682 super
1478 2642 1723 2682 quampluribus
1751 2652 1787 2672 ex
1816 2641 1965 2680 predictis
1985 2640 2139 2678 articulis,

1134 2705 1260 2727 necnon
1274 2701 1304 2726 et
1317 2705 1410 2734 super
1426 2696 1545 2725 eisdem
1559 2696 1649 2734 penis
1664 2701 1693 2725 et
1708 2696 1876 2725 sententiis
1890 2704 1944 2733 per
1957 2694 2141 2724 eorumdem

1135 2748 1360 2785 cardinalium,
1378 2748 1493 2785 quibus
1508 2748 1540 2777 id
1559 2748 1781 2778 commisimus
1793 2771 1800 2783 ,
1819 2747 2019 2785 diligentiam
2032 2769 2041 2782 ,
2074 2751 2143 2785 post

1139 2807 1284 2834 tractatus
1301 2802 1416 2839 varios,
1433 2801 1473 2831 ad
1490 2801 1692 2831 concordiam
1705 2801 1869 2838 revocatis,
1887 2802 2033 2839 factaque
2049 2800 2142 2830 nobis

1136 2865 1191 2895 per
1223 2855 1351 2885 eosdem
1381 2854 1559 2884 cardinales
1590 2854 1628 2884 de
1660 2854 1824 2892 premissis
1854 2853 2008 2883 relatione
2039 2852 2138 2889 fideli,

1137 2910 1266 2939 demum
1285 2908 1356 2938 talis
1371 2908 1455 2937 inter
1467 2912 1571 2946 partes
1584 2907 1711 2937 easdem
1726 2916 1783 2945 pax
1800 2912 1831 2937 et
1846 2907 2031 2946 compositio
2045 2907 2143 2936 inter-

1138 2963 1235 2992 venit.
1255 2960 1411 2990 Predictis
1427 2960 1586 2999 siquidem
1602 2960 1839 2999 archiepiscopo
1859 2964 1888 2990 et
1906 2960 2069 2999 episcopis,
2087 2967 2142 2998 pro

1139 3025 1172 3046 se
1181 3024 1217 3046 ac
1240 3014 1305 3044 illis
1330 3022 1386 3053 pro
1403 3014 1520 3053 quibus
1535 3013 1575 3043 ad
1591 3014 1823 3053 pacificandum
1840 3019 1871 3044 et
1885 3013 2142 3053 componendum
