2342 3652
930 367 1163 406 TacislnMn
1184 368 1339 408 ANNEE.
2118 387 2175 417 445

85 440 160 476 juris
172 439 227 466 sibi
249 447 284 466 ex
304 439 441 466 electione
464 448 517 466 sua
532 439 566 466 ad
587 439 801 467 Lausanensem
822 441 1020 476 episcopatum
1043 450 1091 468 ac-

88 488 193 524 quisiti.
210 487 292 523 (REG-
309 488 353 521 45,
370 496 395 515 c.
415 487 475 520 159,
490 487 510 514 f.
527 487 558 514 27
574 495 617 519 r⁰·,
635 488 701 515 Lar.
719 497 754 515 οῦ
768 488 867 519 Tnssin,
884 489 934 518 ΙΙΙ,
955 490 1023 522 119.)

126 592 425 630 Aymoni,preposito
436 592 554 620 ecclesie
563 592 773 622 Lausanensis.
787 604 799 618 α
818 592 1028 629 Exigentibus
1040 597 1091 622 tue

87 645 262 675 devotionis
277 645 413 680 meritis,
430 644 511 674 votis
529 644 594 673 tuis
613 644 750 673 libenter
766 645 940 674 annuimus
963 650 993 675 et
1011 646 1090 684 peti·

88 698 187 728 tiones
203 701 290 733 tuas,
308 701 464 735 quantum
482 705 555 727 cum
580 697 647 727 Deo
666 706 852 735 possumus,
876 698 1092 728 favorabiliter

88 751 283 782 exaudimus.
304 751 344 779 Ex
352 750 452 780 hibita
468 750 628 789 siquidem
644 751 737 780 nobis
750 755 803 780 tua
823 751 929 789 petitio
946 760 1003 781 con
1011 752 1090 781 tine-

88 805 140 835 bat
170 803 253 842 quod
281 803 422 839 dudum,
454 803 587 833 ecclesia
617 803 801 834 Sedunensi
829 803 941 834 ultimo
967 807 1091 842 pastore

87 861 233 894 vacante,
259 861 290 886 tu
312 865 330 885 a
351 857 464 895 majori
480 860 511 886 et
528 857 647 886 saniori
666 861 752 896 parte
770 857 900 896 capituli
920 857 1022 896 ipsius
1041 866 1090 887 ec-

85 910 179 941 clesie
195 909 311 940 electus
332 909 422 939 fuisti
443 910 478 939 in
498 911 682 949 episcopum
709 909 943 941 Sedunensem.
969 911 1090 940 Verum

87 964 175 1002 quia,
192 962 384 1001 quibusdam
411 963 512 1001 ipsius
537 963 670 993 ecclesie
695 964 858 994 canonicis
885 973 916 993 se
944 963 1091 993 electioni

89 1015 275 1055 hujusmodi
293 1016 528 1054 opponentibus
550 1020 581 1045 et
606 1017 731 1053 negotio
755 1016 918 1046 electionis
934 1017 1033 1055 ipsius
1051 1016 1091 1046 ad

87 1077 218 1100 examen
235 1068 319 1098 sedis
345 1069 515 1107 apostolice
539 1069 701 1106 devoluto,
726 1073 776 1104 tu,
798 1073 962 1108 postquam
981 1071 1015 1099 in
1037 1080 1091 1099 ne-

86 1123 168 1161 gotio
190 1122 257 1160 ipso
282 1121 473 1160 aliquandiu
503 1131 685 1160 processum
712 1123 817 1152 extitit
848 1132 952 1153 coram
978 1124 1088 1159 nobis,

86 1175 187 1206 eidem
207 1174 358 1212 ecclesie,
380 1184 420 1205 ne
436 1175 557 1205 diutius
576 1175 741 1205 viduitatis
756 1177 925 1206 incomoda
946 1177 1091 1216 deplora-

85 1233 146 1266 ret,
166 1228 219 1267 pio
234 1228 432 1267 compatiens
447 1229 560 1259 affectu
576 1252 583 1265 ,
606 1229 783 1259 amicorum
804 1230 917 1260 ductus
939 1230 1089 1266 consilio,

82 1282 134 1322 jus
151 1281 235 1320 quod
251 1281 309 1311 tibi
329 1291 365 1311 ex
383 1281 537 1312 electione
556 1282 741 1321 hujusmodi
765 1284 961 1322 competebat
981 1287 1090 1322 sponte

84 1344 120 1366 ac
139 1335 236 1365 libere
260 1335 294 1364 in
323 1336 438 1365 nostris
463 1336 613 1365 manibus
639 1337 829 1374 resignasti,
857 1342 981 1376 propter
1006 1337 1091 1375 quod

85 1389 145 1419 fuit
159 1397 176 1417 a
192 1389 282 1418 nobis
299 1397 335 1418 ex
356 1393 442 1427 parte
460 1393 512 1418 tua
531 1389 699 1419 humiliter
715 1390 907 1427 postulatum
925 1395 958 1419 ut
971 1413 978 1426 ,
998 1400 1037 1419 ne
1054 1400 1090 1420 ex

85 1442 146 1473 hoc
159 1441 262 1480 aliqui
277 1441 376 1471 emuli
396 1442 439 1471 tui
458 1442 513 1472 tibi
529 1442 654 1481 aliquid
670 1443 877 1472 detractionis
893 1443 1089 1482 impingant,

87 1494 247 1534 providere
263 1495 297 1524 in
318 1495 376 1524 hac
397 1500 484 1533 parte
507 1496 590 1524 fame
610 1500 660 1524 tue
677 1496 924 1525 misericorditer
939 1496 1090 1534 dignare-

86 1556 169 1577 mur.
193 1547 258 1577 Nos
274 1548 380 1585 itaque
392 1569 400 1582 ‚
421 1548 484 1577 tuis
502 1547 789 1586 supplicationibus
805 1549 968 1585 inclinati,
987 1554 1020 1578 ut
1035 1558 1090 1587 per

41 1592 46 1596 ”
85 1601 144 1631 hoc
166 1600 291 1631 nullum
311 1601 367 1630 tibi
385 1602 482 1639 possit
506 1601 775 1640 impedimentum
795 1603 901 1631 afferri
919 1602 967 1631 vel
984 1603 1089 1632 obsta-

85 1654 193 1684 culum
206 1655 371 1693 interponi
386 1654 466 1693 quin
486 1654 586 1684 libere
607 1656 707 1693 possis
724 1655 797 1692 eligi
819 1656 898 1685 sicut
915 1656 1003 1694 prius
1019 1665 1091 1686 auc-

86 1708 208 1738 toritate
234 1709 431 1746 presentium
457 1708 669 1738 declaramus.
691 1708 779 1738 Nulli
800 1718 874 1746 ergo
891 1714 964 1745 etc,
984 1714 1090 1739 nostre

83 1761 305 1791 declarationis
336 1765 394 1791 etc.
422 1761 494 1792 Dat.
522 1762 642 1798 Rome,
667 1762 751 1801 apud
774 1762 922 1795 Sanctam
954 1763 1089 1792 Mariam

83 1814 249 1853 Maj0rem,
266 1815 360 1844 nonis
376 1815 465 1851 maii,
482 1823 568 1844 anno
585 1815 685 1845 tertio.
705 1826 719 1841 »

153 2001 271 2031 2685

117 2062 300 2098 Dispensatio
323 2063 506 2090 matrimonii.
526 2063 608 2096 (Res.
627 2063 674 2096 45,
691 2063 799 2099 04160,
817 2064 835 2090 f.
853 2063 884 2090 ⁶27
906 2070 947 2096 νος
969 2064 1036 2091 Lar.
1053 2073 1088 2090 nc

81 2111 178 2143 Tuam,
194 2111 246 2144 111,
265 2112 337 2145 120.)

451 2000 815 2036 Sainte-Marie-MaJeure‚
834 2002 847 2027 7
865 2001 919 2027 mai
939 2001 1014 2028 1290.

127 2214 290 2245 Venerabili
311 2216 406 2251 fratri

83 2272 238 2307 quatenus
261 2277 334 2298 cum
359 2268 462 2298 nobili
485 2268 552 2298 viro
578 2267 756 2298 Guillelmo
778 2269 816 2299 de
833 2269 985 2300 Saissello
1004 2270 1088 2300 dicto

83 2320 122 2351 de
135 2322 236 2362 Aquis
257 2326 286 2351 et
309 2321 410 2351 nobili
435 2321 570 2351 muliere
594 2322 744 2360 Philippa
760 2322 881 2352 Odonis
900 2322 1086 2359 Alamanni,

82 2383 157 2404 suae
185 2375 350 2412 dioecesis,
381 2375 545 2413 dispenset
571 2379 620 2411 ut,
647 2375 687 2405 ad
717 2376 872 2406 sedandas
900 2376 1087 2406 inimicitias

83 2426 165 2457 inter
175 2429 393 2467 progenitores
403 2437 488 2466 suOS,
500 2429 744 2459 matrimonium
755 2430 942 2460 contrahere
954 2430 1086 2468 possint,

83 2479 155 2511 licet
185 2482 348 2521 quondam
385 2482 569 2519 Amadeus,
606 2491 684 2512 uxor
722 2483 865 2521 ejusdem
898 2482 1085 2522 Philippae,

82 2539 194 2573 quarto
209 2535 501 2573 consanguinitatis
517 2536 617 2573 gradu
635 2535 808 2566 Guillelmo
827 2537 986 2566 attineret.

123 2599 137 2615 α
155 2587 358 2626 Significavit
371 2589 463 2618 nobis
481 2589 653 2621 dilectus...
670 2606 710 2612 —
724 2591 795 2621 Dat.
815 2595 848 2620 ut
866 2599 972 2629 supra.
992 2603 1005 2617 n

117 2835 302 2872 Dispensatio
319 2838 502 2864 matrimonii.
521 2838 604 2871 (Rae.
622 2839 664 2870 45,
682 2847 707 2865 c.
727 2839 785 2870 161,
804 2839 822 2865 f.
840 2838 872 2864 ‘27
890 2840 935 2871 ru.)

451 2775 815 2811 Sainte-Marie-Majeure,
834 2778 848 2803 5
864 2776 920 2802 mai
938 2775 1015 2803 1290.

122 2937 231 2967 Dilecto
246 2938 311 2975 filio
328 2940 422 2968 nobili
438 2941 505 2968 viro
520 2939 669 2976 Conrado,
686 2940 756 2969 duci
771 2939 806 2969 de
823 2941 919 2976 Teclfe,
936 2949 970 2969 ac
985 2941 1087 2970 dilecte

83 2991 117 3020 in
140 2990 259 3021 Christo
285 2993 348 3029 filie
370 2993 466 3022 nobili
491 2994 617 3022 mulieri
639 2994 811 3029 Adelheids,
840 2999 907 3022 nale
933 2994 1087 3030 quondam

84 3043 225 3081 Raurici,
242 3044 301 3082 filii
322 3046 434 3074 nobilis
456 3047 520 3075 viri
543 3046 686 3082 Henrici,
710 3046 897 3074 marchionis
916 3047 951 3075 de
968 3046 1085 3084 Buryo,

432 2238 451 2244 ..
469 2217 601 2253 episcopo
619 2215 902 2253 Gratianopolitano
918 2216 1088 2245 committit
1120 2229 1123 2231 ·

1172 444 1367 479 Auqustensis
1382 446 1515 476 diocesis,
1534 447 1615 477 Cum
1632 448 1688 484 eis,
1706 449 1744 478 ad
1761 449 1799 479 R.
1816 474 1821 486 ,
1842 451 1924 488 regis
1940 451 2172 490 Romanorum,

1172 495 1439 534 supplicationes,
1465 499 1627 538 dispensat
1647 504 1690 537 ut,
1709 502 1749 531 ad
1768 503 1923 533 sedandas
1943 513 2074 542 guerras
2091 506 2175 536 inter

1172 549 1347 586 praedictos
1376 551 1559 583 Conradum
1593 559 1623 583 et
1654 555 1830 586 Heni-icum
1845 580 1852 593 ‚
1885 558 2104 588 marchionem
2137 559 2175 589 de

1174 601 1292 639 Burgo,
1313 605 1554 635 matrimonium
1568 608 1755 638 contrahere
1771 609 1908 645 valeant,
1923 610 1997 640 licet
2012 612 2175 649 quondam

1173 654 1247 689 Uta,
1267 665 1345 686 uxor
1361 658 1511 695 praedicti
1529 659 1676 693 Conradi.
1696 663 1854 700 praefatae
1872 663 2045 694 Adelheidi
2063 669 2176 703 quarta

1173 710 1464 746 consanguinitatis
1481 711 1566 741 linea
1581 715 1739 743 attineret.

1215 772 1228 785 ιι
1246 760 1326 790 Cum
1343 771 1488 793 summus
1508 766 1683 802 pontifex...
1700 783 1740 789 —
1756 768 1825 797 Dat.
1845 769 1955 806 Rome,
1977 770 2059 808 apud
2076 770 2175 800 Sanc-

1174 818 1238 842 tam
1255 814 1391 844 Mariam
1409 817 1572 855 Majorem,
1592 828 1624 847 111
1642 828 1741 849 nonas
1757 822 1846 857 maii,
1865 830 1950 851 anno
1967 824 2067 853 tertio.
2088 835 2100 850 1,

1245 959 1360 988 2837

1208 1020 1448 1056 Dispensationes
1464 1025 1646 1051 rnatritnonii.
1665 1025 1746 1060 (Rno.
1764 1027 1805 1057 45,
1824 1035 1848 1053 c.
1868 1028 1927 1058 162,
1944 1029 1962 1054 i.
1978 1029 2010 1055 27
2028 1032 2077 1060 vo.)

1550 962 1905 999 Sainte-ltlarie-Majeure,
1924 967 1938 991 7
1955 968 2010 993 mai
2027 967 2102 993 1290.

1217 1147 1236 1154 ..
1254 1124 1385 1162 episcopo
1404 1126 1628 1163 Famaqustano
1652 1128 1823 1158 committit
1842 1133 1998 1166 quatenus
2019 1138 2090 1159 cum
2114 1140 2177 1160 una

1173 1186 1210 1207 ex
1227 1178 1389 1207 sororibus
1406 1179 1556 1215 Heni-ici,
1583 1180 1666 1218 regis
1682 1180 1789 1219 Cipri,
1809 1186 1839 1211 et
1854 1182 1920 1212 filio
1936 1182 2038 1212 clarae
2055 1193 2176 1213 memo-

1173 1231 1239 1261 riae
1256 1232 1387 1269 Leonis,
1406 1234 1488 1270 regis
1506 1234 1700 1271 Armeniae,
1727 1243 1853 1265 necnon
1877 1245 1949 1266 curn
1972 1246 2036 1266 uno
2061 1247 2076 1267 e
2102 1238 2177 1267 filiis

1172 1284 1276 1314 clarae
1293 1286 1466 1315 memoriae
1478 1286 1638 1323 Hugonis,
1658 1288 1739 1325 regis
1756 1287 1855 1327 Cipi-i,
1873 1293 1902 1318 et
1918 1298 1982 1319 una
1998 1299 2033 1319 ex
2052 1290 2178 1320 filiabus

1173 1337 1333 1375 praedicte
1349 1338 1433 1375 regis
1456 1339 1648 1376 Armeniae,
1669 1349 1730 1369 non
1753 1341 1896 1371 obstante
1911 1347 2023 1380 quarto
2039 1351 2177 1372 consan-

1172 1391 1339 1428 guinitatis
1354 1392 1453 1428 gradu
1470 1401 1532 1431 quo
1549 1392 1729 1422 adinvicem
1749 1403 1780 1422 se
1796 1395 1996 1432 contingunt,
2015 1395 2178 1433 dispenset

1173 1448 1207 1473 ut
1223 1445 1465 1475 matrimonium
1483 1446 1672 1476 contrahere
1688 1446 1823 1476 valeant.
1842 1447 1894 1477 Eis
1910 1448 1997 1477 enim
2015 1458 2050 1477 ex
2067 1449 2177 1478 matri-

1173 1499 1307 1534 moniis,
1331 1499 1358 1527 si
1382 1499 1477 1535 fiant,
1499 1508 1614 1537 magna
1632 1500 1747 1529 Terrae
1770 1501 1903 1530 Sanctae
1921 1501 2042 1530 utilitas
2060 1502 2176 1531 multa-

1173 1561 1235 1590 que
1258 1552 1409 1582 securitas
1429 1552 1577 1582 fidelibus
1598 1553 1629 1581 in
1656 1554 1796 1592 partibus
1820 1554 1884 1583 illis
1910 1554 2114 1592 degentibus,
2145 1560 2176 1584 ut

1172 1606 1285 1635 asserit
1302 1606 1479 1644 praedictus
1497 1607 1665 1641 Henricus,
1688 1608 1883 1645 provenient.

1215 1673 1225 1684 «
1244 1659 1443 1696 Significavit
1457 1660 1546 1689 nobis
1563 1660 1785 1690 carissimus...
1803 1676 1840 1683 —
1859 1661 1928 1689 Dat.
1948 1660 2068 1696 Rome,
2093 1661 2175 1699 apud

1172 1712 1321 1742 Sanctam
1341 1713 1474 1742 Mariam
1495 1713 1660 1751 Majorem,
1679 1714 1772 1742 nonis
1789 1713 1875 1747 maii,
1897 1722 1982 1743 anno
2000 1713 2098 1743 tertio.
2120 1725 2133 1739 n

1244 1859 1363 1887 2668

1208 1921 1341 1948 Facultas
1358 1921 1479 1947 habendi
1495 1922 1583 1947 altare
1600 1921 1740 1956 portatile.
1762 1921 1843 1954 (Rae.
1862 1922 1904 1953 45,
1922 1929 1946 1947 c.
1966 1921 2025 1955 163,
2042 1921 2061 1947 f.
2078 1922 2110 1947 *27
2129 1928 2177 1954 νος

1171 1970 1238 1997 LAP.
1254 1980 1289 1998 nn
1304 1971 1401 2004 Tflnln,
1420 1970 1482 2004 ΙΙΙ.)

1526 1858 1885 1892 Sainte-Marie-Majeure,
1905 1859 1936 1885 14
1955 1859 2009 1884 mai
2028 1859 2104 1885 1290.

1211 2068 1376 2103 Bonifatio,
1394 2068 1525 2106 episcopo
1541 2067 1718 2095 Sedunensi.

1213 2132 1225 2146 ι(
1246 2120 1422 2150 Desideriis
1442 2120 1502 2149 tuis
1521 2120 1594 2150 in...
1615 2136 1653 2140 —-
1670 2120 1742 2149 Dat.
1761 2120 1870 2154 Rome,
1890 2124 2046 2158 utsupra,
2065 2129 2087 2148 11
2104 2119 2175 2148 idus

1171 2175 1260 2208 maii,
1276 2183 1361 2204 anno
1382 2175 1483 2204 tertio.
1504 2186 1517 2200 n

1243 2321 1360 2349 2863

1205 2383 1337 2410 Facultas
1357 2384 1481 2418 eligendi
1502 2383 1697 2409 confessorem
1723 2383 1877 2417 proprium.
1895 2382 1977 2415 (Rae.
1996 2382 2042 2415 45,
2058 2389 2082 2407 e.
2101 2381 2171 2410 163²,

1169 2434 1189 2460 f.
1206 2434 1239 2460 27
1258 2440 1305 2465 v⁰;
1323 2433 1389 2460 LAP.
1408 2441 1443 2460 nu
1457 2433 1556 2463 Tum,
1574 2432 1636 2466 ΙΙΙ.)

1531 2319 1891 2353 Satnte-Marie-MaJem-e,
1910 2319 1940 2346 14
1954 2319 2010 2345 mai
2028 2318 2103 2345 1290.

1210 2529 1325 2558 Eidem.

1213 2595 1224 2607 «ι
1246 2582 1391 2617 Benigno
1409 2580 1464 2609 tibi
1479 2584 1590 2610 sunt...
1610 2596 1646 2601 —
1665 2579 1736 2610 Dat.
1756 2582 1789 2608 ut
1805 2587 1910 2617 supra.
1932 2589 1946 2604 »

1243 2726 1361 2754 2620
1545 2723 1895 2757 Sainte-Marie-Majeure,
1914 2723 2006 2756 7j1nn
2025 2721 2102 2748 1290.

1204 2789 1335 2816 Remittit
1358 2789 1411 2813 iter
1433 2787 1466 2813 ad
1489 2787 1593 2813 limina.
1613 2786 1695 2818 (Rae.
1714 2786 1760 2816 45,
1779 2794 1804 2811 c.
1825 2785 1888 2816 164,
1905 2785 1924 2811 f.
1941 2784 1971 2811 ‘27
1990 2791 2038 2815 v⁰;
2056 2784 2122 2810 Lar.
2139 2793 2174 2812 nu

1168 2839 1266 2871 TflfflL,
1284 2837 1338 2867 III,
1361 2837 1431 2865 122.)

1210 2935 1382 2971 Eustachio,
1402 2934 1534 2970 episcopo
1554 2932 1788 2962 constantiensi.

1211 3000 1223 3015 «
1248 2988 1291 3017 Ex
1315 2991 1400 3025 parte
1427 2990 1514 3016 tua...
1538 3002 1576 3006 —
1598 2985 1668 3013 Dat.
1694 2984 1811 3020 Rome,
1836 2983 1919 3022 apud
1937 2982 2086 3013 Sanctam
2105 2984 2174 3012 Ma-

1169 3041 1251 3071 riam
1267 3033 1432 3079 Maiorem,
1451 3047 1494 3067 v11
1511 3037 1693 3076 idusjunii,
1712 3045 1796 3066 anno
1815 3037 1915 3066 tertio.
1938 3048 1951 3062 n
