2342 3652
922 309 1141 346 PREMIERE
1163 305 1319 345 ANNEE.
2107 313 2159 342 105

85 391 233 424 ecclesiae
265 386 461 418 Arelatensis
489 385 588 415 libere
622 384 766 414 conferre
798 383 915 422 possit,
952 381 1078 412 etiamsi

83 445 180 476 iidem
206 440 351 472 canonici
379 439 501 478 aliquos
530 439 687 477 prioratus
716 436 865 467 ecclesiae
896 436 1077 474 subjectos,

84 505 188 529 curam
204 495 384 525 animarum
400 492 563 528 habentes,
583 491 760 521 obtineant.

127 562 139 576 ι
161 547 334 579 Β651ᾰ61115
360 546 422 576 tuis
450 545 531 574 in...-
549 560 588 566 —
614 544 685 573 Dat.
712 543 828 581 Reate,
850 541 957 570 idibus
978 541 1075 579 junii,

83 611 166 634 anno
183 601 292 641 primo.
313 611 326 626 u

149 745 232 776 53?
341 742 698 775 Salute-Marie-Majeure,
715 740 743 766 13
759 739 911 766 decembre
931 738 1006 765 1288.

116 808 225 843 Regula
241 806 271 833 S.
288 805 436 832 Benedicti
452 804 624 831 monasterio
640 802 761 829 Sanctae
776 802 880 828 Mariae
892 801 926 827 de
937 800 1074 834 Canneto,

84 857 206 885 Sol-anae
220 855 372 886 dioecesis,
390 853 566 880 conceditur.
585 852 665 883 (Rae.
684 851 727 882 44,
743 859 767 877 6.
787 851 847 879 351,
864 851 883 876 f.
901 850 934 876 80
950 851 1003 882 vo.)

125 981 144 987 ..
160 957 257 986 abbati
275 959 303 985 et
320 955 480 984 conventui
506 953 681 983 monasterii
698 952 804 982 Sancte
823 952 916 981 Marte
941 952 975 980 cle
1000 951 1078 980 Can-

84 1016 167 1048 neto,
181 1009 297 1039 ordinis
311 1008 415 1038 Sancti·
435 1007 602 1042 Benedicti,
627 1006 740 1035 Soram
757 1006 893 1041 diocesis,
911 1004 1080 1034 confirmat

83 1062 315 1095 concessionem
331 1068 393 1099 qua
406 1059 454 1095 P.¹
470 1058 723 1097 archiepiscopus
741 1057 987 1095 Montisregalis,
1004 1062 1080 1087 tunc

85 1117 220 1148 Soranus
237 1114 411 1153 episcopus,
428 1113 533 1142 eidem
549 1112 751 1148 monasterio,
770 1111 809 1140 ad
831 1110 953 1140 nullam
968 1110 1078 1140 obser-

83 1169 238 1200 vationem
255 1167 436 1205 regularem
453 1166 591 1202 astricto,
611 1165 756 1203 regulam
773 1165 880 1195 Sancti
901 1164 1077 1200 Benedicti,

84 1227 128 1260 et,
151 1221 317 1252 accedente
334 1228 492 1250 consensu
513 1218 642 1257 capituli
663 1218 802 1248 Soranae
818 1217 988 1255 ecclesiae,
1006 1226 1078 1256 por-

84 1276 199 1307 tionem
224 1273 423 1304 decimarum
453 1272 492 1305 ad
521 1281 553 1302 se
581 1272 631 1301 vel
668 1280 863 1302 successores
893 1280 964 1301 suos
991 1280 1079 1309 spec-

83 1331 199 1360 tantem
211 1327 249 1356 de
259 1325 511 1365 possessionibus
527 1334 605 1364 quas
621 1325 741 1355 dictum
758 1325 989 1355 monasterium
1004 1328 1079 1355 tunc

83 1381 240 1414 obtinebat
255 1384 310 1410 aut
325 1379 559 1418 acquisiturum
575 1383 641 1408 erat
656 1379 691 1408 in
708 1379 852 1409 futurum
869 1380 1036 1409 concessit.

123 1446 136 1462 α
152 1433 231 1464 Cum
248 1441 267 1462 a
281 1432 410 1462 nobis...
423 1448 463 1454 —
474 1432 546 1461 Dat.
565 1432 665 1461 Rome
680 1432 763 1471 apud
780 1432 927 1462 Sanctam
944 1433 1078 1463 Mariam

83 1487 243 1527 MaJ'orem,
259 1485 365 1516 idibus
377 1485 566 1522 decembris,
583 1494 669 1515 anno
684 1486 800 1524 primo.
821 1498 834 1513 n

150 1634 236 1663 538

117 1695 240 1723 Licentia
250 1694 401 1722 exercendi
413 1703 463 1729 per
473 1695 617 1729 aliumJus
630 1694 811 1720 visitationis.
825 1694 908 1727 (Rue.
921 1695 963 1725 44,
976 1702 1000 1720 o.
1015 1694 1076 1727 35⁶2,

83 1745 103 1772 f.
117 1745 150 1772 80
164 1751 207 1777 v⁰;
224 1743 288 1770 Lar.
307 1752 342 1770 1111
357 1743 455 1774 'rm-211..
473 1742 495 1773 Ι,
517 1743 587 1775 155.)

655 1631 747 1663 Rieu,
766 1632 780 1658 5
795 1631 911 1658 octobre
930 1632 1007 1659 1238.

126 1839 288 1869 Venerabili
302 1840 396 1876 fratri
410 1839 448 1867 M.
464 1861 470 1875 ,
487 1839 618 1875 episcopo
632 1838 856 1874 Suessionensi,
877 1837 1023 1876 indulget
1047 1842 1081 1868 ut

85 1891 238 1930 ecclesias,
258 1891 375 1931 plebes,
393 1891 552 1929 prioratus
568 1895 598 1920 et
614 1890 676 1920 alia
691 1890 759 1920 loca
773 1890 997 1927 ecclesiastica,
1017 1895 1080 1921 tam

84 1945 227 1984 religiosa
243 1954 339 1984 quam
357 1944 533 1975 saecularia
545 1968 552 1981 ,
568 1953 644 1974 suae
660 1944 814 1974 dioecesis
827 1967 835 1980 ,
853 1953 933 1983 quae
954 1949 1081 1984 propter

83 1998 299 2030 infirmitatem
311 1998 520 2037 personaliter
532 2006 597 2028 non
605 2002 706 2036 potest
717 1998 858 2034 visi-tare,
871 2007 925 2037 per
935 1998 1080 2037 aliquam

84 2059 246 2092 personam
260 2051 368 2091 possit,
386 2060 459 2081 cum
479 2057 602 2090 tempus
615 2051 806 2080 visitationis
820 2051 989 2089 ingruerit,
1008 2052 1081 2081 visi-

85 2107 160 2142 tare,
175 2109 268 2144 atque
283 2105 461 2135 moderatas
478 2104 726 2143 procurationes,
745 2104 868 2134 ratione
886 2104 1079 2134 visitationis

85 2156 263 2197 hujusmodi
283 2157 420 2195 debitas,
435 2166 490 2196 pro
515 2166 548 2187 se
562 2166 598 2187 ac
618 2157 831 2187 familiaribus
847 2162 877 2187 et
895 2158 986 2196 equis
1002 2158 1080 2194 suis,

87 2209 122 2240 in
143 2210 329 2240 victualibus
351 2210 515 2241 dumtaxat
529 2215 559 2240 et
577 2210 698 2249 absque
717 2210 846 2247 fraude,
868 2219 887 2240 a
907 2210 983 2240 10615
999 2210 1081 2240 1661-

86 2271 157 2302 pere
171 2263 272 2294 valeat
287 2263 433 2294 visitatis.

126 2327 140 2343 ι
157 2315 308 2355 Specialis
329 2316 454 2347 devotio
470 2326 566 2356 quam
635 2334 673 2338 —
689 2317 760 2346 Dat.
779 2317 896 2355 Reate,
921 2326 956 2346 111
979 2326 1081 2348 nonas

87 2369 229 2407 octobris,
246 2378 332 2400 anno
349 2371 461 2409 primo.
488 2382 501 2397 n

155 2515 240 2544 539
661 2516 753 2548 Rieu,
770 2517 784 2543 5
800 2516 916 2543 octobre
934 2515 1010 2543 1288.

121 2575 246 2604 Licentia
260 2576 382 2604 faciendi
403 2578 540 2605 ecclesias
562 2582 591 2605 et
611 2579 782 2606 coemeteria
802 2587 852 2614 per
873 2579 960 2606 alium
982 2586 1084 2605 recon-

89 2623 183 2651 ciliari.
200 2625 283 2659 (Rea.
301 2626 344 2659 44,
360 2634 385 2653 6.
403 2626 463 2658 353,
480 2626 498 2653 f.
516 2627 549 2654 80
564 2633 610 2660 νος
626 2628 693 2655 Lar.
710 2637 745 2655 1111
761 2628 858 2661 ’[11611,
876 2627 904 2659 Ι,
925 2628 994 2660 156.)

126 2720 241 2750 Eidem.
262 2733 276 2747 κ
295 2721 500 2759 Exigentibus
517 2722 692 2754 devotionis
712 2723 836 2754 meritis
906 2741 945 2745 —-
958 2723 1030 2753 Dat.
1051 2726 1085 2753 ut

90 2779 193 2811 supra.
216 2785 228 2800 n

159 2919 244 2947 54⁰

126 2977 279 3008 Percivallo
298 2981 333 3008 de
347 2981 522 3015 Comitibus,
545 2983 688 3018 quondam
712 2984 847 3020 episcopo
866 2985 1015 3019 Paduano,
1040 2993 1087 3012 re-

231 3028 302 3057 Rea.
322 3030 444 3059 Niconis
464 3031 516 3058 IV.

399 2920 753 2957 Sainte-Marie-Majeure,
771 2923 803 2950 15
816 2923 919 2950 fevi-ier
935 2923 1013 2951 1289.

1161 381 1282 407 mittitur
1297 381 1401 407 solutio
1419 381 1569 415 cujusdam
1585 388 1714 407 summae
1731 379 1879 414 pecuniae.
1897 378 1977 412 (Res.
1996 379 2038 409 44,
2055 387 2081 405 6.
2099 379 2158 408 354,

1160 428 1179 454 f.
1198 428 1230 455 80
1246 430 1297 458 νο.)

1206 530 1374 560 Venerabili
1389 532 1483 567 fratri
1498 531 1665 560 Percivallo
1679 531 1711 559 de
1728 529 1903 564 Comitibus,
1921 529 2052 566 episcopo
2069 536 2162 565 quon-

1161 583 1228 612 dam
1259 584 1414 619 Paduam,
1445 583 1612 613 confirmat
1637 583 1905 617 instrumentum,
1935 589 1997 620 quo
2024 581 2161 610 Bernar-

1161 636 1231 673 dus,
1248 637 1411 675 episcopus
1431 636 1624 672 portuensis,
1641 644 1714 665 cum
1724 635 1792 673 ipso
1806 634 1983 675 Percivallo
2000 633 2162 672 dispensat

1162 693 1195 718 111
1216 689 1255 718 ad
1279 689 1497 727 infrascriptae
1518 689 1670 727 pecuniae
1697 687 1890 717 solutionem
1916 695 1979 716 11011
2006 691 2159 716 teneatur.

1160 759 1198 763 -—
1217 741 1302 771 Olim
1321 742 1453 771 ecclesia
1469 742 1620 771 paduana
1639 751 1692 780 per
1709 741 1830 771 obitum
1845 740 2006 770 Johannis
2025 739 2162 779 episcopi

1161 798 1303 830 vacante,
1329 794 1557 824 canonicorum
1583 795 1650 833 ejus
1674 794 1729 822 alii
1755 793 1939 823 Jobannern
1965 792 2004 822 de
2026 793 2160 829 Abbate‚

1156 849 1260 887 -ipsius
1284 848 1435 878 ecclesiae
1457 848 1665 883 canonicum,
1690 847 1864 884 elegerunt,
1884 846 1941 875 alii
1963 846 2161 884 praedictum

1162 901 1390 937 Percivallum,
1419 905 1493 930 tunc
1518 900 1661 938 ejusdem
1687 899 1839 929 ecclesiae
1861 899 2067 934 canonicum,
2087 907 2162 928 con-

1161 954 1308 984 stitutum
1326 954 1360 983 in
1379 953 1557 983 minoribus
1579 953 1756 988 ordinibus,
1773 951 1972 990 postularunt
1992 951 2025 980 in
2043 952 2163 989 episco-

1161 1016 1236 1046 pum
1257 1007 1466 1043 Paduanum3
1498 1007 1552 1035 sed
1574 1015 1679 1035 coram
1706 1029 1724 1035 ..
1750 1004 1928 1043 patriarcha
1949 1004 2163 1042 Aquilegensi

1161 1060 1263 1091 delato
1282 1060 1422 1098 negotio,
1447 1060 1499 1089 1116
1515 1059 1702 1089 electionem
1726 1058 1872 1095 cassavit,
1890 1057 2103 1087 Percivallum
2129 1057 2164 1086 in

1162 1114 1343 1153 episcopum
1365 1112 1516 1143 ecclesiae
1541 1112 1713 1142 Paduanae
1738 1111 1904 1151 praefecit,
1932 1119 2006 1140 eum
2020 1110 2164 1140 Johanni

1161 1177 1213 1198 sex
1226 1168 1317 1197 milia
1327 1167 1483 1197 librarum
1494 1166 1719 1204 bagatinorum
1733 1175 1788 1195 seu
1799 1169 1983 1195 venetorum
1993 1173 2162 1203 parvorum

1162 1230 1217 1261 pro
1228 1221 1373 1260 expensis
1385 1221 1419 1250 iu
1436 1220 1495 1249 hae
1506 1220 1694 1258 quaestione
1707 1219 1797 1248 factis
1814 1218 1934 1248 solvere
1951 1217 2062 1255 coegit,
2079 1225 2163 1246 eum-

1162 1284 1223 1315 que
1239 1275 1397 1305 ordinavit
1416 1275 1449 1303 in
1468 1273 1687 1311 presbyterum
1705 1277 1736 1301 et
1751 1273 1782 1301 iu
1801 1271 1984 1310 episcopum
2001 1279 2164 1300 consecra-

1162 1330 1217 1365 vit,
1234 1329 1307 1358 licet
1323 1327 1542 1361 Gaimarinus,
1559 1326 1733 1355 canonicus
1745 1324 1844 1363 plebis
1860 1324 1979 1360 Silvae,
1994 1323 2165 1353 Paduanae

1162 1382 1325 1417 dioecesis,
1340 1381 1422 1411 circa
1439 1379 1580 1409 triduum
1595 1384 1668 1408 ante
1680 1378 1868 1417 hujusmodi
1880 1377 2163 1412 consecrationem,

1161 1440 1271 1467 contra
1286 1436 1407 1465 dictum
1424 1432 1638 1463 Percivallum
1655 1433 1694 1462 ad
1710 1432 1817 1462 sedem
1835 1431 2038 1470 apostolicam
2055 1430 2164 1469 appel-

1161 1490 1256 1519 lasset
1272 1513 1277 1524 ,
1298 1488 1328 1517 ei
1352 1486 1607 1517 incontinentiae
1631 1485 1745 1514 vitium
1769 1487 1798 1514 et
1815 1484 1972 1523 quaedam
1991 1483 2052 1513 alia
2067 1491 2163 1521 oppo-

1162 1543 1278 1574 nendo.
1297 1542 1378 1572 Cum
1401 1541 1499 1579 igitur
1520 1540 1584 1569 sere
1606 1544 1674 1578 post
1693 1548 1795 1568 unum
1816 1542 1939 1568 annum
1958 1537 2165 1567 Gaimarinus

1161 1597 1200 1626 ad
1216 1584 1323 1626 sedem
1338 1595 1511 1633 praefatam
1527 1601 1582 1631 pro
1597 1591 1807 1630 appellatione
1824 1590 2043 1629 prosequenda
2058 1598 2164 1620 acces-

1162 1651 1262 1685 sisset,
1297 1647 1459 1678 Honorius
1494 1654 1573 1685 papa
1594 1667 1612 1674 ..
1635 1645 1780 1683 episcopo
1802 1643 1981 1674 Castellano
2000 1643 2164 1672 mandavit

1162 1708 1196 1734 ut
1227 1701 1403 1732 Percivallo
1427 1699 1740 1730 administrationem
1767 1697 1917 1728 ecclesiae
1942 1697 2163 1733 interdiceret3

1162 1757 1263 1786 dictus
1286 1763 1361 1785 vero
1386 1752 1583 1783 Percivallus
1604 1761 1699 1782 omne
1718 1752 1782 1790 jus,
1803 1752 1829 1780 si
1848 1750 1932 1789 quod
1956 1750 1983 1779 ei
2002 1759 2038 1779 ex
2055 1750 2165 1779 eadem

1162 1809 1342 1850 provisione
1360 1807 1471 1837 fuisset
1486 1806 1690 1844 acquisitum,
1703 1809 1814 1843 sponte
1825 1803 2001 1842 resignavit
2016 1803 2050 1832 in
2061 1802 2166 1831 mani-

1162 1864 1221 1893 bus
1247 1862 1392 1892 Honorii.
1420 1877 1458 1881 -
1484 1859 1588 1896 Hujus
1614 1863 1721 1888 autem
1747 1856 1954 1886 instrumenti
1980 1860 2070 1885 tenor
2097 1854 2167 1884 talis

1163 1921 1209 1946 est
1225 1925 1231 1945 t

1207 1982 1220 1996 «ι
1238 1967 1422 1999 Venerabili
1439 1967 1473 1996 111
1492 1966 1619 1996 Christo
1638 1965 1719 2004 patri
1736 1963 1914 1994 Percivallo
1931 1964 1967 1993 de
1985 1962 2162 1993 Comitibus

1203 2023 1241 2052 de
1260 2022 1386 2057 Padua,
1411 2020 1555 2058 episcopo
1579 2018 1743 2057 quondam
1769 2017 1938 2048 Paduano,
1959 2015 2164 2051 Bernardus,

1203 2075 1408 2106 miseratione
1434 2073 1545 2102 divina
1564 2072 1730 2110 episcopus
1753 2070 1950 2105 Portuensis,
1975 2069 2110 2098 salutem
2139 2071 2169 2098 et

1201 2130 1359 2160 sinceram
1387 2127 1422 2156 in
1447 2125 1587 2155 Domino
1610 2125 1785 2154 caritatem.
1810 2123 1920 2161 Nuper
1938 2131 1992 2152 vos
2014 2122 2047 2151 iu
2128 2136 2167 2143 -·

1205 2183 1275 2212 Dat.
1302 2182 1422 2217 Rome,
1445 2187 1530 2209 anno
1561 2177 1692 2208 Domini
1722 2175 1831 2206 M.CC.
1859 2175 2103 2210 LXXXVIIII,
2131 2183 2167 2203 111

1204 2244 1305 2266 nonas
1334 2233 1507 2269 februarii,
1543 2231 1747 2270 pontificatus
1779 2229 1903 2259 domini
1935 2227 2061 2258 Nicolai
2089 2235 2167 2266 pape

1206 2290 1282 2325 IIII,
1303 2297 1389 2318 anno
1408 2288 1521 2326 primo.
1539 2297 1550 2311 ι·

1206 2355 1219 2370 α
1239 2343 1324 2372 Licet
1339 2350 1375 2371 ea
1391 2349 1489 2380 que...
1507 2356 1546 2360 —
1562 2338 1632 2368 Dat.
1651 2337 1752 2366 Rome
1770 2335 1853 2374 apud
1869 2335 2018 2364 Sanctam
2032 2333 2167 2363 Mariam

1166 2397 1328 2436 Majorem,
1346 2404 1385 2424 xv
1402 2393 1556 2424 kalendas
1572 2390 1689 2426 martii,
1709 2397 1795 2418 anno
1811 2389 1926 2427 primo,
1941 2400 1953 2414 n

1164 2036 1177 2050 1>

1165 2089 1178 2105 ))

1163 2143 1175 2157 1>

1165 2196 1178 2211 1)

1165 2249 1178 2264 3)

1166 2303 1178 2317 1)

1199 2547 1390 2578 541-549
1517 2541 1873 2575 Sainte—Marie-MaJeure,
1887 2540 1916 2567 31
1930 2539 2040 2574 janvier
2056 2537 2130 2564 1289.

1201 2612 1363 2639 Matbaeum
1388 2605 1681 2636 ecclesiaecretensi
1708 2603 1833 2639 praeficit
1854 2603 1884 2628 in
1906 2599 2165 2634 archiepiscopum.

1165 2662 1246 2698 (Rea.
1264 2661 1307 2693 44,
1324 2667 1348 2686 6.
1367 2658 1430 2689 355,
1447 2658 1466 2683 f.
1483 2657 1514 2683 81
1533 2657 1586 2687 νο.)

1212 2761 1375 2794 Venerabili
1397 2760 1491 2796 fratri
1514 2758 1649 2792 Matheo,
1681 2754 1904 2791 archiepiscopo
1934 2750 2076 2780 Cretensi.
2102 2749 2167 2778 Va-

1167 2821 1257 2848 cante
1265 2813 1411 2846 Cretensi
1421 2811 1554 2842 ecclesia
1561 2819 1616 2848 per
1626 2808 1748 2838 obitum
1758 2804 1915 2836 Leonardi
1923 2802 2166 2841 archiepiscopi,

1167 2870 1298 2910 quidam
1315 2866 1542 2898 canonicorum
1558 2863 1725 2900 Paganum
1741 2885 1748 2897 ,
1776 2859 1958 2898 episcopum
1986 2856 2166 2887 Chironeu-

1168 2932 1247 2959 sem,
1269 2920 1479 2961 postularunt,
1503 2917 1558 2948 alii
1573 2915 1758 2947 Mathaeum
1780 2913 1819 2943 de
1840 2911 1996 2945 Venetiis,
2017 2908 2168 2940 ecclesiae

1168 2977 1325 3017 predictae
1353 2972 1564 3008 canonicum,
1595 2971 1630 3000 in
1666 2967 1942 3007 archiepiscopum
1979 2964 2165 3002 elegerunt,

1983 3017 2014 3044 14
