2477 3637
234 362 272 391 20
980 359 1216 391 REGISTRES
1238 361 1292 391 DE
1315 361 1499 392 NICOLAS
1522 361 1578 391 1v.

194 457 197 459 .
235 432 339 469 partes
355 432 442 464 tuas;
463 428 506 457 ita
522 426 607 466 quod
625 431 678 457 tuo
690 426 870 456 ministerio
885 425 970 456 idem
988 426 1218 464 primogenitus
1231 451 1238 464 ,

235 481 373 512 faciente
406 481 461 521 qui
489 484 610 520 potest,
644 480 767 510 restitui
791 479 894 508 valeat
917 478 1062 517 plenarie
1089 478 1238 509 libertati.

234 535 305 565 Dat.
324 539 358 564 nt
373 543 478 573 supra.
498 546 511 560 n

304 692 391 721 1⁰9
855 689 948 723 Rieu,
967 690 997 716 31
1017 690 1072 716 mai
1092 689 1168 717 1288.

268 754 309 781 De
324 754 491 780 liberatione
507 753 609 785 Caroli,
628 753 767 787 principis
783 752 965 779 Salei-nitani.
983 752 1072 785 (Rso.
1091 753 1133 785 44,
1152 761 1178 779 c.
1196 753 1238 794 58,

231 804 243 830 f
268 804 298 830 15
318 806 370 835 νῦ.)

273 907 378 935 Dilecta·
397 907 428 934 ῖιι
446 905 563 934 Christo
582 905 660 941 filie,
676 905 772 933 nobili
788 905 913 933 mulieri
930 905 1037 940 Maria,
1055 905 1239 942 principis-se

230 960 439 994 Salei-nimae,
470 958 599 988 nuntiat
628 967 660 987 se
689 957 728 987 ad
754 966 843 995 reges
869 957 1005 995 Angliae
1029 962 1059 987 et
1085 957 1239 988 Franciae

230 1013 392 1052 scripsisse
407 1015 440 1042 ut
456 1012 488 1041 hi
505 1011 709 1050 providerent
724 1011 762 1041 ad
779 1011 1002 1042 liberationem
1019 1011 1136 1047 Caroli,
1151 1011 1239 1050 prin-

229 1066 308 1104 cipis
325 1064 537 1102 Salernitani,
557 1065 704 1104 conjugis
719 1065 822 1095 dictae
838 1065 968 1100 Mariae,
989 1068 1063 1095 tunc
1076 1065 1110 1093 in
1128 1064 1238 1094 deten-

230 1120 325 1149 tione.

271 1185 284 1200 α
310 1172 391 1203 Cum
415 1173 554 1203 detentio
575 1172 718 1203 dilecti...
742 1190 779 1194 —
803 1173 873 1202 Dat.
899 1173 1016 1212 Reate,
1040 1182 1061 1202 11
1083 1172 1239 1202 kalendas

225 1228 326 1267 junii.
345 1236 430 1257 anno
447 1228 563 1266 primo.
583 1239 597 1254 »

301 1387 386 1414 110
852 1385 942 1418 Rieti,
964 1385 997 1411 27
1014 1385 1070 1411 mai
1089 1385 1166 1412 1288.

263 1449 447 1484 Dispensatio
463 1456 552 1483 super
569 1448 727 1482 pluralitate
744 1447 961 1474 beneficiorum.
980 1446 1053 1480 (Rae
1082 1447 1130 1478 44,
1149 1455 1174 1474 0.
1194 1446 1236 1480 59,

227 1499 246 1525 s.
268 1500 296 1525 15
312 1505 354 1528 v⁰;
374 1498 439 1524 Lar.
457 1506 491 1524 nn
507 1497 610 1527 Tucia,
629 1497 656 1528 l,
677 1496 729 1529 13.)

268 1603 376 1631 Dilecto
394 1602 459 1638 filio
477 1601 624 1636 Gansrz'do
642 1602 675 1630 (Ie
696 1600 867 1635 liatinrello,
883 1601 1032 1638 preposito
1047 1604 1074 1628 et
1092 1600 1238 1629 canonico

225 1655 364 1693 Aplensz's
376 1655 493 1683 ecclesie
508 1678 514 1690 ,
531 1654 646 1682 doctori
667 1654 854 1683 decretorum
869 1677 875 1689 ,
893 1654 1048 1690 castellano
1068 1658 1180 1682 nostro.
1199 1652 1237 1682 Ei

226 1707 372 1745 indulget
384 1711 418 1737 ut
429 1707 680 1746 praeposituram
697 1707 847 1745 Aptensis
861 1706 1023 1742 ecclesiae,
1036 1714 1148 1736 curam
1164 1706 1235 1735 ani-

224 1770 352 1791 marum
369 1761 551 1797 habentem,
570 1764 599 1790 et
617 1761 824 1791 canonicatus
834 1769 869 1790 ac
883 1760 1090 1799 praebendas,
1105 1768 1184 1798 quos
1199 1760 1233 1789 in

227 1815 368 1845 ecclesiis
385 1815 520 1853 Aptensi
536 1818 566 1844 et
581 1814 728 1852 Aquensi
746 1823 782 1844 ac
798 1813 1118 1853 Forqualqueriensi‚
1136 1813 1234 1843 Sista·

226 1868 359 1898 ricensis
381 1868 554 1904 dioecesis,
578 1877 611 1897 se
633 1867 746 1897 asserit
769 1868 921 1897 canonice
941 1871 1141 1903 assecutum,
1160 1875 1234 1896 cum

226 1922 414 1951 canonicatu
443 1925 473 1950 et
502 1920 683 1959 praebenda
707 1920 928 1950 Sistaricensis
955 1920 1106 1950 ecclesiae
1131 1919 1234 1950 valeat

225 1974 341 2004 habere
357 1978 387 2003 et
402 1973 487 2004 licite
501 1973 650 2003 retinere.

270 2041 282 2054 ι
296 2027 371 2058 11105
385 2027 532 2066 precipue
547 2035 641 2057 nos...
657 2045 696 2048 —
710 2028 781 2057 Dat.
798 2028 908 2064 Reate,
924 2037 955 2057 vr
966 2027 1121 2057 kalendas
1131 2027 1230 2066 junii,

225 2089 310 2111 anno
325 2081 439 2120 primo.
459 2092 472 2107 »

299 2243 317 2269 1
329 2242 347 2268 1
358 2242 377 2268 1
715 2240 926 2272 Saint-Pierre,
943 2240 975 2266 <21
993 2240 1064 2267 avril
1081 2239 1158 2267 1288.

262 2302 440 2329 Ferdinando
463 2302 598 2329 Roderiei
618 2302 756 2329 beneficia
771 2303 799 2329 in
815 2302 958 2329 Abulensi
973 2302 1095 2329 00010513
1110 2303 1231 2329 confert.

224 2352 304 2387 (Rea.
324 2352 365 2383 44,
382 2360 405 2378 c.
425 2351 466 2383 60,
486 2351 505 2377 f.
526 2351 555 2377 16
572 2353 618 2383 r0.)

264 2442 307 2471 Ad
321 2444 498 2479 perpetuam
517 2441 560 2469 rei
578 2441 770 2470 memore'am.
788 2439 991 2470 Ferdinando
1008 2440 1157 2470 Roderici
1175 2441 1231 2471 de-

224 2499 386 2530 canatum,
401 2493 624 2523 canonicatum
637 2497 667 2522 et
680 2493 906 2531 praebendam,
919 2502 974 2532 per
988 2493 1109 2523 obitum
1126 2502 1231 2532 quon-

224 2547 297 2577 dam
314 2546 439 2576 Alfousi
457 2545 570 2575 Vitalis
592 2550 738 2575 vacantes
755 2546 788 2575 in
807 2545 963 2575 Abulensi
984 2546 1134 2583 00010513,
1153 2556 1231 2577 con-

225 2601 302 2636 fert3
327 2599 543 2629 thesaurariae
559 2603 678 2635 autem,
695 2607 793 2637 quam
809 2598 988 2637 praedictus
1006 2599 1230 2630 Ferdinandus

225 2653 257 2682 in
280 2652 410 2682 ecclesia
437 2651 649 2681 Bracharensi
673 2652 818 2688 tenebat,
842 2652 1060 2690 provisionem
1091 2653 1152 2683 sibi
1177 2663 1230 2684 re—

226 2710 339 2735 servat.

267 2771 279 2785 α
298 2758 491 2788 Vacantibus
511 2757 634 2788 dudum
654 2758 727 2788 in...
743 2774 784 2780 —
805 2758 877 2788 Dat.
899 2759 1000 2789 Rome
1014 2759 1097 2798 apud
1117 2759 1149 2789 S.
1168 2759 1230 2790 Pe-

226 2817 321 2847 trum,
339 2821 381 2840 xii
397 2811 549 2842 kalendas
564 2812 654 2849 maii,
674 2820 759 2842 anno
776 2812 887 2850 primo.
910 2824 923 2838 »

299 2972 318 2998 1
329 2971 382 2998 12
838 2971 912 2998 Rieti
922 2991 929 3003 .
949 2971 987 2997 1«π
998 2972 1063 3006 Juin
1079 2971 1158 2998 1288.

262 3033 393 3060 Scolares
419 3033 644 3059 ultramontanos
670 3033 865 3059 univcrsitatis
892 3033 1043 3060 Paduanae
1068 3033 1191 3060 absolvit
1214 3040 1230 3059 a

1319 429 1484 462 juramento
1499 427 1576 462 quod
1593 428 1648 463 ipsi
1664 429 1869 462 praestiterunt
1888 431 2038 459 recedendi
2062 433 2096 459 ab
2121 434 2306 461 universitate
2320 457 2326 466 ,

1325 477 1379 503 nisi
1394 476 1522 503 Jacobus
1539 476 1574 503 de
1589 477 1703 506 Arena.
1716 478 1793 511 juris
1808 479 1901 506 civilis
1916 481 2063 515 professor
2073 504 2079 513 ,
2095 491 2111 509 3
2127 482 2235 509 lectura
2249 483 2328 510 ordi—

1324 526 1401 552 naria
1416 525 1553 553 librorum
1570 526 1703 560 legalium
1715 549 1721 557 ,
1748 535 1798 561 per
1812 527 1984 556 decennium
1999 535 2127 558 remotus
2142 532 2224 558 foret.
2242 531 2325 565 (Rea.

1324 574 1367 604 44,
1381 581 1406 600 0.
1423 574 1467 605 61,
1485 574 1505 600 1.
1523 574 1554 601 16
1571 582 1609 608 r⁰;
1628 574 1737 601 Enni-:ST
1753 574 1907 607 Lasocors.
1924 577 2058 611 M‹⁵Ia1iqes
2073 580 2179 606 d'arch.
2195 583 2218 606 el
2239 580 2325 606 d'his-

1323 624 1406 654 taire,
1426 623 1508 655 1884.
1526 632 1553 659 p.
1571 625 1628 657 53.)

1363 725 1470 755 Dileclo
1496 726 1561 762 silio
1582 728 1728 764 ittayi'slro
1752 727 1913 764 Boratino,
1933 729 2192 768 archipresbytero
2210 731 2328 760 ecclesie

1322 777 1477 807 Paduane.

1364 843 1377 857 α
1398 831 1513 861 Petitio
1527 831 1635 862 dilecti
1650 832 1708 862 filii
1725 833 1906 862 communis
1924 833 2058 864 civitatis
2073 835 2220 874 paduane
2236 835 2327 866 nobis

1323 883 1463 914 exhibita
1484 886 1684 923 continebat,
1707 886 1790 925 quod
1810 887 1842 916 in
1866 887 1991 917 civitate
2010 888 2077 927 ipsa
2093 888 2133 918 de
2157 893 2326 920 consuetu-

1322 937 1397 967 dine
1418 938 1598 975 obtinetur,
1621 940 1703 978 quod
1723 940 1863 970 doctores
1887 940 2006 970 ibidem
2028 941 2063 970 in
2082 942 2169 972 civili
2188 943 2262 982 jure
2277 951 2326 973 re-

1322 996 1432 1029 gentes
1455 1000 1510 1030 pro
1531 996 1670 1031 tempore
1689 1003 1707 1023 a
1730 994 1903 1024 scolaribus
1926 995 1959 1023 in
1976 994 2117 1033 predicta
2134 996 2260 1026 civitate
2275 996 2326 1026 in-

1322 1045 1507 1075 sistentibus
1527 1045 1631 1076 studio
1652 1046 1829 1077 litterarum
1853 1048 2066 1077 communiter
2088 1048 2251 1087 eliguntur
2268 1073 2275 1087 ,
2298 1054 2343 1080 et-

1322 1098 1376 1137 huj
1384 1098 1507 1128 asmodi
1524 1106 1635 1128 eorum
1650 1099 1760 1130 electio
1776 1109 1830 1139 per
1845 1100 1944 1139 ipsius
1959 1101 2140 1131 communis
2155 1101 2328 1133 consilium

1322 1152 1523 1191 approbatur.
1543 1152 1624 1182 Cum
1647 1157 1751 1183 autem
1767 1154 1931 1184 occasione
1952 1154 2134 1192 electionis,
2151 1163 2213 1194 que
2229 1155 2268 1186 de
2283 1155 2329 1186 di·-

1322 1205 1401 1235 10010
1424 1205 1489 1235 filio
1510 1205 1628 1235 Jacobo
1652 1206 1689 1235 de
1710 1208 1838 1240 Arena,
1858 1207 1941 1246 juris
1965 1207 2069 1237 civilis
2094 1208 2288 1247 professore,
2309 1217 2329 1240 a

1323 1259 1497 1289 scolaribus
1522 1259 1705 1296 Paduanis,
1731 1261 1972 1291 citramontanis
1998 1261 2145 1292 videlicet
2171 1266 2202 1292 et
2230 1261 2327 1293 ultra-

1322 1313 1494 1349 montanis,
1516 1314 1548 1342 in
1568 1312 1679 1342 eadem
1695 1313 1819 1344 civitate
1837 1315 1870 1343 in
1887 1314 2044 1344 discordia
2060 1315 2227 1352 celebrate,
2245 1316 2330 1346 inter

1323 1366 1458 1396 scolares
1484 1366 1567 1404 ipsos
1588 1366 1744 1397 dissensio
1767 1368 1915 1397 suscitata
1935 1368 2063 1405 fuisset,
2086 1377 2183 1407 quam
2198 1368 2330 1408 quidem

1322 1419 1529 1456 electionem,
1554 1424 1706 1458 tanquam
1729 1419 1768 1449 de
1791 1429 1924 1459 persona
1947 1421 2091 1460 ydonee,
2119 1430 2183 1452 non
2209 1421 2329 1462 absque

1322 1473 1457 1503 utilitate
1479 1473 1677 1503 studentium
1694 1474 1754 1510 ibi,
1772 1474 1885 1504 factam
1897 1497 1906 1511 ,
1928 1475 2097 1505 consilium
2119 1476 2220 1514 ipsius
2237 1484 2329 1506 com—

1321 1527 1444 1562 munis,
1467 1531 1559 1565 prout
1580 1526 1619 1555 ad
1642 1534 1693 1556 eos
1710 1527 1888 1565 spectabat,
1906 1528 2103 1558 concorditer
2117 1528 2326 1567 approbarat;

1320 1580 1452 1620 predicti
1480 1579 1615 1610 scolares
1645 1579 1895 1617 ultramontani,
1927 1581 2028 1611 trihus
2060 1590 2095 1611 ex
2127 1583 2173 1612 eis
2202 1586 2328 1613 tantum

1320 1634 1474 1673 exceptis,
1490 1642 1601 1663 mense
1619 1633 1754 1663 octobris
1768 1633 1913 1672 proximo
1927 1635 1994 1672 Jam
2010 1634 2132 1673 elapso,
2145 1636 2329 1674 juramento

1319 1689 1447 1726 prestito
1470 1687 1696 1723 firmaverunt,
1714 1687 1798 1726 qnod
1824 1687 1886 1717 nisi
1910 1687 2030 1717 dictum
2046 1696 2237 1727 commune,
2254 1693 2328 1720 ante

1318 1742 1434 1771 festum
1461 1741 1629 1771 Dominice
1655 1740 1839 1770 Nativitatis
1869 1741 2013 1780 proximo
2038 1745 2114 1771 tunc
2136 1745 2326 1780 venturum,

1317 1795 1536 1833 insi-ascriptas
1561 1794 1731 1833 petitiones
1752 1802 1882 1831 eorum,
1902 1803 1980 1833 quas
2003 1795 2168 1825 communi
2183 1795 2328 1826 fecerunt

1317 1849 1433 1886 eidem,
1447 1848 1605 1885 videlicet,
1618 1847 1703 1886 quod
1719 1847 1899 1885 Florianus,
1915 1847 2059 1878 bedellus
2076 1848 2236 1887 generalis
2252 1851 2326 1880 uni-

1316 1905 1504 1935 versitatum
1529 1903 1697 1933 scolarium
1729 1903 1965 1941 predictorum,
1998 1903 2102 1934 dicere
2131 1904 2327 1936 ambassatas

1315 1958 1446 1988 rectoris
1480 1961 1511 1987 et
1546 1956 1764 1987 universitatis
1803 1948 2116 1987 ultramontanorum
2154 1957 2326 1989 scolarium

1315 2011 1514 2047 eorumdem,
1531 2010 1682 2049 idemque
1697 2014 1799 2040 rector
1816 2019 1911 2039 suum
1927 2010 2067 2040 officium
2081 2019 2227 2041 exercere
2241 2011 2326 2042 circa

1315 2065 1452 2095 eandem
1482 2064 1726 2094 universitatem
1751 2063 2064 2094 ultramontanorum
2096 2072 2161 2094 non
2188 2065 2326 2104 impedi-

1315 2123 1427 2149 rentur
1444 2127 1499 2157 per
1517 2126 1689 2147 commune
1705 2117 1861 2155 prefatum
1872 2140 1880 2154 ,
1895 2117 2044 2155 quodque
2060 2121 2254 2148 memoratus
2267 2118 2324 2149 Ja-

1314 2173 1410 2203 cobus
1438 2171 1567 2201 deberet
1593 2179 1612 2200 a
1637 2170 1756 2200 lectura
1787 2170 1949 2200 ordinaria
1977 2169 2133 2200 librorum
2167 2171 2324 2210 legalium

1314 2225 1491 2262 removeri,
1509 2229 1539 2254 et
1557 2228 1698 2254 remotus
1717 2223 1800 2253 infra
1818 2223 2010 2253 decennium
2027 2223 2212 2255 nullatenus
2229 2233 2324 2256 assu—

1314 2283 1455 2309 meretur
1470 2278 1509 2308 ad
1530 2277 1636 2314 illam,
1653 2277 1820 2307 efficaciter
1834 2276 2040 2315 adimpleret,
2058 2276 2142 2307 ultra
2159 2277 2320 2308 festivita-

1315 2338 1378 2363 tem
1394 2333 1480 2363 beati
1497 2331 1663 2362 Michaelis
1679 2329 1874 2367 Archangeli
1902 2330 2044 2368 proximo
2060 2330 2202 2361 futuram
2222 2331 2258 2361 in
2274 2331 2322 2362 ci-

1313 2387 1408 2417 vitate
1427 2385 1567 2424 predicta
1592 2392 1685 2414 causa
1707 2383 1803 2413 studii
1827 2382 2012 2413 nullatenus
2033 2389 2254 2423 remanerent3
2280 2389 2314 2415 ut

1313 2445 1382 2479 post
1397 2447 1507 2469 eorum
1530 2446 1701 2472 recessum,
1719 2436 1804 2466 infra
1820 2436 1927 2466 decem
1944 2445 2105 2467 annorum
2121 2438 2259 2476 spatium
2278 2438 2321 2468 ad

1313 2494 1413 2533 ipsius
1434 2492 1568 2523 civitatis
1584 2491 1725 2521 studium
1747 2499 1811 2520 non
1830 2490 1992 2527 redirent,
2012 2499 2116 2530 neque
2139 2499 2235 2531 super
2257 2491 2321 2522 hiis

1313 2547 1584 2587 dispensationem
1601 2553 1654 2584 per
1676 2553 1709 2573 se
1730 2543 1779 2573 vel
1797 2552 1853 2582 per
1873 2543 1974 2573 alium
1996 2548 2051 2573 aut
2072 2543 2150 2574 alios
2165 2544 2320 2583 impetra-

1314 2606 1394 2639 rent,
1410 2609 1468 2631 000
1484 2608 1520 2630 03
1535 2602 1711 2634 uterentur,
1726 2597 1751 2627 si
1769 2597 1967 2635 contingeret
1979 2597 2068 2627 illam
2083 2597 2124 2628 ab
2137 2597 2202 2628 alio
2215 2598 2322 2638 impe-

1315 2655 1400 2686 trari.
1419 2655 1523 2690 Quare
1537 2652 1597 2682 fuit
1614 2651 1704 2681 nobis
1720 2660 1755 2681 ex
1774 2654 1860 2689 parte
1876 2650 2008 2689 predicti
2021 2651 2201 2681 communis
2217 2650 2323 2681 humi-

1312 2710 1384 2740 liter
1409 2707 1642 2747 supplicatum,
1669 2709 1703 2735 nt
1728 2713 1801 2734 cum
1823 2704 1989 2743 petitiones
2010 2703 2078 2743 ipse
2107 2711 2172 2734 non
2201 2704 2322 2735 suerint.

1312 2761 1501 2801 adimplete,
1519 2760 1702 2797 dictumque
1715 2759 1937 2797 juramentum
1957 2757 2083 2787 incaute
2102 2757 2271 2796 prestitum
2290 2761 2322 2788 et

1311 2817 1419 2846 minus
1435 2815 1520 2844 licite
1539 2813 1701 2849 videatur,
1721 2815 1751 2841 et
1768 2821 1804 2841 ex
1827 2811 1968 2841 discessu
1986 2810 2201 2849 predictorum
2222 2811 2319 2842 ultra-

1310 2873 1537 2899 montanorum
1559 2866 1728 2896 scolarium
1741 2888 1749 2903 ,
1765 2865 1792 2894 si
1809 2864 1918 2901 fieret,
1938 2863 1977 2894 de
1992 2863 2119 2894 civitate
2134 2863 2204 2902 ipsa
2216 2887 2223 2900 ‚
2243 2872 2320 2896 nos-

1310 2927 1399 2953 catur
1421 2926 1485 2952 tam
1509 2920 1674 2951 communi
1696 2927 1793 2958 quam
1817 2917 1937 2948 civitati
1960 2916 2108 2956 predictis
2131 2926 2230 2956 grave
2250 2917 2318 2948 dis·

1312 2975 1467 3015 pendium
1487 2974 1680 3009 imminere,
1699 2972 1865 3012 presertim
1886 2979 1959 3001 cum
1982 2979 2018 3000 ex
2040 2971 2100 3001 hoc
2121 2970 2212 3002 facile
2228 2972 2321 3012 sequi

1312 3029 1408 3068 possit
1424 3026 1588 3058 dissolutio
1604 3026 1700 3056 studii
1714 3025 1872 3062 Paduani,
1887 3033 1983 3063 qnam
2002 3032 2066 3054 non
2082 3028 2166 3055 esset
2182 3023 2319 3056 dubium
