2477 3637
210 360 269 391 216
959 357 1196 388 REGISTRES
1218 358 1273 388 DE
1294 357 1478 388 NICOLAS
1502 357 1557 387 IV.

215 451 234 458 ..
251 427 357 458 abbati
374 425 558 456 monasterii
575 424 805 463 Moysiaceusis
818 447 825 461 ‚
842 423 1065 454 Cluniacensis
1083 424 1216 461 ordinis,

213 480 419 511 Catureensis
443 478 578 508 diocesis
592 502 598 515 ,
616 486 672 516 per
686 477 766 506 alias
781 481 906 507 nostras
922 476 1044 507 litteras
1061 478 1119 507 snb
1135 482 1219 508 certa

212 533 315 564 forma
332 532 565 563 committimus
581 534 614 560 ut
631 530 703 560 illos
722 531 776 569 qni
793 538 849 568 pro
873 539 909 560 eo
924 531 1007 570 quod
1032 530 1109 561 olim
1126 531 1220 561 Petro

213 586 376 625 quondam
393 586 459 622 regi
475 585 675 621 Aragonum,
694 583 743 613 vel
760 583 905 619 Alfonso,
923 588 997 614 nato
1015 585 1095 623 ejus,
1110 588 1220 614 contra

211 640 296 670 clare
314 638 465 668 memorie
489 637 688 676 Philippum,
706 641 828 676 patrem
845 642 947 674 tuum,
967 642 994 667 te
1018 638 1066 668 vel
1090 639 1219 668 carissi-

211 701 301 722 mum
312 693 344 721 in
357 691 481 721 Christo
493 690 597 720 [ilium
613 695 756 721 nostrum
770 691 817 727 (J.²
835 691 998 729 Aragonie
1011 700 1120 729 regem
1132 691 1219 721 illus-

212 750 291 775 trem
305 768 313 782 ,
333 753 523 783 germanum
541 748 643 782 tuum,
663 749 929 783 presumpserunt
945 745 1091 774 assistere
1103 769 1110 781 ,
1131 754 1220 784 pres·

212 799 306 829 tando
323 799 367 828 eis
384 798 539 828 auxilium
555 823 561 835 ,
579 798 752 828 consilinm
767 798 816 828 vel
828 798 970 829 favorem
986 799 1151 838 publicum
1167 799 1219 830 vel

210 852 388 889 occultum,
417 852 758 882 excommunicationis
789 852 965 882 sententias
990 853 1218 891 incurrerunt,

210 906 250 936 ab
269 905 455 945 hujusmodi
478 905 646 935 sententiis
660 928 669 943 ‚
692 906 718 935 si
741 905 781 935 ad
798 905 930 935 ecclesie
945 906 1094 936 mandata
1113 906 1217 936 redie-

212 960 294 993 rint,
313 959 476 989 absolvere
494 959 640 996 valeant,
658 959 804 998 injuncta
821 960 866 989 eis
882 960 967 998 quod
985 960 1023 990 de
1035 960 1109 999 jure
1125 960 1220 990 suerit

209 1013 464 1052 injungendum,
490 1013 565 1052 qui,
591 1013 617 1042 si
643 1013 772 1052 pristini
790 1017 894 1043 reatus
914 1013 1039 1043 macula
1056 1022 1089 1043 se
1107 1013 1218 1043 iterato

209 1066 408 1103 fedaverint,
426 1066 460 1095 in
486 1065 611 1095 similes
629 1066 698 1105 ipso
718 1066 799 1096 facto
822 1066 996 1095 sententias
1020 1066 1215 1096 relabantur.

211 1120 312 1159 Super
336 1119 542 1149 matrimonio
576 1124 719 1158 preterea
756 1119 977 1149 contrahendo
1003 1119 1088 1149 inter
1116 1119 1218 1148 filiam

209 1173 369 1204 carissimi
392 1173 425 1202 in
451 1172 578 1203 Christo
594 1172 652 1202 filii
670 1173 770 1203 nostri
797 1173 831 1202 E.
847 1197 854 1211 ,
881 1173 964 1211 regis
987 1173 1105 1211 Anglie
1125 1173 1217 1203 illus-

209 1228 286 1262 tris,
313 1232 343 1257 et
368 1226 548 1265 predictum
577 1226 765 1263 Alsonsum,
793 1227 888 1257 rebus
911 1236 943 1256 se
968 1226 1160 1256 habentibus
1185 1231 1220 1256 ut

209 1289 296 1311 nunc
325 1280 443 1310 habent
456 1303 464 1317 ,
495 1288 559 1309 non
590 1279 792 1310 intendimus
822 1279 1019 1318 dispensare.
1051 1279 1153 1318 Super
1182 1288 1218 1310 eo

209 1334 302 1363 etiam
320 1333 405 1372 quod
421 1342 476 1372 per
498 1333 652 1371 sepefatos
673 1333 804 1362 nuntios
820 1333 939 1371 petiisti
962 1333 1046 1362 circa
1065 1341 1218 1371 expensas

207 1387 304 1417 factas
320 1395 375 1425 per
391 1386 531 1416 eundem
556 1386 734 1424 genitorem
758 1390 787 1415 et
805 1390 832 1415 te
849 1386 954 1425 ipsum
974 1386 1013 1415 ad
1032 1386 1218 1416 custodien-

207 1439 283 1469 dum
300 1439 467 1469 residuum
485 1440 582 1469 Terre
603 1439 718 1469 Sancte
734 1439 819 1478 quod
840 1439 1069 1469 christianitati
1085 1449 1216 1471 reman-

207 1494 248 1524 sit
262 1517 268 1529 ‚
288 1502 342 1531 pro
362 1493 479 1532 quibus
497 1492 702 1523 medietatem
719 1492 843 1523 decime
860 1493 955 1532 primi
972 1494 1053 1523 anni
1069 1494 1217 1533 deputate

206 1547 412 1577 subventioni
440 1551 520 1577 terre
546 1546 702 1585 predicte,
724 1547 757 1576 in
783 1547 876 1576 terris
900 1547 1151 1578 christianorum
1181 1548 1215 1578 in

206 1601 322 1640 quihus
339 1609 404 1630 non
420 1600 525 1630 fuerat
542 1600 667 1630 decima
686 1600 790 1630 eidem
814 1602 951 1638 genitori
971 1606 1022 1631 tuo
1048 1610 1215 1639 concessa,

207 1654 298 1684 sedes
311 1653 483 1692 apostolica
506 1662 575 1683 esse
595 1653 695 1684 voluit
710 1653 899 1692 obligatam,
922 1663 994 1684 cnm
1018 1655 1130 1685 eadem
1150 1665 1218 1686 me-

204 1707 305 1737 dietas
329 1716 394 1738 non
421 1707 559 1737 sufficiat
581 1707 621 1737 ad
642 1707 904 1737 satisfaciendum
924 1708 983 1737 tibi
1008 1708 1047 1738 de
1066 1709 1217 1747 predictis

205 1761 351 1800 expensis
368 1785 374 1797 ‚
401 1760 573 1799 apostolice
593 1760 787 1799 provisionis
803 1761 983 1791 remedium
999 1761 1161 1799 adhiberi,
1179 1773 1216 1794 ea

205 1814 376 1852 diligentia
391 1813 591 1844 intendimus
607 1814 787 1853 providere,
805 1814 890 1853 quod
909 1814 974 1850 tihi,
988 1820 1079 1854 prout
1094 1816 1216 1855 justum

204 1867 311 1904 fuerit,
328 1867 471 1898 satisfiet.
488 1868 625 1897 Litteras
638 1872 744 1897 autem
761 1877 856 1907 super
865 1869 1080 1899 concessionis
1092 1870 1216 1901 decime

205 1921 306 1960 ipsius
324 1921 509 1951 executione
525 1920 663 1960 aliisque
685 1921 867 1960 premissis,
892 1926 926 1951 ut
948 1922 1095 1953 vidimus
1118 1932 1215 1962 nego-

205 1975 248 2005 tio
262 1975 421 2015 expedire,
441 1976 612 2012 confectas,
630 1985 686 2014 per
704 1976 831 2006 eosdem
851 1977 981 2007 nuntios
998 1978 1098 2016 regali
1112 1978 1215 2009 excel-

203 2028 301 2059 lentie
317 2028 529 2059 destinamus.
549 2030 620 2059 Dat.
641 2030 759 2066 Reate,
780 2039 826 2059 1111
844 2029 998 2061 kalendas
1012 2031 1088 2070 julii
1105 2056 1111 2069 ‚
1128 2041 1215 2063 anno

204 2082 354 2113 secundo.
376 2094 390 2108 ι)

278 2263 393 2292 1006
822 2264 899 2291 Rieti
911 2285 918 2296 ,
935 2264 968 2292 30
980 2266 1044 2300 juin
1064 2266 1142 2294 1289.

240 2325 283 2352 De
299 2326 399 2352 eodem
417 2327 542 2361 negotio.
560 2326 641 2360 (Rea.
660 2326 708 2359 44,
726 2335 751 2354 c.
767 2327 834 2359 ι263,
852 2327 872 2354 f.
891 2328 940 2354 165
957 2330 1004 2361 1¹⁰.)

250 2429 420 2458 Venerabili
434 2430 532 2465 fratri
550 2452 569 2458 ..
588 2430 722 2468 episcopo
739 2430 955 2460 Aurelianensi
971 2435 996 2460 et
1013 2432 1129 2462 dilectis
1139 2433 1216 2470 filiis

205 2505 226 2512 ..
254 2483 355 2512 abbati
381 2484 560 2512 monasterii
586 2484 811 2520 Moysiacensz's,
842 2484 1052 2514 Cluniacenst‘s
1077 2487 1212 2522 ordinis,

205 2536 397 2565 Calurcensis
419 2535 557 2573 diocesis,
576 2536 708 2565 mandat
724 2536 845 2566 litteras
860 2536 899 2566 de
923 2537 1042 2577 quibus
1063 2538 1099 2568 in
1121 2530 1213 2578 supe-

203 2588 281 2619 riori
299 2589 335 2618 fit
349 2589 481 2619 mentio.

246 2653 259 2669 α
277 2642 479 2672 Presentium
492 2642 580 2673 vobis
595 2643 822 2674 auctoritate...
839 2660 878 2665 —
894 2643 966 2674 Dat.
986 2644 1100 2683 Reate,
1119 2655 1140 2675 11
1156 2645 1214 2676 ka-

205 2695 315 2725 lendas
327 2695 402 2735 julii
415 2720 422 2733 ‚
441 2704 528 2726 anno
543 2696 694 2727 secundo.
715 2707 728 2723 ι)

279 2874 393 2902 1⁰⁰7
830 2876 922 2910 Rieti,
941 2877 973 2904 30
986 2878 1050 2912 juin
1063 2878 1141 2906 1289.

243 2936 284 2963 Dc
300 2937 399 2963 codem
418 2939 541 2972 negotio.
561 2939 642 2966 tReo.
659 2940 690 2966 44
705 2962 710 2971 ,
727 2948 752 2967 c.
772 2940 837 2972 ⁵264,
855 2940 872 2967 f.
893 2940 942 2967 165
959 2942 1005 2973 ro.)

252 3040 474 3070 Venerabilibus
491 3042 640 3077 fratribus
662 3065 681 3072 ..
703 3043 933 3081 nochomaqensi
949 3044 1170 3083 archiepiscopo
1185 3050 1212 3075 et

1303 426 1435 462 episcopo
1457 424 1710 453 Autisiodorensi.
1738 434 1752 449 (ι
1780 422 1861 452 Cum
1884 423 2135 455 sollicitudinem
2160 425 2311 464 exigendi

1302 478 1460 507 decimam
1482 485 1537 516 pro
1565 476 1708 506 subsidio
1735 477 1854 514 negotii
1879 478 2080 515 Aragonie...
2110 478 2257 509 volumus
2281 484 2311 511 et

1302 531 1391 561 vobis
1410 531 1603 569 presentium
1623 530 1811 560 auctoritate
1830 530 2036 561 concedimus
2053 535 2086 561 ut
2103 540 2158 562 vos
2175 536 2205 562 et
2222 537 2307 564 uter-

1302 594 1363 624 que
1380 588 1521 614 vestrum
1533 607 1541 620 ‚
1560 593 1615 623 per
1631 592 1686 614 vos
1702 588 1757 613 aut
1772 593 1827 622 per
1845 584 1939 621 alios,
1961 593 2073 615 omnes
2093 584 2166 615 illos
2183 585 2239 624 qui
2254 595 2310 625 pro

1303 638 1515 668 retardatione
1536 637 1707 667 solutionis
1733 637 1837 676 ipsius
1859 637 1995 675 decime,
2014 638 2063 668 vel
2080 639 2312 678 impedimento

1302 691 1365 722 alio
1383 691 1511 729 prestito
1526 700 1620 730 snper
1636 700 1687 728 ea,
1703 699 1759 720 seu
1775 690 1854 721 alias
1870 695 1980 721 contra
1995 682 2203 722 comm'issum
2222 692 2310 724 vohis

1303 746 1445 775 osticium
1471 744 1668 779 excedendo,
1701 745 2041 775 excommunicationis
2055 768 2064 783 ,
2092 745 2310 784 suspensionis
2326 768 2329 775 .

1302 798 1352 829 vel
1379 798 1540 828 interdicti
1559 798 1732 828 sententiis
1748 798 1873 828 involvi
1889 799 2070 837 contigerit,
2090 799 2226 838 possim,
2242 802 2312 838 post

1302 852 1551 881 satisfactionem
1568 851 1780 889 condignam.
1794 851 1885 890 juxta
1901 851 2032 881 ecclesie
2049 852 2186 882 sormam
2203 851 2310 883 absol·

1302 915 1375 935 vere
1387 930 1393 941 ,
1407 909 1437 935 et
1452 914 1524 935 cum
1539 905 1601 941 eis,
1619 904 1647 934 si
1660 904 1767 934 clerici
1781 904 1903 934 suerint
1919 904 2309 944 etsusceperintordines‚

1302 958 1352 988 vel
1370 960 1404 988 in
1421 959 1466 988 eis
1483 958 1739 988 ministraverint
1751 962 1806 987 aut
1819 957 1929 987 divina
1944 957 2178 988 celebraverint
2193 957 2308 996 officia,
2328 947 2330 950 ,

1302 1011 1352 1041 vel
1369 1020 1402 1041 se
1420 1011 1487 1041 illis
1504 1011 1741 1041 immiscuerint
1763 1011 1808 1040 sic
1826 1010 1923 1049 legati
1938 1035 1944 1048 ‚
1963 1019 2059 1050 super
2074 1011 2311 1050 irregularitate

1301 1075 1398 1104 quam
1414 1065 1528 1096 exinde
1544 1066 1760 1096 contraxerint
1777 1065 2026 1095 misericorditer
2041 1065 2237 1104 dispensare.
2254 1065 2311 1096 In-

1299 1120 1410 1158 jnncto
1429 1120 1475 1149 eis
1491 1119 1575 1158 quod
1593 1120 1631 1149 de
1644 1120 1718 1159 jure
1732 1120 1828 1149 suerit
1842 1119 2094 1158 injungendum.
2112 1119 2182 1150 Dat.
2199 1119 2309 1156 Reate,

1302 1182 1323 1202 11
1342 1171 1496 1203 kalendas
1510 1173 1585 1212 julii
1601 1197 1607 1210 ‚
1624 1182 1710 1203 anno
1726 1172 1877 1203 secundo.
1896 1185 1908 1200 n

1375 1360 1491 1389 loos
1930 1360 2017 1391 Ricti,
2036 1360 2069 1387 30
2082 1360 2146 1395 juin
2161 1359 2240 1388 1289.

1337 1423 1380 1450 De
1396 1423 1496 1450 eodem
1515 1424 1641 1459 negotio.
1659 1423 1743 1457 (Rso.
1760 1423 1808 1458 44,
1827 1432 1851 1450 c.
1869 1423 1935 1457 265,
1953 1424 1972 1451 s.
1991 1424 2041 1451 165
2058 1424 2107 1456 ro.)

1340 1527 1470 1556 Eisdem.
1491 1537 1503 1553 ιι
1534 1525 1689 1556 Gerentes
1709 1525 1748 1555 de
1766 1529 1869 1555 vestre
1884 1525 2178 1564 circumspectionis
2197 1525 2329 1557 indus-.

1301 1580 1397 1611 tria...
1425 1579 1621 1609 fraternitati
1641 1584 1745 1609 vestre
1771 1588 1826 1618 per
1850 1579 2021 1618 apostolica
2039 1579 2155 1619 scripta
2169 1579 2312 1610 districte

1299 1633 1505 1673 precipiendo
1519 1633 1711 1663 mandamus
1723 1637 1880 1672 quatenus
1893 1633 1932 1662 ad
1946 1633 2132 1672 hujusmodi
2144 1632 2310 1671 negotium

1301 1689 1526 1726 exequendum
1549 1686 1683 1717 clericos
1699 1686 1858 1716 seculares
1874 1695 1932 1716 seu
1948 1685 2114 1724 religiosos
2132 1686 2183 1716 vel
2199 1685 2308 1725 laicos,
2327 1723 2331 1726 ⁴

1300 1742 1338 1771 de
1355 1741 1486 1780 predicti
1502 1741 1586 1778 regis
1598 1739 1722 1769 familia
1738 1740 1920 1775 existentes,
1933 1743 2217 1779 autquoscumque
2229 1739 2317 1770 alios.

1299 1794 1414 1831 laicos,
1435 1795 1667 1833 cujuscumque
1687 1793 1882 1823 conditionis
1898 1796 1953 1823 aut
1968 1796 2068 1822 status
2091 1793 2247 1829 existant,
2269 1801 2312 1824 ne

1299 1857 1355 1888 per
1373 1857 1507 1878 manum
1530 1847 1645 1877 laicam
1669 1847 1813 1880 executio
1838 1847 1907 1886 ipsa
1929 1846 2094 1885 procedat,
2123 1846 2310 1878 nullatenus

1299 1902 1476 1932 admittatis
1490 1925 1497 1938 ,
1517 1901 1582 1931 nisi
1609 1909 1674 1931 non
1700 1900 1861 1931 solvendis
1883 1900 2087 1930 contumacia
2109 1900 2159 1930 vel
2178 1899 2311 1932 rebellio

1301 1956 1372 1986 talis
1388 1965 1424 1986 ac
1443 1959 1529 1985 tanta
1546 1955 1650 1988 fuerit,
1670 1954 1755 1993 quod
1765 1954 1880 1984 merito
1895 1958 2006 1984 contra
2021 1963 2108 1990 eum,
2125 1953 2208 1984 sicut
2220 1953 2310 1984 fieret

1300 2010 1334 2039 in
1360 2010 1435 2040 aliis
1457 2009 1584 2039 casibus
1609 2018 1664 2038 seu
1682 2009 1837 2046 negotiis,
1856 2012 1983 2046 propter
2003 2007 2215 2038 ecclesiastice
2233 2015 2309 2038 cen-

1300 2073 1374 2095 sure
1383 2067 1614 2102 contemptum,
1631 2062 1773 2092 invocari
1788 2062 1900 2092 debeat
1914 2061 2072 2092 auxilium
2084 2061 2208 2092 brachii
2223 2070 2310 2092 secu·

1301 2117 1396 2155 laris,
1414 2118 1439 2147 si
1458 2117 1622 2147 occasione
1638 2116 1835 2146 executionis
1853 2115 2040 2155 hujusmodi
2060 2115 2193 2152 calices,
2215 2115 2306 2154 libri,

1299 2175 1488 2202 ornamenta
1503 2180 1539 2200 ac
1552 2175 1655 2200 cetera
1673 2169 1896 2200 ecclesiasticis
1917 2169 2033 2199 officiis
2058 2169 2208 2208 deputata
2233 2177 2308 2208 quo-

1298 2224 1472 2255 modolibet
1487 2227 1702 2254 assumantur.
1724 2223 1775 2253 Sic
1791 2223 1899 2262 itaque
1915 2223 1949 2252 in
1969 2223 2028 2252 hac
2042 2226 2130 2262 parte
2145 2222 2306 2253 mandatis

1298 2278 1480 2318 apostolicis
1496 2277 1667 2307 efficaciter
1684 2285 1794 2315 parere
1810 2276 1927 2306 curetis
1939 2299 1947 2313 ‚
1966 2280 2000 2306 ut
2018 2275 2224 2306 devotionem
2239 2283 2310 2306 ves-

1299 2337 1380 2362 tram
1399 2331 1514 2361 exinde
1533 2339 1598 2361 non
1620 2330 1782 2360 immerito
1797 2329 2071 2359 commendemus.
2093 2328 2165 2359 Dat.
2185 2328 2305 2367 Reate,
2348 2342 2352 2347 -

1298 2395 1318 2415 11
1335 2385 1489 2415 kalendas
1501 2384 1596 2424 julii,
1612 2392 1698 2414 anno
1714 2383 1865 2413 secundo.
1887 2394 1900 2410 n

1372 2558 1486 2587 1⁰09
1902 2555 1997 2586 Rieti.
2016 2556 2031 2583 7
2044 2555 2140 2590 juillet
2156 2555 2234 2584 1289.

1333 2621 1376 2648 De
1392 2620 1492 2648 eodem
1515 2620 1640 2655 negotio.
1661 2619 1744 2654 (Rso.
1769 2619 1816 2653 44,
1841 2627 1867 2646 c.
1892 2618 1964 2650 266.
1990 2619 2010 2646 f.
2040 2617 2090 2646 165
2115 2625 2157 2652 ¹¹⁰3
2187 2617 2304 2650 Poma„

1296 2670 1406 2702 22996.)

1343 2779 1567 2809 Venerabilibus
1583 2779 1734 2815 fratribus
1750 2800 1770 2807 ..
1794 2778 2017 2816 archiepiscopo
2033 2776 2264 2815 Rothomaqensi
2278 2780 2304 2806 et
2347 2814 2358 2820 ,

1299 2856 1318 2863 ..
1338 2833 1580 2863 Autise'oclorenst'
1600 2833 1743 2870 episcopo.
1770 2843 1783 2858 α
1809 2830 1893 2861 Cum
1913 2830 2073 2861 decimam
2091 2829 2237 2860 omnium
2253 2836 2304 2859 ec-

1297 2886 1547 2916 clesiasticorum
1562 2890 1774 2924 proventuum
1789 2889 1820 2915 et
1835 2884 2020 2915 reddituum
2035 2883 2071 2913 in
2087 2891 2187 2922 regno
2202 2882 2303 2912 Fran-

1296 2939 1344 2970 cie
1360 2940 1439 2969 acin
1456 2939 1676 2977 Lugdunensi‚
1694 2938 1872 2969 Viennensi
1887 2942 1917 2968 et
1933 2937 2106 2968 Bisuntina
2122 2935 2302 2976 provintiis,

1297 3002 1421 3023 necnon
1446 2998 1475 3023 et
1491 2993 1525 3022 in
1548 2993 1790 3030 Cameracensi,
1811 2991 1995 3029 Leodiensi,
2014 2991 2167 3027 Metensi‚
2184 2989 2301 3020 virdu-

1295 3047 1389 3077 nensi
1409 3052 1439 3076 et
1455 3046 1599 3076 Tullensi
1616 3046 1799 3077 civitatibus
1820 3049 1851 3076 et
1875 3044 2068 3081 diocesibus‚
2088 3043 2252 3074 carissimo
2266 3043 2301 3072 in
