2477 3637
224 364 281 393 234
971 352 1205 385 REGISTRES
1228 353 1283 383 DE
1305 350 1489 382 NICOLAS
1513 351 1569 380 IV.

299 430 319 457 Ι
330 430 414 458 ¹¹5
825 421 912 453 Rieu,
929 420 1067 455 stvjuinet
1083 419 1157 447 1289.

259 492 386 519 Licentia
405 488 526 516 habendi
542 487 737 514 confessorem
761 484 918 520 proprium.
939 482 1021 517 (Rau.
1038 483 1070 510 44
1082 505 1088 514 ,
1107 491 1134 509 c.
1152 482 1228 513 333²,

224 543 242 569 f.
263 541 311 568 178
324 542 370 572 ιὀ.)

264 642 377 672 Eidem.

264 708 278 722 «
297 695 469 724 Personam
487 697 572 722 tuam
589 690 806 735 sincera...'-
824 689 896 719 Dat.
913 692 947 717 ut
965 695 1070 726 supra.
1095 698 1108 712 n

296 869 316 896 1
328 870 347 897 1
359 868 415 896 ¹6
822 862 906 893 Rieu,
923 861 957 888 23
970 861 1065 896 juillet
1082 859 1159 887 1289.

256 931 416 959 Translatio
426 929 592 956 monasterii
602 928 637 954 de
649 928 801 954 Stanlawe.
814 926 897 959 (Rea.
916 925 960 956 44,
972 932 997 951 c.
1016 924 1076 957 334,
1095 923 1113 950 f.
1130 922 1177 950 178
1190 927 1230 954 r⁰;

224 981 341 1013 Por-ru„
357 979 467 1012 23016.)

263 1084 382 1113 Dilcclis
398 1082 470 1119 filiis
485 1103 504 1111 ..
522 1079 620 1110 abbati
639 1084 666 1108 et
681 1079 842 1109 conventui
860 1076 1040 1106 monasterii
1056 1075 1122 1104 Loci
1145 1075 1232 1103 bene-

224 1138 298 1167 dicei
321 1137 356 1166 de
382 1134 550 1169 Slanlawe,
579 1133 782 1163 Cisterct'ensis
804 1131 932 1165 ordinis,
953 1129 1183 1159 Conventrensts
1205 1132 1232 1156 et

223 1190 449 1227 Licheseldensis
480 1189 604 1218 diocesis
616 1211 623 1223 ,
654 1186 694 1216 ad
725 1184 989 1224 supplicationem
1017 1182 1136 1212 nobilis
1169 1180 1233 1210 viri

224 1244 356 1274 Heni-ici
372 1243 410 1272 de
432 1243 550 1281 Lascy,
570 1240 695 1270 comitis
722 1237 957 1269 Lincolniensis
970 1260 978 1274 ,
995 1235 1121 1275 patroni
1145 1234 1233 1273 ejus-

223 1297 296 1327 dem
336 1295 538 1330 monasterii,
579 1293 745 1324 ecclesiam
784 1292 822 1321 de
860 1289 1052 1328 Whalleya,
1086 1287 1232 1327 ejusdem

223 1351 395 1385 dioecesis,
415 1350 447 1379 iu
464 1358 526 1387 qna
542 1348 628 1377 idem
644 1355 750 1376 comes
762 1346 834 1384 jnra
848 1353 906 1374 sua
921 1342 1113 1373 monasterio
1129 1340 1231 1378 dedit,

222 1413 400 1442 omnesque
430 1403 646 1441 possessiones
671 1401 740 1438 eJ'us
765 1404 795 1428 et
823 1397 989 1428 licentiam
1018 1394 1233 1426 transferendi

223 1457 455 1488 monasterium
478 1455 516 1485 de
539 1454 606 1484 loco
629 1454 684 1492 qni
713 1453 830 1482 dicitur
856 1452 958 1481 Locus
982 1449 1169 1480 benedictus
1195 1447 1234 1478 de

224 1510 402 1546 Stanlawe,
419 1510 453 1539 iu
471 1509 562 1547 eujus
577 1507 715 1537 officinis
731 1505 871 1536 interdiu
890 1513 992 1543 usque
1007 1503 1047 1534 ad
1066 1503 1162 1532 trium
1179 1511 1233 1541 pe-

224 1565 300 1595 dum
315 1562 520 1593 altitudinem
536 1570 638 1600 aquae
654 1560 753 1590 maris
771 1558 968 1596 colliguntur
981 1582 988 1595 ‚
1003 1557 1037 1586 in
1054 1556 1163 1587 locum
1179 1555 1234 1586 uhi

224 1623 270 1648 est
284 1617 416 1648 ecclesia
433 1616 471 1646 de
492 1614 674 1653 Wballeya,
693 1613 850 1644 concedit.

269 1684 282 1699 ‹
298 1671 430 1702 Ordinis
447 1669 542 1700 vestri
558 1677 685 1698 sacra...
703 1684 741 1690 —
756 1667 827 1696 Dat.
843 1667 959 1703 Reate,
977 1674 995 1694 x
1011 1663 1165 1694 kalendas
1182 1671 1236 1693 au-

225 1725 322 1763 gusti,
339 1732 424 1754 auno
440 1723 588 1754 secundo.
611 1734 624 1748 >1

301 1911 418 1941 111⁵?
847 1906 933 1938 Rieti,
953 1907 984 1933 17
1002 1907 1067 1941 juin
1085 1905 1163 1932 1289.

263 1974 356 2001 Causa
373 1975 446 2001 inter
464 1972 619 1999 Blancham
636 1971 671 1997 de
687 1970 862 2005 Mai-igniaco
878 1973 906 1996 et
922 1969 1056 2004 Aelydim
1072 1967 1106 1994 de
1122 1967 1236 1994 Monte—

229 2024 303 2058 reul,
321 2023 484 2050 abbatissas
500 2020 666 2047 monasterii
681 2019 777 2046 Sancti
795 2018 938 2045 Johannis
956 2017 1100 2044 Eduensis
1117 2017 1234 2044 electas.

231 2074 313 2104 (Rea.
329 2073 378 2107 44,
395 2081 420 2099 c.
439 2072 506 2103 335,
524 2071 543 2097 f.
565 2071 612 2098 178
628 2071 680 2114 ΥΟ.)

271 2176 388 2205 Diteceis
403 2175 476 2212 filiis
493 2197 513 2204 ..
531 2175 641 2203 decano
658 2172 855 2210 Linyonensis
871 2180 905 2201 ac
930 2193 949 2200 ..
977 2171 1192 2200 archidiacono
1210 2174 1236 2199 et

230 2230 363 2260 (luidoni
392 2229 426 2257 de
453 2228 655 2263 Castronovo,
681 2227 826 2255 canonico
858 2226 1004 2254 Eduensis
1030 2223 1234 2254 ecclesiarum.

229 2282 316 2313 Olim
335 2286 464 2312 vacante
476 2280 671 2311 monasterio
685 2279 794 2309 Sancti
809 2279 971 2309 Johannis
985 2277 1138 2315 Edueusi,
1151 2277 1236 2308 ordi-

229 2337 280 2366 nis
299 2336 408 2366 Sancti
430 2334 608 2371 Benedicti,
627 2333 770 2364 Blaucha
785 2332 825 2362 de
843 2332 1040 2371 Marigniaco
1057 2335 1087 2361 et
1103 2330 1237 2370 Aelydis

229 2390 268 2420 de
293 2388 491 2425 Monterenl,
519 2388 621 2427 ipsius
645 2386 831 2417 monasterii
857 2385 1034 2422 moniales,
1059 2385 1238 2415 abbatissae

231 2443 349 2474 electae
365 2443 516 2478 fuerunt;
534 2441 588 2472 sed
606 2442 692 2471 inter
706 2440 840 2471 eandem
858 2439 1053 2482 Blancham,
1073 2439 1236 2477 Margare-

231 2503 306 2532 tam,
324 2497 489 2527 sacristam
501 2519 509 2533 ‚
525 2500 556 2525 et
571 2494 689 2525 Yolent
704 2494 744 2524 de
760 2494 930 2533 OygneyQ
948 2493 1094 2532 ejusdem
1108 2501 1238 2523 monas-

233 2551 304 2581 terii
322 2549 488 2585 moniales,
507 2548 656 2579 electioni
676 2547 838 2578 Blancbae
854 2547 1075 2581 adhaerenteS,
1096 2555 1133 2576 ex
1150 2549 1238 2585 parte

232 2614 311 2641 nna,
332 2608 362 2633 et
389 2603 583 2642 praedictam
611 2601 785 2640 Aelydim,
810 2600 984 2631 Adelinam
1011 2600 1051 2630 de
1075 2600 1236 2638 Rocheta‚

231 2658 425 2698 priorissam,
445 2661 475 2687 et
492 2657 682 2686 Katerinam
699 2655 737 2685 de
756 2654 947 2691 Monterenl,
966 2654 1151 2684 monasterii
1168 2662 1237 2684 mo-

233 2711 350 2749 niales,
378 2711 515 2750 Aelydis
539 2710 686 2740 electioni
711 2709 939 2746 adhaerentes,
967 2718 1003 2738 ex
1028 2708 1144 2745 altera,
1170 2713 1238 2738 orta

232 2766 435 2804 quaestione,
458 2767 487 2795 et
509 2773 604 2794 causa
625 2763 707 2802 apud
725 2763 834 2793 sedem
851 2762 1054 2801 apostolicam
1071 2761 1234 2798 devoluta,

234 2819 397 2848 Honorius
415 2827 492 2857 papa
509 2818 575 2848 1111
593 2816 797 2854 Gaufridum,
816 2815 900 2846 tituli
918 2815 1053 2846 Sanctae
1070 2815 1238 2846 Susannae

233 2871 452 2910 presbyterum
494 2870 705 2908 cardinalem,
744 2870 886 2909 partibus
921 2869 1100 2900 auditorem
1137 2869 1235 2900 dedit.

235 2924 439 2954 Postmodum
450 2948 457 2960 ,
486 2924 618 2954 mortuis
652 2924 794 2954 Honorio
821 2927 852 2954 et
879 2923 1049 2959 Gausrido,
1084 2922 1237 2954 Nicolaus

235 2986 314 3016 papa
327 2977 374 3009 L..
385 2977 566 3007 Ostiensem
583 2982 613 3007 et
630 2977 861 3007 Velletrensem
873 2977 1069 3017 episcopum,
1083 2976 1238 3007 Gaufrido

236 3030 269 3059 in
287 3039 381 3059 cansa
397 3030 599 3068 subrogavit,
618 3031 684 3067 sed,
701 3040 774 3061 cum
792 3040 846 3070 per
863 3034 1081 3070 procuratores
1097 3030 1237 3070 partium

1315 418 1430 448 veritas
1447 416 1540 456 plena
1559 424 1624 446 non
1641 415 1752 446 haberi
1772 415 1889 454 possit,
1907 424 1985 455 papa
2002 415 2170 455 praedictis
2187 415 2319 456 decano,

1313 470 1538 501 archidiacono
1549 473 1579 500 et
1591 469 1745 499 canonico
1761 469 1893 498 mandat
1908 473 2067 508 quatenus
2080 468 2207 499 easdem
2226 468 2320 500 Blan-

1313 525 1406 555 cham
1430 528 1461 553 et
1483 523 1635 562 Aelydim
1657 522 1698 552 ad
1723 522 1890 552 veritatem
1915 521 2087 552 dicendam
2109 522 2320 562 Jurejurando
2347 531 2351 533 ·

1313 577 1506 618 compellant
1526 582 1556 607 et
1571 585 1701 606 causam
1721 576 1908 606 terminent.
2366 599 2368 602 .

1355 645 1367 659 α
1391 631 1476 662 Olim
1497 629 1692 661 monasterio
1715 629 1824 659 Sancti
1842 628 2040 660 Johannis...
2055 645 2097 652 —
2114 629 2186 659 Dat.
2202 629 2319 669 Reate,
2400 627 2402 662 i

1313 695 1353 716 xv
1368 684 1522 715 kalendas
1537 683 1629 723 julii,
1649 691 1735 713 anuo
1753 681 1906 712 secundo.
1929 694 1942 709 a
2357 679 2359 681 ’
2404 677 2406 684 ’

1391 859 1410 887 Ι
1422 859 1442 886 Ι
1453 858 1550 887 18=1
1561 858 1641 886 121
1924 855 2010 887 Rieu,
2030 856 2044 882 7
2058 855 2153 890 juillet
2173 853 2251 883 1289.

1350 921 1559 956 Indulgentiae.
1576 919 1660 954 (Rso.
1676 921 1718 951 44,
1736 928 1762 946 c.
1779 918 1840 953 336,
1857 919 1876 946 f.
1895 919 1945 946 178
1961 924 2004 952 v⁰;
2023 917 2091 945 Lar.
2106 926 2142 952 nu
2155 916 2262 953 Tama,
2277 917 2330 954 11„

1317 970 1390 1004 194.)

1355 1094 1378 1103 ..
1404 1073 1503 1103 abbati
1529 1079 1555 1102 et
1579 1073 1742 1102 conventui
1770 1071 1950 1100 monasterii
1979 1071 2085 1101 Sancti
2112 1071 2266 1101 Johannis
2288 1071 2335 1106 inss

1321 1127 1420 1157 Vincis
1442 1127 1683 1162 Suessionensis,
1701 1126 1819 1155 ordinis
1834 1124 1865 1154 S.
1887 1125 2064 1163 Auqustz'ni.
2083 1123 2326 1162 Indulgentiam

1316 1180 1414 1210 unius
1429 1180 1509 1209 anni
1525 1184 1555 1209 et
1569 1189 1607 1210 in,
1631 1179 1757 1210 dierum
1774 1178 1920 1209 concedit
1935 1177 2142 1208 visitantibus
2158 1176 2330 1208 ecclesiam

1316 1233 1461 1273 ejusdem
1477 1233 1681 1270 monasterii,
1705 1233 1740 1262 in
1762 1232 1919 1263 honorem
1938 1231 1971 1262 S.
1987 1230 2150 1262 Johannis
2165 1229 2326 1270 Baptistae

1316 1291 1550 1326 constructam,
1570 1287 1606 1317 in
1626 1285 1764 1325 singulis
1787 1285 2013 1316 festivitatibus
2038 1284 2184 1324 ejusdem
2211 1271 2335 1315 sancu.'

1317 1340 1543 1378 Praesentibus
1559 1343 1628 1379 post
1645 1339 1910 1379 quinquennium
1927 1347 1992 1369 non
2009 1337 2168 1368 valituris.

1356 1406 1370 1421 α
1392 1394 1585 1424 Sanctorum
1606 1393 1731 1423 meritis
1758 1392 1907 1423 inclita...
1931 1409 1970 1414 —
1996 1392 2068 1422 Dat.
2094 1392 2211 1429 Reate,
2233 1384 2335 1423 nonis¹
2387 1423 2390 1425 .

1314 1446 1401 1487 julii,
1420 1455 1506 1478 anno
1523 1447 1672 1477 secundo.
1693 1459 1706 1474 ι)

2335 1502 2342 1518 i

1906 1527 2001 1561 Ricti,
2017 1526 2052 1554 ‘28
2065 1526 2162 1562 juillet
2178 1524 2257 1553 1289.

1358 1592 1395 1622 In
1414 1600 1441 1622 e.
1459 1600 1504 1621 m.
1525 1615 1543 1621 ..
1563 1590 1669 1620 abbati
1685 1594 1716 1620 et
1735 1589 1908 1620 conventui
1932 1589 2120 1619 monasterii
2137 1587 2247 1618 Sancti
2263 1586 2332 1618 Eli-2
2387 1614 2390 1622 ‚

1318 1645 1375 1684 gii,
1399 1644 1625 1675 Noviomensis
1647 1642 1814 1674 dioecesis.
1834 1642 1977 1673 Eandem
1992 1641 2232 1680 indulgentiam
2251 1647 2329 1672 con*

1318 1699 1401 1729 cedit
1419 1707 1474 1738 pro
1490 1697 1622 1728 ecclesia
1638 1697 1747 1728 Sancti
1764 1696 1864 1727 Blasii
1882 1695 2092 1727 Noviomensi
2107 1719 2114 1733 ,
2133 1694 2174 1724 ad
2188 1693 2332 1733 praedio-2²

1319 1757 1386 1783 tum
1411 1753 1643 1782 monasterium
1666 1751 1866 1791 pertinente,
1889 1750 1924 1779 in
1952 1758 2015 1789 qua
2038 1748 2142 1779 multa
2173 1745 2333 1778 miracula·

1318 1810 1551 1846 perpetrantur.
1568 1805 1640 1834 Dat.
1659 1805 1776 1841 Reate,
1801 1813 1820 1834 v
1840 1802 1995 1834 kalendas
2010 1801 2157 1841 angusti,
2175 1808 2262 1831 anno
2277 1808 2335 1831 se*-

1318 1860 1435 1891 cundo.
1452 1859 1513 1899 (En
1531 1858 1661 1897 mar-qe.)

2467 1347 2477 1908 -s-n--av--n—n-

1955 1936 2047 1972 Rieu,
2064 1936 2079 1964 5
2094 1936 2163 1963 aem
2179 1934 2257 1964 1289.

1359 2003 1397 2033 In
1409 2011 1436 2032 e.
1451 2011 1494 2032 m.
1510 2001 1672 2032 universis
1688 2000 1811 2031 Christi
1824 1999 1986 2036 fidelibus,
2001 2007 2057 2038 pro
2073 1998 2207 2030 ecclesia
2219 1997 2303 2030 Sanc
2317 1997 2324 2004 “

1318 2056 1473 2087 Germani
1504 2055 1542 2084 de
1572 2053 1817 2089 Vallehadonis,
1849 2053 2032 2092 Bajocensis
2067 2052 2233 2083 dioecesis.
2266 2051 2329 2085 Dat

1319 2111 1429 2147 Reate,
1449 2109 1543 2140 nonis
1558 2108 1698 2146 augusti,
1714 2115 1801 2138 anno
1817 2107 1969 2137 secundo.
1985 2106 2090 2146 (Ibid).

1930 2187 2021 2223 Rieti,
2041 2187 2080 2214 1⁸¹·
2093 2185 2255 2215 aont1289.
2286 2226 2289 2227 V
2331 2222 2335 2227 ³

1360 2254 1398 2283 In
1414 2262 1442 2283 e.
1459 2262 1503 2282 m.
1522 2251 1660 2288 eisdem,
1681 2259 1738 2290 pro
1759 2250 1892 2281 ecclesia
1915 2250 2025 2281 Sancti
2043 2249 2170 2280 Nicolai
2192 2247 2329 2287 Ambiai

1320 2306 1425 2337 neusi.
1440 2306 1510 2336 Dat.
1524 2305 1633 2341 Reate,
1646 2304 1792 2335 kalendis
1803 2303 1945 2343 augusti,
1957 2311 2044 2334 anno
2056 2302 2207 2334 secundo.
2219 2296 2328 2343 (Im.)

1394 2494 1414 2521 1
1426 2493 1446 2521 1
1455 2493 1512 2523 22
1915 2490 2003 2524 Rieti,
2019 2489 2054 2518 23
2065 2489 2162 2525 juillet
2175 2488 2256 2518 1289.

1355 2555 1540 2592 Dispensatio
1570 2563 1658 2590 super
1691 2554 1803 2582 defectu
1832 2555 1979 2582 natalium.
2005 2553 2090 2588 (Rea.
2117 2553 2166 2585 44,
2196 2561 2223 2581 e.
2255 2551 2323 2581 33⁷1

1320 2607 1339 2634 f.
1357 2606 1408 2634 179
1423 2607 1469 2638 ιὀ.)

1359 2709 1502 2746 Mayistro
1529 2707 1679 2745 stephano
1703 2707 1737 2737 de
1767 2707 1957 2745 Montiynaco
1973 2731 1980 2744 ,
2001 2707 2109 2737 clerico
2131 2705 2327 2744 Lingonenn'e,

1319 2763 1458 2798 diocesis,
1483 2769 1622 2800 quocum
1643 2761 1710 2800 jam
1741 2760 1902 2791 Honorius
1921 2760 1988 2790 1111
2015 2759 2214 2799 dispensavit
2231 2767 2268 2790 su
2312 2761 2314 2763 ’

1320 2815 1444 2845 defectu
1468 2813 1627 2844 natalium
1651 2823 1747 2853 quem
1768 2814 1901 2853 patitur,
1928 2823 1944 2844 e
1967 2813 2152 2853 presbytero
2172 2816 2204 2843 et
2223 2811 2291 2843 solu

1318 2869 1462 2907 genitus,
1481 2871 1515 2898 ut
1536 2867 1576 2897 ad
1597 2875 1711 2898 omnes
1728 2868 1857 2898 ordines
1879 2866 2059 2906 promoveri
2081 2870 2112 2897 et
2131 2853 2326 2897 beneficium

1320 2921 1582 2958 ecclesiasticum,
1603 2921 1698 2951 etiam
1714 2930 1788 2951 cum
1804 2929 1893 2958 cura,
1906 2920 2051 2951 obtinere
2066 2919 2198 2957 valeret,
2213 2907 2324 2954 rursuEJ

1319 2975 1466 3014 indulget
1489 2979 1524 3005 ut
1546 2974 1738 3013 dignitatem
1755 2983 1811 3005 seu
1827 2978 2033 3013 personatum
2045 2997 2052 3011 ,
2068 2973 2226 3012 dignitate
2239 2971 2323 3012 epi!-

1319 3028 1421 3069 copali
1437 3032 1581 3067 excepta,
1597 3028 1740 3067 accipere
1755 3028 1864 3068 possit.
