2477 3637
783 443 907 470 Ori-icio,
926 442 940 465 Γ»
958 439 1110 466 novembre
1132 438 1207 464 1:³00.

321 524 354 552 ln
384 534 409 551 e.
438 530 494 555 ni.,
522 528 575 558 pro
602 519 731 548 ecclesia
758 517 866 546 Sancti
896 514 1079 553 Maymbodi
1110 514 1148 542 de
1174 513 1281 542 Monte

281 574 481 612 Belinganlo,
503 573 691 603 Bisuutiuac
717 570 878 600 dioecesis.
910 570 978 598 Dat.
1001 568 1083 605 apud
1105 567 1281 597 Urbemve-

279 635 387 662 terem.
406 628 497 657 nouis
515 624 709 658 novembriS,
726 631 811 653 auno
830 622 930 651 tertio.
947 622 1046 657 ilbid.)

804 715 930 746 Ort-teto,
947 714 977 740 ‘21
998 713 1113 739 octobre
1134 712 1208 738 l'J‘JO.

319 798 353 825 ln
374 804 400 825 e.
415 804 471 829 m.,
486 803 538 832 pro
554 793 685 823 ecclesia
695 791 802 821 Sancti
823 789 1056 820 Bai-tholomaei
1073 788 1110 817 de
1121 787 1278 823 Cotrosso,

280 851 423 880 Lucanae
441 848 602 878 dioecesis.

318 916 330 929 α
356 902 512 941 Splendor
530 905 657 940 paterne
673 899 810 937 glorie...
828 913 866 920 —
885 898 953 926 Dat.
971 896 1052 935 apud
1072 895 1280 926 Urbemvete-

279 966 354 989 reni,
374 965 413 984 xn
435 954 587 984 kalendas
605 952 802 983 novembris.
819 959 905 980 anno
923 950 1024 979 tertio.
1046 962 1058 971 υ

348 1154 464 1184 3615
783 1150 908 1181 Ori-icto,
926 1150 940 1176 7
958 1148 1111 1175 novembre
1131 1148 1206 1174 1290.

315 1230 355 1256 l)e
371 1228 615 1255 administratione
639 1227 807 1253 Meltiteusis
830 1226 978 1253 ccclesiae.
1004 1225 1085 1258 (iti-20.
1105 1224 1150 1258 45,
1167 1232 1191 1250 c.
1211 1224 1278 1255 522,

277 1280 295 1306 f.
317 1279 363 1305 106
380 1280 426 1310 1·⁰.)

322 1408 485 1437 Venerabili
501 1407 596 1443 fratri
614 1406 657 1441 B.,
675 1407 807 1444 episcopo
826 1405 1010 1439 l'enestrino,
1029 1402 1187 1440 apostolice
1204 1403 1280 1432 sedis

277 1463 380 1498 leqato.
411 1474 422 1485 ιι
452 1459 553 1489 Habet
578 1458 709 1488 assertio
734 1457 923 1487 dilectorum
949 1456 1090 1486 filiorum
1120 1456 1280 1486 Francisci

277 1514 417 1553 Magistri
444 1513 523 1542 Kalo
547 1513 585 1542 de
612 1512 691 1542 Baro
712 1516 742 1542 et
765 1510 928 1541 Benedicti
953 1509 1088 1547 Angeli,
1113 1509 1280 1539 canonico-

277 1576 346 1596 rum
364 1566 495 1596 ecclesie
519 1565 717 1601 Melfflensis,
735 1563 818 1603 quod
840 1562 1033 1593 venerabilis
1057 1562 1153 1591 frater
1175 1566 1281 1591 noster

278 1621 327 1656 lt..
343 1620 457 1649 Sancte
474 1618 627 1648 Severine
642 1617 885 1656 arciepiscopus,
899 1616 951 1645 cui
965 1615 1280 1646 administrationem

276 1674 375 1712 ipsius
391 1672 521 1703 ecclesie
546 1672 580 1701 in
608 1670 828 1710 spiritualibus
854 1673 884 1699 et
909 1668 1135 1708 temporalibus
1162 1667 1281 1698 diceris

275 1726 487 1762 commisisse,
509 1726 541 1755 in
564 1724 749 1764 exequendo
770 1724 851 1753 dicte
869 1722 1157 1752 administrationis
1178 1721 1281 1752 officio

277 1779 443 1817 negligens
470 1782 500 1808 et
524 1778 677 1808 remissus
703 1778 861 1813 existens,
889 1785 984 1814 super
1017 1775 1224 1814 procurandis
1251 1778 1282 1804 et

277 1832 458 1863 excolendis
482 1831 749 1871 possessionibus,
770 1830 888 1866 vineis,
905 1829 1029 1859 olivetis
1050 1832 1079 1858 et
1096 1828 1168 1858 aliis
1191 1828 1281 1858 bonis

277 1886 408 1917 ecclesie
431 1885 609 1924 supradicte
637 1884 758 1913 nullam
781 1893 836 1922 per
856 1892 889 1913 se
907 1883 956 1912 vel
978 1892 1032 1921 per
1051 1882 1150 1912 alium
1171 1890 1281 1912 curam

277 1940 325 1969 vel
368 1939 618 1970 sollicitudinem
664 1937 785 1967 studuit
819 1937 993 1971 adhibere,
1032 1940 1156 1975 propter
1197 1935 1281 1974 quod

276 1992 407 2023 ecclesia
424 1993 491 2031 ipsa
516 2001 578 2022 non
602 1991 762 2021 modicum
786 1990 962 2020 incurrisse
986 1989 1162 2019 dinoscitur
1184 1988 1281 2018 detri-

276 2051 434 2075 mentum.
453 2046 603 2075 Preterea
621 2045 654 2073 in
674 2044 784 2074 eadem
802 2043 944 2079 ecclesia,
963 2042 1035 2072 licet
1052 2042 1281 2072 canonicorum

276 2108 430 2129 numerus
443 2099 474 2128 in
494 2099 559 2136 ipsa
575 2098 737 2127 sufficiens
750 2097 920 2127 haberetur
933 2104 991 2125 nec
1002 2094 1166 2125 facultates
1179 2103 1282 2124 excre-

275 2153 395 2182 vissent
417 2151 516 2188 illius,
543 2150 693 2180 undecim
723 2154 828 2180 tamen
853 2149 1022 2179 canonicos
1039 2157 1102 2178 uno
1122 2148 1172 2177 die
1189 2148 1282 2177 insti-

277 2205 347 2240 tuit,
365 2213 430 2234 non
447 2204 517 2234 siue
536 2204 710 2242 prejudicio
726 2203 858 2234 ecclesie
880 2202 1041 2242 prelibate.
1061 2202 1132 2231 Alia
1155 2210 1282 2241 quoque

275 2259 472 2289 committere
488 2258 603 2288 dicitur
621 2267 681 2297 que
699 2257 878 2287 redundare
898 2260 1073 2286 noscuntur
1090 2256 1121 2285 in
1137 2255 1281 2294 ejusdem

275 2311 405 2342 ecclesie
427 2311 632 2350 dispendium
660 2314 689 2341 et
715 2319 900 2349 gravamen.
926 2310 1008 2346 Quia
1032 2310 1128 2347 igitur
1150 2308 1234 2346 talia,
1255 2309 1281 2338 si

275 2364 417 2394 veritatis
442 2364 652 2394 amminiculo
679 2364 862 2401 foveantur,
890 2371 952 2393 non
981 2367 1056 2392 sunt
1079 2362 1281 2401 aliquatenus

275 2417 446 2453 toleranda,
466 2417 655 2447 fraternitati
679 2421 730 2447 tue
749 2426 803 2456 per
824 2415 994 2455 apostolica
1015 2416 1131 2454 scripta
1146 2415 1280 2446 manda-

273 2480 346 2501 mus
371 2471 522 2510 quatinus
547 2480 641 2509 super
669 2470 848 2510 premissis,
875 2470 944 2500 sine
972 2470 1103 2508 strepitu
1128 2474 1157 2499 et
1178 2470 1281 2508 figura

269 2524 399 2563 judicii,
416 2524 590 2562 diligenter
615 2524 777 2562 inquiras,
798 2527 828 2553 et
847 2523 874 2553 si
900 2532 936 2553 ea
960 2523 1123 2553 inveneris
1149 2523 1281 2553 veritate

272 2577 423 2612 subnixa,
450 2577 606 2616 prefatum
639 2577 928 2616 archiepiscopum,
958 2575 1082 2607 sublato
1110 2575 1281 2615 cujuslibet

271 2630 468 2660 difficultatis
490 2629 667 2667 obstaculo,
687 2630 725 2660 ab
746 2630 1036 2659 amministratione
1056 2638 1204 2660 amoveas
1224 2638 1280 2659 su-

272 2682 428 2722 pradicta,
461 2683 636 2713 revocando
665 2684 697 2713 in
727 2683 854 2713 irritum
881 2683 1030 2722 quicquid
1058 2692 1112 2721 per
1141 2682 1279 2713 eundem

271 2736 545 2775 archiepiscopum
570 2737 618 2766 vel
642 2738 711 2776 ejus
731 2737 886 2767 vicarium
904 2737 937 2766 in
960 2736 1174 2776 prejudicium
1193 2737 1277 2776 ejus-

271 2788 343 2818 dem
364 2788 493 2819 ecclesie
521 2790 662 2820 inveniri
683 2790 854 2828 contigerit
880 2794 1114 2828 attemptatum.
1145 2789 1278 2820 Contra-

272 2841 405 2871 ‹lictores
418 2843 602 2872 auctoritate
616 2847 738 2880 nostra,
756 2842 966 2882 appellatione
984 2843 1154 2882 postposita
1166 2866 1174 2879 ,
1191 2852 1278 2873 com-

272 2896 436 2932 pescendo.
455 2896 523 2925 Dat.
542 2897 624 2935 apud
642 2897 913 2931 Urbeniveterem,
934 2906 974 2926 vn
993 2896 1064 2925 idus
1082 2896 1276 2933 novembris,

272 2956 356 2977 auno
374 2949 473 2978 tertio.
495 2962 506 2975 ι)

287 384 335 412 ›55‹
1029 371 1263 402 til-IfflS'l'ltES
1287 371 1341 401 DE
1364 369 1547 399 N1C01..-xs
1573 370 1625 399 IV.

1438 436 1554 464 :mm

1403 501 1586 535 insponsata)
1603 508 1691 535 super
1708 500 1866 535 pluralitate
1882 500 2096 526 beneficiorum.
2115 498 2194 531 [Itan.
2208 499 2250 531 45,
2267 507 2292 526 c.
2310 500 2370 534 523,

1365 550 1383 576 f.
1405 549 1451 576 105
1469 551 1514 581 ro.)

1899 436 2025 466 Orvieto,
2045 436 2075 461 15
2092 434 2208 461 octobre
2226 435 2301 462 1290.

1404 652 1548 688 Massa-tro
1567 652 1703 681 Ber-[aldo
1719 652 1753 680 de
1768 651 1878 681 Sam-co
1894 652 2045 689 Dyom‘sio,
2063 651 2244 680 cancellario
2262 651 2372 681 ecclesie

1364 706 1557 734 Parisiensis.
1577 716 1590 731 α
1610 703 1790 743 Apostolice
1810 704 1895 735 sedis
1920 704 2140 742 benignitas...
2156 704 2248 740 Quod
2272 708 2372 744 preter

1363 757 1586 788 cancellariam
1609 760 1694 786 tuam
1716 757 1846 787 ecclesie
1864 756 2072 792 Parisiensis‚
2093 765 2155 795 que
2169 781 2176 793 ,
2193 757 2275 787 sicut
2293 757 2371 788 dici·

1365 815 1432 848 tur,
1450 819 1514 840 non
1530 814 1716 849 personatus
1732 819 1787 840 seu
1806 810 1956 848 dignitaS,
1976 810 2030 840 sed
2051 810 2155 849 potius
2173 811 2313 841 officium
2337 811 2371 842 in

1364 865 1431 903 ipsa
1454 862 1586 893 eeclesia
1609 867 1790 901 reputatur,
1809 863 1940 893 unicum
1958 862 2045 893 aliud
2064 863 2255 894 heneficium
2273 864 2371 895 eccle—

1363 916 1544 952 siasticum,
1562 916 1658 946 etiam
1677 916 1703 946 si
1722 917 1762 946 sit
1781 921 1966 955 personatus
1985 915 2034 946 vel
2052 916 2192 955 dignitas
2210 921 2241 946 et
2263 925 2372 948 curam

1363 970 1477 1000 habeat
1499 969 1699 1007 animarum,
1719 969 1805 1000 licite
1829 970 1984 1008 recipere,
2003 970 2029 1000 si
2052 969 2107 1000 tibi
2127 969 2281 1000 canonice
2296 970 2373 1002 offe-

1362 1027 1461 1059 ratur,
1479 1026 1508 1052 et
1525 1031 1599 1052 curn
1616 1021 1756 1062 predicta
1771 1022 1961 1052 cancellaria
1980 1022 2120 1053 retinere
2137 1021 2237 1053 libere
2255 1022 2370 1062 valeas,

1362 1076 1588 1107 constitutione
1611 1075 1771 1114 generalis
1790 1075 1919 1106 concilii
1935 1079 1966 1105 et
1979 1075 2042 1106 alia
2057 1075 2201 1115 qualibet
2216 1077 2374 1108 contraria

1363 1138 1428 1161 non
1455 1129 1618 1166 obstante,
1635 1129 1822 1160 auctoritate
1840 1129 2038 1168 presentium
2059 1128 2276 1168 indulgemus.
2295 1129 2373 1161 Pro-

1363 1184 1430 1214 viso
1452 1183 1537 1222 quod
1564 1182 1757 1213 cancellaria
1781 1183 1865 1222 ipsa,
1884 1183 2094 1220 beneficium,
2115 1187 2302 1222 personatus
2324 1181 2373 1214 vel

1362 1236 1502 1275 dignitas
1530 1236 1646 1266 debitis
1673 1245 1737 1267 non
1765 1236 1928 1267 fraudetur
1952 1236 2113 1275 obsequiis
2137 1240 2168 1266 et
2191 1236 2374 1267 animarum

1362 1299 1439 1320 cura
1455 1290 1488 1319 in
1507 1289 1551 1320 eis
1570 1290 1687 1329 quibus
1705 1289 1762 1320 illa
1787 1290 1937 1320 imminet
1959 1289 2143 1320 nullatenus
2169 1289 2370 1328 negligatur;

1365 1347 1462 1382 tuque
1482 1343 1583 1381 ipsius
1604 1343 1795 1374 cancellarie
1812 1343 1955 1374 officinm
1975 1352 2029 1382 per
2056 1344 2258 1383 temetipsum
2283 1352 2373 1375 exer-

1363 1405 1444 1434 ceas,
1459 1389 1493 1426 ut
1509 1397 1638 1428 teneris.
1657 1396 1749 1427 Nulli
1765 1405 1850 1435 ergo,
1866 1401 1938 1435 etc.‚
1952 1401 2058 1428 nostre
2074 1397 2299 1435 concessionis,
2314 1401 2371 1429 etc.

1365 1451 1436 1481 Dat.
1453 1451 1537 1490 apud
1554 1451 1828 1488 Urbemveterem,
1847 1451 1951 1481 idibus
1967 1451 2114 1490 octobris,
2132 1460 2219 1483 anno
2236 1452 2338 1484 tertio.
2357 1465 2371 1481 n

1434 1624 1550 1653 3812
1902 1625 2028 1656 Orvieto.
2046 1624 2079 1652 28
2094 1625 2211 1652 octobre
2227 1625 2303 1653 1290.

1400 1685 1528 1712 Licentia
1550 1686 1712 1713 celebrandi
1737 1687 1833 1714 divina
1855 1687 1946 1714 officia
1971 1690 2099 1722 tempore
2123 1687 2266 1722 generalis
2288 1687 2375 1714 inter-

1363 1734 1442 1762 dicti.
1461 1734 1544 1768 (Rea.
1564 1736 1608 1769 45,
1624 1744 1650 1763 c.
1668 1736 1729 1768 5⁶24,
1748 1737 1766 1764 f.
1787 1736 1835 1764 106
1852 1738 1899 1769 1¹⁰.)

1406 1861 1425 1868 ..
1448 1839 1600 1876 preposito
1625 1844 1652 1868 ec
1677 1840 1809 1876 capitulo
1833 1840 1950 1869 ecclesie
1973 1841 2078 1871 Sancti·
2102 1840 2234 1869 Adriani
2257 1840 2291 1869 de
2309 1839 2375 1870 Tri·

1363 1892 1490 1929 glaudio,
1505 1892 1672 1921 Januensis
1688 1892 1822 1922 diocesis.

1406 1956 1418 1971 α
1447 1944 1635 1974 Devotionis
1653 1948 1755 1975 vestre
1771 1945 1960 1983 precibus...
1981 1962 2021 1968 —
2044 1946 2115 1976 Dat.
2135 1945 2219 1985 apud
2238 1946 2374 1977 Urbem-

1365 2001 1520 2034 veterem,
1538 2007 1558 2027 v
1573 1997 1729 2028 kalendas
1745 1998 1941 2035 novembris,
1957 2007 2044 2029 anno
2061 1999 2161 2029 tertio.
2182 2010 2195 2026 n

1436 2170 1557 2199 38¹8
1915 2170 2042 2205 Orvieto,
2060 2170 2074 2198 3
2091 2170 2208 2198 octobre
2226 2170 2303 2198 1‘290.

1401 2231 1443 2259 De
1458 2233 1677 2259 consecratione
1695 2232 1808 2267 Signini
1823 2233 1961 2268 episcopi.
1973 2232 2056 2266 (Rea.
2067 2233 2110 2264 45,
2123 2240 2147 2260 c.
2159 2233 2219 2266 525,
2233 2234 2253 2261 f.
2267 2233 2316 2261 106
2327 2235 2374 2268 rw.)

1410 2335 1578 2364 Venerabili
1600 2336 1697 2372 fratri
1718 2358 1738 2366 ..
1761 2337 1894 2376 episcopo
1915 2337 2077 2374 Anagnino
2099 2335 2231 2366 mandat
2252 2340 2295 2370 ut,
2313 2335 2373 2366 sibi

1363 2389 1471 2419 accitis
1487 2388 1611 2419 duobus
1629 2388 1679 2419 vel
1696 2389 1798 2419 tribus
1814 2389 1968 2428 episcopis
1984 2389 2069 2426 aliis,
2085 2389 2215 2426 Jacobo,
2230 2389 2372 2427 diacono,

1363 2441 1502 2480 Signino
1526 2441 1644 2479 electo,
1669 2451 1743 2472 cum
1758 2442 1798 2472 ad
1813 2443 2067 2482 presbyteratum
2082 2443 2249 2474 ordinatus
2263 2443 2370 2481 fuerit.

1363 2504 1482 2525 munus
1498 2495 1752 2526 consecrationis
1768 2496 1942 2535 impendat.

1404 2560 1419 2576 «
1443 2549 1525 2579 Cum
1551 2558 1654 2588 nuper
1678 2548 1907 2581 electionem...
1926 2567 1962 2573 —
1988 2550 2059 2581 Dat.
2084 2550 2169 2590 apud
2192 2550 2371 2581 Urbemve·

1364 2606 1474 2638 terem,
1495 2612 1514 2632 v
1531 2611 1632 2632 nonas
1649 2603 1795 2640 octobris,
1813 2612 1900 2634 anno
1920 2603 2022 2634 tertio.
2043 2616 2054 2629 υ

1433 2775 1684 2804 3619-3646
1857 2776 1985 2808 Orvieto‚
2003 2776 2035 2803 13
2051 2775 2206 2803 novembre
2224 2775 2302 2804 1290.

1397 2837 1611 2865 Tabellionatus
1628 2838 1762 2866 officium.
1780 2839 1863 2872 (Rea.
1879 2840 1922 2871 45,
1939 2847 1964 2866 c.
1983 2839 2045 2871 526,
2061 2839 2080 2866 f.
2102 2838 2149 2866 106
2166 2840 2214 2872 ro.)

1401 2941 1509 2970 Dilecto
1527 2942 1592 2978 filio
1611 2942 1694 2972 Petro
1713 2943 1879 2972 Orlandsni
1899 2943 1933 2972 de
1952 2943 2048 2972 Monte
2069 2943 2165 2980 Lupo,
2189 2942 2284 2977 laico,
2305 2941 2370 2970 Flo-

1359 2995 1478 3024 rentiae
1494 2995 1634 3032 diocesis,
1654 2996 1875 3027 tabellionatus
1892 2996 2036 3026 concedit
2051 2995 2192 3026 officium
2203 3017 2212 3032 ‚
2229 2993 2268 3024 ad
2284 2992 2368 3032 quod

1360 3056 1414 3086 per
1432 3048 1645 3085 Matthaeuin,
1666 3049 1994 3088 protonobilissimum
2023 3052 2185 3079 cantorem
2215 3046 2365 3078 ecclesiae
