2477 3637
197 354 254 385 254
944 345 1181 377 REGISTRES
1203 345 1258 376 DE
1280 343 1465 375 NICOLAS
1486 343 1543 373 IV.

198 431 213 448 ι
237 420 318 450 siam
348 418 538 454 Reatinam,
567 425 623 446 xm
654 413 809 444 kalendas
835 413 925 453 julii,
955 421 1040 443 anno
1069 411 1204 442 Domini

199 485 214 502 ι
238 470 596 506 M.CC.LXXXVIIII,
631 468 806 498 indictione
839 466 978 497 secunda
991 489 999 503 ,
1030 474 1203 504 regnorum

198 539 214 555 »
239 531 420 558 nostrorum
435 523 615 555 Jerusalem
629 526 659 552 et
674 520 786 552 Sicilie
803 528 889 550 anno
907 520 1030 559 quinto.
1049 531 1063 546 n

239 592 253 607 ι
272 580 320 610 Ne
335 579 368 608 in
387 582 584 617 posterum...
599 592 638 597 —
653 575 724 604 Dat.
744 574 860 611 Reate,
878 582 931 602 xm
949 571 1104 602 kalendas
1117 571 1203 610 julii,

197 642 282 664 anno
299 631 450 662 secundo.
470 643 483 657 »

269 815 518 846 12154220
831 813 922 844 Ricti,
939 812 955 839 2
970 813 1038 839 aont
1054 811 1131 838 1289.

230 879 437 915 Indulgentiae.
455 878 538 912 (Rea.
556 877 605 911 44,
623 885 649 904 c.
667 876 731 910 379,
748 876 768 902 s.
788 875 835 903 193
851 876 902 907 v0.)

237 982 392 1012 Universis
412 980 527 1010 Christi
543 979 684 1016 fidelibus
707 982 857 1017 presentes
874 977 991 1006 litteras
1008 976 1200 1013 inspecturis.

194 1034 436 1073 indulgentiam
465 1037 595 1063 centnm
621 1032 750 1062 dierum
779 1030 926 1060 concedit
949 1029 1101 1059 omnibus
1129 1037 1202 1058 vere

193 1087 431 1128 poenitentibus
446 1091 476 1116 et
493 1085 646 1116 confessis
660 1085 716 1124 qui
733 1083 899 1114 ecclesiam
915 1083 1051 1113 Sanctae
1066 1081 1203 1112 Ceciliae

193 1143 381 1178 Reatinam,
406 1142 439 1171 in
468 1141 546 1170 sesto
574 1138 718 1178 ejusdem
743 1141 888 1173 sanetae,
913 1141 943 1166 et
963 1145 1018 1175 per
1047 1140 1115 1166 octo
1136 1135 1202 1166 dies

193 1199 360 1235 sequentes
374 1217 383 1231 ,
400 1194 609 1224 visitaverint.

233 1262 247 1276 «
267 1249 338 1279 Vite
361 1247 545 1287 perempnis
569 1246 707 1284 gloria...
730 1262 769 1266 —
792 1244 864 1274 Dat.
888 1244 1004 1280 Reate,
1029 1253 1075 1272 1111
1100 1251 1202 1273 nonas

191 1302 334 1341 augusti,
353 1309 438 1331 anno
454 1299 604 1329 secundo.
626 1310 639 1326 n

828 1349 919 1381 Rieti,
937 1350 952 1377 5
967 1351 1035 1376 aout
1053 1350 1130 1377 1289.

231 1419 269 1448 In
282 1427 310 1448 e.
325 1427 368 1447 m.
383 1439 404 1447 ..
417 1414 696 1454 archipresbytero
708 1412 887 1452 etcapitulo
902 1412 1053 1442 ecclesiae
1067 1412 1201 1442 Sanctae

192 1472 313 1501 Mariae
325 1470 364 1500 de
381 1469 484 1506 Setia,
500 1467 741 1498 Terracinensis
756 1466 919 1496 dioecesis.
936 1465 1080 1495 Eandem
1095 1465 1200 1495 indul-

191 1524 334 1563 gentiam
360 1522 506 1553 concedit
535 1522 581 1551 eis
603 1520 659 1560 qui
682 1520 766 1550 hanc
791 1519 978 1556 ecclesiam,
1003 1519 1038 1548 in
1063 1518 1200 1557 singulis

192 1575 493 1617 eJusdemsvirginis
513 1579 544 1604 et
563 1574 596 1604 S.
618 1573 727 1603 Lidini
743 1573 949 1609 confessoris,
976 1572 1068 1611 cujus
1086 1580 1200 1611 corpus

190 1631 310 1661 ibidem
333 1629 522 1668 requiescit,
551 1632 581 1658 et
601 1628 767 1658 beatorum
790 1626 951 1657 Johannis
982 1626 1141 1665 Baptistae
1171 1631 1202 1657 et

190 1683 351 1714 Johannis
368 1681 592 1720 Evangelistae
607 1680 841 1716 festivitatibuS,
861 1684 891 1710 et
909 1688 964 1719 per
982 1683 1052 1710 octo
1069 1680 1137 1710 dies
1153 1689 1201 1710 se-

191 1741 343 1777 quentes,
359 1735 570 1766 visitaverint.
590 1735 661 1764 Dat.
687 1734 804 1771 Reate,
828 1734 923 1764 nonis
946 1734 1073 1772 angusti
1087 1756 1096 1771 ‚
1115 1742 1201 1764 anno

191 1789 332 1821 secundo
346 1789 406 1828 (En
421 1787 549 1827 marye).

829 1840 921 1871 Rieti,
939 1841 953 1867 5
971 1840 1128 1868 aout1289.

231 1907 269 1936 In
285 1915 312 1936 e.
330 1915 374 1935 m.
391 1929 410 1936 ..
430 1904 535 1935 abbati
547 1908 577 1934 et
589 1903 728 1943 capitulo
741 1903 913 1934 saecularis
927 1903 1078 1934 ecclesiae
1092 1903 1201 1934 Sancti

190 1959 284 1991 Pauli
309 1959 348 1990 de
371 1959 473 1995 Setia,
504 1958 744 1988 Tarracinensis
766 1957 931 1988 dioecesis.
956 1957 1200 1996 Indulgentiam

190 2013 336 2044 concedit
353 2022 391 2042 xi.
407 2012 534 2041 dierum
553 2011 599 2041 eis
622 2011 677 2051 qui
698 2011 780 2041 hanc
803 2010 988 2048 ecclesiam,
1003 2012 1037 2041 in
1062 2011 1200 2050 singulis

189 2066 402 2106 apostolorum
415 2066 501 2095 Petri
513 2068 542 2094 et
554 2065 645 2095 Pauli
659 2068 688 2095 et
699 2064 730 2094 S.
748 2064 943 2095 Christofori
959 2065 1198 2103 festivitatibus,

190 2125 220 2150 et
244 2129 298 2159 per
317 2123 386 2149 octo
404 2119 471 2148 dies
495 2120 687 2158 sequentes,
712 2118 925 2149 visitaverint.
947 2119 1019 2150 Dat.
1047 2123 1081 2148 nt
1105 2128 1200 2158 supra

187 2175 303 2215 (lbid.).

811 2226 901 2259 Rieti,
921 2227 952 2254 13
968 2229 1036 2254 aout
1048 2228 1126 2256 1289.

228 2292 268 2322 In
286 2301 313 2322 e.
340 2300 384 2322 m.
410 2315 430 2322 ..
451 2290 628 2321 abbatissae
646 2294 676 2320 et
691 2291 864 2321 conventui
881 2291 1068 2321 monasterii
1087 2291 1198 2322 Sancti

188 2344 352 2375 Francisci
374 2344 413 2374 de
433 2344 562 2381 Trebis,
589 2343 711 2373 ordinis
737 2343 872 2373 Sanctae
899 2343 1026 2382 Clarae,
1053 2345 1198 2376 Terraci-

187 2398 300 2428 nensis
316 2397 479 2428 dioecesis.
500 2396 741 2435 Indulgentiam
764 2401 894 2427 centum
911 2397 1036 2427 dierum
1052 2399 1198 2429 concedit

188 2451 232 2482 eis
248 2451 305 2490 qui
322 2450 489 2481 ecclesiam
507 2450 604 2489 hujus
625 2450 811 2480 monasterii
827 2450 861 2480 in
879 2451 1018 2489 singulis
1040 2451 1072 2482 S.
1095 2452 1197 2482 Fran-

187 2504 264 2535 cisci
287 2508 318 2534 et
342 2508 470 2534 sanctae
495 2504 607 2534 Clarae
636 2504 883 2541 festivitatibus,
907 2509 937 2534 et
957 2513 1013 2544 per
1035 2509 1104 2536 octo
1129 2506 1197 2536 dies

188 2562 375 2597 sequentes,
391 2557 600 2588 visitaverint.
616 2558 687 2588 Dat.
704 2558 812 2595 Reate,
824 2557 930 2588 idibus
943 2559 1070 2597 angusti
1085 2583 1090 2597 ,
1109 2568 1197 2590 anno

187 2611 336 2642 secundo.
354 2611 466 2651 (lbid.;
483 2612 621 2648 Poma,
642 2610 763 2650 23042).

803 2692 894 2725 Rieti,
912 2692 945 2720 23
962 2694 1030 2720 amit
1047 2693 1124 2721 1289.

227 2756 266 2785 In
291 2765 318 2788 e.
345 2765 388 2786 m.
415 2779 433 2786 ..
463 2757 615 2794 magistro
637 2760 667 2786 et
699 2756 848 2786 fratribus
871 2756 1038 2796 hospitalis
1062 2757 1197 2788 Sanctae

187 2807 380 2839 Catherinae
398 2809 436 2839 de
456 2809 639 2845 Exolduno‚
663 2809 875 2840 Bituricensis
895 2809 1062 2840 dioecesis.
1080 2809 1196 2841 Indul-

187 2862 328 2899 gentiam
346 2863 441 2892 unius
457 2863 535 2893 anni
552 2867 582 2893 et
598 2872 636 2893 xr.
651 2863 777 2893 dierum
794 2863 940 2893 concedit
955 2863 999 2893 eis
1017 2863 1073 2902 qui
1095 2863 1196 2894 eccle-

188 2914 268 2944 siam
283 2914 380 2952 hnjus
398 2914 563 2954 hospitalis
574 2940 581 2953 ‚
600 2916 634 2945 in
652 2916 820 2946 festivitate
836 2916 970 2947 Sanctae
984 2916 1192 2954 Catherinae,

186 2967 397 2997 visitaverint.
424 2968 493 2998 Dat.
518 2970 634 3007 Beate,
659 2979 678 2999 x
700 2969 854 3000 kalendas
879 2970 1069 3010 septembris
1084 2994 1091 3006 ,
1109 2979 1195 3001 anno

186 3019 325 3050 secundo
343 3019 454 3060 (Μία.)

1903 407 1994 443 Rieu,
2010 407 2042 435 21
2061 409 2128 435 aout
2144 407 2220 436 1289.

1326 473 1364 502 In
1381 481 1408 502 e.
1424 481 1467 501 m.
1489 493 1508 501 ..
1525 471 1631 501 abbati
1648 474 1678 500 et
1693 469 1831 509 capitulo
1846 469 2018 501 saecularis
2033 470 2184 501 ecclesiae
2197 471 2292 503 Sanc·

1288 531 1392 556 torum
1410 525 1545 556 Cosmae
1568 528 1597 554 et
1616 523 1768 554 Damiani
1790 523 1828 553 de
1846 523 1976 561 Trebis,
1994 524 2188 562 Anagninae
2203 524 2292 556 dioe-

1286 579 1378 609 cesis.
1408 577 1650 617 indulgentiam
1675 581 1805 607 centum
1834 576 1960 607 dierum
1990 576 2136 606 concedit
2166 576 2213 607 eis
2236 577 2292 617 qui

1287 633 1370 663 hanc
1382 631 1548 662 ecclesiam
1563 632 1597 661 in
1610 630 1747 669 singulis
1763 633 1946 660 sanctorum
1957 629 2090 660 cosmae
2103 633 2133 660 et
2145 630 2293 662 Damiani

1286 680 1530 721 festivitatibus,
1551 689 1581 715 et
1605 693 1660 724 per
1685 688 1754 714 octo
1779 683 1848 714 dies
1872 687 2058 723 sequentes,
2080 683 2290 717 visitaverint.

1286 741 1359 771 Dat.
1374 741 1535 777 Reate,x11
1552 737 1706 768 kalendas
1718 737 1916 777 septembris,
1927 745 2013 768 anno
2029 736 2168 767 secundo
2176 736 2289 776 (lbid.).
2344 760 2346 762 -

1361 913 1613 942 1221-1222
1901 909 1995 943 Rieti,
2011 910 2045 938 23
2059 911 2127 937 aout
2144 909 2222 938 1289.

1320 976 1527 1003 Monasterium
1549 974 1721 1001 Sanctorum
1739 972 1863 1008 Philippi
1877 976 1905 999 et
1919 971 2020 999 Jacobi
2042 971 2190 999 Januense
2205 979 2291 1000 curae

1285 1024 1416 1060 magistri
1439 1027 1467 1051 et
1490 1023 1593 1059 prioris
1617 1022 1801 1058 provincialis
1826 1021 2011 1048 Lombardiae
2034 1021 2154 1048 fratrum
2180 1019 2293 1056 praedi-

1284 1077 1414 1100 catorum
1429 1072 1628 1100 committitur.
1646 1071 1728 1105 (Rso.
1747 1071 1795 1102 44,
1811 1078 1837 1097 c.
1856 1070 1928 1102 3792,
1946 1070 1965 1097 f.
1983 1070 2033 1098 194
2049 1071 2098 1103 r0.)

1326 1197 1346 1205 ..
1363 1176 1509 1213 priorisse
1526 1180 1552 1205 et
1569 1175 1732 1205 conventui
1749 1173 1929 1203 monasterii
1945 1172 2130 1203 Sanctorum
2150 1172 2294 1212 Phylippi

1284 1235 1310 1260 et
1324 1229 1425 1259 Jacobt
1439 1230 1603 1259 Januensz's
1618 1252 1624 1266 ,
1642 1229 1761 1258 ordinis
1779 1228 1810 1259 S.
1824 1227 2000 1265 Augustini.
2336 1219 2338 1222 ’

1326 1294 1340 1311 «
1358 1281 1540 1321 Apostolice
1554 1282 1638 1312 sedis
1654 1281 1873 1320 benignitas...
1886 1297 1926 1303 —
1937 1280 2008 1310 Dat.
2023 1281 2140 1319 Reate,
2154 1289 2173 1310 x
2185 1278 2293 1311 kalen-

1283 1336 1340 1366 das
1357 1335 1564 1375 septembris,
1582 1343 1668 1365 anno
1684 1334 1838 1365 secundo.
1855 1346 1869 1361 »

1324 1390 1362 1419 In
1379 1399 1406 1420 e.
1429 1398 1473 1419 m.
1495 1411 1514 1418 ..
1533 1389 1704 1427 priorissae
1719 1392 1749 1418 et
1764 1387 1937 1418 conventui
1953 1387 2138 1418 monasterii
2156 1386 2294 1422 Sanctae

1283 1443 1404 1473 Mariae
1439 1443 1478 1472 de
1512 1441 1646 1472 Caritate
1676 1442 1865 1478 Imolensis,
1895 1441 2017 1471 ordinis
2049 1440 2083 1471 S.
2117 1439 2293 1479 Augustini
2336 1446 2338 1450 ·

1283 1497 1342 1537 (En
1356 1498 1483 1535 onarye).

1356 1683 1610 1713 1223-1224
1900 1681 1991 1713 Rieti,
2007 1681 2039 1708 21
2057 1681 2125 1708 aout
2143 1680 2221 1708 1289.

1317 1746 1527 1781 Indulgentiae.
1545 1745 1627 1781 (Rea.
1645 1745 1694 1779 44,
1709 1753 1735 1772 c.
1753 1745 1818 1779 380,
1839 1744 1858 1771 f.
1877 1744 1926 1772 194
1945 1751 1986 1777 r⁰;
2005 1743 2123 1775 Pomm,
2140 1743 2249 1776 23050.)

1324 1873 1345 1882 ..
1362 1851 1509 1880 abbatisse
1523 1853 1550 1878 et
1565 1849 1727 1878 conventui
1742 1847 1923 1879 monasterii
1936 1846 2045 1877 Sancte
2061 1846 2146 1876 Lucia
2163 1846 2197 1876 de
2214 1845 2293 1876 Colle

1282 1903 1363 1942 Alto,
1381 1903 1503 1933 ordinis
1516 1902 1624 1932 Sancte
1640 1901 1742 1937 Clare,
1760 1901 1881 1930 Reatino
1898 1900 2032 1930 diocesis.
2049 1898 2291 1938 Indulgentiam

1284 1957 1382 1988 unius
1408 1956 1486 1986 anni
1518 1959 1548 1985 et
1572 1964 1610 1985 xi.
1638 1954 1764 1985 dierum
1793 1953 1938 1984 concedit
1966 1953 2011 1983 eis
2038 1952 2095 1992 qui
2124 1952 2291 1984 ecclesiam

1283 2009 1438 2050 praedicti
1462 2008 1664 2045 monasterii,
1688 2008 1722 2037 in
1749 2007 1907 2037 honorem
1929 2011 2056 2037 sanctae
2075 2007 2192 2037 Luciae
2213 2015 2290 2038 con·
2332 1998 2334 2003 ’

1283 2067 1452 2101 structam,
1470 2062 1505 2092 in
1526 2061 1671 2101 ejusdem
1688 2065 1815 2091 sanctae
1831 2060 2061 2090 festivitatibus
2077 2060 2288 2091 visitaverint.

1325 2129 1338 2144 a
1363 2117 1444 2147 Loca
1464 2119 1647 2146 sanctorum
1670 2112 1815 2145 omnia...
1837 2131 1875 2136 —
1893 2114 1966 2144 Dat.
1987 2114 2097 2151 Reate,
2115 2123 2158 2144 ΧΠ
2175 2113 2289 2145 kalen·
2334 2115 2340 2118 “

1282 2170 1337 2200 das
1354 2169 1557 2209 septembris,
1575 2176 1661 2198 anno
1677 2167 1827 2198 secundo.
1849 2179 1864 2194 »

1904 2246 1995 2280 Ricti,
2007 2246 2041 2274 23
2055 2248 2125 2274 aodt
2141 2246 2218 2275 1289.

1320 2315 1359 2344 Iu
1378 2322 1406 2344 e.
1423 2322 1467 2343 m.
1485 2335 1504 2342 ..
1523 2311 1700 2342 abbatissae
1723 2314 1753 2341 et
1775 2310 1950 2340 conventui
1974 2310 2163 2341 monasterii
2181 2309 2290 2342 Sancti
2335 2302 2339 2308 ¹

1281 2367 1408 2399 Nicolai
1430 2366 1468 2396 de
1490 2366 1589 2395 Barro
1613 2373 1708 2403 super
1729 2363 1864 2401 Albam,
1885 2363 2010 2394 ordinis
2033 2363 2065 2394 S.
2092 2363 2287 2402 Augustini,
2328 2365 2335 2397 ”,

1281 2419 1495 2460 Lingonensis
1520 2417 1684 2448 dioecesis.
1712 2417 1855 2447 Eandem
1880 2416 2119 2455 indulgentiam
2143 2415 2289 2448 concedit

1281 2475 1327 2506 eis
1356 2474 1412 2514 qni
1441 2472 1609 2504 ecclesiam
1635 2470 1791 2510 praedicti
1821 2471 2008 2501 monasterii
2033 2471 2069 2500 in
2099 2470 2131 2501 S.
2162 2468 2288 2501 Nicolai

1279 2529 1376 2566 festo,
1396 2537 1452 2567 per
1478 2529 1547 2557 octo
1572 2524 1641 2555 dies
1668 2528 1854 2564 sequentes,
1879 2527 1908 2555 et
1936 2524 1969 2554 in
1992 2523 2217 2555 anniversario
2237 2522 2287 2554 die

1280 2580 1488 2613 dedicationis
1505 2579 1650 2619 ejusdem
1667 2577 1829 2615 ecclesiae,
1847 2577 2058 2608 visitaverint.
2078 2577 2149 2608 Dat.
2169 2564 2284 2613 Reate,

1278 2646 1297 2666 x
1311 2633 1467 2666 kalendas
1484 2632 1686 2672 septembris,
1704 2640 1790 2662 anno
1805 2630 1945 2662 secundo
1956 2630 2015 2670 (En
2030 2629 2160 2671 marye).

1353 2807 1373 2835 ι
1382 2806 1469 2834 225
1895 2803 1986 2835 Rieti,
2004 2802 2036 2830 23
2053 2780 2122 2831 a'ont
2137 2802 2215 2830 1289.

1313 2870 1418 2897 Contra
1442 2871 1588 2904 apostatas
1614 2867 1723 2895 ordinis
1747 2867 1971 2894 Heremitarum.
1990 2865 2072 2902 (Rea.
2098 2864 2150 2898 44,
2166 2872 2192 2892 c.
2217 2863 2282 2896 381,

1277 2919 1296 2946 f.
1316 2918 1364 2947 194
1381 2919 1428 2951 ro.)

1319 3022 1438 3052 Dilectis
1462 3021 1535 3058 filiis
1561 3044 1577 3050 ..
1603 3020 1740 3059 generali
1762 3025 1788 3050 ec
1808 3019 1880 3049 aliis
1899 3019 2059 3056 prioribus
2079 3026 2114 3047 ac
2135 3015 2284 3054 fratribus
