2342 3652
896 319 1122 360 Dnnxmnn
1144 318 1300 358 ANNnE.
2086 329 2141 361 139

58 399 168 431 raliter
185 402 293 429 contra
316 397 477 436 quondam
499 395 680 426 Arnaldum
704 395 742 425 de
764 396 975 432 Blancafflrti,
997 395 1057 425 lai·

58 461 142 489 cum,
158 456 306 490 patruum
324 455 426 486 tuum,
443 450 611 479 inventum
627 453 693 479 erat
708 448 846 478 eundem
862 447 1055 483 Amanium,

59 506 134 537 dum
152 504 290 541 viveret,
308 503 427 542 pluries
449 503 568 532 vidisse
591 502 746 532 hereticos
762 506 792 531 et
808 501 1057 540 predicationem

58 560 94 590 in
110 558 244 588 diversis
265 556 344 587 locis
363 556 524 586 audivisse
543 557 702 594 ipsorum,
725 559 755 584 et
775 554 948 584 comedisse
964 557 994 582 et
1010 552 1058 581 bi-

58 612 142 643 bisse
156 619 228 640 cum
243 609 301 645 eis,
318 609 466 648 quodque
482 609 642 648 quandam
656 616 834 646 personam,
857 615 918 644 que
933 614 1005 635 cum
1022 613 1058 634 eo

59 663 212 696 hereticos
226 662 344 692 dicitur
363 662 521 698 adorasse,
539 665 704 699 rogaverat
719 669 759 689 ne
774 660 879 698 ipsum
900 658 1058 696 detegeret

61 725 153 756 super
167 715 305 745 crimine
317 715 507 753 supradicto.
525 719 555 744 et
568 714 651 753 quod
667 714 701 743 in
714 712 890 750 librisipsis
898 716 1058 749 repertum

59 778 122 801 non
137 770 240 799 fuerat
257 769 394 798 eundem
414 768 594 798 Arnaldum
611 776 704 806 super
719 766 784 795 hiis
802 765 945 804 plenarie
961 765 1058 794 fuisse

59 822 248 856 confessum,
272 821 405 851 heredes
426 821 525 860 ipsius
543 819 736 858 generaliter
751 819 847 848 citare
862 818 1006 847 fecerunt
1025 821 1059 847 ut

59 879 276 914 comparerent
287 879 371 904 certo
383 874 520 904 termino
529 881 636 903 coram
646 872 703 908 eis,
715 872 851 901 eundem
864 871 1056 905 Arnaldum,

60 929 88 960 si
104 927 232 965 vellent,
249 936 343 966 super
358 927 440 957 dicto
455 927 592 956 crimine
608 925 785 961 defensuri,
802 925 835 954 in
853 925 964 954 eodem
981 932 1058 962 quo-

58 990 120 1022 que
138 981 273 1012 termino
287 980 448 1019 quondam
465 980 579 1010 Petrus
598 979 766 1008 Bertrandi
785 979 823 1008 de
842 977 1054 1013 Blancasorti,

58 1033 149 1065 miles
161 1057 168 1071 ,
185 1037 271 1073 pater
288 1037 360 1063 tuus
372 1056 381 1069 ,
400 1037 474 1063 tunc
492 1032 620 1068 vivens,
641 1032 698 1070 qui
713 1032 809 1061 frater
824 1036 854 1061 et
870 1032 964 1061 heres
985 1040 1056 1069 pre-

58 1087 114 1118 fati
129 1086 263 1117 Arnaldi
274 1086 413 1130 defuncti
431 1086 592 1121 existebat,
611 1094 715 1115 coram
731 1085 975 1124 inquisitoribus
988 1093 1056 1114 me-

58 1140 186 1171 moratis
208 1148 394 1178 comparens
407 1163 414 1175 ,
438 1138 578 1168 salubria
593 1147 687 1177 opera
708 1147 770 1177 que
792 1139 876 1168 idem
893 1138 1055 1167 Arnaldus

58 1194 224 1226 defunctus
239 1197 302 1222 tam
321 1193 355 1222 in
371 1193 434 1221 vita
449 1201 547 1231 quam
563 1192 598 1221 in
615 1192 680 1222 fine
696 1192 822 1222 dierum
839 1200 971 1222 suornm
986 1196 1055 1220 tan-

58 1256 151 1288 quam
165 1247 215 1277 vir
231 1246 405 1277 catholicus
421 1246 579 1283 exercuit,
594 1246 741 1285 quodque
757 1246 834 1275 dum
854 1246 889 1275 in
907 1246 1055 1276 extremis

57 1305 173 1340 ageret,
191 1309 246 1339 per
262 1299 494 1338 Raymundum
511 1299 550 1328 de
567 1299 667 1329 Bellis
683 1299 797 1338 planis,
816 1303 891 1328 tunc
906 1298 1055 1336 guardia-

57 1363 136 1386 num
164 1354 296 1384 fratrum
329 1352 452 1383 ordinis
484 1353 646 1382 minorum
676 1353 969 1389 Petragoricensem
980 1376 986 1387 ,
1017 1352 1055 1381 de

57 1407 203 1438 mandato
217 1407 300 1437 bone
315 1406 471 1436 memorie
487 1405 667 1441 Guillelmi,
685 1406 821 1444 episcopi
836 1406 1054 1443 Agennensis,

58 1464 132 1492 tuuc
155 1461 190 1490 iu
221 1460 359 1499 partibus
385 1459 452 1489 illis
478 1469 573 1498 super
599 1459 682 1489 dicto
709 1459 844 1489 erimine
871 1460 1056 1489 auctoritate

35 1513 221 1554 ¹apostolica
241 1513 382 1544 officium
406 1513 629 1552 inquisitionis
655 1513 813 1550 gerentis,
839 1513 878 1542 ab
905 1513 1056 1545 omnibus

57 1568 123 1598 suis
135 1567 270 1606 peccatis
285 1567 388 1596 fuerat
399 1566 563 1596 absolutus
577 1571 607 1596 et
619 1566 811 1596 eucharistie
827 1570 857 1596 et
871 1566 934 1595 alia
951 1575 1054 1596 sacra-

57 1625 162 1651 menta
179 1620 390 1651 ecclesiastica
403 1629 478 1649 cum
493 1620 598 1649 debita
614 1620 780 1649 devotione
796 1624 966 1658 receperat,
981 1619 1056 1650 alle·

57 1673 150 1713 gavit.
165 1674 265 1704 Iidem
281 1674 380 1711 igitur
395 1673 615 1712 inquisitores,
630 1682 724 1712 super
735 1673 898 1711 premissis
914 1683 967 1711 per
978 1682 1055 1703 eun-

58 1727 128 1758 dem
137 1727 272 1757 militem
284 1727 330 1757 sic
340 1727 485 1765 allegatis
495 1727 702 1765 inquisitione
715 1727 846 1765 prehabi
852 1731 879 1756 ta
890 1726 1053 1764 diligenti,

57 1789 93 1812 ac
115 1780 178 1811 hiis
204 1789 259 1820 per
284 1785 379 1810 testes
406 1780 585 1818 fidedignos
609 1772 810 1810 sufficientes·
830 1780 969 1819 probatis
991 1780 1052 1819 (l),

57 1834 248 1865 considerato
263 1834 360 1865 etiam
376 1834 559 1864 testimonio
575 1834 659 1872 quod
675 1834 758 1864 dicto
780 1834 923 1863 Arnaldo
938 1834 977 1868 de
998 1834 1052 1863 de-

57 1887 179 1918 votione
194 1896 290 1926 quam
312 1888 351 1917 ad
372 1887 537 1917 ecclesiam
555 1891 585 1917 et
605 1886 832 1917 ecclesiasticas
852 1896 1002 1925 personas
1018 1887 1052 1916 in

56 1943 154 1970 morte
183 1949 238 1970 sua
265 1940 419 1970 habuerat
447 1941 511 1970 viri
533 1940 675 1978 religiosi
708 1944 738 1969 et
766 1941 862 1970 etiam
896 1940 1053 1970 seculares

56 1993 323 2034 quamplurimum
343 1994 569 2033 perhibebant,
593 1994 829 2024 communicato
848 1994 1052 2032 prudentium

0 2074 4 2078 .
55 2046 192 2077 virorum
208 2047 353 2084 consilio,
371 2047 506 2077 heredes
524 2051 554 2077 et
568 2048 649 2077 bona
666 2047 816 2086 sepedicti
838 2047 973 2076 Arnaldi
997 2048 1052 2077 de-

55 2099 152 2130 functi
176 2101 360 2131 auctoritate
389 2100 579 2139 apostolica,
607 2109 669 2139 qua
695 2101 910 2138 fungebantur
934 2102 968 2130 in
995 2102 1053 2131 hac

54 2157 149 2192 parte,
168 2153 370 2184 absolverunt
384 2155 416 2183 in
434 2159 622 2192 perpetuum
641 2158 670 2183 et
685 2155 925 2193 quietaverunt,
941 2154 1052 2184 volen-

55 2209 100 2236 tes
114 2210 144 2236 et
156 2207 397 2245 pronuntiantes
413 2207 496 2245 qnod
511 2212 661 2246 perpetuo
672 2207 734 2245 ipsi
748 2207 881 2237 heredes
897 2212 927 2237 et
942 2217 1050 2237 eorum

55 2259 168 2297 posteri
183 2259 320 2289 habeant
339 2264 369 2289 et
391 2260 520 2298 pacifice
538 2260 720 2299 possideant
741 2260 951 2290 hereditatem
968 2262 1051 2300 ejus-

54 2310 126 2341 dem
137 2312 273 2342 Arnaldi
288 2317 318 2342 et
331 2313 415 2343 bona
429 2314 539 2343 omnia
554 2313 751 2352 supradicta;
770 2322 835 2343 non
852 2314 1052 2344 obstantibus

54 2363 212 2403 aliquibus
227 2373 288 2404 que
303 2365 462 2404 proposita
478 2370 508 2395 et
525 2366 654 2404 probata
670 2366 796 2396 fuerant
809 2372 919 2396 contra
933 2368 1051 2397 Arnal-

55 2415 129 2451 dum
146 2418 321 2456 predictum
337 2427 431 2457 super
447 2419 584 2449 crimine
605 2419 729 2449 heresis
748 2424 922 2450 memorato
937 2444 943 2456 ,
960 2426 1053 2458 prout

54 2470 88 2500 in
103 2472 281 2510 patentibus
300 2471 415 2501 litteris
433 2472 510 2502 inde
525 2472 674 2502 confectis
699 2472 856 2502 dictorum
880 2473 1050 2511 inquisito-

53 2532 124 2554 rum
144 2524 308 2567 Guillelmi
335 2530 365 2555 et
386 2525 544 2556 Johannis
569 2526 722 2564 signatis,
747 2526 826 2555 dum
854 2535 996 2556 essemus
1016 2527 1050 2556 in

53 2577 172 2608 minori
185 2577 288 2608 officio
304 2578 478 2615 constituti,
493 2579 633 2608 vidimus
652 2579 777 2617 plenius
797 2579 966 2609 contineri.
984 2581 1052 2610 Nos

53 2629 158 2669 igitur,
171 2631 369 2661 attendentes
382 2631 467 2670 quod
481 2641 517 2662 ex
530 2633 694 2670 premissis
710 2633 874 2663 evidenter
890 2633 1052 2671 colligitur

53 2683 205 2722 prefatum
220 2684 400 2714 Arnaldum
415 2689 448 2714 ut
464 2693 577 2714 verum
592 2685 806 2716 christianum
818 2687 851 2716 in
868 2687 931 2716 fide
947 2686 1052 2716 catho-

53 2735 113 2766 lica
127 2737 295 2768 salubriter
309 2738 482 2768 decessisse
495 2762 501 2774 ,
517 2746 553 2768 ac
568 2738 666 2769 fuisse
680 2740 748 2778 ipsa
762 2741 846 2770 bona
869 2745 899 2770 et
918 2740 1052 2770 heredes

53 2788 145 2819 etiam
161 2790 318 2828 absoluta,
343 2795 373 2819 et
391 2790 532 2820 volentes
555 2795 583 2820 te
602 2800 861 2831 successoresque
879 2798 948 2823 tuos
969 2794 1052 2823 circa

52 2842 260 2873 retentionem
280 2843 436 2873 dictorum
452 2843 609 2873 bonorum
629 2853 692 2883 que
712 2845 844 2875 fuerunt
858 2846 970 2885 prefati
988 2848 1051 2876 Ar-

52 2893 151 2933 naldi‚
164 2905 204 2926 ne
220 2906 314 2935 super
330 2896 395 2926 illis
413 2901 444 2926 tu
461 2903 490 2926 et
507 2896 558 2926 illi
575 2897 715 2936 aliquam
730 2899 896 2937 patiamini
910 2900 1052 2938 calump-

86 3008 124 3041 (1)
139 3009 189 3036 Ms.
206 3009 366 3044 probitatis.

1139 394 1243 430 niam,
1261 399 1291 424 et
1312 404 1353 425 ne
1371 405 1465 434 super
1490 396 1535 426 eis
1556 395 1681 434 possitis
1706 403 1723 423 a
1741 402 1902 433 quoquam
1923 394 1957 423 in
1981 399 2141 432 posterum

1139 447 1303 477 molestari
1329 449 1498 488 apostolico
1527 449 1665 487 presidio
1688 447 1906 483 communire,
1935 448 1990 476 tibi
2015 448 2142 486 tuisque

1140 501 1373 530 suecessoribus
1390 502 1594 532 concedimus
1618 501 1655 530 de
1678 500 1847 539 apostolice
1867 500 2067 538 plenitudine
2086 510 2140 539 po-

1143 555 1261 582 testatis
1277 558 1325 589 nt,
1343 563 1406 584 non
1424 555 1621 584 obstantibus
1641 554 1704 583 hiis
1727 563 1788 592 que
1811 558 1918 583 contra
1941 553 2060 583 dictum
2079 555 2142 583 Ar-

1141 606 1271 636 naldum
1301 608 1433 637 inventa
1457 608 1554 637 fuisse
1583 608 1750 645 dicuntur,
1778 607 1902 645 possitis
1933 607 2015 637 bona
2039 607 2142 645 ipsius

1141 660 1279 689 Arnaldi
1301 665 1331 690 et
1351 661 1558 690 hereditatem
1583 661 1659 697 tibi,
1684 666 1717 689 ut
1739 660 1873 696 asseris,
1897 659 1976 689 alias
2000 660 2143 697 legitime

1141 712 1351 742 successionis
1363 714 1436 751 jure
1452 713 1571 742 delatas
1588 718 1736 751 perpetuo
1759 712 1857 742 libere
1877 713 2024 741 retinere.
2050 712 2142 742 Nulli

1141 773 1225 802 ergo,
1247 770 1320 802 etc.,
1342 766 1425 795 hanc
1445 765 1595 804 paginam
1620 770 1725 794 nostre
1747 765 1978 800 concessionis,
1993 770 2050 794 etc.
2069 766 2140 795 Dat.

1141 818 1258 851 Rome,
1283 818 1367 856 apud
1385 818 1534 848 Sanctam
1553 818 1690 847 Mariam
1716 819 1890 856 Majorem,
1917 827 1962 846 1111
1989 817 2142 848 kalendas

1140 871 1262 907 martii,
1279 879 1364 900 anno
1381 871 1531 901 secundo.
1548 883 1560 897 ι

1210 1017 1298 1045 θ’ἵῧ

1176 1078 1218 1104 De
1242 1078 1416 1105 monasterio
1439 1077 1574 1104 Clarissis
1593 1079 1677 1112 juxta
1702 1077 1839 1104 Sanctum
1864 1077 2030 1103 Marcellum
2055 1086 2142 1112 prope

1139 1127 1269 1154 Parisius
1284 1127 1430 1161 erigendo.
1449 1127 1532 1159 (aas.
1551 1127 1592 1157 44,
1611 1134 1636 1152 c.
1657 1127 1702 1157 17,
1718 1126 1737 1152 f.
1758 1126 1805 1152 110
1827 1132 1870 1158 v03
1889 1125 2010 1157 Poma,
2033 1126 2141 1158 22900.)

1478 1015 1847 1049 Sainte-Marie-Majeure‚
1864 1016 1878 1041 7
1899 1023 1975 1041 mars
1994 1015 2070 1042 1289.

1178 1231 1288 1259 Dilecto
1303 1229 1368 1266 filio
1382 1229 1532 1265 Joltcznnt,
1553 1227 1635 1258 tituli
1651 1228 1758 1257 Sancte
1773 1227 1878 1256 Cecilie
1892 1228 2063 1264 presbytero
2075 1236 2142 1256 car-

1139 1283 1255 1319 dinali,
1282 1283 1440 1321 apostolice
1465 1283 1541 1311 seclis
1570 1283 1680 1319 legato,
1710 1281 1839 1310 mandat
1864 1285 2037 1318 quatenus,
2066 1280 2092 1309 si
2117 1302 2138 1310 ..

1140 1336 1279 1366 decanus
1293 1341 1322 1365 et
1334 1335 1508 1374 capitulum
1523 1335 1674 1364 ecclesiae
1691 1334 1799 1363 Sancti
1813 1333 1957 1363 Marcelli
1974 1341 2067 1371 prope
2082 1334 2140 1362 Pa-

1139 1389 1236 1418 risius
1245 1389 1350 1418 locum
1361 1388 1400 1417 ad
1411 1387 1643 1417 monasterium
1655 1387 1816 1416 sororibus
1826 1387 2007 1415 minoribus
2019 1386 2142 1415 ordinis

1139 1442 1272 1472 Sanctae
1288 1441 1400 1472 Clarae
1421 1441 1611 1479 erigendum
1627 1442 1661 1470 in
1678 1441 1832 1469 maneriis
1850 1440 1998 1478 magistri
2014 1439 2142 1469 Galieni

1138 1496 1177 1525 de
1198 1495 1281 1524 Pisis
1296 1520 1302 1532 ,
1320 1495 1466 1524 canonici
1483 1494 1634 1524 ecclesiae
1644 1494 1682 1523 de
1694 1495 1808 1523 Sancto
1823 1494 2018 1529 Andomaro,
2034 1502 2142 1523 conce·

1139 1548 1211 1578 dere
1246 1548 1408 1578 noluerint
1425 1572 1431 1584 ,
1461 1548 1547 1577 idem
1575 1547 1805 1576 monasterinm
1834 1547 1867 1575 in
1895 1546 1965 1576 aliis
1998 1546 2141 1584 ejusdem

1137 1602 1275 1631 manerii
1293 1602 1433 1641 partibus
1451 1601 1490 1630 ad
1504 1601 1668 1630 ecclesiam
1681 1600 1814 1630 Sanctae
1824 1600 2003 1630 Genovefae
2018 1605 2048 1629 et
2064 1600 2140 1630 Hos-

1136 1655 1233 1694 pitale
1257 1655 1588 1693 Hierosolymitanum
1609 1654 1824 1692 spectantibus
1850 1654 1992 1683 construi
2009 1654 2138 1683 saciant.

1179 1722 1190 1736 u
1211 1709 1341 1739 Dudum
1358 1709 1413 1738 tibi
1428 1717 1521 1747 per...
1538 1725 1575 1730 —
1593 1708 1662 1736 Dat.
1682 1708 1794 1744 Rome,
1812 1707 1894 1744 apud
1910 1706 2059 1736 Sanctam
2075 1706 2137 1735 Ma-

1136 1764 1220 1793 riam
1238 1764 1391 1802 [xla-iorem
1405 1785 1413 1798 ,
1431 1762 1527 1792 nonis
1543 1762 1668 1797 martii,
1686 1769 1771 1790 anno
1787 1760 1935 1789 secundo.
1956 1771 1969 1786 n

1207 1910 1295 1938 824
1473 1906 1831 1940 Sainte-Marie-Majeure,
1852 1906 1881 1932 10
1897 1914 1973 1932 mars
1994 1905 2068 1932 1289.

1170 1973 1321 2000 Judicatus
1337 1972 1498 1999 concessio.
1518 1971 1600 2003 (Rae.
1617 1971 1660 2003 44,
1678 1978 1704 1996 c.
1725 1970 1762 2001 ts,
1781 1969 1804 1995 fo
1824 1969 1869 1996 110
1887 1970 1938 2002 v⁰.)

1174 2070 1284 2099 Dilecto
1299 2069 1364 2105 filio
1380 2067 1468 2097 Billio
1490 2067 1671 2101 ‚llarlinellz',
1692 2067 1752 2095 civi
1768 2066 1900 2094 civitatis
1914 2065 2018 2094 Sancti
2036 2063 2140 2102 Anyeli

1134 2124 1273 2162 papalis,
1291 2131 1346 2159 que
1361 2122 1475 2150 dudum
1495 2121 1640 2150 Callensis
1661 2120 1769 2148 ciuitas
1786 2120 1966 2153 vocabatur,
1980 2117 2140 2156 judicatus

1135 2176 1288 2211 officium,
1309 2175 1348 2203 ad
1365 2173 1451 2213 quod
1472 2172 1684 2202 exercendum
1703 2172 1854 2209 magister
1870 2171 2084 2209 Raj‘mundus
2101 2171 2140 2200 de

1118 2232 1121 2233 ⁷
1137 2229 1247 2264 Ponte,
1266 2228 1404 2257 decanus
1415 2225 1702 2265 Compostellanus,
1716 2230 1745 2254 et
1758 2225 1946 2254 Hanucinus
1963 2224 2001 2254 de
2017 2224 2138 2260 Murro,

1135 2281 1308 2311 eanonicus
1324 2278 1673 2317 Firmanus‚capellani
1682 2287 1873 2317 papae‚eum
1888 2277 2042 2307 idoneum
2053 2277 2137 2316 judi·

1135 2338 1262 2371 carunt,
1281 2333 1434 2363 concedit.

1177 2399 1191 2413 ιι
1214 2386 1296 2416 Cum
1317 2385 1423 2416 emula
1444 2385 1562 2424 juris...
1587 2401 1627 2406 —
1650 2384 1718 2414 Dat.
1744 2384 1860 2419 Rome,
1884 2383 1967 2421 apud
1990 2382 2137 2413 Sanctam

1136 2440 1271 2470 Mariam
1288 2440 1459 2478 Majorem,
1479 2448 1510 2468 VI
1525 2438 1598 2468 idus
1613 2437 1738 2473 martii,
1758 2445 1843 2466 anno
1859 2436 2009 2466 secundo.
2032 2447 2044 2462 n

1206 2585 1397 2614 aaz-6⁸26
1471 2582 1828 2616 Sainte-Marie-MaJeure,
1848 2581 1879 2608 13
1896 2589 1970 2607 mars
1989 2580 2063 2608 1289.

1170 2648 1275 2674 Petrus
1311 2647 1450 2673 ecclesiae
1483 2645 1676 2681 Tyrasonensi
1706 2644 1734 2670 in
1769 2643 1938 2678 episcopum
1972 2641 2137 2676 praeficitur

1135 2697 1218 2731 (Rae.
1236 2697 1280 2727 44,
1298 2704 1321 2722 c.
1344 2696 1384 2726 19,
1400 2695 1418 2722 f.
1440 2695 1489 2722 110
1504 2696 1558 2727 vo.)

1180 2782 1345 2828 Venerabili
1371 2797 1467 2833 fratri
1491 2797 1591 2831 Petro,
1618 2795 1750 2831 episcopo
1772 2793 1984 2831 Tyrasonensi.
2011 2792 2137 2822 Mortuo

1133 2852 1262 2887 Garsia,
1281 2848 1499 2889 Tyrasonensi
1515 2848 1661 2886 episcopo
1675 2871 1682 2884 ,
1699 2845 1874 2884 capitulum
1888 2845 2023 2884 Lupum,
2043 2844 2135 2874 deca-

1134 2914 1213 2935 num
1230 2904 1373 2943 ejusdem
1389 2902 1552 2936 ecclesiae,
1569 2901 1604 2930 in
1625 2908 1720 2929 suum
1736 2899 1930 2937 episcopum,
1945 2906 2018 2927 cum
2031 2897 2084 2927 hic
2100 2906 2136 2927 ex

1133 2961 1217 2988 certa
1242 2965 1336 2987 causa
1361 2964 1424 2986 non
1445 2958 1549 2993 posset
1572 2953 1667 2990 eligi,
1691 2951 1890 2982 concorditer
1915 2950 2134 2990 postularunt;

1135 3011 1204 3047 sed,
1221 3019 1332 3041 eorum
1353 3008 1566 3048 postulatione
1590 3015 1655 3037 non
1680 3005 1835 3041 admissa,
1861 3004 1950 3034 sedes
1966 3002 2136 3042 apostolica
