2477 3637
204 361 260 392 306
507 373 519 387 s

739 419 826 451 Rieti,
844 420 857 444 7
881 418 1034 444 novembre
1059 417 1135 444 1289.

247 489 282 518 In
300 497 327 518 e.
347 497 389 516 ni.
409 495 462 525 pro
478 483 651 515 Guillelnio
669 482 706 512 de
723 483 905 520 Aysereyo,
923 479 1037 510 clerico
1054 481 1086 509 in
1105 480 1208 509 mino-

206 543 295 572 ribus
318 539 487 571 oidinibns
510 536 695 571 constituto,
715 533 930 571 Lingonensis
952 533 1115 563 dioecesis.
1136 533 1206 562 Dat.

206 595 342 629 ibidem,
361 602 401 621 vn
420 592 491 621 idus
508 589 705 622 novembris,
723 595 808 617 anno
824 586 974 617 secundo.

280 737 397 765 1609
789 733 876 764 Rieu.
893 732 909 759 9
926 732 1043 759 octobre
1063 731 1137 758 1289.

242 801 375 828 Facultas
390 798 558 825 absolvendi
579 798 613 824 ab
631 794 937 823 excommunicationis
957 795 1108 821 sententia.
1126 793 1208 827 (Rue.

206 851 237 877 44
250 871 256 881 ,
279 858 303 876 c.
322 849 382 881 577,
401 849 419 875 f.
436 847 487 874 ‘344
505 848 552 879 ru.)

253 953 420 982 Venerabili
437 951 532 987 fratri
549 950 680 984 Amorne,
695 949 827 985 episcopo
847 947 998 984 Yporiensi
1008 969 1014 977 ,
1033 943 1212 974 facultatem

207 1006 351 1038 concedit
380 1003 566 1035 absolvendi
597 1003 727 1033 clericos
756 1000 942 1040 Yporiensis
971 999 1125 1029 dioecesis
1157 998 1213 1037 qui

208 1068 372 1091 excomniu
380 1058 546 1088 nicationis
563 1056 736 1086 sententias
751 1054 935 1084 auctoritate
950 1052 1213 1083 constitutionum

208 1113 425 1153 synodianum
442 1110 634 1149 generaliter
653 1107 928 1148 promulgatarum
951 1105 1161 1141 incurrerint,
1186 1108 1216 1134 et

208 1166 415 1206 dispensandi
442 1174 515 1195 cum
543 1164 590 1193 eis
614 1164 689 1202 qui,
713 1162 757 1191 sic
780 1161 886 1199 ligati,
906 1169 959 1199 per
981 1159 1214 1197 ignorantiam,

208 1221 318 1252 divina
335 1219 537 1250 celebrarint.

251 1286 264 1301 a
281 1274 325 1304 Ut
341 1282 376 1303 eo
391 1272 546 1310 gratior...
560 1288 598 1292 —
611 1270 681 1299 Dat.
697 1269 806 1303 Reate,
821 1277 865 1297 vii
881 1267 954 1297 idus
968 1265 1114 1300 octobris,
1129 1273 1216 1295 anno

210 1326 359 1358 secundo.
383 1338 395 1352 »ι

283 1470 401 1499 1610
789 1466 882 1500 Rieti,
899 1465 915 1492 9
931 1465 1049 1491 octobre
1067 1463 1143 1491 1‘289.

243 1534 347 1561 Eadem
365 1533 494 1560 facultas.
512 1531 596 1564 (Rue.
613 1531 659 1561 44,
678 1538 703 1556 c.
717 1529 790 1560 577²,
808 1529 826 1554 f.
839 1528 891 1555 *244
912 1531 959 1560 νῦ.)

250 1638 350 1666 Eidem
371 1635 510 1665 similem
527 1632 709 1663 facultatem
725 1630 871 1661 concedit
883 1630 917 1660 in
933 1630 1075 1660 favorem
1091 1628 1218 1659 clerico-

210 1696 282 1720 rum
304 1689 359 1728 qui
379 1696 434 1727 pro
451 1686 610 1717 violentiis
626 1685 661 1714 in
678 1693 828 1723 personas
844 1682 1071 1713 ecclesiasticas
1090 1690 1216 1712 excom—

209 1741 464 1773 municationem
483 1738 688 1769 incurrerint.

253 1808 265 1822 u
284 1795 327 1825 Ut
343 1802 380 1824 eo
396 1793 550 1832 gratior...
568 1808 606 1813 —
621 1791 691 1820 Dat.
712 1795 745 1820 ut
760 1798 865 1829 supra.
885 1801 898 1816 r>

285 1941 365 1969 nn
379 1941 398 1967 1
448 1923 450 1926 ”
791 1936 881 1966 Rieu,
899 1936 914 1963 9
930 1935 1047 1962 octobre
1070 1935 1146 1962 1289.

250 2004 379 2031 Reinitlit
403 2005 455 2029 iter
477 2003 511 2029 ad
534 2002 640 2028 limina.
657 2001 740 2035 (Rae.
760 2001 803 2033 44,
820 2008 845 2025 C.
864 1999 924 2030 578,
942 1999 961 2025 f.
978 1998 1028 2025 241¹
1046 1999 1094 2031 r⁰.)

252 2108 365 2137 Eidem.

255 2172 268 2187 α
288 2161 330 2190 Ex
347 2164 435 2198 parte
452 2164 542 2188 tua...
559 2174 597 2180 —
612 2158 683 2187 Dat.
702 2160 736 2186 ut
751 2164 856 2195 supra.
876 2167 890 2182 »

290 2305 404 2333 1812
799 2302 888 2333 Rieu,
906 2302 921 2329 9
937 2302 1053 2328 octobre
1071 2301 1146 2328 1289.

251 2368 281 2394 In
298 2368 460 2394 subsidium
474 2365 644 2402 Yporiensis
656 2366 795 2400 episcopi.
807 2365 888 2396 (lieo.
901 2366 944 2398 44,
957 2373 982 2391 c.
999 2364 1071 2398 5782,
1083 2365 1102 2391 f.
1115 2364 1221 2397 *244r0.)

255 2470 337 2500 Clero
361 2470 496 2500 civitatis
518 2473 543 2498 et
565 2469 689 2497 diocesis
717 2468 895 2505 Yporiensis.
915 2467 996 2496 Eum
1021 2467 1166 2496 hortatur
1190 2471 1223 2497 ut

215 2523 356 2558 Alberto,
374 2522 518 2561 episcopo
528 2520 712 2560 Yporiensi,
725 2521 813 2558 juxta
827 2519 1030 2558 singulorum
1046 2519 1220 2556 facultates,

216 2577 393 2607 subsidium
421 2575 599 2614 impendat,
621 2583 677 2614 pro
700 2574 847 2613 expensis
872 2574 911 2604 ab
931 2582 966 2604 eo
992 2574 1027 2603 in
1050 2573 1116 2603 suis
1139 2573 1222 2612 apud

216 2630 323 2660 sedem
339 2629 543 2668 apostolicam
562 2627 697 2666 negotiis
713 2627 815 2657 sactis.

258 2695 271 2709 u
292 2683 492 2720 Significavit
510 2683 599 2712 nobis
616 2680 846 2711 venerabilis...
864 2697 902 2702 —
919 2681 988 2710 Dat.
1009 2685 1042 2710 nt
1057 2689 1162 2719 supra.
1183 2692 1196 2707 ι)

292 2829 408 2857 1613

256 2889 316 2916 Filii
333 2890 483 2924 cujusdam
500 2891 635 2917 haeretici
648 2890 682 2916 ad
696 2889 808 2924 publica
821 2889 914 2915 officia
926 2889 1126 2915 restituuntur.
1140 2888 1223 2921 (Rae.

220 2938 268 2970 44,
286 2946 310 2964 c.
329 2939 378 2964 7279
411 2939 430 2965 i.
448 2939 498 2965 244
512 2945 550 2971 r⁰;
570 2938 686 2972 Pom-Ta,
702 2938 812 2970 23086.)

741 2827 825 2858 Rieti,
842 2826 876 2853 ‘2²2
892 2826 1056 2861 septembre
1075 2826 1152 2854 1289.

259 3025 414 3055 Fratribus
441 3028 645 3056 bartholomeo
672 3033 696 3057 et
721 3027 814 3063 Caro,
836 3027 1070 3064 inquisitoribus
1099 3027 1225 3057 heretice

949 349 1181 382 REGISTRES
1204 350 1258 380 DE
1281 349 1309 378 Ν
1315 347 1464 379 ICOLAS
1488 347 1543 378 IV.

1290 415 1456 453 pravitatis
1478 416 1509 443 ιῖη
1531 414 1652 449 Tuscia,
1672 412 1803 442 mandat
1821 416 1854 442 ut
1870 412 2010 449 judicem
2030 411 2292 444 Ildebrandinum

1292 473 1322 498 et
1336 467 1560 502 Guastinium,
1576 466 1658 496 filios
1676 466 1836 505 quondam
1854 465 1964 496 Jacobi
1982 466 2021 496 de
2042 470 2144 496 castro
2159 465 2293 497 Radice-

1292 521 1408 560 pbani,
1425 524 1456 549 et
1474 519 1675 554 Misciotum,
1693 518 1796 548 filium
1815 517 2053 554 ildebrandini,
2071 527 2135 548 non
2153 518 2294 550 obstante

1291 574 1399 604 Jacobi
1420 573 1562 610 haeresi,
1579 572 1618 602 ad
1635 571 1739 602 officia
1755 570 1881 610 publiea
1897 575 1928 601 et
1943 571 2080 601 honores
2096 571 2274 602 restituant.

1333 640 1347 654 «
1368 626 1483 656 Petitio
1499 625 1685 655 dilectorum
1703 623 2010 654 filiorum...—Dat.
2029 624 2138 661 Beate,
2152 633 2170 653 x
2185 623 2296 655 kalen÷

1293 680 1348 709 das
1364 679 1518 714 octobris,
1535 687 1621 708 anno
1637 677 1787 708 seeundo.
1807 689 1820 703 ¹>

1370 853 1485 881 1614
1818 850 1905 882 Rieti,
1922 850 1956 877 ‘26
1971 849 2134 884 septembre
2152 848 2228 878 ¹289.

1331 914 1516 950 Dispensatio
1531 921 1619 948 super
1634 913 1747 939 defectu
1771 912 1913 939 ordinum.
1934 911 2015 945 (Reo.
2033 912 2076 945 44,
2093 920 2119 938 e.
2136 911 2198 945 580,
2214 911 2232 939 f.
2247 911 2314 945 244.

1297 970 1334 995 r⁰;
1352 963 1418 990 [ΑΡ.
1435 972 1468 991 ου
1484 963 1583 992 Teum.
1601 961 1638 993 II,
1655 962 1730 994 ι295.)
2296 956 2299 958 ’

1342 1066 1506 1095 Venerabili
1524 1066 1619 1102 frati-17
1638 1065 1812 1099 Guillelmo‚
1832 1065 1964 1102 episcopo
1983 1063 2237 1100 Autisz'odorensi,
2254 1062 2314 1094 far-v-

1296 1119 1445 1149 cultatem
1466 1117 1610 1148 concedit
1628 1116 1837 1156 dispensandi
1861 1126 1934 1147 cum
1954 1121 2090 1155 quatuor
2108 1115 2234 1147 clericis
2253 1115 2329 1160 ἰὴ

1296 1172 1364 1202 sius
1382 1171 1542 1210 obsequiis
1559 1170 1798 1207 insistentibus,
1817 1174 1848 1199 et
1864 1169 2019 1199 beneficia
2038 1168 2252 1199 ecclesiastica
2267 1168 2311 1203 in:

1296 1226 1422 1255 civitate
1441 1224 1491 1254 vel
1513 1224 1650 1254 dioecesi
1670 1223 1946 1254 Autissiodorensi
1969 1222 2180 1265 habentibus,
2196 1225 2232 1253 ut
2251 1228 2310 1262 pet·-
2326 1222 2328 1227 '

1296 1278 1465 1309 biennium
1482 1279 1660 1316 superiores
1673 1277 1802 1308 ordines
1820 1277 1964 1316 recipere
1981 1285 2046 1307 non
2067 1279 2242 1306 teneantur.

1338 1344 1352 1359 «
1371 1333 1486 1369 Magne
1498 1331 1674 1361 devotionis
1689 1331 1878 1361 affectum...
1891 1347 1928 1352 —
1940 1330 2012 1360 Dat.
2028 1329 2137 1367 Reate,
2153 1338 2184 1360 v1
2195 1328 2305 1360 kulen-

1297 1386 1353 1416 das
1367 1376 1518 1421 octobris,
1533 1393 1619 1415 anno
1635 1384 1789 1414 secundo.
1813 1396 1827 1411 »

2446 1126 2477 1518 *egessit*

1337 1562 1358 1589 1
1365 1561 1417 1589 61
1424 1559 1490 1589 5-1
1499 1560 1552 1588 61
1561 1558 1588 1586 6
1626 1557 1984 1591 Sainte-Marie-Maj'eure,
1999 1556 2015 1584 6
2027 1555 2183 1583 novembre
2195 1554 2274 1583 1289.

2443 1573 2477 1662 Εἴ

1336 1622 1382 1649 Ad
1397 1622 1570 1649 solutionem
1584 1620 1753 1657 ¹debitorum
1768 1619 1975 1654 Lugdunensis
1990 1618 2140 1646 ecelesiae.
2161 1617 2243 1652 (Rea.
2259 1597 2330 1654 4452*

1301 1680 1326 1699 c.
1344 1671 1440 1703 58*1,f.
1457 1670 1507 1698 244
1524 1672 1575 1702 vo.)
2311 1667 2314 1670 ⁴

1341 1773 1478 1810 Beraldo,
1495 1773 1583 1802 eleeto
1602 1772 1811 1809 Luydzmensz‘,
1831 1771 1952 1800 tructus
1975 1774 2006 1800 et
2024 1769 2167 1800 redditus
2189 1768 2322 1800 benefi-

1301 1828 1423 1858 ciorum
1451 1825 1738 1856 ecclesiasticorum
1765 1833 1846 1864 quae
1873 1825 1906 1854 in
1932 1823 2144 1862 Lugdunensi
2172 1815 2321 1854 dioece³
2346 1811 2350 1816 ’

1302 1890 1357 1920 per
1387 1879 1648 1919 quinquennium
1680 1878 1862 1915 vacabunt,
1892 1878 1987 1908 etiam
2017 1877 2053 1906 in
2085 1875 2227 1907 ecclesiis
2257 1870 2319 1907 ub'

1302 1942 1361 1963 nec
1383 1932 1611 1963 canonicorum
1636 1939 1793 1960 numerus
1820 1935 1927 1960 certus
1951 1938 2011 1960 nec
2034 1929 2197 1960 distinctio
2222 1938 2269 1969 pr
2284 1941 2303 1955 ’-Ὶ

1301 1987 1478 2017 bendarurn
1498 1989 1559 2021 est,
1573 1988 1604 2014 et
1618 1988 1744 2023 propter
1760 1983 1820 2013 hoc
1834 2007 1841 2020 ,
1857 1983 1989 2013 cedente
2004 1982 2054 2012 vel
2069 1981 2244 2013 decedente
2257 1981 2299 2012 h*

1303 2039 1451 2071 neficiato
1462 2063 1469 2077 ,
1488 2037 1668 2077 praebenda
1683 2037 1752 2076 ejus
1771 2036 1857 2066 inter
1873 2035 1953 2066 alios
1969 2035 2176 2066 beneficiatos
2192 2033 2316 2078 dividiq-

1303 2099 1371 2131 tur,
1401 2091 1560 2128 concedit,
1591 2090 1820 2121 convertendos
1844 2089 1878 2119 in
1907 2089 2100 2120 solutionem
2127 2089 2322 2120 debitorum*

1304 2145 1529 2185 Lugdunensis
1547 2144 1712 2174 ecclesiae.

1345 2213 1360 2229 «
1382 2200 1426 2230 Te
1445 2208 1547 2238 nuper
1566 2198 1806 2236 significante...
1824 2215 1862 2219 —
1882 2197 1953 2227 Dat.
1976 2197 2092 2234 Rome,
2109 2196 2193 2236 apud
2212 2195 2277 2227 San
2310 2211 2314 2220 -v

1305 2258 1368 2284 tam
1403 2253 1538 2283 Mariam
1577 2252 1751 2290 Maj0re1n,
1787 2259 1842 2280 vni
1885 2251 1957 2281 idus
1991 2249 2174 2281 novembris
2187 2273 2194 2287 ,
2227 2255 2321 2283 annu

1305 2306 1455 2337 secundo.
1476 2317 1488 2332 n
2318 2299 2322 2301 ’

1344 2359 1382 2388 In
1405 2367 1432 2388 e.
1458 2366 1500 2386 m.
1524 2380 1542 2387 ..
1567 2356 1797 2386 Matisconensi
1822 2360 1853 2386 et
1873 2355 2073 2394 Augustensi
2093 2354 2266 2394 episcopis,
2283 2348 2320 2398 ej*-

1306 2410 1493 2447 Ber'trando,
1512 2409 1738 2439 archidiacono
1756 2409 1957 2447 Agennensi,
1974 2408 2105 2438 mandat
2121 2411 2157 2438 ut
2171 2399 2311 2448 praedius

1305 2470 1352 2495 tos
1367 2465 1487 2494 fructus
1503 2467 1533 2493 et
1548 2462 1694 2493 redditus
1711 2462 1850 2493 Beraldo
1864 2462 2026 2500 assignari
2041 2461 2169 2492 saciant.

1348 2529 1361 2545 ι
1382 2517 1492 2556 Nuper
1507 2516 1708 2554 significante
1726 2515 1856 2545 nobis...
1874 2531 1913 2537 —
1930 2515 2001 2545 Dat.
2019 2519 2177 2554 utsupra.
2199 2526 2212 2542 n

1382 2705 1494 2733 ¹6¹⁸?

1344 2767 1476 2794 Facultas
1495 2767 1648 2794 exercendi
1666 2774 1716 2801 per
1739 2766 1811 2793 alios
1830 2767 1881 2800 Jus
1898 2764 2081 2792 visitationis.
2108 2763 2193 2798 (Rae.
2213 2762 2266 2797 44,
2286 2768 2314 2806 e*

1309 2818 1381 2849 5812,
1398 2817 1417 2844 f.
1435 2817 1484 2843 244
1502 2817 1554 2848 νο.)
2304 2815 2306 2818 >

1578 2702 1948 2737 Sainte-Marie-Majeure,
1965 2701 1980 2728 2
1997 2700 2151 2728 novembre
2167 2699 2245 2728 1289.

1353 2919 1519 2949 Venerabili
1532 2919 1627 2954 fratri
1644 2917 1833 2956 Raymundo,
1844 2917 1978 2954 episcopo
1995 2900 2236 2953 Petrayort'ceitsi
2247 2937 2254 2951 ,
2269 2912 2276 2918 '
2288 2926 2330 2956 ιΙ

1307 2973 1415 3011 dulget
1435 2976 1468 3001 ut
1485 2970 1677 3000 visitationis
1696 2971 1747 3009 jus
1771 2978 1825 3009 per
1843 2969 1945 2999 alium
1962 2960 2180 3003 exercere,'et
2200 2975 2220 2997 a
2239 2973 2325 3006 per-

1307 3026 1395 3057 sonis
1418 3034 1499 3064 quae
1523 3024 1676 3054 hactenus
1699 3023 1955 3062 procurationem
1979 3021 2140 3059 integram
2161 3018 2325 3051 exhiberet
2368 3023 2371 3026 '
