2342 3652
906 341 1126 379 PREMIERE
1148 342 1305 380 ΑΝΝΕΕ.
2109 357 2145 386 65

104 419 144 448 In
160 427 188 448 e.
207 427 250 446 m.
273 416 407 455 capitulo
424 416 573 451 ecclesiae
593 415 786 454 Seguntinae
809 415 939 445 mandat
955 418 1066 453 qnate-

65 480 125 502 nus
144 470 304 510 praedicto
320 469 417 500 electo
433 469 571 499 debitam
588 468 799 499 obedientiam
816 468 973 498 exhibeat.

103 525 144 554 In
160 533 188 554 e.
208 533 250 553 m.
269 523 353 553 clero
369 523 503 552 civitatis
519 527 549 552 et
563 522 714 552 dioecesis
730 521 936 559 Seguntinae.

105 578 145 608 In
162 587 188 607 e.
207 587 250 606 m.
266 576 382 615 populo
399 576 596 613 Seguntinae
613 575 747 605 civitatis
766 578 795 603 et
812 574 976 603 dioecesis.

104 632 141 661 In
163 641 190 661 e.
210 640 252 660 m.
269 630 412 660 vassallis
429 629 579 659 ecclesiae
596 629 788 666 Seguntinae
809 627 939 656 mandat
956 632 1064 665 quate-

64 693 126 715 nus
149 685 252 715 eidem
271 684 369 714 electo
389 683 494 713 debita
514 682 674 712 fidelitatis
697 682 876 720 juramenta
893 685 922 710 et
937 681 1065 710 servitia

64 739 245 777 praebeant.

104 792 142 821 In
160 800 186 821 e.
209 800 252 820 m.
275 815 293 820 ..
312 791 378 828 regi
400 789 554 820 Castellae
578 797 613 818 ac
630 787 789 825 Legionis.
816 787 895 817 Eum
921 787 1064 817 hortatur

65 848 101 875 ut
116 844 275 883 praedicto
294 843 390 874 electo
407 843 524 880 regalia
541 841 692 871 restituat.

135 989 220 1017 347
641 985 730 1018 Rieu,
747 986 762 1012 9
778 986 893 1013 octobre
914 986 988 1013 1288.

101 1050 144 1077 De
160 1051 243 1077 bonis
258 1051 395 1077 ecclesiae
410 1056 539 1076 romanae
553 1048 580 1074 in
596 1047 720 1074 dioecesi
732 1046 861 1074 Civitatis
873 1047 1058 1075 Castellanae.

63 1099 147 1132 (Rea.
163 1099 205 1129 44,
223 1107 247 1125 c.
264 1099 324 1130 208,
342 1099 360 1124 f.
377 1099 409 1125 50
426 1104 464 1128 r⁰·,
483 1096 596 1128 Porrn„
613 1095 722 1128 22824.)

112 1188 275 1217 Venerabili
293 1188 385 1223 fratri
400 1185 553 1221 Monaldo,
571 1185 700 1222 episcopo
719 1183 859 1213 Civitatis
880 1184 1057 1222 Casteilane‚

65 1239 211 1270 concedit
227 1244 256 1269 et
271 1239 365 1269 donat
387 1246 495 1268 omnes
516 1237 650 1273 fructus,
676 1236 818 1266 redditus
838 1241 868 1266 et
888 1244 1060 1275 proventus

64 1296 250 1322 cunctorum
269 1292 422 1322 bonorum
439 1295 469 1319 et
486 1291 608 1328 jurium
624 1298 704 1328 quae
725 1290 857 1320 ecclesia
877 1300 1008 1321 romana
1024 1292 1058 1321 in

63 1345 190 1376 civitate
206 1349 235 1375 et
250 1343 384 1374 dioecesi
403 1339 544 1373 Civitatis
561 1342 758 1372 Castellanae
779 1344 936 1382 possidet,
954 1346 1058 1383 perci-

63 1398 196 1438 piendos
222 1397 261 1427 ab
295 1397 361 1436 ipso
393 1396 534 1435 episcopo
566 1405 666 1435 nsque
692 1396 732 1426 ad
758 1397 842 1427 sedis
869 1398 1059 1436 apostolicae

63 1450 304 1490 beneplacitum.

105 1516 119 1530 α
141 1504 221 1534 Cum
244 1503 374 1533 ecclesia
392 1511 559 1533 romana...
575 1519 614 1525 —
635 1503 706 1532 Dat.
726 1503 840 1541 Reate,
856 1514 901 1534 vu
918 1505 988 1535 idus
1004 1514 1057 1536 oc-

64 1556 176 1593 tobris,
192 1564 276 1586 anno
291 1556 403 1595 primo.
422 1568 436 1583 x>

132 1701 318 1730 348-353
623 1702 714 1736 Rieu,
735 1702 750 1729 6
770 1704 887 1730 octobre
909 1705 986 1731 1288.

97 1762 271 1794 Rodericus,
292 1763 445 1798 episcopus
461 1763 661 1797 Segobiensis,
679 1765 850 1794 transfertur
868 1766 902 1792 ad
919 1767 1058 1794 Terraco-

62 1818 178 1838 nensem
192 1811 479 1851 archiepiscopatum.
495 1813 577 1845 (Rno.
596 1813 643 1845 44,
660 1822 684 1840 6.
703 1814 763 1845 ἳο9,
781 1815 799 1841 f.
818 1815 851 1841 50
868 1818 913 1847 ro.)

105 1899 269 1928 Venerabili
291 1901 385 1936 fratri
405 1901 562 1938 Βοάενίεο,
588 1903 801 1932 Terraconensi
824 1905 1054 1943 archiepiscopo.

62 1951 154 1988 Eum,
173 1956 248 1982 tuuc
263 1952 488 1990 Segobiensem
504 1955 699 1994 episcopum,
715 1956 945 1988 Terraconensi
961 1959 1057 1989 eccle-

62 2003 137 2041 siae,
164 2013 219 2043 per
247 2005 365 2035 obitum
389 2006 544 2037 Bernardi
562 2009 699 2046 vacanti,
723 2010 757 2038 in
781 2010 1057 2051 archiepiscopum

60 2056 212 2095 praeficit.

102 2120 117 2136 «ι
134 2109 254 2148 Sponso
269 2111 374 2141 celesti
389 2113 477 2143 cui...
492 2130 529 2135 —
544 2114 616 2144 Dat.
630 2115 738 2151 Reate,
758 2126 780 2145 11
794 2126 894 2148 nonas
908 2119 1055 2157 octobris,

60 2170 146 2192 anno
163 2163 274 2201 primo.
293 2177 305 2189 „

100 2215 139 2244 In
151 2224 177 2245 e.
194 2224 237 2244 m.
253 2240 270 2245 ..
291 2219 463 2257 praeposito
476 2224 505 2249 et
519 2221 655 2258 capitulo
671 2222 823 2253 ecclesiae
836 2224 1055 2255 Terraconen—

60 2268 105 2297 sis
134 2268 264 2298 mandat
289 2275 441 2308 qnatenus
466 2274 624 2311 praedicto
653 2275 888 2316 archiepiscopo
916 2279 1055 2309 debitam
1085 2267 1087 2269 ¹

59 2320 274 2351 obedientiam
294 2322 471 2354 exhibeant.

99 2373 138 2403 In
155 2383 180 2404 e.
201 2384 243 2403 in.
261 2374 344 2405 clero
361 2376 495 2408 civitatis
511 2383 540 2408 et
555 2379 705 2411 dioecesis
721 2382 981 2415 Terraconensis.

98 2427 136 2456 In
153 2437 180 2457 e.
200 2436 242 2457 m.
261 2429 373 2467 populo
388 2430 523 2462 civitatis
538 2437 568 2463 et
582 2434 734 2465 dioecesis
754 2437 1014 2470 Terraconensis.

98 2480 137 2510 In
164 2489 191 2510 e.
221 2490 262 2510 m.
291 2482 447 2513 universis
469 2485 617 2517 ecclesiae
641 2488 887 2520 Terraconensis
912 2492 1056 2522 vassallis

57 2533 188 2563 mandat
211 2538 367 2582 quatenus
386 2536 489 2567 eidem
514 2540 746 2581 archiepiscopo
776 2542 868 2573 solita
893 2535 1056 2576 fidelitatis

55 2587 239 2625 juramenta
253 2592 282 2617 et
300 2589 428 2619 servitia
443 2591 622 2624 exhibeant.

98 2639 137 2669 In
166 2649 193 2669 e.
226 2649 268 2669 m.
302 2642 459 2672 universis
490 2644 636 2676 ecclesiae
663 2648 910 2680 Terraconensis
940 2652 1054 2682 suffra-

57 2699 177 2730 ganeis.

125 2814 316 2843 354356
576 2819 658 2853 Rieti,
676 2822 709 2849 ‘28
724 2824 886 2859 septembre
904 2826 981 2854 1288.

91 2874 189 2902 Helias
223 2878 386 2911 praeficitur
419 2881 590 2908 monasterio
623 2882 814 2912 Nobiliacensi
849 2888 877 2913 in
911 2888 1052 2916 abbatem.

58 2922 138 2956 (Rea.
156 2924 198 2956 44,
217 2933 242 2951 e.
260 2925 321 2960 210,
338 2927 356 2952 f.
374 2927 407 2954 50
424 2933 469 2961 v⁰;
489 2927 555 2956 Lar.
571 2939 606 2957 nn
620 2930 717 2965 Tuam,
733 2933 755 2968 Ι,
772 2935 829 2965 83.)

96 3012 203 3042 Dilecto
216 3014 279 3050 filio
295 3015 389 3050 fratri
404 3017 485 3046 Helie
500 3041 506 3052 ,
524 3019 611 3048 electo
625 3025 799 3053 monasterii
814 3026 1048 3062 Nobiliacensz's,

196 3078 268 3106 Rae.
289 3079 411 3108 Nicoms
431 3081 483 3109 IV.

1148 417 1265 446 ordinis
1282 418 1386 447 Sancti
1400 419 1557 455 Benedicti,
1574 419 1756 448 pictavensis
1767 420 1898 448 diocesis.
1913 420 2068 450 Defuncto
2079 422 2146 451 Hu-

1147 477 1242 505 gone,
1268 470 1378 499 abbate
1405 471 1588 500 monasterii
1617 470 1867 507 Nobilfflcensis,
1896 473 2062 509 monachi,
2087 483 2142 503 vo-

1150 521 1187 550 tis
1204 522 1270 551 suis
1278 522 1403 560 divisis,
1416 523 1553 560 Heliam,
1573 529 1646 554 tnnc
1658 524 1696 553 de
1712 524 1888 560 Leziniaco,
1905 529 1935 553 et
1951 526 2146 563 Joiiannein,

1148 574 1186 603 de
1206 575 1343 605 Meriaco
1364 577 1560 614 prioratuum
1581 577 1715 615 priores,
1738 577 1920 614 elegernut3
1939 579 2148 617 appellatione

1148 635 1221 657 vero
1243 628 1323 657 facta
1339 629 1421 666 apud
1444 629 1551 658 sedem
1572 629 1793 667 apostolicam,
1811 630 1958 668 praedicti
1977 631 2037 661 duo
2056 632 2147 661 electi

1147 688 1252 710 coram
1271 682 1321 717 B.7
1342 682 1512 711 portuensi
1536 683 1679 721 episcopo
1692 707 1699 719 ‚
1728 683 1869 713 auditore
1887 685 1926 713 ad
1953 685 2011 714 hoc
2031 686 2148 715 consti-

1149 737 1224 767 tuto,
1240 735 1325 772 juri,
1348 735 1373 764 si
1390 735 1466 773 quid
1481 736 1526 765 eis
1540 745 1575 765 ex
1592 736 1799 766 electionibus
1817 737 1999 775 hujusmodi
2021 747 2147 777 compe-

1128 778 1252 824 'tebat‚
1280 789 1561 818 renuntiaverunt.
1592 789 1686 819 Unde
1717 799 1794 828 papa
1819 790 1923 820 eidem
1956 793 2147 823 monasterio

1147 841 1322 878 praefatum
1342 842 1469 871 Heliam
1488 843 1521 871 in
1536 842 1680 871 abbatem
1697 844 1850 881 praeficit.

1186 902 1200 922 c(
1224 893 1268 922 Ex
1292 899 1433 932 suscepte
1456 895 1654 924 servitutis...
1673 912 1712 917 -
1727 896 1799 925 Dat.
1823 897 1938 934 Reate,
1963 907 2009 927 1111
2037 898 2145 929 kalen-

1145 947 1200 976 das
1218 948 1366 984 octobris,
1381 957 1466 978 anno
1482 949 1594 987 primo.
1616 961 1628 974 n

1186 1000 1235 1029 In.
1255 1009 1282 1030 e.
1304 1010 1346 1030 m.
1368 1022 1386 1029 ..
1405 1001 1500 1039 priori
1517 1006 1547 1030 et
1559 1003 1728 1031 conventui
1744 1003 1928 1032 monasterii
1947 1004 2147 1034 Nobiliacen-

1145 1053 1187 1082 sis
1205 1054 1336 1083 mandat
1364 1058 1521 1092 qnatenus
1539 1054 1698 1092 praedicto
1717 1054 1815 1085 electo
1833 1056 1970 1086 debitam
1994 1058 2145 1088 obedien-

1145 1106 1222 1135 tiam
1239 1107 1421 1137 exhibeant.

1183 1160 1222 1189 In
1242 1169 1268 1189 e.
1291 1169 1335 1190 m.
1360 1161 1518 1190 universis
1540 1161 1684 1191 vassallis
1704 1163 1890 1192 monasterii
1912 1164 2146 1195 Nobiliacensis

1145 1213 1275 1243 mandat
1298 1219 1455 1253 quatenns
1481 1215 1583 1244 eidem
1611 1216 1717 1245 abbati
1742 1216 1847 1245 debita
1870 1216 2033 1247 fidelitatis
2057 1219 2146 1256 jura-

1145 1271 1252 1296 menta
1268 1272 1297 1297 et
1310 1268 1437 1297 servitia
1453 1269 1632 1307 praebeant.

1213 1413 1298 1440 35?

1180 1474 1311 1501 Facultas
1326 1475 1484 1502 redimendi
1500 1476 1636 1503 decimas.
1655 1477 1737 1510 (Rea.
1756 1477 1797 1508 44,
1814 1486 1839 1504 c.
1856 1478 1917 1510 ⁶211,
1931 1479 1948 1504 f.
1963 1480 1995 1505 50
2011 1486 2058 1511 νος
2078 1479 2143 1506 LAP.

1143 1533 1178 1551 nu
1195 1524 1292 1555 Tuam,
1310 1524 1332 1557 I,
1350 1525 1404 1557 88.)

1676 1415 1770 1445 Rieti.
1787 1415 1803 1442 9
1819 1416 1980 1450 septembre
2000 1417 2073 1443 1288.

1185 1636 1205 1642 ..
1228 1615 1378 1651 preposito
1394 1619 1421 1643 et
1442 1616 1574 1651 capitale
1596 1615 1785 1644 Lauscmensi
1803 1615 1984 1645 facultatem
2001 1616 2146 1646 concedit

1145 1678 1158 1692 α
1177 1666 1356 1696 redimendi
1372 1667 1511 1696 decimas
1527 1667 1566 1697 de
1581 1667 1731 1697 manibus
1746 1668 1901 1698 laicorum
1919 1669 1951 1697 in
1973 1669 2145 1708 parrochiis

1142 1719 1275 1756 alienis,
1300 1722 1459 1749 rectorum
1482 1720 1687 1750 ecclesiarum
1712 1721 1926 1751 Lansanensis
1953 1723 2088 1752 civitatis
2115 1727 2145 1753 et

1141 1773 1276 1803 diocesis
1291 1774 1325 1803 in
1341 1782 1477 1812 quarum
1496 1773 1673 1812 parrochiis
1694 1774 1816 1804 decime
1836 1775 1903 1813 ipse
1922 1776 2099 1805 consistunt
2115 1781 2145 1806 et

1141 1827 1302 1857 diocesani
1319 1836 1430 1857 eorum
1446 1827 1485 1856 ad
1502 1828 1534 1856 id
1549 1827 1717 1857 accedente
1733 1836 1929 1858 consensu...
1949 1842 1962 1855 »

1183 1893 1195 1908 α
1214 1881 1339 1910 Affectn
1356 1881 1503 1911 benivolo
1519 1885 1631 1910 sunt...
1653 1899 1691 1902 —
1712 1881 1783 1911 Dat.
1802 1882 1916 1919 Reate,
1944 1891 1962 1912 v
1980 1883 2050 1912 idus
2069 1891 2142 1921 sep-

1143 1933 1284 1971 tembris,
1303 1942 1389 1964 anuo
1406 1935 1546 1972 primo.»

1211 2081 1298 2109 358
1704 2079 1790 2111 Rieti,
1810 2080 1848 2106 1⁸¹⁸
1861 2080 1976 2106 octobre
1994 2080 2070 2107 1288.

1176 2137 1320 2164 Paduanis
1335 2137 1448 2163 mandat
1463 2140 1605 2170 quatenns
1620 2137 1749 2171 ipsorum
1765 2139 1870 2163 statuta
1885 2136 2023 2162 ecclesiae
2034 2140 2143 2162 contra-

1141 2187 1181 2213 ria
1197 2190 1340 2212 revocent.
1359 2185 1440 2219 (Res.
1459 2184 1501 2216 44,
1519 2193 1544 2211 c.
1561 2184 1622 2215 212,
1640 2185 1659 2210 f.
1678 2185 1711 2211 50
1727 2187 1776 2215 νῦ.)

1181 2276 1297 2305 Dilectis
1312 2275 1386 2312 filiis
1401 2297 1422 2303 ..
1437 2274 1589 2311 potestati,
1609 2274 1782 2309 anoliam-3,
1802 2274 1926 2302 consilio
1943 2278 1969 2302 et
1987 2276 2143 2303 communi

1140 2329 1297 2357 Paduanis
1314 2327 1444 2356 mandat
1459 2331 1617 2365 quatenns
1642 2326 1728 2355 infra
1743 2326 1927 2364 quindecim
1949 2326 2033 2360 dies,
2053 2335 2141 2356 com-

1141 2382 1296 2422 putandos
1313 2390 1330 2410 a
1355 2380 1535 2419 receptione
1551 2380 1768 2418 praesentium
1784 2379 1963 2409 litterarum
1981 2381 2025 2409 eis
2047 2389 2102 2418 per
2119 2403 2139 2409 ..

1140 2435 1414 2473 archiepiscopum
1425 2433 1629 2471 ‘Ragnsinnm
1643 2432 1791 2469 latarum,
1810 2437 1924 2462 statuta
1939 2433 2047 2462 omnia
2062 2433 2140 2461 civi-

1141 2489 1212 2518 tatis
1230 2489 1390 2527 ipsorum,
1410 2486 1536 2525 publica
1556 2485 1607 2515 vel
1629 2490 1766 2522 secreta,
1789 2485 2021 2522 ordinationes,
2039 2486 2140 2523 scrip-

1140 2547 1225 2572 turas
1241 2550 1469 2580 quascumque,
1483 2549 1563 2578 qnae
1577 2542 1685 2569 contra
1695 2539 1873 2569 libertatem
1887 2539 2036 2568 ecclesiae
2048 2543 2078 2568 et
2090 2548 2140 2568 re-

1138 2604 1210 2624 rnm
1221 2594 1506 2624 ecclesiasticarum
1515 2597 1545 2622 et
1558 2600 1765 2631 personarum
1779 2592 1854 2627 sint,
1862 2591 1901 2620 de
1912 2590 2140 2629 capitularibus

1139 2658 1193 2678 seu
1210 2647 1383 2677 statutariis
1404 2651 1458 2676 aut
1478 2646 1734 2685 quibuscumque
1762 2645 1853 2674 libris
1877 2644 1925 2674 vel
1954 2645 2047 2674 cartis
2067 2645 2140 2674 abo-

1138 2703 1234 2732 leant.
1253 2711 1268 2730 «
1284 2701 1449 2739 Alioquin,
1463 2709 1535 2729 cum
1553 2708 1617 2729 non
1634 2699 1675 2728 sit
1690 2698 1898 2728 deferendum
1916 2698 2040 2728 homini
2051 2698 2138 2737 plus-

1139 2764 1234 2794 quam
1251 2755 1328 2791 Deo,
1349 2753 1451 2783 eidem
1468 2752 1705 2790 archiepiscopo
1722 2751 1836 2781 damus
1853 2760 1908 2790 per
1921 2750 1998 2780 alias
2015 2755 2139 2781 nostras

1138 2810 1258 2839 litteras
1277 2808 1310 2837 in
1327 2806 1496 2843 mandatis,
1514 2810 1548 2835 ut
1564 2815 1599 2834 ex
1615 2805 1734 2834 tnncin
1747 2813 1812 2840 vos,
1830 2808 1977 2842 potestas,
1996 2804 2139 2834 anctiani

1138 2868 1167 2893 et
1182 2861 1368 2896 consiliarii7
1386 2868 1420 2889 ac
1437 2858 1589 2889 officiales
1606 2862 1726 2887 vestros
1743 2861 1772 2887 et
1788 2856 1867 2887 alios
1885 2857 2043 2896 quoslibet
2057 2881 2063 2891 ‚
2084 2866 2139 2896 per

1137 2924 1216 2955 quos
1231 2914 1342 2944 civitas
1360 2914 1481 2951 regitur
1495 2911 1686 2950 supradicta,
1706 2910 2045 2941 excommunicationis
2061 2919 2137 2939 sen-

1138 2969 1269 2999 tentiam
1279 2965 1493 3005 promulgare,
1505 2968 1610 3003 teque,
1628 2967 1774 3002 potestas,
1791 2972 1827 2993 ac
1843 2971 1895 2993 eos
1905 2963 1999 2992 etiam
2009 2971 2137 3001 prorsus

1137 3021 1296 3053 inhabiles
1312 3020 1442 3049 reddere
1457 3019 1497 3048 ad
1511 3018 1681 3056 dignitates
1697 3017 1855 3047 seculares
1871 3020 1901 3046 et
1913 3016 2018 3046 officia
2034 3015 2136 3054 queli-

1982 3082 1997 3108 9
