2477 3637
281 436 336 467 19³3
1023 425 1259 456 REGISTRES
1282 425 1337 456 DE
1358 420 1543 454 NICOLAS
1565 420 1622 451 IV.

280 503 424 534 tusiensis
441 500 560 529 ordinis
572 497 717 528 concedit
735 502 769 528 ut
784 495 822 525 ad
837 494 1032 525 exhibendas
1048 493 1284 534 procurationes

281 554 470 595 apostolicae
485 552 568 582 sedis
585 551 695 589 legatis
713 559 775 581 nou
794 552 972 578 teneantur.

323 620 338 636 ι
367 608 489 638 Meritis
515 611 616 635 vestre
642 603 858 634 devotionis...
887 618 925 624 -
956 602 1025 631 Dat.
1058 601 1173 636 Rome,
1201 599 1284 639 apud

281 661 430 692 Sanctam
456 659 590 689 Mariam
622 658 792 696 Majorem,
821 665 841 684 v
868 663 969 685 nonas
1001 654 1095 690 maii,
1123 662 1208 683 anuo
1232 662 1283 683 se-

281 713 396 745 cundo.
422 724 435 739 ι

353 884 440 914 880
903 881 992 914 Rieu,
1014 881 1041 907 17
1062 880 1119 906 mai
1138 879 1214 906 1289.

318 947 554 974 Cartusiensibus
569 946 603 972 de
623 945 786 972 Vullcviridi
805 944 933 979 indulget
951 948 982 971 ut
997 948 1076 970 extra
1096 943 1197 969 domos
1217 949 1287 968 suas

285 997 430 1031 privilegia
459 1004 511 1022 sua
542 995 677 1021 exhibere
707 1003 761 1020 non
794 998 943 1020 teneantur
971 992 1054 1025 (ttae.
1086 992 1133 1025 44,
1162 999 1188 1018 e.
1223 991 1285 1022 167,

284 1047 304 1073 f.
324 1046 372 1072 ¹115
389 1053 436 1076 v0;
455 1045 520 1072 Lair.
539 1054 572 1072 nu
588 1044 693 1075 ‘rut-tt,
712 1043 759 1075 ΙΙ.)

327 1170 345 1176 ..
362 1148 463 1184 priori
485 1152 511 1176 et
529 1147 688 1175 conventui
704 1146 809 1175 domus
828 1146 861 1175 de
891 1144 1066 1174 Vulsci-iridi
1084 1152 1177 1181 prope
1196 1143 1287 1171 Pari-

282 1202 358 1236 sius,
377 1201 579 1230 Curiusiensis
594 1200 722 1228 ordinis.
743 1211 754 1225 α
775 1200 874 1228 Favor
890 1203 991 1227 vestre
1005 1196 1169 1234 religionis
1181 1204 1286 1234 expos-

283 1253 324 1283 cit
349 1257 379 1282 et
407 1253 582 1282 devotionis
609 1257 709 1281 vestre
735 1252 848 1281 merita
872 1260 929 1281 uos
953 1251 1112 1280 inducunt
1129 1253 1171 1286 ut,
1191 1258 1286 1288 quam

283 1307 378 1344 digne
404 1315 581 1345 possumus,
608 1306 696 1335 vobis
721 1305 856 1343 gratiam
884 1305 1048 1334 suciamus.
1077 1304 1157 1333 Cum
1175 1303 1284 1340 igitur,

282 1361 365 1390 sicut
383 1369 418 1388 ex
437 1364 522 1398 parte
545 1364 648 1388 vestra
666 1358 726 1387 tuit
751 1358 943 1396 propositum
969 1366 1075 1387 coram
1099 1357 1210 1392 uobis,
1233 1364 1287 1394 pro

281 1412 466 1442 defensioue
486 1422 540 1441 seu
558 1412 774 1450 prosecutione
788 1411 870 1449 juris
890 1411 1005 1446 vestri,
1029 1419 1082 1440 vos
1106 1410 1288 1448 frequenter

282 1468 433 1508 oporteat⁴
450 1465 617 1503 privilegia
644 1469 745 1494 vestra
771 1464 945 1502 producere
971 1472 1077 1494 coram
1101 1463 1284 1501 judicibus,

283 1527 387 1549 coram
404 1518 518 1556 quibus
531 1518 584 1556 jus
600 1517 783 1556 hujusmodi
800 1517 949 1555 agitatur,
961 1521 991 1546 et
1005 1526 1059 1555 per
1072 1518 1287 1546 ostensionem

284 1572 438 1601 dictorum
462 1570 700 1609 privilegiorum
719 1570 757 1599 de
775 1571 917 1609 ipsorum
940 1571 1114 1599 amissione
1136 1579 1191 1600 seu
1216 1570 1287 1599 des-

285 1625 438 1654 tructione
456 1633 517 1653 nou
536 1624 696 1654 immerito
715 1623 903 1659 formidetis,
917 1632 986 1660 nos,
1001 1624 1113 1653 vestris
1129 1623 1287 1662 supplica-

286 1679 424 1708 tionibus
450 1677 616 1713 inclinati,
644 1682 676 1707 ut
695 1677 860 1707 ostendere
885 1677 1051 1716 privilegia
1071 1682 1174 1707 vestra
1201 1683 1287 1707 extra

285 1733 394 1762 domos
413 1732 460 1761 vel
477 1732 545 1761 loca
567 1735 670 1760 vestra
685 1755 692 1769 ,
711 1731 853 1769 quandiu
881 1731 978 1770 parati
998 1731 1121 1760 fueritis
1143 1731 1287 1761 discretis

286 1790 315 1815 et
343 1785 478 1823 ydoneis
504 1785 592 1821 viris,
628 1793 706 1824 qnos
734 1785 858 1824 judices
879 1785 1032 1814 ordinarii
1058 1784 1107 1814 vel
1125 1785 1220 1814 etiam
1237 1786 1287 1816 de-

285 1839 390 1876 legati,
408 1848 512 1868 coram
531 1838 647 1876 quibus
663 1847 719 1877 pro
732 1839 805 1877 jure
821 1844 923 1868 vestro
941 1838 980 1868 de
997 1839 1140 1877 ipsorum
1158 1838 1287 1877 privile-

284 1892 412 1930 giorum
424 1893 542 1921 virtute
555 1902 609 1922 seu
625 1892 810 1922 auctoritate
819 1897 1013 1931 proponetur
1029 1901 1085 1922 seu
1101 1893 1286 1931 excipietur,

285 1946 317 1975 iu
336 1950 494 1984 posterum
521 1946 648 1975 mittent
663 1945 701 1975 ad
719 1946 955 1984 inspiciendum
974 1945 1023 1975 vel
1038 1946 1077 1975 ad
1093 1947 1286 1977 sumendum

284 2000 316 2028 iu
342 1998 419 2028 locis
436 2003 466 2028 et
489 1998 635 2028 domibus
658 1999 807 2037 predictis
828 1999 958 2029 illorum
982 2000 1103 2038 copiam
1127 2000 1177 2030 vel
1200 2006 1286 2030 tran-

285 2055 410 2092 scripta,
430 2054 513 2083 etad
529 2055 710 2084 faciendum
726 2055 788 2085 alia
801 2065 862 2094 que
882 2055 1085 2092 incumbent,
1102 2057 1140 2085 de
1164 2065 1286 2096 compe-

283 2108 423 2137 tentibus
440 2109 585 2146 expensis
616 2107 663 2137 vel
687 2108 809 2137 salariis
834 2108 999 2147 providere
1022 2109 1158 2139 minime
1183 2115 1287 2140 tenea—

282 2161 383 2196 mini,
410 2161 496 2190 vobis
523 2162 707 2191 auctoritate
732 2163 927 2200 presentium
950 2162 1156 2200 indulgemus
1196 2164 1287 2193 Nulli

283 2223 356 2252 ergo
386 2218 457 2250 etc„
486 2219 592 2244 nostre
622 2216 835 2245 concessionis
860 2219 918 2246 etc.
948 2216 1017 2246 Dat.
1037 2217 1149 2254 Reate,
1166 2227 1217 2247 xw
1234 2217 1289 2248 ka-

283 2267 393 2297 lendas
405 2267 510 2306 junii,
529 2277 614 2298 anuo
631 2269 782 2299 secundo.
803 2282 817 2295 »

351 2453 432 2481 881

318 2514 361 2542 Ad
377 2516 548 2542 solutionem
563 2516 724 2543 debitorum
743 2518 908 2544 monasterii
920 2517 1133 2546 Nobiliacensis
1144 2520 1228 2553 (Rea.
1242 2523 1284 2554 44,

281 2573 305 2591 c.
328 2565 388 2597 168,
406 2565 426 2591 f.
445 2565 494 2592 145
510 2565 693 2596 v⁰;LA1>.nu
707 2566 874 2600 'rneit,11‚
892 2567 946 2598 82.)

605 2454 975 2489 Satnte-Marie-Majeure.
994 2455 1026 2482 27
1047 2457 1117 2483 avril
1137 2458 1212 2486 1289.

321 2669 423 2705 Hesye,
441 2668 543 2696 abbati
565 2669 745 2698 monasterii
760 2670 990 2707 Nobzssitacensis‚
1012 2671 1131 2701 ordinis
1149 2672 1180 2702 S.
1198 2673 1287 2703 Bene—

281 2722 370 2755 dicti,
387 2722 572 2751 pictavensis
590 2722 724 2759 diocesis,
743 2723 885 2752 concedit
903 2727 935 2753 ut
951 2723 1083 2761 fructus,
1101 2725 1242 2756 redditus
1256 2731 1287 2756 et

284 2781 450 2811 prov-ntus
473 2774 630 2812 prioratus
654 2774 693 2805 de
716 2776 900 2811 Leziuiaco,
928 2779 1118 2808 monasterio
1140 2779 1284 2809 Nobilia-

282 2828 365 2873 censi
400 2828 582 2857 immediate
613 2828 758 2867 subjecti,
788 2830 929 2859 vacantis
952 2840 1007 2869 per
1044 2832 1284 2863 translationem

282 2880 422 2917 t³jtt<¹lr³m
434 2880 542 2909 Heliae
553 2881 591 2909 ad
609 2882 783 2920 praefatum
799 2883 1039 2921 monasterium,
1053 2894 1107 2923 per
1116 2886 1282 2917 biennium

283 2932 441 2970 percipere
455 2935 559 2970 possit,
579 2943 719 2972 congrua
737 2941 892 2966 reservata
911 2938 1055 2975 portione
1072 2939 1236 2969 monachis
1255 2945 1285 2970 et

282 2985 352 3014 :iliis
370 2986 400 3014 iu
421 2987 487 3023 ipso
505 2988 640 3024 prioratu
659 2988 860 3026 degentibus,
884 2990 922 3019 ad
953 2991 1144 3022 solutionem
1161 2993 1283 3024 debito-

283 3047 351 3066 rnru
371 3038 468 3076 ipsius
492 3041 675 3070 monasterii
699 3044 940 3074 convertendos.

329 3104 334 3116 ‹
364 3091 568 3129 Exigentibus
588 3097 638 3122 tue
660 3093 874 3126 devotionis...
898 3113 935 3117 —
964 3097 1033 3127 Dat.
1060 3098 1174 3133 Rome,
1200 3100 1283 3138 apud

1369 490 1517 520 Saue-trun
1548 487 1683 518 Mariam
1711 486 1887 525 Major-em,
1919 494 1939 514 v
1966 484 2121 515 kalendas
2152 485 2250 522 maii,
2287 493 2372 516 auno

1369 542 1520 573 secundo.
1546 552 1560 567 »

1440 712 1630 742 882-883
1994 708 2084 740 Rieu,
2106 709 2135 736 18
2151 709 2205 736 mai
2223 708 2300 737 1289.

1406 777 1538 804 Facultas
1554 775 1688 803 testandi.
1709 774 1790 806 (Rue.
1808 774 1856 808 44,
1872 781 1898 800 c.
1918 773 1982 806 169,
2000 773 2018 800 f.
2038 773 2087 800 145
2103 776 2153 808 vo.)

1417 879 1581 908 Venerabili
1599 878 1692 915 fratri
1708 878 1842 912 Alberw,
1859 877 1991 913 episcopo
2010 874 2173 912 Yporiensi.

1413 947 1424 958 a
1450 933 1530 969 Quia
1552 931 1707 970 presentis
1734 931 1832 960 vite...
1860 944 1900 951 —
1922 928 1992 958 Dat.
2015 929 2134 963 Reate,
2159 937 2198 957 xv
2220 927 2372 959 kalendas

1367 986 1469 1025 junii,
1486 993 1572 1015 anuo
1588 984 1737 1013 seeundo.
1762 995 1774 1009 ι

1411 1039 1448 1068 In
1467 1048 1493 1067 e.
1513 1047 1555 1067 m.
1576 1038 1754 1073 Beruardo,
1773 1036 1918 1074 episcopo
1935 1035 2098 1065 Paduano.
2127 1034 2198 1064 Dat.
2216 1038 2371 1073 utsupra.

1441 1210 1528 1238 884
1699 1206 2053 1241 Sainte-Marie-Mnjeure
2065 1228 2071 1240 ‚
2090 1206 2121 1233 13
2137 1205 2208 1233 avril
2224 1205 2302 1233 1289.

1405 1272 1617 1299 Tabellionatus
1641 1271 1766 1298 officium
1783 1270 1863 1304 (Rue.
1881 1270 1930 1303 44,
1947 1277 1973 1296 c.
1990 1270 2053 1302 170,
2070 1268 2089 1295 f.
2109 1268 2158 1295 146
2179 1269 2224 1300 ro.)

1411 1374 1540 1412 Opizoni
1551 1375 1584 1403 de
1602 1373 1835 1407 Pontetremuw,
1853 1374 1929 1402 laico
1947 1373 2065 1401 Lucane
2080 1372 2215 1407 diocesis,
2231 1369 2387 1401 concedit

1372 1428 1595 1457 tabellionatus
1617 1427 1770 1462 officium,
1791 1426 1828 1456 ad
1851 1425 1934 1464 quod
1949 1434 1967 1455 a
1989 1424 2184 1463 Raymuudo
2201 1424 2240 1453 de
2259 1424 2387 1462 Pontes*

1370 1481 1489 1511 decano
1519 1480 1790 1520 Compostellano‚
1811 1484 1842 1510 et
1857 1479 2026 1509 Ranuriuo
2052 1479 2091 1508 de
2124 1479 2253 1514 Murro,
2270 1477 2379 1508 archi-⁵>
2410 1483 2428 1518 ἦ
2460 1505 2462 1522 ,Ι

1371 1535 1508 1565 diacono
1532 1534 1723 1564 Vervetensi
1744 1534 1776 1563 in
1800 1533 1931 1563 ecclesia
1948 1533 2123 1571 Burgensi,
2136 1531 2310 1572 capellanis
2324 1539 2377 1571 pau
2460 1527 2462 1534 ¹

1371 1597 1443 1627 pae‚
1462 1588 1595 1617 idoneus
1607 1587 1769 1626 judicatus
1785 1591 1842 1616 est.
2385 1595 2387 1599 ’
2409 1608 2412 1610 -

1412 1653 1425 1668 α
1451 1641 1499 1671 Ne
1519 1645 1738 1671 contractuum
1762 1640 1953 1670 memoria...
1984 1657 2022 1662 —
2046 1640 2117 1669 Dat.
2146 1640 2265 1675 Rome,
2292 1637 2383 1678 aputi¹
2411 1636 2419 1639 ’

2413 1574 2432 1625 Ίῐ·
2421 1535 2427 1538 i

1371 1695 1520 1725 Sanctam
1550 1695 1686 1723 Mariam
1718 1694 1887 1732 Majorem,
1919 1693 2024 1723 idibus
2055 1692 2182 1731 aprilis,
2209 1700 2297 1722 anno
2325 1699 2374 1721 se·
2407 1679 2428 1730 ‚2
2460 1689 2462 1714 ἶ

1369 1748 1485 1778 cundo.
1512 1759 1525 1774 n
2408 1732 2429 1789 ᾖ
2460 1729 2463 1746 ⁹

2399 1796 2425 1851 „t
2460 1839 2465 1853 ,,

1442 1920 1530 1950 885
1708 1918 2074 1952 Sainte-Marie-Majeure,
2090 1917 2124 1944 ‘2‘2
2140 1917 2209 1944 avril
2227 1916 2304 1945 1289.
2404 1844 2434 1952 j
2460 1907 2462 1929 ⁵

1409 1982 1537 2009 Licentia
1553 1982 1687 2010 visitandi
1708 1982 1890 2008 monasteria.
1909 1981 1992 2014 (Rae.
2011 1981 2061 2011 44.
2079 1988 2105 2007 e.
2124 1980 2191 2014 171,
2215 1979 2234 2007 f.
2258 1979 2308 2008 146
2327 1980 2375 2014 1⁸⁰.)
2400 1965 2426 2010 ,ν
2462 1962 2463 1978 ³

1410 2086 1509 2115 Nobili
1531 2083 1651 2114 mulieri
1675 2085 1772 2114 Mathe
1785 2107 1793 2121 ‚
1810 2085 1957 2114 comitisse
1971 2084 2162 2119 Armaniaci‚
2181 2081 2326 2113 concedit
2343 2085 2376 2112 ut
2462 2093 2463 2097 ¹

1370 2138 1565 2169 monasteria
1580 2137 1803 2167 Cisterciensis
1813 2137 1934 2166 ordinis
1950 2137 1983 2166 iu
2001 2136 2066 2166 suis
2081 2135 2284 2175 comitatibus
2295 2133 2376 2166 exis-
2411 2128 2429 2170 ἦ
2462 2126 2463 2129 “

1372 2193 1480 2228 tentia,
1498 2201 1571 2222 cum
1583 2201 1635 2222 sex
1648 2191 1791 2221 honestis
1803 2191 1969 2227 matronis,
1983 2190 2022 2220 de
2033 2198 2191 2220 consensu
2205 2194 2310 2219 tamen
2322 2188 2374 2222 ab,-
2409 2189 2415 2196 ‘

1370 2247 1477 2278 hatum
1493 2270 1500 2282 ,
1534 2250 1579 2276 ter
1606 2246 1639 2275 in
1664 2253 1750 2275 anno
1778 2244 1923 2283 ingredi,
1955 2249 1985 2274 et
2013 2245 2047 2273 in
2073 2245 2118 2274 eis
2138 2244 2248 2273 divina
2272 2242 2386 2279 officia,

1369 2300 1481 2331 audire
1504 2300 1620 2339 possit,
1642 2298 1817 2329 dummodo
1837 2297 1974 2328 claustra
1995 2306 2059 2328 non
2082 2296 2294 2336 ingrediatur,
2318 2303 2375 2327 nec

1369 2355 1403 2383 in
1421 2353 1622 2383 monasteriis
1638 2351 1783 2382 comedat
1800 2360 1858 2381 nec
1874 2355 2045 2390 pernoctet.

1411 2418 1424 2434 α
1450 2406 1636 2436 Devotiouis
1651 2411 1701 2435 tue
1717 2405 1900 2444 precibus...
1916 2421 1955 2426 -—
1970 2405 2040 2434 Dat.
2056 2404 2169 2441 Rome,
2180 2403 2263 2443 apud
2279 2403 2374 2434 Sano-
2398 2411 2419 2429 ⁴·⁴

1371 2465 1433 2491 tam
1450 2459 1586 2490 Mariam
1604 2459 1770 2498 Majorem,
1788 2467 1806 2487 x
1820 2457 1974 2487 kalendas
1984 2457 2075 2494 maii,
2093 2465 2180 2487 anno
2192 2456 2342 2488 secundo.
2358 2466 2372 2485 ι

1438 2625 1525 2654 886

1405 2688 1446 2716 De
1472 2689 1651 2715 matrimonio
1676 2689 1750 2715 inter
1769 2687 1932 2714 «Iohannem
1958 2687 1993 2714 de
2019 2686 2115 2714 Pei-cis
2140 2690 2173 2714 ee
2189 2685 2372 2714 mancam-de

1368 2739 1505 2774 Plesseyo
1520 2742 1667 2765 contracto
1689 2737 1770 2772 (Rae.
1788 2737 1832 2768 44,
1849 2745 1873 2764 c.
1894 2736 1958 2768 17²2,
1974 2736 1994 2763 f.
2012 2735 2061 2764 146
2078 2743 2120 2770 r⁰;
2136 2735 2204 2763 Lim.
2224 2744 2260 2763 nu
2273 2734 2370 2767 Tm.

1366 2787 1412 2819 11.
1430 2787 1462 2815 83
1476 2789 1485 2820 )

1694 2623 2063 2658 Sainte-Ma1·ie-Majeure‚
2081 2624 2112 2651 31
2130 2632 2207 2651 mars
2224 2623 2302 2652 1289.

1413 2890 1576 2919 Venerabili
1593 2890 1701 2925 fratri,
1725 2912 1744 2919 ..
1767 2890 1899 2926 episcopo
1915 2888 2140 2918 Aurelianensi.
2161 2897 2174 2914 ι
2197 2885 2262 2917 Sua
2282 2883 2372 2916 nohis

1367 2941 1484 2972 nobilis
1513 2942 1561 2971 vir
1587 2941 1755 2971 Johauues
1779 2941 1818 2971 de
1845 2941 1971 2977 Percis,
2001 2939 2105 2977 miles,
2133 2943 2163 2969 et
2188 2938 2307 2969 Blanca
2331 2935 2370 2967 do

1366 2995 1529 3034 PlcsseyQ
1541 3004 1619 3025 uxor
1631 2996 1710 3034 ejus,
1724 2995 1920 3026 Senouensis
1931 2998 1962 3024 et
1971 2992 2167 3024 Parisiensis
2180 2990 2368 3028 diocesium‘,

1366 3049 1516 3088 petitione
1543 3053 1762 3079 monstrarunt
1784 3048 1883 3088 quod,
1911 3047 1985 3078 licet
2005 3047 2083 3078 olim
2104 3045 2167 3085 ipsi
2191 3044 2316 3085 publice
2336 3042 2375 3074 in

1365 3103 1445 3133 facie
1460 3102 1591 3133 ecclesie
1608 3103 1848 3133 matrimonium
1866 3111 1922 3142 per
1939 3101 2036 3132 verba
2053 3100 2094 3130 de
2111 3097 2252 3140 presenti
2266 3096 2306 3128 ad
2320 3095 2373 3127 in-
