2342 3652
930 366 1162 405 TnoisinME
1183 367 1340 406 ANNEE.
2121 381 2179 412 433

86 443 158 473 dem
187 443 299 472 fratres
315 442 350 471 in
373 441 439 471 suis
457 441 604 471 oratoriis
622 440 734 470 divina
749 441 852 470 officia
868 441 1028 471 celebrare
1045 442 1089 470 si-

86 500 173 526 nant.

126 560 140 576 α
153 548 203 578 Ad
212 548 411 578 audientiam
427 551 607 577 nostram...
625 564 664 568 —-
677 547 747 576 Dat.
761 548 872 582 Rome,
890 547 974 585 apud
993 547 1089 577 Sanc-

85 606 150 632 tam
167 601 302 631 Mariam
318 600 485 639 Maj0rem,
502 610 522 629 v
544 599 697 629 kalendas
710 599 801 636 maii,
819 608 905 629 anno
923 601 1023 630 tertio.
1041 611 1056 626 ›>

156 785 272 814 255ss

121 847 250 874 Ventura
270 847 444 873 monasterio
469 846 566 873 Sancti
587 846 733 873 Laurentii
756 847 790 873 de
811 846 987 881 Ardingesta
1004 846 1091 873 abbas

89 896 259 933 praeficitur.
277 895 361 929 (Res.
378 895 423 926 45,
442 903 468 922 c.
487 895 548 929 120,
564 895 584 922 f.
601 895 634 922 20
649 897 696 928 ro.)

424 783 779 819 Sainte-Marie-Majeure,
798 784 830 811 30
847 792 923 810 mars
940 784 1017 811 1290.

130 1013 266 1050 Ventura,
284 1012 386 1040 abbati
401 1012 580 1040 monasterii
601 1010 705 1040 Sancti:
730 1010 889 1040 Laurentii
916 1012 949 1040 de
975 1013 1090 1041 Arclin-

85 1070 175 1104 qesta,
192 1065 232 1094 ad
248 1073 411 1094 romanam
423 1065 575 1093 ecclesiam
592 1063 677 1093 nullo
696 1065 791 1093 medio
800 1066 990 1102 pertinentis,
1008 1066 1091 1094 ordi-

83 1120 132 1149 nis
158 1118 188 1148 S.
217 1118 385 1154 Benedicti,
416 1118 590 1146 Grossetane
615 1118 758 1154 diocesis,
780 1118 947 1147 confirmat
972 1118 1092 1148 instru-

83 1174 227 1203 mentum
255 1179 318 1210 quo
345 1171 548 1207 Matthaeus,
576 1171 684 1200 Sancti
708 1171 871 1200 Laurentii
896 1172 930 1200 in
954 1172 1092 1202 Damaso

83 1224 249 1264 presbyter
272 1224 468 1259 cardinalis,
493 1233 565 1254 eum
583 1224 778 1254 monasterio
794 1225 902 1254 Sancti
927 1226 1090 1254 Laurentii

85 1278 124 1308 de
154 1277 352 1315 Ardingesta
379 1278 525 1309 abbatem
559 1277 730 1316 praefecit,
760 1278 851 1316 cujus
881 1278 1091 1308 instrumenti

84 1336 175 1362 tenor
189 1331 242 1361 hic
257 1335 303 1361 est
317 1341 324 1361 z

125 1396 140 1412 κ
157 1385 318 1415 Noveritis
336 1385 432 1424 quod,
451 1385 647 1415 monasterio
664 1385 772 1414 Sancti
790 1385 953 1415 Laurentii
971 1385 1009 1415 de
1025 1386 1088 1414 Ar-

86 1449 102 1466 »
124 1438 281 1476 dingesta,
300 1438 424 1468 ordinis
441 1437 475 1468 S.
490 1438 668 1474 Benedicti,
684 1437 875 1468 Grossetane
886 1438 1033 1475 diocesis,
1050 1438 1090 1468 ad

89 1504 101 1518 »
125 1499 290 1522 romanam
307 1491 473 1521 ecclesiam
491 1491 580 1521 nullo
603 1491 710 1521 medio
736 1482 936 1529 pertinente,
956 1492 1090 1530 pastoris

89 1555 104 1572 »
127 1544 238 1575 solatio
270 1545 422 1575 destituto
449 1549 479 1574 et
508 1545 609 1583 ipsius
631 1545 808 1574 vacationis
833 1546 960 1583 negotio
982 1554 1088 1575 coram

89 1610 104 1627 »
124 1598 325 1628 sanctissimo
355 1604 442 1637 patre
476 1598 606 1628 domino
626 1603 735 1628 nostro
751 1598 882 1629 domino
898 1599 925 1628 N
933 1623 957 1638 .‚
981 1599 1090 1629 divina

89 1663 103 1680 11
123 1651 322 1691 providentia
338 1661 417 1691 papa
433 1652 512 1688 IIII,
524 1653 558 1681 in
573 1651 668 1690 pleno
679 1652 877 1688 consistorio,
890 1653 1090 1691 presentibus

88 1717 102 1733 11
125 1705 266 1735 dominis
282 1705 509 1742 cardinalibus,
527 1705 702 1744 proposito,
726 1705 811 1735 idem
837 1706 987 1735 dominus
1010 1715 1090 1744 papa

84 1771 98 1787 ι
122 1759 212 1789 nobis
224 1782 231 1796 ,
248 1759 338 1788 fratri
353 1760 415 1796 M.‚
440 1759 644 1789 miseratione
662 1758 771 1788 divina
789 1759 872 1799 tituli
889 1760 987 1788 sancti
1004 1760 1089 1789 Lau-

86 1824 100 1840 »
124 1812 222 1843 rentii
239 1813 273 1842 in
293 1813 431 1842 Damaso
446 1812 632 1851 presbytero
650 1811 818 1848 cardinali,
838 1812 871 1841 in
888 1812 956 1850 ipso
972 1813 1090 1842 consis-

86 1877 101 1894 »
124 1867 203 1897 torio
228 1867 300 1896 vive
315 1866 401 1896 vocis
423 1866 550 1896 oraculo
569 1866 733 1895 mandavit
747 1870 842 1904 atque
858 1866 1017 1895 commisit
1033 1871 1087 1901 ut,

85 1932 99 1948 ι
122 1921 276 1959 requisito
305 1925 334 1950 et
356 1920 464 1950 habito
490 1919 624 1950 consilio
649 1920 689 1949 ad
716 1920 775 1949 hoc
803 1920 968 1949 reverendi
994 1921 1089 1958 patris

85 1985 100 2001 11
121 1974 247 2004 domini
266 1973 388 2010 Latini,
407 1973 615 2003 miseratione
629 1973 740 2002 diviua
757 1973 915 2003 Ostiensis
935 1978 964 2003 et
982 1973 1089 2003 Velle-

84 2039 97 2054 11
123 2027 237 2057 trensis
255 2026 404 2066 episcopi,
416 2027 520 2056 eidem
534 2027 741 2063 monasterio,
760 2020 854 2064 quod,
869 2026 1088 2063 utdicebatur,

78 2091 97 2119 p
120 2089 175 2119 per
193 2079 270 2110 duos
287 2088 390 2110 annos
409 2084 440 2110 et
454 2079 592 2119 amplius
609 2081 676 2118 jam
702 2084 839 2116 vacarat,
862 2080 1027 2118 providere
1051 2080 1089 2110 de

84 2144 98 2160 n
120 2133 231 2163 abbate
248 2133 420 2163 salubriter
435 2142 632 2163 curaremus.
653 2133 719 2163 Nos
734 2133 853 2171 itaque,
871 2133 1027 2169 volentes,
1054 2138 1090 2163 ut

85 2197 100 2214 »
123 2190 280 2223 tenemur,
299 2186 443 2225 ejusdem
465 2186 590 2216 domini
613 2195 690 2225 pape
716 2190 898 2216 reverenter
926 2186 1088 2225 obtempe-

87 2252 99 2266 ·
123 2248 193 2269 rare
216 2239 390 2276 mandatis,
414 2239 585 2277 diligenter
609 2240 840 2278 inquisivimus
867 2244 900 2269 ut
924 2249 1088 2277 possemus

85 2304 99 2320 11
119 2293 261 2332 aliquam
276 2301 444 2332 personam
463 2293 621 2332 ydoneam
639 2294 789 2331 reperire,
807 2293 845 2322 de
863 2302 924 2331 qua
940 2294 1088 2331 provide-

85 2358 99 2373 »
125 2355 232 2377 remus
257 2347 451 2377 monasterio
476 2347 655 2385 supradicto
667 2369 675 2382 ,
693 2352 723 2376 et
740 2347 825 2376 inter
843 2347 921 2376 alias
939 2356 1088 2385 personas

56 2399 59 2401 ’
89 2411 102 2427 a
126 2400 220 2430 nobis
245 2400 365 2430 oblatas
390 2401 529 2430 occurrit
550 2409 683 2439 persona
703 2401 809 2430 1131115
836 2401 991 2437 Venture,
1020 2409 1088 2430 mo-

88 2466 100 2479 »
121 2454 218 2483 nachi
233 2457 263 2484 et
276 2454 487 2492 procuratoris
502 2454 686 2484 monasterii
700 2454 807 2484 Sancti
821 2454 922 2483 sabbe
939 2454 976 2483 de
990 2454 1086 2491 Urbe,

87 2517 102 2534 »
125 2507 248 2546 utique,
273 2511 308 2537 ut
328 2507 450 2537 abbatis
472 2509 521 2537 sui
543 2512 572 2537 et
589 2507 727 2537 aliorum
748 2508 983 2545 fidedignorum
1003 2508 1087 2536 testi-

87 2570 102 2587 »
123 2561 232 2590 monio
256 2560 480 2599 comperimus,
512 2561 722 2599 competentis
747 2560 892 2596 scientie,
918 2560 1088 2590 laudabilis

87 2624 102 2640 11
124 2614 373 2643 conversationis
392 2618 422 2643 et
438 2614 513 2651 vite,
531 2615 565 2643 in
582 2614 800 2653 spiritualibus
817 2619 846 2643 et
864 2614 1088 2652 temporalibus

87 2679 102 2696 a
121 2669 358 2708 circumspecta.
380 2669 473 2699 Unde
491 2678 558 2706 nos,
578 2670 752 2708 requisito,
776 2670 882 2709 habito
909 2674 938 2698 et
962 2670 1088 2699 obtento

87 2733 102 2749 n
124 2722 162 2752 ad
177 2722 236 2752 hoc
253 2722 388 2753 consilio
406 2723 542 2761 predicti
557 2723 680 2752 domini
694 2724 742 2758 L.,
763 2723 920 2753 Ostiensis
941 2727 970 2751 et
985 2722 1088 2752 Velle-

87 2786 102 2803 »
125 2776 239 2806 trensis
253 2777 401 2815 episcopi,
421 2776 630 2806 consideratis
650 2777 746 2806 etiam
764 2777 886 2806 meritis
908 2777 1007 2814 ipsius
1025 2776 1087 2804 ira-

86 2839 102 2856 »
125 2829 180 2859 tris
206 2829 362 2866 Venture,
380 2830 450 2866 cui,
477 2834 510 2859 ut
532 2829 740 2868 premittitur,
759 2834 824 2859 tam
842 2830 881 2859 ab
899 2830 1010 2859 abbate
1030 2837 1087 2858 5110

88 2892 102 2909 2
123 2891 219 2921 quam
247 2883 287 2912 ab
309 2883 383 2912 aliis
416 2883 590 2920 fidedignis
612 2883 650 2912 de
679 2883 873 2921 competenti
910 2882 1087 2912 litterarum

87 2945 101 2961 ³·
124 2935 276 2973 scientia,
300 2936 454 2974 gravitate
478 2945 605 2965 morum
631 2940 662 2965 et
688 2936 929 2965 conversatione
955 2935 1087 2965 honesta

87 2998 101 3014 n
124 2987 282 3020 laudabile
308 2989 527 3019 testimonium
543 2989 741 3027 perhibetur,
759 2989 798 3018 de
816 2989 984 3025 mandato,
1012 2996 1088 3017 auc-

87 3052 102 3068 »
126 3042 246 3072 toi-itate
276 3047 306 3072 et
330 3043 555 3072 commissione
582 3051 676 3080 super
702 3042 761 3072 hoc
782 3051 800 3071 a
819 3042 938 3080 prefato
959 3042 1088 3072 domino

225 3107 297 3134 Rae.
318 3107 440 3135 Nicoms
460 3107 512 3135 IV.

1174 453 1186 467 n
1212 450 1290 479 papa
1309 442 1377 471 vive
1393 443 1478 472 vocis
1494 443 1622 473 oraculo
1643 443 1733 473 nobis
1757 444 1857 481 factiS,
1878 445 2022 475 invocata
2041 446 2179 485 Spiritus

1171 505 1183 520 ι
1213 494 1321 523 Sancti
1337 496 1448 532 gratia,
1461 496 1500 525 de
1518 497 1585 535 ipso
1599 497 1695 526 fratre
1709 497 1852 526 Ventura
1869 497 1973 527 eidem
1985 501 2180 531 monasterio

1174 558 1187 572 1>
1209 546 1316 576 Sancti
1340 548 1503 578 Laurentii
1521 549 1726 587 providemus
1743 554 1773 579 et
1789 550 1926 580 eundem
1945 551 1976 580 in
1995 552 2095 590 ipsius
2110 562 2179 583 mo-

1174 611 1187 625 »
1212 600 1343 630 03510111
1360 601 1504 631 abbatem
1522 602 1703 640 proficimus
1720 608 1749 632 et
1767 608 1933 642 pastorem.
1952 605 1989 633 In
2016 606 2106 644 cnjus
2130 607 2178 636 rei

1173 663 1187 678 »
1213 653 1430 684 testimoninm
1447 660 1609 693 presentes
1625 655 1764 692 litteras,
1792 666 1846 686 seu
1863 657 2024 695 publicum
2055 659 2177 689 instru-

1174 716 1188 732 »
1213 711 1370 742 mentum,
1388 716 1442 745 per
1458 707 1698 746 infrascriptum
1727 710 1886 739 notarium
1914 715 2060 741 nostrum
2083 713 2180 743 scribi

1174 770 1187 784 n
1213 763 1243 787 et
1257 759 1411 796 publicari
1428 760 1665 796 mandavimus,
1692 762 1856 800 nostrique
1880 763 1979 800 sigilli
1995 765 2179 795 munimine

1175 822 1188 838 1)
1212 811 1366 842 roborari.
1386 813 1501 842 Actum
1521 818 1550 842 et
1569 814 1685 843 Datum
1704 814 1822 851 Rome,
1842 816 1924 853 apud
1947 816 2099 847 Sanctum
2119 818 2176 847 Ba-

1174 876 1188 891 »
1211 865 1332 902 silium,
1347 875 1433 896 anno
1450 867 1581 896 Domini
1597 876 1614 895 a
1631 867 1804 897 Nativitate
1819 878 1991 905 MCCLXXXX,
2004 871 2180 901 indictione

1175 930 1188 944 n
1213 919 1316 954 tertia,
1344 919 1545 957 pontificatus
1585 920 1778 949 sanctissimi
1803 922 1900 958 patris
1928 922 2054 951 domini
2082 925 2179 954 Nico-

1172 982 1185 997 »
1209 970 1251 1000 lai
1268 980 1346 1009 pape
1362 971 1429 1000 1111
1446 980 1532 1001 auno
1550 972 1653 1007 tertio,
1666 972 1718 1001 die
1730 982 1781 1001 xvr
1797 974 1918 1002 mensis
1935 975 2056 1011 martii,
2073 985 2179 1006 coram

1175 1036 1188 1050 n
1211 1024 1386 1053 venerabili
1402 1027 1487 1062 patre
1504 1024 1636 1054 domino
1652 1024 1813 1062 Philippo,
1838 1026 1981 1065 episcopo
2004 1028 2155 1058 Firmano
2171 1053 2179 1067 ‚

1175 1088 1189 1103 »
1212 1077 1366 1114 magistro
1393 1077 1589 1114 Berengario
1620 1078 1717 1114 Regis
1744 1078 1781 1106 de
1811 1078 2022 1115 Carcassone,
2055 1081 2180 1110 domini

1176 1142 1189 1157 11
1212 1138 1291 1168 pape
1318 1129 1511 1160 subdiacono
1539 1135 1569 1159 et
1595 1130 1776 1169 capellano,
1800 1132 1948 1161 fratribus
1969 1133 2131 1171 Piaynerio
2152 1138 2182 1163 et

1175 1195 1188 1210 11
1211 1183 1375 1220 Guidone,
1393 1183 1560 1213 monachis
1587 1184 1773 1213 monasterii
1797 1185 1911 1214 Sancte
1931 1185 2030 1215 Marie
2047 1187 2085 1215 de
2102 1187 2179 1216 Far-

1172 1249 1185 1264 »
1213 1242 1299 1271 neto,
1318 1237 1451 1266 Aretine
1467 1237 1615 1273 diocesis,
1633 1237 1787 1267 fratribus
1807 1239 1989 1274 Francisco,
2009 1240 2134 1277 Pepone
2152 1244 2182 1270 et

1175 1302 1188 1317 1)
1212 1292 1309 1320 fratre
1316 1290 1457 1329 Matheo,
1469 1290 1635 1320 monachis
1643 1291 1776 1329 predicti
1785 1292 1970 1321 monasterii
1981 1292 2089 1322 Sancti
2100 1293 2180 1322 Lau-

1175 1356 1188 1371 »
1212 1344 1320 1379 rentii,
1333 1344 1372 1373 ad
1386 1344 1442 1373 bec
1459 1344 1576 1374 vocatis
1594 1345 1724 1374 testibus
1740 1345 1941 1383 presentibus
1956 1350 1985 1374 et
1997 1346 2125 1383 rogatis.
2142 1346 2182 1376 Et

1174 1409 1188 1424 »
1212 1406 1280 1435 ego,
1298 1397 1441 1435 Angelus
1455 1398 1599 1433 Berardi,
1611 1398 1714 1427 dictus
1731 1398 2177 1435 11101105,011115Τ111101110115,

1209 1451 1376 1490 apostolice
1393 1451 1476 1480 sedis
1492 1451 1678 1481 auctoritate
1697 1456 1727 1481 et
1748 1460 1834 1481 nunc
1848 1452 1959 1490 prefati
1974 1452 2097 1481 domini
2114 1462 2178 1482 car·

1174 1517 1187 1532 11
1212 1504 1330 1534 dinalis
1347 1505 1499 1540 notarius,
1512 1505 1661 1542 predictis
1678 1506 1813 1534 narratis
1829 1510 1859 1534 et
1876 1505 2040 1544 propositis
2057 1514 2092 1535 ac
2108 1515 2179 1544 pro-

1213 1558 1329 1588 visioni
1346 1559 1424 1587 facte
1441 1567 1496 1596 per
1517 1558 1674 1596 prefatum
1698 1558 1866 1588 dominum
1890 1558 2086 1588 cardinalem
2116 1568 2181 1589 una

1175 1624 1187 1638 1»
1212 1620 1285 1641 cum
1311 1611 1500 1650 supradictis
1523 1612 1654 1641 testibus
1672 1620 1802 1650 presens
1818 1612 1952 1641 interfui
1967 1617 2014 1648 et,
2037 1616 2180 1651 utsupra

1173 1677 1187 1693 »
1211 1664 1339 1702 legitur,
1360 1665 1397 1694 de
1414 1665 1564 1694 mandato
1580 1665 1723 1703 ejusdem
1739 1665 1861 1694 domini
1876 1665 2049 1695 cardinalis
2065 1665 2178 1704 scripsi

1174 1730 1187 1745 )1
1212 1723 1242 1748 01
1260 1718 1421 1757 publicavi
1436 1726 1570 1756 meoque
1585 1717 1676 1747 solito
1694 1718 1786 1755 signo
1804 1718 1940 1756 signavi.
1957 1730 1969 1745 ι

1214 1783 1227 1798 α
1251 1771 1342 1802 Circa
1359 1771 1413 1801 illa
1431 1780 1529 1810 que...
1546 1788 1585 1792 —
1603 1772 1673 1800 Dat.
1693 1772 1808 1807 Home,
1829 1771 1911 1809 apud
1935 1771 2084 1801 Sanctam
2110 1773 2178 1801 Ma-

1171 1826 1253 1855 riam
1272 1825 1436 1863 Maj0rem,
1452 1834 1485 1854 111
1502 1825 1655 1854 kalendas
1670 1825 1797 1863 aprilis,
1816 1834 1902 1854 anno
1917 1826 2024 1855 tertio.
2043 1838 2054 1851 ι.

1174 1463 1181 1477 )

1180 1463 1187 1477 ν

1176 1571 1182 1585 )

1243 1971 1358 1999 255ἵ

1207 2032 1250 2059 De
1272 2033 1454 2059 contentione
1476 2033 1551 2059 inter
1574 2033 1742 2067 episcopum
1769 2035 1797 2058 et
1821 2033 1978 2067 capitulum
2004 2032 2178 2059 Remenses.

1172 2081 1254 2114 (Rae.
1273 2082 1314 2112 45,
1335 2089 1360 2107 c.
1379 2081 1439 2111 1⁵21,
1457 2081 1476 2107 f.
1495 2081 1527 2107 ‘20
1543 2082 1594 2113 νῦ.)

1517 1968 1880 2003 Sainte-Marie-MaJeure,
1899 1970 1930 1997 29
1946 1970 2016 1996 avril
2035 1970 2110 1997 1290.

1217 2184 1383 2212 Venerabili
1402 2184 1496 2220 fratri
1515 2184 1560 2217 G„
1586 2183 1715 2220 episcopo
1732 2182 1905 2219 sabinensi,
1934 2189 1960 2212 et
1984 2183 2089 2212 dilecto
2116 2184 2181 2220 filio

1123 2231 1125 2233 ¹
1170 2238 1217 2272 B.,
1242 2237 1346 2266 Sancti
1371 2237 1490 2266 Nicocas
1509 2238 1541 2265 ιή
1561 2236 1684 2266 Carcere
1706 2237 1845 2265 Tulliano
1864 2237 1989 2265 diacono
2007 2237 2177 2270 carolinam,

1170 2290 1301 2319 mandat
1324 2294 1358 2319 ut
1375 2289 1614 2319 contentionem
1641 2291 1723 2319 inter
1744 2290 1794 2326 P.‚
1812 2289 2084 2327 archiepiscopum
2099 2312 2105 2325 ,
2123 2293 2177 2318 et..

1171 2344 1327 2373 decanum
1345 2342 1585 2381 capitulumque
1603 2343 1778 2372 Heineuses
1797 2343 1956 2372 terminet.

1212 2408 1224 2422 α
1251 2396 1339 2425 Inter
1362 2395 1577 2425 venerabilem
1598 2396 1766 2426 fratrem...
1791 2413 1829 2417 —
1856 2396 1926 2425 Dat.
1952 2396 2072 2431 Rome,
2093 2394 2177 2433 apud

1170 2448 1320 2478 Sanctam
1338 2448 1475 2478 Mariam
1496 2449 1661 2486 Majorem,
1679 2458 1711 2477 111
1728 2448 1880 2478 kalendas
1900 2448 1993 2484 maii,
2014 2456 2098 2477 anno
2116 2452 2178 2477 ter-

1171 2503 1224 2533 tio.
1247 2515 1259 2528 n

1206 2659 1456 2689 2558-2585

1205 2722 1412 2756 Indulgentiae.
1430 2721 1511 2754 (Rea.
1526 2721 1568 2752 45,
1588 2729 1612 2749 c.
1633 2722 1691 2753 ¹⁵22,
1708 2722 1726 2747 f.
1744 2721 1777 2747 20
1794 2721 1844 2755 νῦ.)

1549 2659 1902 2693 Sainte-Marie-Majeure,
1920 2659 1953 2685 *25
1970 2667 2046 2684 mars
2064 2659 2141 2686 1290.

1212 2824 1363 2852 Universz's
1383 2822 1498 2851 Christi
1519 2823 1657 2859 fidelibus
1672 2828 1823 2860 presentes
1842 2823 1958 2851 litteras
1983 2824 2175 2860 inspecturis.

1169 2875 1408 2913 Indulgentiain
1430 2875 1525 2904 unius
1546 2875 1625 2904 anni
1641 2878 1670 2904 et
1685 2884 1723 2904 1114
1747 2875 1871 2904 dierum
1888 2875 2032 2904 concedit
2056 2875 2102 2904 eis
2120 2877 2177 2914 qui

1170 2929 1333 2960 ecclesiam
1355 2952 1374 2959 ..
1394 2928 1507 2966 prioris
1528 2933 1558 2957 et
1573 2928 1707 2957 fratrum
1723 2928 1846 2958 ordinis
1864 2928 1978 2957 Beatae
1998 2928 2117 2958 Mariae
2138 2928 2176 2958 de

1171 2984 1278 3013 Monte
1293 2981 1432 3012 Carmeli
1449 2981 1721 3011 Londoniensium
1738 2981 1772 3010 in
1788 2982 1897 3011 beatae
1916 2980 2036 3011 Mariae
2050 2981 2175 3011 festivi-

1173 3037 1286 3067 tatibus
1303 3041 1332 3065 et
1349 3045 1402 3074 per
1417 3040 1484 3065 octo
1497 3034 1565 3064 dies
1581 3039 1752 3073 sequentes
1766 3034 1977 3064 visitaverint.

2003 3101 2034 3128 55
