2477 3637
239 367 294 395 6⁶22
985 353 1221 387 REGISTRES
1243 353 1298 383 DE
1320 351 1504 382 NICOLAS
1526 351 1583 381 IV.

243 443 255 458 ι
279 434 384 460 nostro
409 427 573 458 Frederico
597 426 655 456 Dei
681 425 783 463 gratia
807 423 1074 455 excellentissimo
1097 421 1244 450 Romano

241 497 254 508 ι»
278 483 467 521 imperatore
486 489 610 518 semper
627 482 760 517 angusto
782 481 812 508 et
832 486 905 515 rege
924 475 1050 511 Sicilie,
1067 481 1153 503 anno
1172 481 1245 502 vero

239 548 254 563 η
278 535 401 566 romani
419 533 544 572 imperii
562 533 630 570 ejus
647 532 749 570 primo
765 534 795 560 et
810 530 901 568 regni
916 528 1026 559 Sicilie
1042 531 1141 557 xx1110.
1162 525 1245 556 Feli-

240 601 253 614 υ
277 588 355 619 citer
369 595 475 616 amen.
494 597 506 612 a
525 584 929 624 (Hormina-Bazuoroes,
947 582 988 616 ΙΙ,
1009 580 1046 619 1.)

280 654 292 668 a
312 640 488 677 Religionis
504 642 607 668 vestre
624 641 800 667 meretur...
820 652 855 658 -
872 635 944 665 Dat.
964 633 1048 673 apud
1064 633 1244 663 Urbemve-

240 700 347 725 terem.
366 693 470 722 idibus
486 691 673 727 decembris,
691 698 776 720 anno
793 689 894 720 tertio.
915 700 928 715 »

304 885 421 914 425¹
729 882 856 914 Ori-teto,
875 880 906 907 13
923 879 1074 907 decembre
1091 878 1168 905 1290.

270 946 480 973 Concessiones
496 945 669 971 monasterio
681 942 853 970 Casacmarii
869 942 904 968 ab
921 941 1049 968 Honorio
1065 948 1137 976 papa
1152 940 1242 966 factas

237 996 394 1023 confirmat.
412 995 492 1028 (Rae.
510 994 552 1025 45,
569 1002 594 1019 c.
612 993 671 1024 754,
690 993 708 1019 f.
728 993 776 1019 155
792 992 838 1025 r0.)

277 1111 394 1140 Dilectis
409 1111 485 1148 filiis
503 1132 522 1138 ..
541 1110 644 1138 abbati
659 1114 686 1138 et
702 1108 863 1138 conventui
879 1107 1056 1136 monasterii
1073 1106 1243 1136 Casemart'i

235 1171 260 1194 et
271 1163 377 1195 Sancti
389 1163 549 1198 Dominici,
564 1161 768 1191 Cistercz'ensis
781 1161 911 1198 ordinis,
931 1161 1077 1189 l'erztlane
1090 1164 1115 1188 et
1127 1160 1241 1189 Sorano

235 1218 413 1247 diocesium.
428 1228 441 1242 α
455 1215 620 1245 Plantatns
633 1214 709 1245 olim
723 1215 795 1244 in...
809 1214 893 1244 Sane
910 1214 1017 1253 petitio
1032 1217 1136 1242 vestra
1149 1213 1240 1243 nobis

235 1271 375 1301 exhibita
392 1269 574 1299 continebat
590 1268 674 1307 quod
692 1267 780 1303 olim,
796 1267 883 1297 vobis
899 1267 1124 1297 intimantibus
1140 1265 1241 1296 felicis

235 1323 461 1354 recordationis
480 1322 667 1352 Innocentio
684 1321 875 1360 pape111110‚
889 1320 1103 1359 predecessori
1119 1324 1238 1356 nostro,

234 1377 317 1416 quod
338 1377 418 1406 bone
437 1375 590 1405 memorie
608 1375 768 1405 Honorius
786 1383 879 1413 papa,
896 1373 1099 1413 predecessor
1116 1377 1239 1410 noster,

236 1436 298 1461 tarn
314 1430 411 1460 vestri
426 1429 614 1458 monasterii
626 1437 723 1467 quam
735 1427 866 1458 ecclesie
879 1427 987 1458 Sancti
999 1426 1174 1463 Dominici,
1187 1426 1242 1457 So-

234 1492 311 1513 rano
330 1483 477 1518 diocesis,
495 1482 528 1511 in
550 1490 611 1521 qua
630 1481 778 1512 monachi
797 1480 920 1511 ordinis
937 1480 969 1511 S.
988 1480 1155 1510 Benedicti
1170 1488 1241 1510 mo-

234 1537 297 1566 rari
319 1539 564 1572 consueverant,
584 1534 718 1565 utilitate
739 1539 884 1574 pensata,
902 1533 941 1564 de
957 1542 1088 1564 suorum
1104 1533 1241 1564 fratrum

233 1588 377 1625 consilio,
389 1588 593 1618 Cisterciensi
606 1587 713 1618 ordini
730 1587 895 1618 ecclesiam
911 1587 1139 1626 incorporarat,
1151 1587 1241 1617 illam

234 1643 295 1682 ipsi
313 1642 503 1672 monasterio
520 1641 758 1679 uniendo,scum
774 1641 926 1671 omnibus
942 1641 1008 1670 suis
1024 1640 1175 1678 ecclesiis,
1193 1649 1240 1671 ca·

233 1695 325 1735 pellis
337 1700 366 1725 et
378 1695 580 1734 pertinentiis
592 1695 789 1731 earumdem,
802 1703 921 1733 vosque
934 1694 1018 1733 ipsas
1033 1694 1163 1734 pacifice
1174 1703 1242 1733 pos-

233 1749 378 1778 sideratis
403 1748 525 1778 ratione
549 1747 734 1786 hujusmodi
757 1748 908 1785 unionis3
931 1756 966 1777 ac
986 1747 1242 1787 supplicantibus

234 1802 400 1833 humiliter
419 1806 468 1838 ut,
485 1811 559 1831 cum
575 1801 646 1840 plus
663 1802 768 1831 timeri
784 1802 880 1832 soleat
895 1801 978 1841 quod
994 1801 1173 1840 specialiter
1188 1802 1239 1831 in-

234 1856 485 1895 dulgetur-quam
496 1855 580 1894 quod
592 1855 692 1886 edicto
706 1855 908 1886 concluditur
917 1855 1242 1895 generali‚applicare

234 1910 344 1940 vestris
360 1910 470 1939 usibus
484 1909 633 1939 ecclesias
650 1914 680 1939 et
695 1909 831 1948 capellas
845 1909 972 1939 easdem
988 1909 1026 1940 de
1042 1909 1240 1948 benignitate

232 1964 403 2004 apostolica
430 1963 635 2001 dignaretur,
665 1963 750 1994 idem
784 1963 987 2003 predecessor
1012 1963 1239 2001 Innocentius,

233 2017 345 2048 vestris
370 2016 656 2055 supplicationibus
682 2016 873 2053 inclinatus,
897 2017 1058 2048 devotioni
1082 2021 1184 2047 vestre
1208 2021 1242 2046 ut

233 2071 366 2110 prefatas
389 2070 536 2100 ecclesias
561 2074 591 2100 et
612 2070 763 2109 capellas,
786 2070 935 2100 videlicet
955 2070 1063 2101 Sancti
1084 2070 1184 2100 Marci
1205 2070 1239 2100 in

232 2123 338 2159 Valle,
356 2124 462 2153 Sancti
479 2123 661 2160 Laurentii,
681 2123 909 2160 Ferentinatis,
928 2128 958 2153 et
978 2123 1087 2154 Sancti
1103 2123 1239 2162 Angeli,

232 2176 352 2206 Sorane
369 2176 559 2213 diocesium,
580 2176 613 2206 in
638 2176 767 2215 quibus,
787 2181 820 2207 ut
838 2176 1019 2214 dicebatur,
1038 2185 1102 2207 non
1126 2177 1241 2207 existe-

232 2230 307 2260 bant
329 2234 477 2263 rectores,
503 2234 531 2259 et
556 2229 670 2259 Sancte
694 2229 791 2259 Lucie
815 2230 852 2259 de
877 2229 1057 2268 Ceperano,
1078 2229 1241 2261 Verulana

231 2282 379 2319 diocesis,
398 2291 460 2321 qne
477 2291 540 2312 non
559 2282 720 2312 habebant
741 2283 892 2322 populum
916 2284 983 2313 sive
1002 2283 1143 2322 plebem,
1161 2292 1239 2314 con-

231 2339 353 2366 vertere
375 2344 410 2365 ac
433 2336 570 2365 retinere
589 2336 622 2365 in
642 2345 718 2365 usus
736 2340 911 2366 conventus
930 2337 1039 2366 Sancti
1057 2337 1237 2373 Dominici,

231 2398 404 2428 earumque
429 2389 661 2427 possessionem
684 2390 802 2419 intrare
830 2389 928 2420 libere
951 2390 1113 2428 valeretis,
1136 2399 1239 2420 reser-

230 2447 300 2472 vata
324 2447 429 2472 tamen
453 2442 580 2472 vicariis
605 2451 661 2481 pro
686 2447 825 2482 tempore
845 2444 1011 2473 servituris
1033 2444 1072 2474 de
1096 2444 1239 2483 ipsarum

232 2496 435 2535 proventibus
453 2504 593 2533 congrua
610 2496 770 2534 portione,
788 2496 875 2527 unde
895 2505 1070 2535 congruam
1092 2498 1239 2528 substen-

230 2550 382 2580 tationem
406 2549 523 2579 habere
545 2549 688 2579 valerent
710 2553 739 2579 et
760 2551 834 2589 jura
856 2550 1045 2590 episcopalia
1063 2551 1186 2582 solvere
1203 2560 1240 2582 ac

229 2603 291 2633 alia
317 2602 447 2633 ecclesie
471 2611 568 2633 onera
593 2607 794 2643 supportare,
820 2614 873 2643 per
901 2614 974 2634 suas
1001 2605 1095 2635 duxit
1119 2605 1239 2636 litteras

229 2656 483 2695 indulgendnm3
504 2658 548 2686 ita
573 2657 656 2695 quod
681 2657 802 2688 fructus
824 2659 944 2697 prefate
968 2659 1101 2690 ecclesie
1124 2659 1239 2690 Sancte

231 2711 324 2740 Lucie
347 2715 413 2749 post
433 2710 598 2740 decessum
621 2710 670 2740 vel
690 2712 866 2741 cessionem
886 2711 974 2742 illius
995 2713 1050 2751 qui
1074 2717 1148 2743 tunc
1167 2722 1237 2743 eam

229 2764 401 2801 obtinebat,
414 2765 463 2793 cui
480 2773 534 2802 per
551 2764 609 2794 hoc
625 2765 710 2794 idem
727 2764 930 2803 predecessor
947 2766 1158 2796 Innocentius
1171 2775 1239 2806 pre-

226 2818 365 2856 judicat-i
379 2817 491 2854 noluit,
505 2819 653 2848 cederent
666 2823 841 2848 conventus
855 2819 965 2849 usibus
979 2820 1157 2851 memorati.
1172 2821 1238 2851 Nos

230 2872 334 2910 itaque
357 2872 468 2901 vestris
490 2872 774 2911 supplicationibus
795 2872 960 2912 inclinati,
981 2878 1014 2903 ut
1036 2873 1185 2904 ecclesias
1208 2879 1238 2905 et

230 2924 363 2963 capellas
387 2926 468 2963 ipsas
491 2930 674 2955 convertere
692 2934 728 2955 ac
750 2926 887 2956 retinere
909 2928 941 2956 in
964 2936 1040 2957 usus
1063 2927 1235 2966 predictos,

231 2986 338 3007 earum
368 2978 596 3016 possessionem
625 2979 745 3008 intrare
775 2979 872 3009 libere
902 2979 1047 3016 valeatis,
1077 2985 1237 3011 reservata

231 3034 336 3060 tamen
363 3030 453 3060 dictis
479 3031 603 3061 vicariis
628 3032 736 3062 eadem
761 3032 922 3071 portione,
945 3032 983 3063 ad
1010 3033 1111 3064 instar
1133 3034 1236 3073 ipsius

1327 417 1557 456 predecessoris
1583 416 1784 452 Innocentii,
1813 415 1901 446 vobis
1926 416 2113 447 auctoritate
2140 417 2335 456 presentium

1325 469 1543 508 indulgemus
1570 468 1662 499 Nulli
1688 477 1778 507 ergo,
1803 472 1875 505 etc.,
1896 473 2004 499 nostre
2025 469 2257 507 concessionis,
2275 473 2333 502 etc.

1326 523 1362 554 Si
1377 523 1459 562 quis,
1477 525 1535 552 etc.
1555 522 1626 553 Dat.
1645 525 1678 552 ut
1694 530 1799 561 supra.
1820 534 1834 548 n

1395 715 1513 743 4252
1902 715 2034 749 Orvieto,
2051 715 2086 744 29
2101 717 2170 744 aout
2185 717 2264 746 1290.

1363 777 1519 804 For-tunius
1530 776 1564 803 de
1577 776 1701 812 Bet-gua,
1714 777 1762 811 qui
1774 776 2071 812 Caesaraugustanam
2082 779 2234 806 ecclesiam
2250 787 2335 808 usun-
2368 804 2371 806 .

1326 827 1412 861 pavit,
1430 834 1525 853 coram
1539 825 1608 852 sede
1623 825 1781 861 apostolica
1797 827 1910 854 citatur.
1923 826 2006 856 (Res.
2022 827 2065 859 45,
2078 835 2103 855 c.
2116 828 2178 862 755,
2191 828 2210 855 f.
2224 828 2274 856 155
2286 831 2335 864 re.)
2360 816 2365 821 ‘

1365 942 1506 971 Nicotaus
1521 946 1574 971 etc.
1600 941 1766 972 Venerabili
1783 943 1880 979 fratri
1900 965 1920 972 ..
1943 944 2164 982 archiepiscopo
2190 946 2334 976 Terraco—

1325 996 1413 1025 nensz'
1428 1000 1454 1024 et
1471 1017 1491 1024 ..
1512 995 1646 1034 episcopo
1663 995 1901 1034 Pampilonensi.
1921 1008 1934 1023 α
1953 996 2157 1035 Significavit.
2171 998 2263 1029 nobis
2279 1006 2348 1030 ire-¹
2371 1006 2374 1011 ’

1326 1047 1477 1078 nerabilis
1490 1048 1588 1078 frater
1601 1052 1709 1078 noster
1722 1049 1830 1088 Hugo,
1844 1049 2144 1088 Cesaraugustanus
2156 1052 2333 1091 episcopus,

1325 1100 1410 1140 quod
1425 1100 1514 1138 olim,
1527 1100 1661 1132 ecclesia
1675 1101 1953 1141 Cesarangustana
1965 1112 2020 1143 per
2034 1103 2158 1135 obitum
2174 1104 2256 1136 bone
2271 1113 2336 1137 me—

1325 1154 1428 1185 morie
1444 1155 1548 1191 Petri,
1568 1154 1709 1194 episcopi
1724 1154 2012 1194 Cesaraugustani,
2027 1157 2177 1188 destituta
2195 1162 2333 1198 pastore,

1325 1208 1386 1238 due
1400 1208 1531 1238 suerunt
1541 1209 1575 1238 in
1589 1209 1699 1239 eadem
1714 1208 1898 1247 electiones,
1912 1218 1976 1240 una
1986 1209 2136 1241 videlicet
2147 1210 2186 1241 de
2198 1211 2268 1251 ipso
2279 1212 2334 1251 H„

1327 1265 1401 1292 tunc
1413 1262 1570 1300 preposito
1583 1261 1716 1292 ecclesie
1729 1262 1953 1301 Massiliensis,
1967 1263 2030 1294 alia
2043 1273 2117 1295 vero
2130 1264 2169 1295 de
2181 1264 2336 1297 Fortunio

1323 1314 1363 1344 de
1381 1315 1518 1352 Bergua,
1537 1318 1612 1345 tunc
1626 1314 1852 1346 archidiacono
1869 1316 2043 1346 Darocensi
2058 1317 2092 1346 in
2111 1317 2223 1348 eadem
2239 1317 2335 1350 eccle·
2368 1331 2371 1334 ·

1325 1370 1372 1400 sia
1392 1370 1686 1408 Cesaraugustana,
1710 1370 1878 1401 celebrate.
1905 1372 2100 1411 Hujnsmodi
2121 1377 2228 1404 autem
2251 1373 2334 1405 elec·
2384 1364 2386 1370 ⁸

1325 1423 1450 1454 tionum
1469 1424 1595 1461 negotio
1618 1423 1659 1453 ad
1677 1423 1784 1454 sedem
1803 1424 2007 1463 apostolicam
2023 1424 2170 1464 legitime
2188 1425 2336 1458 devoluto
2375 1415 2383 1418 “

1325 1482 1354 1508 et
1369 1477 1452 1516 apud
1471 1477 1607 1507 eandem
1626 1477 1733 1507 sedem
1750 1478 1920 1517 pendente,
1937 1478 2041 1509 dictus
2058 1480 2233 1511 Fortunius
2249 1489 2267 1511 a
2281 1489 2334 1512 ro-

1324 1539 1421 1560 mana
1437 1531 1525 1561 curia
1538 1531 1770 1561 contumaciter
1783 1540 1816 1562 se
1827 1531 2010 1568 absentans,
2027 1536 2170 1571 pretextu
2185 1541 2336 1573 quarum·
2379 1534 2385 1546 ¹

1324 1584 1397 1614 dam
1423 1583 1605 1614 litterarum
1632 1585 1859 1615 fabricatarum
1880 1585 1939 1616 sub
1961 1586 2093 1617 nomine
2111 1586 2213 1617 felicis
2228 1595 2334 1619 recor-

1323 1638 1462 1668 dationis
1484 1639 1616 1668 Martini
1637 1648 1716 1678 pape
1738 1639 1843 1677 111121,
1863 1640 2097 1679 predecessoris
2118 1641 2238 1682 nostri,
2256 1650 2336 1681 quas

1324 1692 1500 1723 venerabili
1523 1693 1613 1722 fratri
1638 1698 1747 1723 nostro
1772 1716 1792 1723 ..
1817 1694 1980 1725 Auxitano
2001 1695 2242 1736 archiepiscopo
2264 1705 2334 1736 pre-

1324 1747 1472 1785 sentavit,
1491 1756 1524 1777 se
1539 1747 1722 1786 procuravit
1738 1757 1794 1786 per
1807 1748 1914 1787 ipsum
1930 1749 2206 1789 archiepiscopum
2224 1751 2259 1780 in
2274 1750 2336 1782 Ce-

1325 1805 1595 1839 saraugustanum
1624 1801 1807 1840 episcopum
1839 1802 2039 1838 consecrari,
2067 1807 2164 1842 atque
2191 1807 2336 1843 pretextu

1324 1854 1576 1885 consecrationis
1589 1854 1777 1894 hujusmodi
1790 1856 2063 1894 administrationi
2080 1857 2224 1896 ejusdem
2238 1857 2334 1889 eccle·

1325 1909 1371 1938 sie
1387 1907 1663 1947 Cesaraugustane
1681 1913 1798 1939 temere
1819 1919 1852 1940 se
1868 1910 2013 1948 ingessit.
2035 1911 2246 1942 Postmodum
2261 1920 2337 1944 vero
2378 1916 2385 1923 '

1848 1964 2012 2003 episcopus
2039 1964 2262 2002 Dertnsensis,
2286 1973 2336 1997 ro-
2383 1958 2386 1963 ⁴

1325 1961 1521 1992 venerabilis
1547 1962 1644 1992 frater
1668 1967 1775 1993 noster
1800 1986 1820 1994 ..

1325 2024 1420 2045 mana
1439 2015 1574 2046 ecclesia
1594 2021 1725 2046 vacante
1737 2039 1746 2053 ‚
1767 2016 1806 2046 de
1825 2017 1976 2048 mandato
1994 2017 2121 2056 collegii
2137 2022 2335 2050 sacrosancte

1324 2077 1457 2099 romane
1471 2069 1604 2099 ecclesie
1620 2070 1844 2108 cardinalium,
1863 2071 1902 2100 de
1917 2071 2009 2110 cujus
2027 2080 2163 2102 numero
2178 2075 2255 2103 tnnc
2268 2080 2336 2103 era-

1324 2132 1408 2160 mus,
1424 2123 1459 2152 in
1476 2123 1582 2162 ipsum
1598 2123 1644 2161 F.‚
1663 2124 1739 2163 quia
1752 2124 1867 2154 citatus
1882 2124 2027 2163 legitime
2040 2134 2224 2165 comparere
2239 2129 2269 2157 et
2282 2126 2334 2157 lit·
2378 2150 2381 2153 .

1326 2180 1408 2206 teras
1435 2176 1610 2216 predictas,
1636 2186 1774 2216 quarum
1800 2178 1985 2209 auctoritate
2015 2179 2138 2209 dicebat
2165 2188 2198 2210 se
2222 2188 2335 2211 conse-

1324 2234 1465 2268 cratum,
1498 2230 1650 2260 exhihere
1683 2240 1789 2261 coram
1822 2240 1858 2262 eo
1890 2232 2123 2263 contumaciter
2155 2233 2332 2272 recusavit,

1324 2284 1669 2314 excommunicationis
1683 2293 1737 2314 sen
1745 2285 1877 2315 tentiam
1891 2285 2119 2324 promulgavit,
2135 2290 2166 2316 et
2177 2286 2217 2316 ab
2231 2286 2334 2317 admi-

1324 2337 1514 2368 nistratione
1532 2338 1731 2377 episcopatus
1747 2339 1896 2377 predicti,
1917 2339 2095 2373 secundum
2111 2339 2248 2370 sormam
2267 2348 2334 2380 pre-

1324 2391 1381 2420 t‘ati
1398 2391 1553 2428 mandati,
1573 2392 1702 2429 amovit,
1716 2392 1842 2431 justitia
1858 2393 2019 2431 exigente,
2036 2396 2131 2432 atque
2147 2392 2334 2432 hujusmodi

1324 2454 1419 2475 suum
1435 2453 1619 2484 processum
1637 2450 1667 2475 et
1682 2446 1793 2476 omnia
1808 2446 1989 2484 supradicta
2007 2455 2063 2486 per
2077 2455 2151 2477 suas
2166 2445 2288 2477 litteras
2303 2449 2334 2477 et

1322 2499 1538 2529 instrumenta
1560 2499 1687 2538 publica
1709 2499 1777 2529 sedi
1797 2499 1968 2538 apostolice
1993 2500 2178 2531 reservavit.
2202 2500 2334 2540 Nosque
2356 2517 2363 2521 -

1322 2552 1545 2591 postmodum,
1570 2552 1610 2582 ad
1628 2552 1752 2592 apicem
1773 2553 1965 2592 apostolatus
1985 2553 2155 2593 assumpti,
2176 2562 2242 2584 una
2259 2561 2332 2584 oum

1322 2606 1474 2636 fratribus
1491 2607 1608 2637 nostris
1625 2607 1806 2637 examinato
1821 2615 1969 2646 processu
1989 2606 2177 2646 hujusmodi.
2194 2606 2332 2646 diligen-

1325 2664 1386 2698 ter,
1411 2659 1543 2690 cassatis
1562 2660 1657 2689 etiam
1678 2659 1835 2690 electione
1856 2660 1936 2690 sacta
1961 2659 1999 2690 de
2022 2660 2107 2691 dicto
2126 2660 2282 2691 Fortunio
2303 2663 2334 2690 et

1322 2714 1561 2744 consecratione
1577 2713 1640 2744 sibi
1654 2714 1801 2752 impensa
1817 2723 1871 2754 per
1887 2714 2027 2744 eundem
2042 2713 2330 2754 archiepiscopum,

1321 2767 1443 2797 dictum
1472 2767 1660 2805 Hugouem,
1685 2767 1723 2797 de
1746 2767 1881 2798 fratrum
1906 2772 2090 2798 nostrorum
2117 2766 2272 2806 consitio,
2296 2767 2332 2798 in

1322 2821 1505 2860 episcopum
1533 2821 1849 2860 Cesar-augustanum
1878 2821 2072 2860 prefecimus
2096 2825 2127 2852 et
2149 2825 2329 2861 pastorem,

1321 2883 1430 2905 euram
1448 2879 1478 2906 et
1492 2876 1804 2906 administrationem
1821 2876 1923 2915 ipsius
1938 2875 2001 2906 sibi
2017 2876 2051 2906 in
2066 2875 2287 2915 spiritualibus
2301 2878 2332 2906 et

1322 2928 1551 2967 temporalibus
1564 2929 1809 2967 committendo;
1825 2929 1878 2959 sed
1892 2928 2127 2960 nichilominus
2142 2928 2244 2959 dictus
2258 2928 2331 2959 For·
2375 2965 2377 2968 ι

1322 2982 1430 3012 tunius
1443 3007 1450 3020 ,
1472 2986 1623 3022 tanquam
1644 2984 1816 3013 immemor
1836 2991 1893 3013 sue
1915 2982 2026 3013 salutis
2040 3006 2047 3020 ,
2067 2991 2132 3013 non
2152 2986 2280 3013 veretur
2296 2989 2330 3012 se

1320 3044 1377 3075 pro
1398 3036 1543 3076 episcopo
1563 3036 1840 3076 Cesaraugustano
1860 3045 1971 3076 gerere
1993 3040 2024 3067 et
2041 3035 2184 3067 redditus
2204 3034 2329 3075 aliquos
2375 3068 2379 3072 ,
