2477 3637
232 373 271 402 24
981 367 1217 398 REGISTRES
1240 368 1295 398 DE
1317 367 1500 400 NICOLAS
1522 369 1578 398 IV.

307 438 402 467 149.
849 434 942 468 Rieti,
957 434 991 461 ‘2⁴2
1004 435 1069 468 juin
1086 433 1164 461 1288.

269 500 312 528 De
327 500 459 528 cautione
475 499 637 534 recipienda
655 506 705 532 pro
721 498 902 524 restitutione
916 504 1095 523 summarum
1106 505 1122 522 a
1133 497 1237 523 comite

232 549 382 577 Flandriae
406 549 468 575 sedi
492 548 665 583 apostolicae
687 547 846 573 debitarum
875 545 967 578 (Res.
985 545 1035 578 44,
1056 554 1082 572 c.
1100 545 1150 576 73,
1167 545 1186 571 f.
1205 545 1237 572 19

232 606 272 632 r⁰;
290 598 356 625 Lm).
373 606 408 624 nu
423 597 525 627 Tacit,
544 596 571 628 1,
587 596 642 630 2¹6.)

271 727 380 756 Dilecto
399 726 488 763 silio..
505 726 607 755 abbati
626 725 803 754 monasterii
819 724 853 753 de
873 724 1016 759 Valcellis,
1031 724 1237 754 cisterciensis

231 780 359 815 ordinis,
383 779 608 808 Cameracensis
632 779 766 814 diocesis,
789 777 921 807 mandat
941 781 1099 816 quatenus
1115 777 1236 807 cautio-

231 841 307 862 nem
319 841 337 862 a
348 832 462 862 comite
478 831 646 861 Flandriae
660 831 884 867 sufficientem,
901 831 945 860 ita
960 831 1044 870 quod
1058 830 1096 861 de
1113 831 1235 860 restitu-

231 885 318 915 tione
333 885 484 924 pecuniae
495 885 535 914 ab
550 893 586 914 eo
599 884 722 914 debitae
735 893 798 914 non
812 884 910 923 possit
919 884 953 914 in
965 883 1073 923 aliquo
1084 884 1235 920 dubitari,

230 938 372 977 recipiat.
402 954 442 960 —
476 938 638 968 Honorius
665 946 743 977 papa
769 937 836 967 lIII
866 937 1049 976 praedicto..
1075 937 1181 967 abbati
1207 941 1238 967 et

230 991 373 1022 Johanni
401 991 440 1020 de
471 991 630 1027 Brueriis,
657 991 776 1021 decano
802 990 1044 1021 Cameracencis
1071 990 1234 1028 eeclesiae,

231 1044 369 1083 collegae
380 1045 448 1083 ejus
459 1054 553 1082 super
566 1044 689 1074 decima
702 1043 810 1073 inillis
822 1044 963 1082 partibus
974 1044 1090 1073 Terrae
1102 1043 1236 1073 Sanctae

231 1107 379 1129 concessa
401 1098 541 1128 subsidio
560 1098 751 1136 colligenda,
768 1098 955 1136 injunxerat
970 1102 1004 1127 nt
1026 1097 1237 1136 quadraginta

231 1151 334 1182 millia
349 1151 503 1181 librarum
517 1152 739 1181 turonensium
756 1159 925 1190 parvorum
939 1151 989 1180 vel
1005 1151 1141 1187 circiter,
1155 1159 1236 1189 quae

231 1205 353 1235 dudum
373 1205 410 1234 de
425 1205 559 1243 pecnnia
573 1205 674 1234 dictae
689 1204 831 1234 decimae
845 1203 997 1242 Guidoni,
1014 1204 1120 1234 comiti
1140 1203 1235 1233 Flan-

231 1258 330 1294 driae,
348 1258 474 1287 fuerant
490 1263 643 1294 mutuata,
664 1258 761 1288 iidem
777 1258 817 1287 ab
833 1258 900 1296 ipso
916 1261 1058 1295 repetere
1074 1262 1234 1286 curarent.

231 1311 264 1341 Si
281 1319 354 1341 vero
370 1311 470 1340 dictus
487 1320 591 1340 comes
608 1311 641 1340 in
659 1310 854 1340 restituendo
877 1309 1011 1339 insimul
1029 1314 1123 1339 totam
1142 1318 1236 1349 pecu-

230 1365 319 1394 niam
338 1364 552 1402 supradictam
567 1364 664 1393 nimis
683 1364 814 1393 forsitan
832 1367 1027 1401 gravaretur,
1043 1363 1068 1392 ii
1084 1363 1236 1394 terminos

230 1417 352 1456 aliquos
364 1422 576 1456 competentes
591 1417 699 1447 comiti
715 1417 925 1447 concederent
941 1417 1056 1453 eidem,
1070 1417 1104 1446 in
1119 1417 1236 1455 quihus

230 1471 399 1509 pecuniam
420 1471 607 1500 restitueret.
627 1471 664 1500 Et
679 1471 755 1510 qnia
771 1471 873 1500 dictus
890 1478 994 1500 comes
1010 1470 1126 1500 dictam
1146 1480 1235 1500 snm-

232 1533 318 1553 marn
332 1524 466 1554 insimul
480 1525 646 1554 restituere
662 1532 725 1554 non
739 1523 872 1561 valebat,
893 1523 1126 1563 praenominati
1140 1524 1237 1555 abbas

232 1581 262 1606 et
273 1577 438 1607 Johannes
449 1577 477 1607 ei
492 1582 628 1616 quatuor
639 1586 799 1607 annorum
812 1577 987 1607 terminum
999 1582 1235 1615 concesserunt,

231 1631 288 1670 qui
312 1631 397 1660 infra
416 1632 512 1661 nnius
530 1632 608 1661 anni
634 1632 771 1671 spatium
793 1632 861 1669 jam
884 1631 981 1670 elapsi
1002 1631 1112 1661 decem
1134 1631 1237 1662 millia

230 1683 388 1714 librarum
405 1685 546 1723 ejusdem
565 1690 710 1715 monetae
728 1685 875 1715 restituit.

276 1751 288 1764 ι
313 1738 457 1777 Exposite
470 1739 561 1769 nobis
574 1739 773 1778 petitionis...
789 1756 825 1762 —
843 1740 914 1769 Dat.
932 1739 1044 1776 Reate,
1055 1739 1236 1770 xkalendas

227 1791 317 1831 julii,
335 1800 420 1822 anno
436 1792 551 1830 primo.
573 1804 586 1819 n

303 1999 389 2028 150
845 1999 935 2031 Rieu,
956 1999 987 2027 '13
999 2000 1064 2034 juin
1083 2000 1161 2027 1288.

264 2063 477 2089 Matrimonium
501 2063 574 2089 inter
598 2062 778 2089 Mansredum
794 2062 828 2088 de
846 2061 940 2089 Flisco
957 2066 984 2089 et
999 2062 1157 2098 Cigalinam
1172 2064 1234 2090 <lic—

227 2116 285 2138 tam
301 2111 436 2146 Cigalam.
455 2111 537 2145 (Rae.
557 2112 600 2142 44,
618 2120 642 2138 c.
662 2112 705 2143 74,
722 2112 741 2138 f.
761 2112 791 2139 19
808 2113 860 2144 νῦ.)

268 2243 376 2271 Dilecto
391 2242 480 2279 filio..
495 2242 598 2271 abbati
610 2242 897 2271 monastertiSancci
907 2241 1053 2280 Stephani
1067 2242 1233 2272 Jannense's

227 2295 358 2325 mandat
377 2299 534 2333 quatenus
551 2294 649 2324 nobili
663 2295 730 2325 viro
747 2294 913 2324 Manfredo
931 2294 969 2324 de
980 2295 1082 2325 Flisco
1097 2300 1125 2325 et
1142 2295 1232 2333 Giga-

227 2349 313 2378 linae
329 2349 429 2377 dictae
445 2347 589 2385 Cigalae,
611 2348 665 2386 qni
685 2348 724 2377 ad
741 2348 898 2378 sedandas
915 2348 999 2378 inter
1015 2349 1232 2387 progenitores

227 2407 257 2433 et
272 2402 389 2432 amicos
403 2402 588 2431 inimicitias
601 2402 635 2431 in
648 2401 775 2431 civitate
787 2402 945 2431 Jannensi
960 2402 1082 2432 dudum
1096 2407 1228 2437 exortas,

226 2456 360 2494 cupiunt
384 2455 588 2485 matrimonio
614 2455 784 2494 conjungi,
805 2455 974 2485 denuntiet
994 2455 1077 2485 nulli
1098 2456 1231 2494 impedi-

226 2514 334 2540 mento
360 2510 502 2538 futurum
527 2518 594 2538 esse
615 2509 794 2547 supradicto
812 2509 1017 2539 matrimonio
1033 2513 1230 2539 contractum

225 2564 280 2602 qui
295 2563 416 2592 dudum
432 2563 517 2591 inter
536 2566 657 2600 patrem
677 2562 778 2592 dictae
799 2561 965 2599 Cigalinae
981 2570 1017 2592 ac
1032 2562 1208 2592 Corradum
1220 2586 1228 2600 ‚

224 2621 372 2655 patruum
386 2616 546 2654 quondam
565 2615 746 2645 Johannini
764 2615 802 2644 de
815 2614 998 2651 Grimaldis,
1016 2615 1119 2645 eidem
1137 2616 1229 2645 Man-

223 2670 311 2700 fredo
327 2671 358 2699 in
380 2673 491 2708 quarta
507 2669 592 2698 linea
613 2669 902 2707 consanguinitatis
918 2670 989 2708 conj
997 2673 1144 2707 unctum,
1162 2669 1229 2699 fac—

226 2729 275 2754 tus
294 2724 354 2753 fuit
372 2736 384 2750 α
411 2727 444 2753 ut
466 2723 564 2752 iidem
589 2723 797 2753 Johanninus
815 2727 846 2752 et
869 2722 1034 2761 Cigalina,
1057 2728 1130 2753 tunc
1146 2723 1230 2753 infra

225 2785 325 2807 annos
353 2776 479 2806 nubiles
502 2776 674 2811 constituti,
695 2776 975 2807 matrimonialiter
999 2777 1226 2815 jungerentur,

224 2839 406 2870 quanquam
422 2830 500 2859 alias
516 2829 624 2859 nullus
643 2831 726 2859 inter
743 2830 870 2860 eosdem
885 2830 1112 2860 Johanninnm
1129 2834 1159 2860 et
1176 2830 1227 2860 Ci-

224 2882 364 2922 galinam
382 2882 420 2911 de
437 2883 573 2920 presenti
590 2891 645 2912 sen
661 2882 700 2912 de
718 2883 826 2913 futuro
842 2887 897 2913 aut
913 2882 1030 2921 aliquis
1050 2883 1132 2913 alius
1150 2891 1228 2913 con-

223 2946 335 2967 sensus
352 2940 481 2965 mutuus
499 2935 546 2965 vel
562 2936 651 2965 anuli
668 2936 846 2966 subarratio
863 2937 983 2966 suerint
1000 2936 1172 2966 subsecuti.
1191 2948 1205 2962 n

264 3002 276 3016 a
304 2989 444 3019 Dilectus
463 2989 548 3018 silius
564 2989 717 3020 nobilis..
735 3007 774 3012 —-
790 2990 858 3020 Dat.
878 2990 986 3025 Reate,
1002 2989 1108 3020 idibus
1127 2989 1223 3028 junii,

223 3051 309 3073 anno
325 3043 437 3082 primo.
460 3055 473 3069 r»

1394 435 1473 463 15¹
1936 435 2030 470 Rieu,
2050 437 2080 463 ιτ
2093 436 2157 471 juin
2175 436 2252 464 1288.

1357 496 1399 523 De
1415 498 1537 532 pecunia
1557 496 1685 523 decimae
1701 497 1729 523 in
1745 496 1915 524 Treverensi
1936 502 1965 525 et
1982 497 2149 533 Maguntina
2169 498 2326 534 provinciis

1319 545 1458 572 collectae
1474 546 1683 573 mercatoribus
1698 544 1872 573 Florentinis
1885 547 2067 582 assignanda.
2085 547 2169 582 (Rae.
2183 548 2224 579 44,
2240 555 2266 574 c.
2280 548 2323 579 75,

1319 594 1339 620 f.
1359 595 1389 622 19
1404 596 1455 627 vo.)

1362 704 1468 734 Dilecto
1484 705 1550 742 filio
1570 706 1756 741 Theoderico,
1772 705 1872 742 priori
1888 705 2005 735 ecclesie
2019 706 2123 736 Sancti
2135 707 2250 736 Andree
2267 706 2324 735 Ur-

1320 758 1468 795 bevelane,
1483 759 1630 788 collectori
1646 759 1755 788 decime
1773 759 1804 787 in
1823 758 1997 788 Treverensi
2013 765 2038 789 ει
2058 760 2238 797 Mayunlina
2251 767 2325 796 pro-

1320 812 1442 847 vinciis,
1463 812 1622 850 Praqensi,
1641 812 1848 847 olomucensi,
1870 812 2048 841 Ehisletensi
2067 817 2093 841 ct
2114 813 2325 850 Bamberqensi

1319 865 1494 894 civitatibus
1510 870 1534 894 el
1552 865 1711 895 diocesibus
1723 866 1884 895 dumcaaeat
1896 866 2033 902 exceptis,
2049 865 2133 895 Terre
2142 866 2249 895 Sancte
2257 866 2326 895 sub·-

1320 918 1397 947 sidio
1413 919 1560 955 deputate,
1581 919 1712 948 mandat
1733 923 1890 957 quatenus
1914 922 2010 948 totam
2033 918 2189 948 decimam
2207 919 2324 949 Terrae

1322 970 1458 1001 Sanctae
1472 971 1613 1001 subsidio
1629 972 1810 1011 deputatam
1825 971 1859 1000 in
1877 970 2065 1009 supradictis
2079 972 2250 1010 provinciis
2265 971 2324 1002 col-

1321 1024 1435 1055 lectam
1459 1025 1510 1055 vel
1532 1025 1743 1063 colligendam
1765 1025 1904 1063 assignet
1924 1025 2041 1055 Jacobo
2059 1024 2238 1063 Agolantis,
2254 1026 2324 1057 Hu-

1319 1078 1456 1116 gnitioni
1480 1078 1665 1115 Bonacursi,
1691 1078 1864 1109 Tholomeo
1887 1078 1990 1115 Petri,
2009 1078 2104 1108 Giero
2128 1083 2158 1109 et
2181 1076 2346 1110 «Iohanni

1322 1132 1497 1162 Bonacnrsi
1518 1133 1557 1162 de
1576 1133 1746 1171 Lampore,
1767 1133 1883 1162 Thioni
1906 1136 1936 1162 et
1958 1132 2102 1162 Johanni
2120 1132 2272 1171 Origonis
2286 1133 2327 1164 de

1320 1187 1578 1215 Amannatorum
1610 1185 1648 1215 de
1688 1186 1839 1222 Pistorio,
1879 1185 2018 1215 Ranutio
2053 1185 2092 1215 de
2129 1185 2324 1224 Abbatibus‚

1319 1238 1463 1267 Johanui
1491 1238 1664 1275 Bacarelli,
1696 1239 1851 1269 Bocacino
1877 1238 2041 1276 Paganelli
2054 1263 2061 1275 ,
2090 1239 2179 1269 Bieto
2203 1239 2324 1277 Jacoffi,

1321 1291 1405 1330 Lapo
1423 1291 1580 1329 Fagnini,
1597 1292 1676 1329 Tigo
1699 1292 1820 1322 Donini
1843 1296 1874 1322 et
1894 1292 2037 1322 Johanni
2054 1292 2146 1322 Vitae
2163 1291 2202 1322 de
2222 1292 2326 1324 Abba-

1321 1348 1388 1374 tum
1400 1349 1430 1374 et
1444 1344 1678 1375 Bacarellorum
1688 1345 1727 1375 de
1736 1345 1906 1381 Florentia,
1921 1346 2013 1376 Petro
2026 1345 2132 1375 Foresi
2145 1345 2326 1376 etJohanni

1321 1397 1536 1435 Dolchibene,
1553 1398 1676 1428 Canulo
1694 1399 1790 1435 Beni,
1815 1399 1901 1438 Lapo
1922 1399 2073 1437 Bonajuti
2086 1422 2094 1436 ,
2112 1399 2198 1430 Maso
2215 1399 2327 1430 Uberti

1321 1456 1351 1482 et
1376 1441 1545 1482 Francisco
1566 1452 1730 1491 DeutaJ'nti
1754 1453 1792 1482 de
1816 1453 2023 1482 Lambertutii
2045 1452 2326 1483 Frelcobaldorum

1320 1504 1463 1544 ejusdem
1480 1504 1539 1534 loci
1556 1505 1593 1535 de
1608 1504 1768 1535 Florentia
1784 1505 1996 1535 societatibus,
2013 1522 2051 1527 —
2065 1506 2139 1536 Jam
2157 1510 2251 1536 antea
2265 1505 2326 1536 hoc

1320 1559 1349 1588 ei
1364 1558 1572 1588 mandaverat
1589 1559 1750 1589 Honorius
1762 1559 1841 1596 1111,
1854 1559 1908 1588 sed
1924 1558 1991 1595 ille,
2004 1567 2150 1590 asserens
2162 1569 2195 1590 se
2208 1568 2226 1589 a
2242 1559 2326 1590 Mar-

1321 1612 1386 1642 tino
1406 1611 1617 1648 IIIIJclansas
1642 1611 1798 1650 recepisse
1821 1611 1941 1641 litteras
1964 1612 2048 1641 inter
2073 1616 2176 1643 cetera
2202 1613 2326 1652 praeci-

1321 1665 1444 1704 pientes
1460 1669 1494 1694 nt
1506 1665 1623 1694 dictam
1638 1665 1796 1695 decimam
1808 1665 1853 1695 eis
1867 1674 1904 1695 ex
1917 1665 2146 1696 mercatoribus
2159 1667 2325 1696 civitatum

1320 1721 1350 1748 et
1376 1722 1531 1747 terrarum
1552 1718 1728 1748 Tusearum
1749 1719 1782 1748 in
1807 1718 1927 1748 eisdem
1945 1718 2060 1749 litteris
2083 1723 2324 1756 contentarum,

1320 1771 1435 1810 quihus
1450 1771 1510 1810 ipsi
1526 1771 1688 1801 videretur
1703 1771 1820 1802 melius
1830 1776 1860 1802 et
1877 1771 1988 1802 utilius
2004 1772 2162 1811 expedire,
2173 1775 2326 1803 mercato-

1318 1834 1390 1854 rum
1406 1824 1592 1863 hnjnsmodi
1607 1833 1672 1855 non
1690 1825 1836 1863 expensis
1853 1825 1888 1855 in
1900 1825 2069 1864 praedictis
2084 1825 2198 1855 litteris
2219 1825 2325 1855 nomi-

1319 1878 1425 1914 nibus,
1443 1878 1633 1916 assignaret,
1653 1879 1818 1917 praetactis
1835 1878 2062 1909 mercatoribus
2086 1877 2171 1908 nihil
2192 1878 2326 1909 omnino

1318 1931 1357 1961 de
1370 1931 1493 1961 decima
1508 1931 1587 1970 ipsa,
1604 1936 1638 1961 ut
1655 1931 1781 1969 dicitur,
1799 1932 1984 1970 assignavit.

1360 1997 1373 2011 «
1389 1985 1612 2024 Exposuerunt
1626 1985 1718 2015 nobis
1735 1985 1882 2015 dilecti...
1895 1985 2016 2015 —Dat.
2034 1985 2144 2023 Reate,
2162 1995 2203 2015 xv
2216 1984 2325 2016 kalen-

1317 2037 1471 2077 dasjulii,
1489 2046 1575 2068 anno
1594 2038 1708 2077 primo.
1728 2049 1740 2065 »

1390 2238 1474 2266 152
1937 2237 2028 2271 Rieti,
2048 2237 2157 2273 13juin
2175 2238 2253 2267 1288.

1351 2301 1468 2336 Hugoni
1483 2301 1620 2336 episcopo
1636 2301 1763 2328 Eduensi
1780 2301 1896 2336 pallium
1911 2301 2043 2328 mittitur.
2063 2301 2151 2335 (Rea.
2169 2301 2202 2329 44
2213 2323 2219 2334 ,
2237 2309 2262 2329 c.
2279 2301 2322 2331 76.

1314 2350 1332 2377 f.
1354 2351 1385 2378 19
1400 2357 1444 2384 v03
1462 2350 1529 2377 Lar.
1543 2359 1579 2378 nu
1593 2350 1696 2382 Tacit,
1715 2349 1743 2382 Ι,
1759 2350 1816 2383 23.)

1360 2453 1527 2482 Venerabili
1555 2453 1646 2489 fratri
1678 2453 1800 2490 Iluqoni
1833 2454 1965 2490 episcopo
1994 2453 2137 2482 Eduensi.
2168 2464 2182 2479 α
2213 2452 2326 2492 Nuper

1313 2506 1420 2536 dilecti
1440 2506 1498 2536 filii
1515 2507 1612 2536 frater
1627 2505 1833 2543 Guillelmus,
1852 2506 1936 2545 prior
1951 2506 1990 2536 de
2005 2505 2184 2545 Argilleyo,
2201 2505 2324 2537 ordinis

1313 2560 1422 2590 Sancti
1444 2559 1636 2598 Augustini,
1657 2563 1687 2589 et
1711 2560 1863 2597 magister
1881 2559 2048 2596 Galterus‚
2066 2563 2168 2590 rector
2191 2558 2324 2590 ecclesie

1312 2613 1351 2643 de
1368 2613 1512 2652 Ulyanz,
1534 2617 1586 2643 tue
1610 2613 1762 2650 diocesiS‚
1783 2614 1828 2643 tui
1853 2617 2072 2652 procuratores
2098 2616 2128 2642 et
2153 2612 2262 2642 nuntii
2283 2611 2323 2642 ad

1313 2667 1486 2706 petendum
1506 2676 1542 2697 ex
1562 2671 1649 2705 parte
1669 2671 1721 2696 tna
1737 2667 1895 2706 palleum,
1913 2666 1996 2706 quod
2013 2669 2059 2696 est
2073 2666 2201 2704 insigne
2219 2665 2322 2706 ponti-

1312 2720 1412 2750 ficalis
1427 2720 1534 2757 officii,
1552 2720 1591 2750 ad
1611 2720 1717 2749 sedem
1735 2720 1939 2759 apostolicam
1958 2718 2138 2759 specialiter
2157 2719 2320 2757 destinati,

1311 2777 1522 2813 proponentes
1544 2774 1576 2803 in
1601 2778 1707 2804 nostra
1730 2778 1760 2804 et
1782 2774 1916 2804 fratrum
1939 2777 2119 2804 nostrorum
2141 2772 2320 2812 presentia,

1311 2827 1396 2866 quod
1419 2827 1562 2866 episcopo
1580 2827 1718 2857 Eduensi
1729 2850 1737 2864 ,
1754 2827 1811 2866 qui
1827 2831 1875 2857 est
1891 2835 1946 2866 pro
1962 2831 2102 2866 tempore
2113 2850 2120 2863 ,
2133 2826 2188 2865 jus
2210 2825 2322 2856 utendi

1310 2881 1413 2921 palleo
1431 2881 1580 2920 competit
1595 2890 1630 2911 ex
1647 2881 1817 2920 apostolico
1837 2880 2004 2921 privilegio
2021 2879 2170 2919 speciali,
2188 2883 2220 2910 et
2235 2879 2322 2918 quod

1309 2943 1327 2964 a
1348 2934 1452 2972 longis
1478 2935 1642 2964 retroactis
1668 2935 1862 2974 temporibus
1886 2934 2050 2973 episcopus
2072 2933 2156 2973 ipse,
2185 2941 2260 2963 cum
2281 2931 2321 2962 ad

1309 2987 1455 3025 regimen
1472 2987 1603 3018 ecclesie
1618 2988 1757 3027 pre'dicte
1772 2988 1812 3018 de
1827 2996 1909 3018 novo
1921 2987 2106 3027 assumitur,
2122 2985 2264 3026 palleum
2280 2985 2321 3016 ab

1308 3040 1440 3071 ecclesia
1463 3046 1596 3071 romana
1620 3042 1760 3080 recipere
1781 3041 1899 3080 illoque
1923 3039 2124 3080 postmodum
2147 3039 2195 3070 uti
2218 3047 2322 3078 usque
