2342 3652
869 325 1090 366 PREMIERE
1112 322 1269 362 ANNEE.
2062 329 2116 359 103

42 428 55 445 ι
77 416 189 445 dentur
212 421 298 442 nunc
324 415 427 440 vestro
452 408 583 439 cenobio
607 407 767 436 attributa.
795 404 1030 434 Confirmamus

41 481 54 497 n
75 472 214 507 preterea
236 465 338 501 vobiS,
358 464 392 493 in
413 462 591 500 episcopatu
611 458 775 494 Tarbensi,
800 455 1031 486 monasterium

41 534 54 550 n
76 520 182 552 Sancti
218 517 328 549 Savini
366 521 396 546 et
431 514 659 545 monasterium
699 510 807 541 Sancti
845 508 955 538 Severi
996 507 1031 535 in

42 588 56 604 n
78 575 190 609 Rusta;
210 573 243 601 in
262 570 464 600 Narbonensi
485 567 652 603 suburbio,
671 563 901 595 monasterium
918 562 1032 591 Sancte

43 641 56 656 n
79 627 177 658 Marie
205 633 297 662 super
327 623 460 652 fluvium
490 621 596 656 Azde;
630 619 663 648 in
700 618 878 656 episcopatu
916 613 1032 644 Tholo-

44 694 57 710 ι
80 689 171 716 sano,
206 677 436 707 monasterium
475 676 588 703 Sancte
627 671 728 701 Marie
758 671 796 699 de
825 668 1031 704 Castellione3

42 748 55 763 ι
78 735 112 765 in
135 733 311 772 episcopatu
341 728 571 766 Magalonensi,
598 725 711 755 cellam
735 724 842 753 Sancti
866 721 1034 751 Michaelis

45 800 57 816 n
80 788 113 817 in
139 786 312 822 Brugeres3
332 783 365 812 in
389 781 554 820 Aquensi,
579 779 692 809 Sancte
709 776 808 806 Marie
825 777 863 805 de
883 775 985 805 Brusa
1006 778 1035 803 et

45 852 58 868 ιι
81 838 240 871 ecclesiam
253 836 367 866 Sancte
378 835 477 864 Marie
490 831 719 871 parrochialem
731 830 768 859 de
778 829 984 867 Brungnola;
1000 830 1034 858 in

45 905 59 921 ι
81 889 296 930 Forojuliensi,
315 888 481 918 ecclesiam
496 886 609 915 Sancte
626 884 727 913 Marie
743 884 780 913 de
791 880 943 921 Barjolis,
961 892 1034 912 cum

45 959 59 975 n
81 943 215 976 ecclesiis
239 946 268 972 et
297 941 446 971 omnibus
479 938 680 978 pertinentiis
704 946 824 966 earnm.
857 936 1036 966 Cenobium

46 1012 59 1028 n
81 1002 183 1029 autem
209 995 315 1026 Sancti
346 993 502 1024 Servandi
531 991 615 1029 apud
641 990 805 1025 Toletum,
834 989 917 1028 quod
949 989 1036 1018 idem

46 1065 60 1081 a
82 1060 132 1082 rex
151 1049 290 1080 Ildefons
313 1055 444 1077 romane
469 1045 600 1075 ecclesie
617 1044 795 1083 specialiter
814 1043 958 1077 tradidit,
981 1042 1037 1072 tibi

47 1117 60 1134 n
83 1105 204 1143 tuisque
219 1100 453 1132 successoribus
474 1104 581 1129 nostra
599 1099 666 1128 vice
687 1097 904 1127 ordinandum
923 1105 1038 1134 regen-

45 1171 58 1187 »
82 1158 218 1196 dumque
233 1154 479 1190 committimus,
497 1153 703 1183 decernentes
721 1156 754 1181 ut
770 1151 879 1181 onmia
895 1150 1038 1189 ejusdem

48 1223 62 1240 ι
83 1209 204 1242 cenobii
221 1209 303 1239 bona
317 1208 356 1237 ab
373 1207 519 1237 omnium
537 1206 708 1236 hominum
723 1206 801 1243 jugo
814 1205 913 1234 libera
929 1206 994 1234 sint
1010 1209 1040 1235 et

48 1278 62 1294 a
83 1263 254 1298 immunia,
274 1262 340 1291 sive
356 1270 418 1299 que
440 1269 527 1290 nunc
543 1260 653 1295 hahet,
672 1260 738 1288 sive
761 1268 822 1297 que
841 1259 874 1288 iu
894 1260 1040 1289 futurum

0 1329 1 1358 j
49 1331 63 1347 ι
82 1319 162 1358 juste
179 1316 294 1352 habere
309 1315 430 1354 poterit.
451 1313 624 1343 Toletanns
643 1317 750 1342 autem
766 1313 1038 1351 archiepiscopus,

50 1384 64 1400 n
85 1372 112 1402 si
135 1369 303 1401 catholicus
326 1368 422 1398 fuerit
446 1372 476 1397 et
501 1367 637 1405 gratiam
662 1370 755 1404 atque
778 1366 1041 1396 communionem

50 1437 64 1453 n
84 1422 265 1463 hujusmodi
278 1420 445 1460 apostolice
461 1421 545 1450 sedis
558 1420 716 1456 habuerit,
731 1424 761 1449 et
774 1419 800 1448 si
815 1420 912 1457 gratis
925 1428 960 1449 ac
972 1419 1042 1448 siue

52 1490 66 1506 ι
87 1476 233 1517 pravitate
253 1475 355 1504 facere
382 1473 532 1508 voluerit,
555 1474 827 1503 consecrationem
852 1473 1042 1502 clericorum

53 1542 66 1558 n
88 1529 354 1566 oratoriorumque
379 1528 479 1565 ipsius
513 1527 638 1556 cenobii
656 1527 766 1562 saciet,
787 1526 914 1555 nullum
940 1530 1045 1563 preter

53 1595 68 1611 s>
87 1583 144 1613 hoc
165 1583 198 1612 in
221 1590 257 1612 eo
279 1581 412 1611 dicionis
435 1582 487 1619 jus
509 1581 686 1610 habiturus.
711 1580 766 1610 Sin
791 1584 898 1609 autem
923 1580 1045 1618 aliquid

54 1647 68 1664 ι
89 1635 200 1666 horum
219 1634 387 1670 obstiterit,
409 1633 503 1663 liceat
520 1634 670 1663 iratribus
693 1642 789 1672 quem
809 1633 968 1663 voluerint
994 1642 1045 1663 ca-

55 1700 70 1717 »
92 1687 239 1719 tholicum
255 1688 435 1726 episcopum
455 1691 614 1725 expetere,
633 1691 661 1716 et
680 1696 805 1725 queque
827 1687 950 1724 agenda
973 1691 1048 1717 sunt

57 1753 70 1769 n
92 1745 194 1771 nostra
215 1740 311 1771 fultus
338 1740 524 1770 auctoritate
551 1740 702 1778 perficiet.
719 1740 830 1769 Vestre
855 1740 962 1778 itaque
989 1740 1048 1769 erit

58 1806 71 1822 ι
92 1794 242 1825 industrie
251 1794 363 1824 fratres
378 1794 412 1823 in
429 1794 540 1824 eodem
557 1793 624 1823 loco
634 1793 824 1831 regulariter
840 1794 1000 1831 ordinare,
1019 1798 1048 1823 et

59 1858 72 1876 a
92 1847 251 1886 religionis
275 1847 477 1886 disciplinam
497 1847 646 1876 fratribus
664 1847 837 1885 inculcare,
864 1851 894 1876 et
919 1856 1049 1877 romane

59 1912 74 1928 ι
94 1900 218 1932 ecclesie
241 1909 372 1931 censum
392 1909 428 1930 ex
451 1900 562 1930 eodem
583 1900 715 1930 cenobio
734 1904 809 1939 quot
827 1901 923 1930 annis
939 1900 1049 1930 decem

59 1965 73 1982 n
93 1962 255 1984 mancusos
270 1953 426 1983 exolvere.
444 1953 622 1983 Cenobium
641 1962 715 1983 vero
732 1954 839 1983 Sancti
859 1954 945 1984 Petri
964 1954 1050 1993 quod

59 2017 73 2034 x
95 2005 203 2037 dicitur
213 2006 250 2036 de
262 2007 370 2036 Monte
385 2007 511 2045 Majori,
523 2006 557 2035 iu
570 2006 841 2045 archiepiscopatu
854 2007 1047 2044 Arelatensi,

60 2071 74 2087 ι»
95 2063 124 2090 et
143 2060 308 2090 cenobium
333 2059 447 2090 Sancte
471 2060 572 2089 Marie
595 2060 633 2090 de
653 2060 785 2097 Grassa,
810 2061 843 2090 in
870 2061 1049 2100 episcopatu

61 2124 73 2140 ι
94 2112 316 2144 Carcasonensi
340 2113 400 2153 (1),
426 2114 468 2143 ita
494 2114 551 2143 tibi
581 2114 705 2153 tuisque
732 2115 966 2144 successoribus
997 2124 1052 2153 per

63 2177 76 2193 n
97 2170 270 2205 presentem
286 2167 436 2205 paginam
455 2168 703 2203 committimuS,
724 2168 805 2197 sicut
821 2168 1052 2206 predecessoris

63 2229 76 2246 n
97 2219 193 2250 nostri
225 2220 418 2250 sanctissimi
452 2221 513 2250 viri
551 2221 697 2258 Gregorii
728 2221 855 2260 septimi
886 2221 1052 2259 privilegio

63 2283 76 2299 n
97 2276 214 2302 constat
228 2281 295 2302 esse
307 2273 524 2303 commissum.
541 2274 638 2303 Porro
652 2274 822 2304 cenobium
839 2279 979 2304 vestrum
993 2275 1053 2304 hac

61 2337 74 2352 ι
97 2325 236 2356 libertate
252 2326 407 2356 donamus
424 2331 474 2364 ut,
497 2331 524 2356 te
542 2327 679 2357 obeunte
697 2327 746 2357 vel
768 2332 894 2357 tuorum
912 2327 1054 2366 quolibet

64 2389 78 2406 ι
99 2387 320 2417 successorum,
334 2380 442 2410 nullus
455 2380 499 2410 ibi
512 2389 714 2419 quacumque
725 2381 928 2420 subreptione
942 2381 1055 2411 substi-

65 2443 78 2460 ι
99 2436 215 2470 tuatur,
234 2434 297 2464 nisi
314 2443 410 2472 quem
431 2434 542 2464 fratres
565 2443 638 2464 cum
655 2435 768 2465 timore
785 2436 845 2465 Dei
867 2435 1055 2473 regulariter

65 2496 79 2512 ι
100 2485 260 2524 elegerint,
278 2487 318 2517 ad
336 2496 432 2525 quem
452 2488 704 2518 consecrandum
720 2489 902 2527 episcopum
918 2489 1053 2519 catholi-

63 2549 76 2564 »
100 2546 169 2568 cum
179 2539 434 2578 advocentquem
443 2540 611 2570 voluerint.
627 2541 761 2578 Crisma,
775 2541 882 2572 oleum
894 2544 1053 2579 sanctum,

67 2602 80 2618 ι
102 2591 203 2622 oleum
218 2593 433 2630 infirmorum,
448 2595 700 2624 consecrationes
717 2595 866 2625 altarium
883 2599 912 2625 et
923 2595 1055 2634 capella-

67 2655 80 2671 »
101 2653 186 2683 rum,
202 2654 263 2685 que
282 2646 367 2675 infra
385 2646 547 2676 nominate
568 2651 657 2684 sunt,
677 2653 707 2677 et
724 2648 942 2678 ordinationes
962 2649 1055 2679 cleri-

68 2707 82 2724 »
102 2705 208 2728 corum
219 2698 339 2728 ibidem
354 2700 623 2729 commorantium
639 2709 674 2730 ac
690 2701 934 2739 monachorum,
950 2711 968 2732 a
982 2711 1057 2741 quo-

68 2762 80 2776 ·
103 2759 236 2790 cumque
252 2752 412 2782 voluerint
429 2753 573 2791 episcopo
588 2754 760 2794 accipiant,
779 2755 813 2784 in
830 2756 941 2786 eodem
961 2757 1057 2786 etiam

70 2814 83 2830 n
103 2802 178 2839 loco,
189 2804 216 2835 si
227 2813 353 2835 necesse
362 2805 469 2842 fuerit,
480 2805 678 2836 celebranda.
691 2807 782 2837 Nulli
793 2813 900 2839 autem
914 2809 1057 2848 episcopo

69 2867 83 2882 n
104 2861 157 2886 aut
167 2857 401 2896 archiepiscopo
410 2857 502 2887 liceat
516 2858 620 2888 locum
632 2859 736 2897 ipsum
747 2861 795 2890 vel
807 2862 875 2899 ejus
884 2862 1058 2892 monachos

71 2920 84 2935 ι
105 2908 154 2939 vel
177 2910 206 2940 ei
229 2910 348 2940 circum
368 2911 508 2941 subditas
528 2911 638 2949 cellas,
662 2912 694 2942 id
718 2917 764 2943 est
787 2914 893 2945 Sancti
919 2915 1007 2944 Petri
1031 2919 1061 2945 et

103 3009 138 3042 (1)
154 3010 202 3037 Ms.
218 3009 370 3038 Carcason.

1114 410 1128 426 n
1153 398 1260 428 Sancti
1281 397 1410 427 Andree
1431 402 1461 426 et
1481 396 1588 426 Sancti
1608 394 1766 431 Ferreoli,
1785 394 1985 432 presbyteros
2001 394 2118 425 aliosve

1115 462 1128 478 1>
1154 450 1284 480 clericos
1307 450 1342 479 in
1364 450 1409 479 eis
1431 450 1470 479 ab
1493 449 1603 479 abbate
1619 448 1823 484 constitutos,
1842 447 2119 477 excommunicare

1153 503 1204 533 vel
1219 504 1380 542 judicare,
1404 508 1508 542 preter
1523 504 1629 541 ipsum
1645 502 1791 531 abbatem
1811 505 1865 530 aut
1883 502 1951 539 ejus
1971 500 2119 530 volunta-

1155 562 1233 592 tem3
1252 557 1306 587 sed
1322 566 1446 595 semper
1461 557 1519 585 sub
1544 555 1640 585 tutela
1655 561 1686 585 et
1700 555 1904 584 immunitate
1920 562 2052 584 romana
2069 561 2120 583 so-

1154 610 1279 648 liusque
1297 611 1423 639 romani
1438 608 1726 648 pontificisjudicio
1739 608 1958 643 consistentes,
1976 607 2119 645 omnipo-

1157 664 1233 693 tenti
1248 664 1386 693 Domino
1397 663 1497 701 quieti
1511 663 1677 700 securique
1688 661 1881 691 deserviant.
1891 660 2012 690 'Nullus
2026 661 2122 690 etiam

1156 717 1276 755 legatus
1297 716 1482 755 hujusmodi
1500 715 1671 754 apostolice
1691 714 1773 744 sedis
1791 715 1938 744 abbatem
1954 713 2004 743 vel
2022 714 2122 752 ipsius

1156 771 1216 800 loci
1233 770 1405 800 monachos
1417 769 1695 799 excommunicare
1708 768 1759 797 vel
1772 769 1847 806 ipsis
1861 771 1915 797 aut
1930 768 2123 797 monasterio

1120 837 1130 849 υ
1156 824 1217 862 ipsi
1234 823 1355 862 aliquid
1372 822 1563 852 interdicere
1583 826 1760 860 presumat,
1784 821 1848 850 nisi
1869 822 1897 850 ei
1919 826 2006 850 anta
2030 820 2123 850 nobis

1119 889 1132 903 n
1158 881 1212 906 aut
1233 886 1250 906 a
1273 876 1388 906 nostris
1415 875 1649 905 successoribus
1670 874 1849 912 specialiter
1870 874 1965 903 luerit
1986 875 2124 912 impera-

1120 942 1133 956 »
1158 934 1234 959 tum.
1262 929 1296 959 Si
1323 929 1395 967 quis
1420 933 1527 957 autem
1547 928 1819 966 archiepiscopuS,
1842 927 2026 965 episcopus,
2053 936 2123 963 rex,

1121 996 1134 1010 »
1160 983 1318 1021 princeps,
1337 983 1410 1017 dux,
1431 982 1584 1017 marchio,
1601 990 1718 1017 comes,
1736 981 1911 1009 vicecomes
1929 980 1978 1009 vel
1993 988 2126 1019 persona

1122 1048 1135 1063 »
1160 1035 1315 1075 quelibet,
1334 1035 1493 1065 clericalis
1516 1040 1570 1064 aut
1588 1033 1724 1069 laicalis,
1752 1038 1896 1063 nostrum
1921 1033 1979 1062 hoc
2001 1032 2126 1071 privile-

1123 1102 1136 1117 »
1160 1090 1250 1128 gium
1272 1094 1427 1119 temerare
1447 1093 1477 1118 et
1500 1098 1551 1118 res
1575 1088 1670 1117 vestri
1689 1087 1816 1117 cenobii
1840 1091 1957 1116 temere
1976 1086 2127 1116 invadere

1123 1155 1136 1170 >2
1161 1143 1211 1173 vel
1232 1144 1296 1172 suis
1320 1143 1431 1172 usibus
1455 1141 1613 1180 applicare
1637 1141 1864 1180 presumpserit
1887 1144 1941 1169 aut
1965 1140 2126 1177 minuere,

1124 1209 1137 1223 n
1163 1196 1301 1226 secundo
1324 1196 1456 1225 tertiove
1473 1195 1703 1230 commonitus,
1722 1194 1748 1222 si
1765 1202 1827 1223 non
1849 1202 1987 1230 congrue
2004 1192 2128 1221 satisfe-

1125 1263 1138 1277 »
1163 1251 1252 1288 cei-it,
1269 1259 1287 1279 a
1302 1249 1421 1280 Christi
1436 1254 1468 1278 et
1490 1249 1621 1278 ecclesie
1638 1256 1767 1286 corpore
1783 1256 1856 1277 cuin
1872 1247 2056 1276 auctoritate
2073 1254 2128 1284 po-

1125 1316 1138 1331 »
1165 1303 1284 1333 testatis
1306 1302 1476 1341 apostolice
1495 1310 1720 1340 segregamus3
1738 1300 2001 1330 conseiwantibus
2022 1304 2130 1329 antem

1127 1369 1139 1383 n
1164 1366 1223 1395 pax
1239 1366 1257 1385 a
1274 1357 1339 1385 Deo
1355 1360 1385 1385 et
1403 1355 1620 1385 misericordia
1641 1354 1841 1393 presentibus
1858 1362 1892 1382 ac
1909 1353 2022 1382 suturis
2039 1362 2131 1382 set-:1-

1127 1423 1140 1437 »
1165 1410 1204 1439 lis
1234 1413 1449 1439 conservetur.
1479 1410 1601 1443 Amen,
1631 1416 1742 1444 amen,
1769 1415 1874 1436 amen.
1911 1408 1980 1436 Dat.
2012 1406 2129 1443 Rome,

1127 1476 1141 1491 v»
1166 1473 1221 1502 per
1241 1472 1357 1492 manus
1377 1461 1554 1492 Joliannis,
1575 1465 1682 1490 sancte
1705 1469 1836 1490 romane
1858 1459 1988 1489 ecclesie
2006 1459 2132 1489 diaconi

1128 1530 1141 1544 >³
1167 1517 1339 1547 cardinalis
1356 1520 1386 1546 et
1400 1515 1630 1554 prosignatoris
1643 1514 1741 1543 donni
1756 1514 1880 1543 Urbani
1893 1513 2025 1543 secundi
2040 1521 2129 1551 pape,

1130 1584 1142 1598 »
1168 1581 1186 1600 x
1196 1570 1350 1600 kalendas
1364 1569 1483 1605 martii,
1496 1568 1671 1598 indictione
1683 1568 1864 1603 undecima,
1875 1576 1960 1597 anno
1970 1566 2133 1596 dominice

1131 1636 1143 1651 n
1169 1622 1710 1654 incarnationisM.LXXX.VIIII‚
1723 1621 1922 1659 pontificatus
1931 1620 2131 1658 ejusdemdo-

1132 1691 1144 1705 »
1170 1678 1250 1707 mini
1265 1686 1342 1716 pape
1354 1677 1458 1715 primo
1471 1688 1482 1702 n
1494 1676 1615 1714 (JAFFn,
1633 1675 1770 1709 l‘eedit„
1784 1674 1876 1710 4029,
1890 1674 2015 1711 Qeedit„
2030 1672 2130 1711 5392).

1172 1743 1184 1757 «
1209 1730 1406 1760 Provisionis
1422 1732 1527 1759 nostre
1543 1729 1672 1758 debet...
1688 1745 1727 1749 —
1738 1728 1808 1757 Dat.
1826 1728 1927 1757 Rome
1940 1727 2023 1765 apud
2037 1726 2133 1756 Sanc-

1132 1798 1145 1811 »
1172 1789 1234 1814 tam
1252 1784 1384 1813 Mariam
1400 1783 1566 1821 Majorem,
1585 1792 1606 1811 11
1621 1782 1692 1811 idus
1709 1781 1873 1817 februarii,
1890 1789 1975 1810 anno
1988 1780 2100 1818 primo.
2119 1791 2131 1805 x>

1118 783 1131 797 :5
1118 729 1131 743 :³
1116 676 1130 690 ὅ
1117 621 1129 637 δ
1115 570 1129 585 8
1115 516 1128 531 :9

1202 1931 1284 1959 531

1167 1993 1367 2019 immunitates
1393 1991 1565 2018 monasterio
1591 1991 1689 2017 Sancti
1715 1991 1842 2017 Victoris
1871 1989 2043 2016 Massiliensi
2069 1998 2138 2016 con-

1132 2050 1241 2069 cessae.
1259 2042 1342 2076 (Reg.
1362 2041 1408 2074 44,
1426 2050 1451 2068 c.
1470 2041 1535 2072 345,
1553 2041 1571 2067 f.
1590 2041 1624 2067 79
1640 2041 1694 2073 νῦ.)

1462 1928 1820 1962 Sainte-Marie-Majcure,
1839 1928 1854 1954 9
1871 1928 1973 1953 fevrier
1990 1925 2066 1954 1289.

1174 2132 1291 2161 Eisdem
1307 2130 1462 2167 concedit,
1479 2130 1519 2159 ad
1535 2130 1637 2159 instar
1652 2129 1835 2158 innocentii
1852 2137 1949 2167 papae
1965 2128 2045 2164 IIII,
2065 2136 2141 2166 qna-

1133 2188 1226 2214 tenus
1238 2184 1365 2214 nullum
1380 2183 1613 2222 praejudicium
1625 2182 1826 2212 libertatibus
1838 2186 1868 2211 et
1881 2181 2142 2211 immunitatibus

1125 2232 1172 2267 'ab
1197 2237 1367 2276 apostolica
1388 2237 1461 2267 sede
1486 2238 1530 2266 eis
1548 2237 1706 2266 concessis
1725 2236 1758 2264 in
1778 2240 1939 2274 posterum
1959 2238 2140 2273 generetur,

1134 2291 1297 2321 occasione
1313 2290 1554 2320 constitutionis
1571 2298 1634 2328 qua
1647 2289 1750 2319 dictus
1763 2288 1972 2318 Innocentius
1986 2288 2094 2317 statuit
2108 2291 2144 2317 ut

1137 2356 1149 2371 «
1169 2344 1323 2383 exempti,
1343 2348 1602 2382 quantacumque
1627 2343 1788 2380 gaudeant
1811 2342 1974 2378 libertate,
2006 2341 2140 2371 nichilo-

1134 2398 1243 2427 minus
1265 2402 1372 2427 tamen
1401 2398 1524 2426 ratione
1547 2396 1654 2426 delicti
1681 2405 1736 2425 seu
1754 2398 1935 2425 contractus
1956 2399 2009 2424 ant
2035 2394 2081 2423 rei
2106 2394 2144 2423 de

1135 2460 1198 2490 qna
1220 2455 1329 2481 contra
1350 2451 1434 2489 ipsos
1457 2451 1562 2488 agitur
1583 2450 1641 2479 rite
1658 2449 1782 2487 possint
1800 2458 1908 2478 coram
1930 2448 2072 2478 locorum
2092 2456 2141 2477 or-

1136 2505 1271 2534 dinariis
1289 2504 1473 2540 conveniri,
1497 2508 1527 2533 et
1551 2503 1600 2533 illi
1624 2504 1727 2541 quoad
1752 2502 1810 2532 hoc
1835 2511 1926 2531 suam
1945 2502 1977 2530 in
1995 2501 2070 2539 ipsis
2089 2501 2144 2539 ju-

1137 2558 1346 2594 risdictionis,
1364 2561 1455 2596 prout
1467 2557 1520 2595 jus
1537 2556 1646 2594 exigit,
1661 2564 1819 2585 exercere.
1841 2567 1854 2581 ν

1179 2623 1192 2638 α
1213 2610 1295 2641 Cum
1311 2611 1388 2641 olim
1405 2610 1546 2640 felicis...
1563 2626 1602 2630 —
1615 2610 1686 2638 Dat.
1704 2609 1804 2638 Rome
1816 2608 1899 2646 apud
1913 2608 2060 2637 Sanctam
2078 2608 2144 2637 Ma-

1137 2665 1218 2694 riam
1238 2665 1405 2703 Majorem‚
1424 2673 1443 2693 v
1459 2663 1532 2693 idus
1548 2662 1714 2698 februarii,
1731 2670 1815 2691 anno
1832 2661 1945 2699 primo.
1964 2672 1976 2687 »

1211 2810 1297 2838 5:32

1177 2872 1220 2898 De
1231 2872 1370 2898 electione
1381 2870 1510 2905 episcopi
1522 2869 1735 2896 Avenionensis
1746 2867 1828 2901 (Res.
1847 2867 1888 2899 44,
1906 2876 1931 2893 c.
1950 2867 2009 2897 346,
2023 2867 2040 2893 f.
2054 2866 2086 2893 70
2099 2872 2144 2897 v⁰;

1142 2921 1210 2948 Lar.
1228 2929 1262 2947 Du
1275 2920 1374 2953 Tuam,
1391 2918 1412 2950 I,
1432 2919 1504 2951 147.)

1455 2806 1801 2841 Sainte-Marie—Majeure,
1818 2806 1852 2832 ⁴28
1865 2806 1977 2840 janvier
1994 2805 2069 2832 1289.

1185 3010 1304 3039 Dilectis
1319 3009 1393 3045 filiis
1411 3028 1429 3037 ..
1451 3008 1551 3045 priori
1568 3008 1601 3036 de
1616 3007 1840 3041 Armasam'cts,
1860 3005 2067 3035 Nemausensis
2083 3005 2146 3033 dio-
