<?xml version="1.0" encoding="UTF-8"?>
<!DOCTYPE html PUBLIC "-//W3C//DTD XHTML 1.0 Transitional//EN"
    "http://www.w3.org/TR/xhtml1/DTD/xhtml1-transitional.dtd">
<html xmlns="http://www.w3.org/1999/xhtml" xml:lang="en" lang="en">
 <head>
  <title>
</title>
<meta http-equiv="Content-Type" content="text/html;charset=utf-8" />
  <meta name='ocr-system' content='tesseract 3.04.00' />
  <meta name='ocr-capabilities' content='ocr_page ocr_carea ocr_par ocr_line ocrx_word'/>
</head>
<body>
  <div class='ocr_page' id='page_1' title='image "./lesregistresdeni01romeuoft_0672.png"; bbox 0 0 2477 3637; ppageno 0'>
   <div class='ocr_carea' id='block_1_1' title="bbox 201 381 1540 422">
    <p class='ocr_par' dir='ltr' id='par_1_1' title="bbox 201 381 1540 422">
     <span class='ocr_line' id='line_1_1' title="bbox 201 381 1540 422; baseline -0.007 0"><span class='ocrx_word' id='word_1_1' title='bbox 201 391 256 422; x_wconf 81' lang='grc'>662</span> <span class='ocrx_word' id='word_1_2' title='bbox 942 383 1178 416; x_wconf 82' lang='lat' dir='ltr'>REGISTRES</span> <span class='ocrx_word' id='word_1_3' title='bbox 1200 383 1254 414; x_wconf 88' lang='lat' dir='ltr'>DE</span> <span class='ocrx_word' id='word_1_4' title='bbox 1275 381 1460 413; x_wconf 85' lang='lat' dir='ltr'>NICOLAS</span> <span class='ocrx_word' id='word_1_5' title='bbox 1484 382 1540 412; x_wconf 94' lang='lat' dir='ltr'>IV.</span> 
     </span>
    </p>
   </div>
   <div class='ocr_carea' id='block_1_2' title="bbox 199 451 1198 546">
    <p class='ocr_par' dir='ltr' id='par_1_2' title="bbox 199 451 1198 546">
     <span class='ocr_line' id='line_1_2' title="bbox 202 451 1198 495; baseline -0.008 -8"><span class='ocrx_word' id='word_1_6' title='bbox 202 463 307 488; x_wconf 88' lang='lat' dir='ltr'>tenore</span> <span class='ocrx_word' id='word_1_7' title='bbox 323 455 515 495; x_wconf 87' lang='lat' dir='ltr'>presentium</span> <span class='ocrx_word' id='word_1_8' title='bbox 532 453 723 484; x_wconf 77' lang='lat' dir='ltr'>facultatem.</span> <span class='ocrx_word' id='word_1_9' title='bbox 743 454 815 483; x_wconf 87' lang='lat' dir='ltr'>Dat.</span> <span class='ocrx_word' id='word_1_10' title='bbox 828 451 911 491; x_wconf 90' lang='lat' dir='ltr'>apud</span> <span class='ocrx_word' id='word_1_11' title='bbox 927 452 1198 486; x_wconf 80' lang='lat' dir='ltr'>Urbemveterem,</span> 
     </span>
     <span class='ocr_line' id='line_1_3' title="bbox 199 508 715 546; baseline -0.01 -6"><span class='ocrx_word' id='word_1_12' title='bbox 199 510 304 540; x_wconf 87' lang='lat' dir='ltr'>idibus</span> <span class='ocrx_word' id='word_1_13' title='bbox 322 508 440 543; x_wconf 79' lang='lat' dir='ltr'>martii,</span> <span class='ocrx_word' id='word_1_14' title='bbox 457 515 542 537; x_wconf 91' lang='lat' dir='ltr'>anuo</span> <span class='ocrx_word' id='word_1_15' title='bbox 557 511 679 546; x_wconf 88' lang='lat' dir='ltr'>quarto.</span> <span class='ocrx_word' id='word_1_16' title='bbox 703 518 715 533; x_wconf 72' lang='grc' dir='ltr'>ιι</span> 
     </span>
    </p>
   </div>
   <div class='ocr_carea' id='block_1_3' title="bbox 269 673 1126 707">
    <p class='ocr_par' dir='ltr' id='par_1_3' title="bbox 269 673 1126 707">
     <span class='ocr_line' id='line_1_4' title="bbox 269 673 1126 707; baseline -0.007 -1"><span class='ocrx_word' id='word_1_17' title='bbox 269 677 518 707; x_wconf 66' lang='grc' dir='ltr'><strong>45ἵ6-4583</strong></span> <span class='ocrx_word' id='word_1_18' title='bbox 766 675 892 706; x_wconf 77' lang='lat' dir='ltr'>Orvieto,</span> <span class='ocrx_word' id='word_1_19' title='bbox 910 675 942 702; x_wconf 81' lang='lat'>19</span> <span class='ocrx_word' id='word_1_20' title='bbox 958 682 1033 702; x_wconf 82' lang='lat' dir='ltr'>mars</span> <span class='ocrx_word' id='word_1_21' title='bbox 1049 673 1126 700; x_wconf 75' lang='grc'><strong>1291.</strong></span> 
     </span>
    </p>
   </div>
   <div class='ocr_carea' id='block_1_4' title="bbox 233 738 855 775">
    <p class='ocr_par' dir='ltr' id='par_1_4' title="bbox 233 738 855 775">
     <span class='ocr_line' id='line_1_5' title="bbox 233 738 855 775; baseline -0.008 -7"><span class='ocrx_word' id='word_1_22' title='bbox 233 741 438 775; x_wconf 72' lang='lat' dir='ltr'>Indulgentiae.</span> <span class='ocrx_word' id='word_1_23' title='bbox 455 739 538 772; x_wconf 76' lang='lat' dir='ltr'>(Res.</span> <span class='ocrx_word' id='word_1_24' title='bbox 556 739 598 770; x_wconf 77' lang='lat'>46,</span> <span class='ocrx_word' id='word_1_25' title='bbox 615 746 640 765; x_wconf 92' lang='lat' dir='ltr'>c.</span> <span class='ocrx_word' id='word_1_26' title='bbox 658 738 702 772; x_wconf 78' lang='lat'>61,</span> <span class='ocrx_word' id='word_1_27' title='bbox 719 738 737 764; x_wconf 79' lang='lat' dir='ltr'>f.</span> <span class='ocrx_word' id='word_1_28' title='bbox 758 738 784 764; x_wconf 84' lang='lat' dir='ltr'>li</span> <span class='ocrx_word' id='word_1_29' title='bbox 804 740 855 769; x_wconf 76' lang='lat' dir='ltr'>vo.)</span> 
     </span>
    </p>
   </div>
   <div class='ocr_carea' id='block_1_5' title="bbox 192 839 1198 2007">
    <p class='ocr_par' dir='ltr' id='par_1_5' title="bbox 196 839 1198 1138">
     <span class='ocr_line' id='line_1_6' title="bbox 240 839 1196 879; baseline -0.005 -8"><span class='ocrx_word' id='word_1_30' title='bbox 240 843 391 872; x_wconf 71' lang='lat' dir='ltr'>Universis</span> <span class='ocrx_word' id='word_1_31' title='bbox 409 842 521 871; x_wconf 79' lang='lat' dir='ltr'>Christi</span> <span class='ocrx_word' id='word_1_32' title='bbox 538 841 674 878; x_wconf 75' lang='lat' dir='ltr'>fidelibus</span> <span class='ocrx_word' id='word_1_33' title='bbox 695 844 845 879; x_wconf 71' lang='lat' dir='ltr'><strong><em>presentes</em></strong></span> <span class='ocrx_word' id='word_1_34' title='bbox 869 839 986 869; x_wconf 78' lang='lat' dir='ltr'><em>litteras</em></span> <span class='ocrx_word' id='word_1_35' title='bbox 1002 839 1196 875; x_wconf 72' lang='lat' dir='ltr'>inspecturis.</span> 
     </span>
     <span class='ocr_line' id='line_1_7' title="bbox 198 890 1198 933; baseline -0.006 -8"><span class='ocrx_word' id='word_1_36' title='bbox 198 895 433 933; x_wconf 81' lang='lat' dir='ltr'>Indulgentiam</span> <span class='ocrx_word' id='word_1_37' title='bbox 457 893 600 924; x_wconf 89' lang='lat' dir='ltr'>concedit</span> <span class='ocrx_word' id='word_1_38' title='bbox 624 892 719 923; x_wconf 91' lang='lat' dir='ltr'>unius</span> <span class='ocrx_word' id='word_1_39' title='bbox 737 892 815 922; x_wconf 89' lang='lat' dir='ltr'>anni</span> <span class='ocrx_word' id='word_1_40' title='bbox 835 895 864 922; x_wconf 88' lang='lat' dir='ltr'>et</span> <span class='ocrx_word' id='word_1_41' title='bbox 881 901 919 921; x_wconf 70' lang='lat' dir='ltr'>xc</span> <span class='ocrx_word' id='word_1_42' title='bbox 940 891 1063 921; x_wconf 88' lang='lat' dir='ltr'>dierum</span> <span class='ocrx_word' id='word_1_43' title='bbox 1088 890 1198 928; x_wconf 89' lang='lat' dir='ltr'>poeni-</span> 
     </span>
     <span class='ocr_line' id='line_1_8' title="bbox 197 943 1198 985; baseline -0.005 -7"><span class='ocrx_word' id='word_1_44' title='bbox 197 949 335 979; x_wconf 82' lang='lat' dir='ltr'>tentibus</span> <span class='ocrx_word' id='word_1_45' title='bbox 360 952 389 978; x_wconf 87' lang='lat' dir='ltr'>et</span> <span class='ocrx_word' id='word_1_46' title='bbox 415 947 568 978; x_wconf 77' lang='lat' dir='ltr'>confessis</span> <span class='ocrx_word' id='word_1_47' title='bbox 594 946 651 985; x_wconf 85' lang='lat' dir='ltr'>qui</span> <span class='ocrx_word' id='word_1_48' title='bbox 677 945 842 976; x_wconf 88' lang='lat' dir='ltr'>ecclesiam</span> <span class='ocrx_word' id='word_1_49' title='bbox 869 945 976 975; x_wconf 78' lang='lat' dir='ltr'>Sancti</span> <span class='ocrx_word' id='word_1_50' title='bbox 1002 943 1132 974; x_wconf 84' lang='lat' dir='ltr'>Martini</span> <span class='ocrx_word' id='word_1_51' title='bbox 1159 943 1198 973; x_wconf 87' lang='lat' dir='ltr'>de</span> 
     </span>
     <span class='ocr_line' id='line_1_9' title="bbox 198 996 1198 1038; baseline -0.005 -7"><span class='ocrx_word' id='word_1_52' title='bbox 198 1001 346 1038; x_wconf 81' lang='lat' dir='ltr'>SonionS,</span> <span class='ocrx_word' id='word_1_53' title='bbox 362 1000 564 1031; x_wconf 87' lang='lat' dir='ltr'>Belvacensis</span> <span class='ocrx_word' id='word_1_54' title='bbox 576 999 740 1035; x_wconf 82' lang='lat' dir='ltr'>dioecesis,</span> <span class='ocrx_word' id='word_1_55' title='bbox 756 999 791 1028; x_wconf 86' lang='lat' dir='ltr'>in</span> <span class='ocrx_word' id='word_1_56' title='bbox 807 1002 942 1037; x_wconf 86' lang='lat' dir='ltr'>quatuor</span> <span class='ocrx_word' id='word_1_57' title='bbox 954 998 1062 1028; x_wconf 86' lang='lat' dir='ltr'>beatae</span> <span class='ocrx_word' id='word_1_58' title='bbox 1079 996 1198 1026; x_wconf 88' lang='lat' dir='ltr'>Mariae</span> 
     </span>
     <span class='ocr_line' id='line_1_10' title="bbox 197 1049 1196 1093; baseline -0.005 -9"><span class='ocrx_word' id='word_1_59' title='bbox 197 1054 332 1093; x_wconf 81' lang='lat' dir='ltr'>virginis</span> <span class='ocrx_word' id='word_1_60' title='bbox 349 1058 379 1084; x_wconf 87' lang='lat' dir='ltr'>et</span> <span class='ocrx_word' id='word_1_61' title='bbox 404 1054 436 1083; x_wconf 92' lang='lat' dir='ltr'>in</span> <span class='ocrx_word' id='word_1_62' title='bbox 464 1057 644 1083; x_wconf 87' lang='lat' dir='ltr'>sanctorum</span> <span class='ocrx_word' id='word_1_63' title='bbox 668 1052 798 1082; x_wconf 84' lang='lat' dir='ltr'>Martini</span> <span class='ocrx_word' id='word_1_64' title='bbox 819 1055 848 1081; x_wconf 90' lang='lat' dir='ltr'>et</span> <span class='ocrx_word' id='word_1_65' title='bbox 868 1050 992 1081; x_wconf 88' lang='lat' dir='ltr'>Nicolai</span> <span class='ocrx_word' id='word_1_66' title='bbox 1015 1049 1196 1080; x_wconf 81' lang='lat' dir='ltr'>festivitati-</span> 
     </span>
     <span class='ocr_line' id='line_1_11' title="bbox 196 1107 482 1138; baseline -0.003 -1"><span class='ocrx_word' id='word_1_67' title='bbox 196 1107 255 1138; x_wconf 86' lang='lat' dir='ltr'>bus</span> <span class='ocrx_word' id='word_1_68' title='bbox 272 1107 482 1136; x_wconf 71' lang='lat' dir='ltr'><strong>visitaverint.</strong></span> 
     </span>
    </p>

    <p class='ocr_par' dir='ltr' id='par_1_6' title="bbox 196 1157 1195 1251">
     <span class='ocr_line' id='line_1_12' title="bbox 238 1157 1195 1199; baseline -0.002 -11"><span class='ocrx_word' id='word_1_69' title='bbox 238 1173 252 1188; x_wconf 79' lang='lat'>«</span> <span class='ocrx_word' id='word_1_70' title='bbox 269 1160 343 1190; x_wconf 89' lang='lat' dir='ltr'>Vite</span> <span class='ocrx_word' id='word_1_71' title='bbox 358 1159 508 1199; x_wconf 87' lang='lat' dir='ltr'>perennis</span> <span class='ocrx_word' id='word_1_72' title='bbox 523 1159 660 1197; x_wconf 82' lang='lat' dir='ltr'>gloria...</span> <span class='ocrx_word' id='word_1_73' title='bbox 678 1176 716 1180; x_wconf 97' lang='lat'><strong>—</strong></span> <span class='ocrx_word' id='word_1_74' title='bbox 731 1158 802 1188; x_wconf 92' lang='lat' dir='ltr'>Dat.</span> <span class='ocrx_word' id='word_1_75' title='bbox 821 1157 904 1197; x_wconf 88' lang='lat' dir='ltr'>apud</span> <span class='ocrx_word' id='word_1_76' title='bbox 923 1157 1195 1194; x_wconf 88' lang='lat' dir='ltr'>Urbemveterem,</span> 
     </span>
     <span class='ocr_line' id='line_1_13' title="bbox 196 1212 836 1251; baseline -0.003 -8"><span class='ocrx_word' id='word_1_77' title='bbox 196 1223 262 1243; x_wconf 83' lang='grc'><strong>111111</strong></span> <span class='ocrx_word' id='word_1_78' title='bbox 278 1213 429 1243; x_wconf 85' lang='lat' dir='ltr'>kalendas</span> <span class='ocrx_word' id='word_1_79' title='bbox 445 1212 565 1251; x_wconf 83' lang='lat' dir='ltr'>aprilis,</span> <span class='ocrx_word' id='word_1_80' title='bbox 583 1221 668 1242; x_wconf 91' lang='lat' dir='ltr'>anno</span> <span class='ocrx_word' id='word_1_81' title='bbox 683 1217 805 1251; x_wconf 84' lang='lat' dir='ltr'>quarto.</span> <span class='ocrx_word' id='word_1_82' title='bbox 823 1223 836 1239; x_wconf 76' lang='lat'>1&gt;</span> 
     </span>
    </p>

    <p class='ocr_par' dir='ltr' id='par_1_7' title="bbox 194 1264 1196 1411">
     <span class='ocr_line' id='line_1_14' title="bbox 235 1264 1196 1304; baseline -0.003 -9"><span class='ocrx_word' id='word_1_83' title='bbox 235 1267 272 1296; x_wconf 93' lang='lat' dir='ltr'>In</span> <span class='ocrx_word' id='word_1_84' title='bbox 296 1276 323 1296; x_wconf 88' lang='lat' dir='ltr'>e.</span> <span class='ocrx_word' id='word_1_85' title='bbox 347 1275 389 1295; x_wconf 91' lang='lat' dir='ltr'>m.</span> <span class='ocrx_word' id='word_1_86' title='bbox 411 1265 529 1295; x_wconf 87' lang='lat' dir='ltr'>eisdem</span> <span class='ocrx_word' id='word_1_87' title='bbox 542 1289 549 1302; x_wconf 89' lang='lat'>,</span> <span class='ocrx_word' id='word_1_88' title='bbox 567 1274 621 1304; x_wconf 84' lang='lat' dir='ltr'>pro</span> <span class='ocrx_word' id='word_1_89' title='bbox 636 1264 768 1295; x_wconf 88' lang='lat' dir='ltr'>ecclesia</span> <span class='ocrx_word' id='word_1_90' title='bbox 783 1285 805 1295; x_wconf 89' lang='lat'>..</span> <span class='ocrx_word' id='word_1_91' title='bbox 823 1264 993 1302; x_wconf 83' lang='lat' dir='ltr'>guardiani</span> <span class='ocrx_word' id='word_1_92' title='bbox 1011 1268 1042 1294; x_wconf 91' lang='lat' dir='ltr'>et</span> <span class='ocrx_word' id='word_1_93' title='bbox 1061 1264 1196 1294; x_wconf 65' lang='lat' dir='ltr'>Fratrum</span> 
     </span>
     <span class='ocr_line' id='line_1_15' title="bbox 195 1317 1196 1356; baseline -0.005 -5"><span class='ocrx_word' id='word_1_94' title='bbox 195 1320 318 1351; x_wconf 86' lang='lat' dir='ltr'>ordinis</span> <span class='ocrx_word' id='word_1_95' title='bbox 335 1319 499 1348; x_wconf 89' lang='lat' dir='ltr'>minorum</span> <span class='ocrx_word' id='word_1_96' title='bbox 517 1318 767 1356; x_wconf 84' lang='lat' dir='ltr'>Peronensium,</span> <span class='ocrx_word' id='word_1_97' title='bbox 785 1317 1011 1348; x_wconf 89' lang='lat' dir='ltr'>Noviomensis</span> <span class='ocrx_word' id='word_1_98' title='bbox 1028 1317 1196 1348; x_wconf 88' lang='lat' dir='ltr'>dioecesis.</span> 
     </span>
     <span class='ocr_line' id='line_1_16' title="bbox 194 1373 436 1411; baseline -0.008 -8"><span class='ocrx_word' id='word_1_99' title='bbox 194 1373 266 1403; x_wconf 87' lang='lat' dir='ltr'>Dat.</span> <span class='ocrx_word' id='word_1_100' title='bbox 285 1376 317 1403; x_wconf 91' lang='lat' dir='ltr'>ut</span> <span class='ocrx_word' id='word_1_101' title='bbox 332 1381 436 1411; x_wconf 90' lang='lat' dir='ltr'>supra.</span> 
     </span>
    </p>

    <p class='ocr_par' dir='ltr' id='par_1_8' title="bbox 194 1424 1197 1571">
     <span class='ocr_line' id='line_1_17' title="bbox 234 1424 1196 1465; baseline -0.003 -9"><span class='ocrx_word' id='word_1_102' title='bbox 234 1427 271 1457; x_wconf 93' lang='lat' dir='ltr'>lu</span> <span class='ocrx_word' id='word_1_103' title='bbox 290 1436 316 1456; x_wconf 91' lang='lat' dir='ltr'>e.</span> <span class='ocrx_word' id='word_1_104' title='bbox 335 1435 378 1455; x_wconf 90' lang='lat' dir='ltr'>m.</span> <span class='ocrx_word' id='word_1_105' title='bbox 396 1425 535 1462; x_wconf 88' lang='lat' dir='ltr'>eisdem,</span> <span class='ocrx_word' id='word_1_106' title='bbox 554 1434 608 1465; x_wconf 89' lang='lat' dir='ltr'>pro</span> <span class='ocrx_word' id='word_1_107' title='bbox 632 1425 763 1455; x_wconf 88' lang='lat' dir='ltr'>ecclesia</span> <span class='ocrx_word' id='word_1_108' title='bbox 780 1447 799 1455; x_wconf 88' lang='lat'>..</span> <span class='ocrx_word' id='word_1_109' title='bbox 818 1425 987 1462; x_wconf 85' lang='lat' dir='ltr'>guardiani</span> <span class='ocrx_word' id='word_1_110' title='bbox 1007 1428 1037 1454; x_wconf 90' lang='lat' dir='ltr'>et</span> <span class='ocrx_word' id='word_1_111' title='bbox 1062 1424 1196 1454; x_wconf 76' lang='lat' dir='ltr'>fratrum</span> 
     </span>
     <span class='ocr_line' id='line_1_18' title="bbox 194 1477 1197 1517; baseline -0.003 -8"><span class='ocrx_word' id='word_1_112' title='bbox 194 1479 314 1510; x_wconf 83' lang='lat' dir='ltr'>ordinis</span> <span class='ocrx_word' id='word_1_113' title='bbox 336 1478 499 1509; x_wconf 89' lang='lat' dir='ltr'>minorum</span> <span class='ocrx_word' id='word_1_114' title='bbox 520 1478 559 1508; x_wconf 90' lang='lat' dir='ltr'>de</span> <span class='ocrx_word' id='word_1_115' title='bbox 580 1479 684 1517; x_wconf 68' lang='lat' dir='ltr'>noya,</span> <span class='ocrx_word' id='word_1_116' title='bbox 706 1477 936 1508; x_wconf 87' lang='lat' dir='ltr'>Ambianeusis</span> <span class='ocrx_word' id='word_1_117' title='bbox 951 1477 1115 1507; x_wconf 87' lang='lat' dir='ltr'>dioecesis.</span> <span class='ocrx_word' id='word_1_118' title='bbox 1137 1477 1197 1516; x_wconf 84' lang='lat' dir='ltr'>(En</span> 
     </span>
     <span class='ocr_line' id='line_1_19' title="bbox 194 1531 324 1571; baseline 0 -9"><span class='ocrx_word' id='word_1_119' title='bbox 194 1531 324 1571; x_wconf 65' lang='grc' dir='ltr'>τηατ-98.)</span> 
     </span>
    </p>

    <p class='ocr_par' dir='ltr' id='par_1_9' title="bbox 761 1583 1124 1618">
     <span class='ocr_line' id='line_1_20' title="bbox 761 1583 1124 1618; baseline -0.006 -6"><span class='ocrx_word' id='word_1_120' title='bbox 761 1584 888 1618; x_wconf 84' lang='lat' dir='ltr'>Orvieto,</span> <span class='ocrx_word' id='word_1_121' title='bbox 904 1584 935 1611; x_wconf 95' lang='grc'>21</span> <span class='ocrx_word' id='word_1_122' title='bbox 954 1592 1031 1611; x_wconf 88' lang='lat' dir='ltr'>mars</span> <span class='ocrx_word' id='word_1_123' title='bbox 1046 1583 1124 1611; x_wconf 80' lang='grc'><strong>1291.</strong></span> 
     </span>
    </p>

    <p class='ocr_par' dir='ltr' id='par_1_10' title="bbox 192 1646 1197 2007">
     <span class='ocr_line' id='line_1_21' title="bbox 233 1646 1196 1685; baseline -0.001 -8"><span class='ocrx_word' id='word_1_124' title='bbox 233 1648 270 1677; x_wconf 93' lang='lat' dir='ltr'>In</span> <span class='ocrx_word' id='word_1_125' title='bbox 291 1656 318 1677; x_wconf 88' lang='lat' dir='ltr'>e.</span> <span class='ocrx_word' id='word_1_126' title='bbox 337 1655 379 1676; x_wconf 87' lang='lat' dir='ltr'>m.</span> <span class='ocrx_word' id='word_1_127' title='bbox 399 1647 538 1685; x_wconf 89' lang='lat' dir='ltr'>eisdem,</span> <span class='ocrx_word' id='word_1_128' title='bbox 558 1655 614 1685; x_wconf 86' lang='lat' dir='ltr'>pro</span> <span class='ocrx_word' id='word_1_129' title='bbox 636 1646 769 1677; x_wconf 89' lang='lat' dir='ltr'>ecclesia</span> <span class='ocrx_word' id='word_1_130' title='bbox 785 1669 805 1676; x_wconf 92' lang='lat'>..</span> <span class='ocrx_word' id='word_1_131' title='bbox 824 1646 992 1685; x_wconf 85' lang='lat' dir='ltr'>guardiani</span> <span class='ocrx_word' id='word_1_132' title='bbox 1013 1650 1043 1677; x_wconf 90' lang='lat' dir='ltr'>et</span> <span class='ocrx_word' id='word_1_133' title='bbox 1061 1646 1196 1677; x_wconf 78' lang='lat' dir='ltr'>fratrum</span> 
     </span>
     <span class='ocr_line' id='line_1_22' title="bbox 193 1700 1194 1739; baseline -0.001 -7"><span class='ocrx_word' id='word_1_134' title='bbox 193 1701 315 1732; x_wconf 84' lang='lat' dir='ltr'>ordinis</span> <span class='ocrx_word' id='word_1_135' title='bbox 333 1701 495 1730; x_wconf 89' lang='lat' dir='ltr'>minorum</span> <span class='ocrx_word' id='word_1_136' title='bbox 517 1701 556 1731; x_wconf 90' lang='lat' dir='ltr'>de</span> <span class='ocrx_word' id='word_1_137' title='bbox 576 1701 683 1731; x_wconf 87' lang='lat' dir='ltr'>Monte</span> <span class='ocrx_word' id='word_1_138' title='bbox 699 1700 834 1730; x_wconf 78' lang='lat' dir='ltr'>Sanctae</span> <span class='ocrx_word' id='word_1_139' title='bbox 851 1701 970 1730; x_wconf 90' lang='lat' dir='ltr'>Mariae</span> <span class='ocrx_word' id='word_1_140' title='bbox 986 1701 1020 1730; x_wconf 93' lang='lat' dir='ltr'>in</span> <span class='ocrx_word' id='word_1_141' title='bbox 1037 1701 1175 1739; x_wconf 87' lang='lat' dir='ltr'>Georgio</span> <span class='ocrx_word' id='word_1_142' title='bbox 1187 1724 1194 1738; x_wconf 93' lang='lat'>‚</span> 
     </span>
     <span class='ocr_line' id='line_1_23' title="bbox 193 1754 1193 1792; baseline 0 -8"><span class='ocrx_word' id='word_1_143' title='bbox 193 1755 361 1785; x_wconf 84' lang='lat' dir='ltr'>Firnianae</span> <span class='ocrx_word' id='word_1_144' title='bbox 377 1754 530 1784; x_wconf 77' lang='lat' dir='ltr'>dioecesis</span> <span class='ocrx_word' id='word_1_145' title='bbox 543 1777 551 1792; x_wconf 93' lang='lat'>,</span> <span class='ocrx_word' id='word_1_146' title='bbox 568 1754 601 1783; x_wconf 89' lang='lat' dir='ltr'>in</span> <span class='ocrx_word' id='word_1_147' title='bbox 619 1754 756 1792; x_wconf 83' lang='lat' dir='ltr'>singulis</span> <span class='ocrx_word' id='word_1_148' title='bbox 775 1755 883 1784; x_wconf 87' lang='lat' dir='ltr'>beatae</span> <span class='ocrx_word' id='word_1_149' title='bbox 903 1754 1024 1784; x_wconf 88' lang='lat' dir='ltr'>Mariae</span> <span class='ocrx_word' id='word_1_150' title='bbox 1040 1754 1193 1792; x_wconf 84' lang='lat' dir='ltr'>virginis,</span> 
     </span>
     <span class='ocr_line' id='line_1_24' title="bbox 194 1807 1196 1844; baseline 0.001 -7"><span class='ocrx_word' id='word_1_151' title='bbox 194 1813 374 1838; x_wconf 86' lang='lat' dir='ltr'>sanctorum</span> <span class='ocrx_word' id='word_1_152' title='bbox 393 1807 575 1844; x_wconf 88' lang='lat' dir='ltr'>Francisci,</span> <span class='ocrx_word' id='word_1_153' title='bbox 595 1807 709 1844; x_wconf 90' lang='lat' dir='ltr'>Blasii,</span> <span class='ocrx_word' id='word_1_154' title='bbox 727 1807 860 1837; x_wconf 76' lang='lat' dir='ltr'>Antonii</span> <span class='ocrx_word' id='word_1_155' title='bbox 881 1811 910 1836; x_wconf 88' lang='lat' dir='ltr'>et</span> <span class='ocrx_word' id='word_1_156' title='bbox 926 1812 1110 1837; x_wconf 84' lang='lat' dir='ltr'>sanctarum</span> <span class='ocrx_word' id='word_1_157' title='bbox 1134 1808 1196 1838; x_wconf 88' lang='lat' dir='ltr'>Lu-</span> 
     </span>
     <span class='ocr_line' id='line_1_25' title="bbox 194 1860 1194 1903; baseline -0.001 -12"><span class='ocrx_word' id='word_1_158' title='bbox 194 1862 259 1891; x_wconf 88' lang='lat' dir='ltr'>ciae</span> <span class='ocrx_word' id='word_1_159' title='bbox 282 1866 312 1891; x_wconf 90' lang='lat' dir='ltr'>et</span> <span class='ocrx_word' id='word_1_160' title='bbox 333 1860 443 1890; x_wconf 82' lang='lat' dir='ltr'>Clarae</span> <span class='ocrx_word' id='word_1_161' title='bbox 466 1860 689 1891; x_wconf 66' lang='lat' dir='ltr'>festivitatibus</span> <span class='ocrx_word' id='word_1_162' title='bbox 714 1864 745 1890; x_wconf 86' lang='lat' dir='ltr'>et</span> <span class='ocrx_word' id='word_1_163' title='bbox 768 1870 822 1899; x_wconf 83' lang='lat' dir='ltr'>per</span> <span class='ocrx_word' id='word_1_164' title='bbox 841 1864 909 1890; x_wconf 86' lang='lat' dir='ltr'>octo</span> <span class='ocrx_word' id='word_1_165' title='bbox 932 1860 1194 1903; x_wconf 84' lang='lat' dir='ltr'>diessequentes.</span> 
     </span>
     <span class='ocr_line' id='line_1_26' title="bbox 193 1913 1197 1952; baseline 0 -8"><span class='ocrx_word' id='word_1_166' title='bbox 193 1915 264 1944; x_wconf 88' lang='lat' dir='ltr'>Dat.</span> <span class='ocrx_word' id='word_1_167' title='bbox 290 1913 373 1952; x_wconf 87' lang='lat' dir='ltr'>apud</span> <span class='ocrx_word' id='word_1_168' title='bbox 405 1913 684 1950; x_wconf 85' lang='lat' dir='ltr'>Urbemveterem,</span> <span class='ocrx_word' id='word_1_169' title='bbox 714 1922 754 1943; x_wconf 89' lang='lat' dir='ltr'>x11</span> <span class='ocrx_word' id='word_1_170' title='bbox 780 1913 931 1943; x_wconf 81' lang='lat' dir='ltr'>kalendas</span> <span class='ocrx_word' id='word_1_171' title='bbox 956 1913 1084 1952; x_wconf 76' lang='lat' dir='ltr'>aprilis,</span> <span class='ocrx_word' id='word_1_172' title='bbox 1111 1923 1197 1944; x_wconf 82' lang='lat' dir='ltr'>anno</span> 
     </span>
     <span class='ocr_line' id='line_1_27' title="bbox 192 1967 728 2007; baseline -0.004 -9"><span class='ocrx_word' id='word_1_173' title='bbox 192 1972 313 2007; x_wconf 86' lang='lat' dir='ltr'>quarto.</span> <span class='ocrx_word' id='word_1_174' title='bbox 330 1968 431 2006; x_wconf 81' lang='lat' dir='ltr'>(Ibid.,</span> <span class='ocrx_word' id='word_1_175' title='bbox 449 1967 585 2003; x_wconf 60' lang='lat' dir='ltr'>Pomm,</span> <span class='ocrx_word' id='word_1_176' title='bbox 607 1967 728 2006; x_wconf 85' lang='grc'><strong>23616.)</strong></span> 
     </span>
    </p>
   </div>
   <div class='ocr_carea' id='block_1_6' title="bbox 757 2046 1124 2076">
    <p class='ocr_par' dir='ltr' id='par_1_11' title="bbox 757 2046 1124 2076">
     <span class='ocr_line' id='line_1_28' title="bbox 757 2046 1124 2076; baseline 0 -3"><span class='ocrx_word' id='word_1_177' title='bbox 757 2046 883 2076; x_wconf 86' lang='lat' dir='ltr'>Orvieto.</span> <span class='ocrx_word' id='word_1_178' title='bbox 904 2048 935 2074; x_wconf 79' lang='grc'>15</span> <span class='ocrx_word' id='word_1_179' title='bbox 953 2055 1029 2074; x_wconf 84' lang='lat' dir='ltr'>mars</span> <span class='ocrx_word' id='word_1_180' title='bbox 1046 2047 1124 2074; x_wconf 66' lang='lat'>1291.</span> 
     </span>
    </p>
   </div>
   <div class='ocr_carea' id='block_1_7' title="bbox 189 2109 1197 2682">
    <p class='ocr_par' dir='ltr' id='par_1_12' title="bbox 191 2109 1197 2413">
     <span class='ocr_line' id='line_1_29' title="bbox 232 2109 1197 2149; baseline 0.001 -10"><span class='ocrx_word' id='word_1_181' title='bbox 232 2111 268 2140; x_wconf 92' lang='grc'>10</span> <span class='ocrx_word' id='word_1_182' title='bbox 286 2119 313 2139; x_wconf 93' lang='lat' dir='ltr'>e.</span> <span class='ocrx_word' id='word_1_183' title='bbox 338 2119 382 2140; x_wconf 91' lang='lat' dir='ltr'>m.</span> <span class='ocrx_word' id='word_1_184' title='bbox 403 2109 538 2146; x_wconf 89' lang='lat' dir='ltr'>eisdem,</span> <span class='ocrx_word' id='word_1_185' title='bbox 556 2118 613 2149; x_wconf 90' lang='lat' dir='ltr'>pro</span> <span class='ocrx_word' id='word_1_186' title='bbox 628 2109 761 2140; x_wconf 87' lang='lat' dir='ltr'>ecclesia</span> <span class='ocrx_word' id='word_1_187' title='bbox 782 2109 820 2139; x_wconf 88' lang='lat' dir='ltr'>de</span> <span class='ocrx_word' id='word_1_188' title='bbox 843 2109 948 2145; x_wconf 82' lang='lat' dir='ltr'>Valle,</span> <span class='ocrx_word' id='word_1_189' title='bbox 968 2109 1197 2140; x_wconf 87' lang='lat' dir='ltr'>Nemausensis</span> 
     </span>
     <span class='ocr_line' id='line_1_30' title="bbox 192 2163 1194 2201; baseline 0 -8"><span class='ocrx_word' id='word_1_190' title='bbox 192 2164 354 2200; x_wconf 86' lang='lat' dir='ltr'>dioecesis,</span> <span class='ocrx_word' id='word_1_191' title='bbox 371 2163 403 2192; x_wconf 93' lang='lat' dir='ltr'>in</span> <span class='ocrx_word' id='word_1_192' title='bbox 422 2163 575 2194; x_wconf 87' lang='lat' dir='ltr'>honorem</span> <span class='ocrx_word' id='word_1_193' title='bbox 593 2164 701 2193; x_wconf 88' lang='lat' dir='ltr'>beatae</span> <span class='ocrx_word' id='word_1_194' title='bbox 716 2163 836 2193; x_wconf 84' lang='lat' dir='ltr'>Mariae</span> <span class='ocrx_word' id='word_1_195' title='bbox 851 2163 988 2201; x_wconf 83' lang='lat' dir='ltr'>virginis</span> <span class='ocrx_word' id='word_1_196' title='bbox 1003 2168 1194 2200; x_wconf 89' lang='lat' dir='ltr'>constructa,</span> 
     </span>
     <span class='ocr_line' id='line_1_31' title="bbox 191 2214 1196 2254; baseline 0.001 -10"><span class='ocrx_word' id='word_1_197' title='bbox 191 2216 224 2245; x_wconf 87' lang='lat' dir='ltr'>in</span> <span class='ocrx_word' id='word_1_198' title='bbox 247 2220 382 2254; x_wconf 88' lang='lat' dir='ltr'>quatuor</span> <span class='ocrx_word' id='word_1_199' title='bbox 400 2215 543 2254; x_wconf 84' lang='lat' dir='ltr'>ejusdem</span> <span class='ocrx_word' id='word_1_200' title='bbox 563 2215 697 2253; x_wconf 82' lang='lat' dir='ltr'>virginis</span> <span class='ocrx_word' id='word_1_201' title='bbox 720 2221 750 2245; x_wconf 90' lang='lat' dir='ltr'>et</span> <span class='ocrx_word' id='word_1_202' title='bbox 769 2214 907 2253; x_wconf 86' lang='lat' dir='ltr'>singulis</span> <span class='ocrx_word' id='word_1_203' title='bbox 929 2215 1063 2245; x_wconf 85' lang='lat' dir='ltr'>Sanctae</span> <span class='ocrx_word' id='word_1_204' title='bbox 1085 2215 1196 2246; x_wconf 84' lang='lat' dir='ltr'>Crucis</span> 
     </span>
     <span class='ocr_line' id='line_1_32' title="bbox 191 2268 1196 2308; baseline 0 -9"><span class='ocrx_word' id='word_1_205' title='bbox 191 2273 221 2299; x_wconf 84' lang='lat' dir='ltr'>et</span> <span class='ocrx_word' id='word_1_206' title='bbox 251 2269 283 2299; x_wconf 89' lang='lat' dir='ltr'>S.</span> <span class='ocrx_word' id='word_1_207' title='bbox 312 2269 398 2298; x_wconf 90' lang='lat' dir='ltr'>Petri</span> <span class='ocrx_word' id='word_1_208' title='bbox 422 2268 553 2307; x_wconf 90' lang='lat' dir='ltr'>apostoli</span> <span class='ocrx_word' id='word_1_209' title='bbox 580 2268 806 2298; x_wconf 83' lang='lat' dir='ltr'>festivitatibus</span> <span class='ocrx_word' id='word_1_210' title='bbox 831 2274 861 2298; x_wconf 92' lang='lat' dir='ltr'>et</span> <span class='ocrx_word' id='word_1_211' title='bbox 886 2277 940 2308; x_wconf 89' lang='lat' dir='ltr'>per</span> <span class='ocrx_word' id='word_1_212' title='bbox 964 2273 1032 2298; x_wconf 91' lang='lat' dir='ltr'>octo</span> <span class='ocrx_word' id='word_1_213' title='bbox 1057 2269 1124 2298; x_wconf 90' lang='lat' dir='ltr'>dies</span> <span class='ocrx_word' id='word_1_214' title='bbox 1149 2278 1196 2299; x_wconf 83' lang='lat' dir='ltr'>se-</span> 
     </span>
     <span class='ocr_line' id='line_1_33' title="bbox 191 2321 1195 2360; baseline 0 -9"><span class='ocrx_word' id='word_1_215' title='bbox 191 2325 334 2360; x_wconf 88' lang='lat' dir='ltr'>quentes.</span> <span class='ocrx_word' id='word_1_216' title='bbox 357 2321 430 2350; x_wconf 90' lang='lat' dir='ltr'>Dat.</span> <span class='ocrx_word' id='word_1_217' title='bbox 450 2322 532 2359; x_wconf 86' lang='lat' dir='ltr'>apud</span> <span class='ocrx_word' id='word_1_218' title='bbox 556 2321 828 2357; x_wconf 82' lang='lat' dir='ltr'>Urbemveterem‚</span> <span class='ocrx_word' id='word_1_219' title='bbox 844 2321 951 2351; x_wconf 87' lang='lat' dir='ltr'>idibus</span> <span class='ocrx_word' id='word_1_220' title='bbox 969 2322 1091 2358; x_wconf 87' lang='lat' dir='ltr'>martii,</span> <span class='ocrx_word' id='word_1_221' title='bbox 1108 2331 1195 2352; x_wconf 90' lang='lat' dir='ltr'>anno</span> 
     </span>
     <span class='ocr_line' id='line_1_34' title="bbox 191 2374 436 2413; baseline -0.004 -9"><span class='ocrx_word' id='word_1_222' title='bbox 191 2379 312 2413; x_wconf 88' lang='lat' dir='ltr'>quarto.</span> <span class='ocrx_word' id='word_1_223' title='bbox 331 2374 436 2413; x_wconf 79' lang='lat' dir='ltr'>(Ibid.)</span> 
     </span>
    </p>

    <p class='ocr_par' dir='ltr' id='par_1_13' title="bbox 189 2427 1194 2625">
     <span class='ocr_line' id='line_1_35' title="bbox 231 2427 1194 2466; baseline 0.002 -10"><span class='ocrx_word' id='word_1_224' title='bbox 231 2427 267 2456; x_wconf 90' lang='lat' dir='ltr'>In</span> <span class='ocrx_word' id='word_1_225' title='bbox 285 2438 313 2457; x_wconf 82' lang='lat' dir='ltr'>e.</span> <span class='ocrx_word' id='word_1_226' title='bbox 330 2436 374 2456; x_wconf 89' lang='lat' dir='ltr'>m.</span> <span class='ocrx_word' id='word_1_227' title='bbox 393 2427 524 2463; x_wconf 83' lang='lat' dir='ltr'>eisdem,</span> <span class='ocrx_word' id='word_1_228' title='bbox 542 2436 597 2466; x_wconf 90' lang='lat' dir='ltr'>pro</span> <span class='ocrx_word' id='word_1_229' title='bbox 612 2427 743 2457; x_wconf 86' lang='lat' dir='ltr'>ecclesia</span> <span class='ocrx_word' id='word_1_230' title='bbox 759 2428 946 2458; x_wconf 89' lang='lat' dir='ltr'>monasterii</span> <span class='ocrx_word' id='word_1_231' title='bbox 966 2428 1071 2458; x_wconf 89' lang='lat' dir='ltr'>Sancti</span> <span class='ocrx_word' id='word_1_232' title='bbox 1090 2429 1194 2458; x_wconf 83' lang='lat' dir='ltr'>Lucae</span> 
     </span>
     <span class='ocr_line' id='line_1_36' title="bbox 190 2481 1194 2520; baseline 0.003 -11"><span class='ocrx_word' id='word_1_233' title='bbox 190 2483 279 2510; x_wconf 86' lang='lat' dir='ltr'>extra</span> <span class='ocrx_word' id='word_1_234' title='bbox 296 2489 403 2510; x_wconf 89' lang='lat' dir='ltr'>muros</span> <span class='ocrx_word' id='word_1_235' title='bbox 425 2481 640 2517; x_wconf 75' lang='lat' dir='ltr'>Narnienses,</span> <span class='ocrx_word' id='word_1_236' title='bbox 664 2482 696 2510; x_wconf 91' lang='lat' dir='ltr'>in</span> <span class='ocrx_word' id='word_1_237' title='bbox 716 2481 851 2519; x_wconf 79' lang='lat' dir='ltr'>singulis</span> <span class='ocrx_word' id='word_1_238' title='bbox 876 2482 1019 2520; x_wconf 89' lang='lat' dir='ltr'>ejusdem</span> <span class='ocrx_word' id='word_1_239' title='bbox 1039 2483 1138 2512; x_wconf 86' lang='lat' dir='ltr'>sancti</span> <span class='ocrx_word' id='word_1_240' title='bbox 1164 2486 1194 2512; x_wconf 87' lang='lat' dir='ltr'>et</span> 
     </span>
     <span class='ocr_line' id='line_1_37' title="bbox 189 2533 1193 2574; baseline 0.003 -12"><span class='ocrx_word' id='word_1_241' title='bbox 189 2537 324 2572; x_wconf 87' lang='lat' dir='ltr'>quatuor</span> <span class='ocrx_word' id='word_1_242' title='bbox 343 2533 451 2563; x_wconf 82' lang='lat' dir='ltr'>beatae</span> <span class='ocrx_word' id='word_1_243' title='bbox 470 2533 589 2563; x_wconf 83' lang='lat' dir='ltr'>Mariae</span> <span class='ocrx_word' id='word_1_244' title='bbox 611 2534 745 2572; x_wconf 84' lang='lat' dir='ltr'>virginis</span> <span class='ocrx_word' id='word_1_245' title='bbox 767 2535 991 2565; x_wconf 77' lang='lat' dir='ltr'>festivitatibus</span> <span class='ocrx_word' id='word_1_246' title='bbox 1008 2540 1038 2565; x_wconf 89' lang='lat' dir='ltr'>et</span> <span class='ocrx_word' id='word_1_247' title='bbox 1057 2544 1110 2574; x_wconf 87' lang='lat' dir='ltr'>per</span> <span class='ocrx_word' id='word_1_248' title='bbox 1125 2540 1193 2566; x_wconf 87' lang='lat' dir='ltr'>octo</span> 
     </span>
     <span class='ocr_line' id='line_1_38' title="bbox 189 2586 450 2625; baseline 0 -9"><span class='ocrx_word' id='word_1_249' title='bbox 189 2586 255 2616; x_wconf 90' lang='lat' dir='ltr'>dies</span> <span class='ocrx_word' id='word_1_250' title='bbox 270 2590 450 2625; x_wconf 81' lang='lat' dir='ltr'>sequentes.</span> 
     </span>
    </p>

    <p class='ocr_par' dir='ltr' id='par_1_14' title="bbox 233 2639 1192 2682">
     <span class='ocr_line' id='line_1_39' title="bbox 233 2639 1192 2682; baseline 0.003 -13"><span class='ocrx_word' id='word_1_251' title='bbox 233 2652 245 2666; x_wconf 84' lang='grc' dir='ltr'>ι</span> <span class='ocrx_word' id='word_1_252' title='bbox 261 2639 418 2678; x_wconf 88' lang='lat' dir='ltr'>Splendor</span> <span class='ocrx_word' id='word_1_253' title='bbox 433 2644 563 2679; x_wconf 87' lang='lat' dir='ltr'>paterne</span> <span class='ocrx_word' id='word_1_254' title='bbox 577 2640 715 2678; x_wconf 85' lang='lat' dir='ltr'>glorie...</span> <span class='ocrx_word' id='word_1_255' title='bbox 734 2658 773 2663; x_wconf 96' lang='lat'><strong>—</strong></span> <span class='ocrx_word' id='word_1_256' title='bbox 789 2642 859 2671; x_wconf 85' lang='lat' dir='ltr'>Dat.</span> <span class='ocrx_word' id='word_1_257' title='bbox 881 2646 914 2672; x_wconf 88' lang='lat' dir='ltr'>ut</span> <span class='ocrx_word' id='word_1_258' title='bbox 932 2651 1036 2680; x_wconf 89' lang='lat' dir='ltr'>supra.</span> <span class='ocrx_word' id='word_1_259' title='bbox 1059 2654 1071 2668; x_wconf 71' lang='lat' dir='ltr'>n</span> <span class='ocrx_word' id='word_1_260' title='bbox 1087 2643 1192 2682; x_wconf 81' lang='lat' dir='ltr'>(Ibid.)</span> 
     </span>
    </p>
   </div>
   <div class='ocr_carea' id='block_1_8' title="bbox 749 2721 1118 2752">
    <p class='ocr_par' dir='ltr' id='par_1_15' title="bbox 749 2721 1118 2752">
     <span class='ocr_line' id='line_1_40' title="bbox 749 2721 1118 2752; baseline 0.008 -5"><span class='ocrx_word' id='word_1_261' title='bbox 749 2721 879 2752; x_wconf 71' lang='lat' dir='ltr'>‹ii-vieto,</span> <span class='ocrx_word' id='word_1_262' title='bbox 902 2722 931 2748; x_wconf 79' lang='lat'>18</span> <span class='ocrx_word' id='word_1_263' title='bbox 948 2730 1023 2748; x_wconf 69' lang='lat' dir='ltr'>inat-s</span> <span class='ocrx_word' id='word_1_264' title='bbox 1042 2723 1118 2750; x_wconf 71' lang='lat'>1291.</span> 
     </span>
    </p>
   </div>
   <div class='ocr_carea' id='block_1_9' title="bbox 185 2782 1191 3087">
    <p class='ocr_par' dir='ltr' id='par_1_16' title="bbox 186 2782 1191 2981">
     <span class='ocr_line' id='line_1_41' title="bbox 226 2782 1191 2822; baseline 0.003 -10"><span class='ocrx_word' id='word_1_265' title='bbox 226 2783 262 2812; x_wconf 90' lang='lat' dir='ltr'>In</span> <span class='ocrx_word' id='word_1_266' title='bbox 277 2794 303 2812; x_wconf 90' lang='lat' dir='ltr'>e.</span> <span class='ocrx_word' id='word_1_267' title='bbox 317 2792 360 2812; x_wconf 90' lang='lat' dir='ltr'>m.</span> <span class='ocrx_word' id='word_1_268' title='bbox 374 2782 506 2818; x_wconf 86' lang='lat' dir='ltr'>eisdem,</span> <span class='ocrx_word' id='word_1_269' title='bbox 525 2791 580 2822; x_wconf 82' lang='lat' dir='ltr'>pro</span> <span class='ocrx_word' id='word_1_270' title='bbox 596 2783 727 2813; x_wconf 84' lang='lat' dir='ltr'>ecclesia</span> <span class='ocrx_word' id='word_1_271' title='bbox 739 2784 846 2814; x_wconf 82' lang='lat' dir='ltr'>Sancti</span> <span class='ocrx_word' id='word_1_272' title='bbox 865 2784 1031 2814; x_wconf 87' lang='lat' dir='ltr'>Michaelis</span> <span class='ocrx_word' id='word_1_273' title='bbox 1048 2785 1191 2815; x_wconf 78' lang='lat' dir='ltr'>Archan-</span> 
     </span>
     <span class='ocr_line' id='line_1_42' title="bbox 186 2835 1188 2875; baseline 0.004 -11"><span class='ocrx_word' id='word_1_274' title='bbox 186 2835 248 2873; x_wconf 91' lang='lat' dir='ltr'>geli</span> <span class='ocrx_word' id='word_1_275' title='bbox 269 2835 380 2865; x_wconf 88' lang='lat' dir='ltr'>domus</span> <span class='ocrx_word' id='word_1_276' title='bbox 404 2835 568 2874; x_wconf 85' lang='lat' dir='ltr'>hospitalis</span> <span class='ocrx_word' id='word_1_277' title='bbox 591 2836 630 2866; x_wconf 88' lang='lat' dir='ltr'>de</span> <span class='ocrx_word' id='word_1_278' title='bbox 645 2837 819 2873; x_wconf 78' lang='lat' dir='ltr'>Vesconci,</span> <span class='ocrx_word' id='word_1_279' title='bbox 840 2838 991 2867; x_wconf 87' lang='lat' dir='ltr'>Aretinae</span> <span class='ocrx_word' id='word_1_280' title='bbox 1017 2838 1188 2875; x_wconf 89' lang='lat' dir='ltr'>dioecesis,</span> 
     </span>
     <span class='ocr_line' id='line_1_43' title="bbox 186 2889 1189 2930; baseline 0.004 -12"><span class='ocrx_word' id='word_1_281' title='bbox 186 2889 219 2918; x_wconf 91' lang='lat' dir='ltr'>in</span> <span class='ocrx_word' id='word_1_282' title='bbox 236 2889 370 2926; x_wconf 77' lang='lat' dir='ltr'>singulis</span> <span class='ocrx_word' id='word_1_283' title='bbox 388 2890 528 2928; x_wconf 84' lang='lat' dir='ltr'>ejusdem</span> <span class='ocrx_word' id='word_1_284' title='bbox 553 2891 651 2920; x_wconf 89' lang='lat' dir='ltr'>sancti</span> <span class='ocrx_word' id='word_1_285' title='bbox 674 2890 900 2920; x_wconf 74' lang='lat' dir='ltr'>festivitatibus</span> <span class='ocrx_word' id='word_1_286' title='bbox 921 2895 950 2920; x_wconf 86' lang='lat' dir='ltr'>et</span> <span class='ocrx_word' id='word_1_287' title='bbox 966 2900 1020 2930; x_wconf 84' lang='lat' dir='ltr'>per</span> <span class='ocrx_word' id='word_1_288' title='bbox 1038 2895 1106 2922; x_wconf 90' lang='lat' dir='ltr'>octo</span> <span class='ocrx_word' id='word_1_289' title='bbox 1121 2892 1189 2922; x_wconf 87' lang='lat' dir='ltr'>dies</span> 
     </span>
     <span class='ocr_line' id='line_1_44' title="bbox 187 2947 364 2981; baseline 0.006 -10"><span class='ocrx_word' id='word_1_290' title='bbox 187 2947 364 2981; x_wconf 80' lang='lat' dir='ltr'>sequentes,</span> 
     </span>
    </p>

    <p class='ocr_par' dir='ltr' id='par_1_17' title="bbox 185 2995 1187 3087">
     <span class='ocr_line' id='line_1_45' title="bbox 227 2995 1187 3036; baseline 0.006 -13"><span class='ocrx_word' id='word_1_291' title='bbox 227 3006 241 3022; x_wconf 71' lang='grc' dir='ltr'>ι</span> <span class='ocrx_word' id='word_1_292' title='bbox 261 2995 345 3025; x_wconf 89' lang='lat' dir='ltr'>Licet</span> <span class='ocrx_word' id='word_1_293' title='bbox 361 2995 388 3025; x_wconf 83' lang='lat' dir='ltr'>is</span> <span class='ocrx_word' id='word_1_294' title='bbox 403 2995 478 3026; x_wconf 89' lang='lat' dir='ltr'>de...</span> <span class='ocrx_word' id='word_1_295' title='bbox 494 3013 532 3019; x_wconf 95' lang='lat'>—</span> <span class='ocrx_word' id='word_1_296' title='bbox 550 2997 618 3027; x_wconf 82' lang='lat' dir='ltr'>Dat.</span> <span class='ocrx_word' id='word_1_297' title='bbox 633 2997 715 3036; x_wconf 79' lang='lat' dir='ltr'>apud</span> <span class='ocrx_word' id='word_1_298' title='bbox 730 2997 1004 3036; x_wconf 86' lang='lat' dir='ltr'>Urbemveterem,</span> <span class='ocrx_word' id='word_1_299' title='bbox 1023 3009 1062 3029; x_wconf 79' lang='lat' dir='ltr'>xv</span> <span class='ocrx_word' id='word_1_300' title='bbox 1079 2999 1187 3030; x_wconf 83' lang='lat' dir='ltr'>kalen-</span> 
     </span>
     <span class='ocr_line' id='line_1_46' title="bbox 185 3046 763 3087; baseline 0.005 -12"><span class='ocrx_word' id='word_1_301' title='bbox 185 3046 241 3076; x_wconf 88' lang='lat' dir='ltr'>das</span> <span class='ocrx_word' id='word_1_302' title='bbox 257 3046 378 3084; x_wconf 84' lang='lat' dir='ltr'>aprilis,</span> <span class='ocrx_word' id='word_1_303' title='bbox 393 3055 477 3077; x_wconf 87' lang='lat' dir='ltr'>anno</span> <span class='ocrx_word' id='word_1_304' title='bbox 490 3052 609 3086; x_wconf 79' lang='lat' dir='ltr'>quarto.</span> <span class='ocrx_word' id='word_1_305' title='bbox 632 3062 642 3074; x_wconf 60' lang='grc' dir='ltr'>τι</span> <span class='ocrx_word' id='word_1_306' title='bbox 662 3049 763 3087; x_wconf 51' lang='lat' dir='ltr'>(thid.)</span> 
     </span>
    </p>
   </div>
   <div class='ocr_carea' id='block_1_10' title="bbox 1282 447 2288 701">
    <p class='ocr_par' dir='ltr' id='par_1_18' title="bbox 1282 447 2288 701">
     <span class='ocr_line' id='line_1_47' title="bbox 1324 447 2288 486; baseline 0.002 -9"><span class='ocrx_word' id='word_1_307' title='bbox 1324 449 1361 478; x_wconf 87' lang='lat' dir='ltr'>In</span> <span class='ocrx_word' id='word_1_308' title='bbox 1391 457 1419 478; x_wconf 90' lang='lat' dir='ltr'>e.</span> <span class='ocrx_word' id='word_1_309' title='bbox 1451 457 1494 477; x_wconf 90' lang='lat' dir='ltr'>m.</span> <span class='ocrx_word' id='word_1_310' title='bbox 1520 447 1641 478; x_wconf 87' lang='lat' dir='ltr'>eisdem</span> <span class='ocrx_word' id='word_1_311' title='bbox 1657 471 1663 484; x_wconf 93' lang='lat'>,</span> <span class='ocrx_word' id='word_1_312' title='bbox 1691 456 1747 486; x_wconf 89' lang='lat' dir='ltr'>pro</span> <span class='ocrx_word' id='word_1_313' title='bbox 1771 447 1904 478; x_wconf 88' lang='lat' dir='ltr'>ecclesia</span> <span class='ocrx_word' id='word_1_314' title='bbox 1931 447 2066 478; x_wconf 87' lang='lat' dir='ltr'>Sanctae</span> <span class='ocrx_word' id='word_1_315' title='bbox 2098 447 2219 478; x_wconf 88' lang='lat' dir='ltr'>Mariae</span> <span class='ocrx_word' id='word_1_316' title='bbox 2248 447 2288 480; x_wconf 84' lang='lat' dir='ltr'>de</span> 
     </span>
     <span class='ocr_line' id='line_1_48' title="bbox 1282 499 2287 540; baseline 0.001 -10"><span class='ocrx_word' id='word_1_317' title='bbox 1282 500 1409 537; x_wconf 82' lang='lat' dir='ltr'>Tutela,</span> <span class='ocrx_word' id='word_1_318' title='bbox 1433 500 1656 531; x_wconf 88' lang='lat' dir='ltr'>Tirasonensis</span> <span class='ocrx_word' id='word_1_319' title='bbox 1671 500 1842 537; x_wconf 87' lang='lat' dir='ltr'>dioecesis,</span> <span class='ocrx_word' id='word_1_320' title='bbox 1857 500 1892 530; x_wconf 89' lang='lat' dir='ltr'>in</span> <span class='ocrx_word' id='word_1_321' title='bbox 1914 504 2050 540; x_wconf 87' lang='lat' dir='ltr'>quatuor</span> <span class='ocrx_word' id='word_1_322' title='bbox 2065 499 2209 539; x_wconf 89' lang='lat' dir='ltr'>ejusdem</span> <span class='ocrx_word' id='word_1_323' title='bbox 2223 500 2287 532; x_wconf 91' lang='lat' dir='ltr'>vir-</span> 
     </span>
     <span class='ocr_line' id='line_1_49' title="bbox 1282 553 2287 593; baseline 0.002 -11"><span class='ocrx_word' id='word_1_324' title='bbox 1282 554 1368 592; x_wconf 88' lang='lat' dir='ltr'>ginis</span> <span class='ocrx_word' id='word_1_325' title='bbox 1383 558 1413 583; x_wconf 89' lang='lat' dir='ltr'>et</span> <span class='ocrx_word' id='word_1_326' title='bbox 1429 558 1610 584; x_wconf 82' lang='lat' dir='ltr'>sanctorum</span> <span class='ocrx_word' id='word_1_327' title='bbox 1623 553 1784 584; x_wconf 84' lang='lat' dir='ltr'>Johannis</span> <span class='ocrx_word' id='word_1_328' title='bbox 1802 553 1960 593; x_wconf 79' lang='lat' dir='ltr'>Baptistae</span> <span class='ocrx_word' id='word_1_329' title='bbox 1973 557 2004 584; x_wconf 85' lang='lat' dir='ltr'>et</span> <span class='ocrx_word' id='word_1_330' title='bbox 2014 553 2174 584; x_wconf 86' lang='lat' dir='ltr'>Johannis</span> <span class='ocrx_word' id='word_1_331' title='bbox 2183 553 2287 585; x_wconf 88' lang='lat' dir='ltr'>Evan-</span> 
     </span>
     <span class='ocr_line' id='line_1_50' title="bbox 1282 609 2288 648; baseline 0.002 -10"><span class='ocrx_word' id='word_1_332' title='bbox 1282 609 1413 647; x_wconf 85' lang='lat' dir='ltr'>gelistae</span> <span class='ocrx_word' id='word_1_333' title='bbox 1432 609 1656 639; x_wconf 78' lang='lat' dir='ltr'>festivitatibus</span> <span class='ocrx_word' id='word_1_334' title='bbox 1671 614 1701 639; x_wconf 83' lang='lat' dir='ltr'>et</span> <span class='ocrx_word' id='word_1_335' title='bbox 1717 618 1772 648; x_wconf 90' lang='lat' dir='ltr'>per</span> <span class='ocrx_word' id='word_1_336' title='bbox 1789 612 1858 640; x_wconf 88' lang='lat' dir='ltr'>octo</span> <span class='ocrx_word' id='word_1_337' title='bbox 1877 609 1946 639; x_wconf 90' lang='lat' dir='ltr'>dies</span> <span class='ocrx_word' id='word_1_338' title='bbox 1968 613 2148 648; x_wconf 83' lang='lat' dir='ltr'>sequentes.</span> <span class='ocrx_word' id='word_1_339' title='bbox 2165 609 2237 639; x_wconf 91' lang='lat' dir='ltr'>Dat.</span> <span class='ocrx_word' id='word_1_340' title='bbox 2253 613 2288 641; x_wconf 85' lang='lat' dir='ltr'>ut</span> 
     </span>
     <span class='ocr_line' id='line_1_51' title="bbox 1282 662 1508 701; baseline 0 -9"><span class='ocrx_word' id='word_1_341' title='bbox 1282 671 1385 701; x_wconf 91' lang='lat' dir='ltr'>supra.</span> <span class='ocrx_word' id='word_1_342' title='bbox 1401 662 1508 701; x_wconf 79' lang='lat' dir='ltr'>(Ibid.)</span> 
     </span>
    </p>
   </div>
   <div class='ocr_carea' id='block_1_11' title="bbox 1350 840 1472 870">
    <p class='ocr_par' dir='ltr' id='par_1_19' title="bbox 1350 840 1472 870">
     <span class='ocr_line' id='line_1_52' title="bbox 1350 840 1472 870; baseline 0.008 -1"><span class='ocrx_word' id='word_1_343' title='bbox 1350 840 1472 870; x_wconf 74' lang='lat'>4584</span> 
     </span>
    </p>
   </div>
   <div class='ocr_carea' id='block_1_12' title="bbox 1281 900 2288 987">
    <p class='ocr_par' dir='ltr' id='par_1_20' title="bbox 1281 900 2288 987">
     <span class='ocr_line' id='line_1_53' title="bbox 1315 900 2288 938; baseline 0.002 -8"><span class='ocrx_word' id='word_1_344' title='bbox 1315 903 1512 930; x_wconf 83' lang='lat' dir='ltr'>Emendantur</span> <span class='ocrx_word' id='word_1_345' title='bbox 1527 911 1640 931; x_wconf 81' lang='lat' dir='ltr'>errores</span> <span class='ocrx_word' id='word_1_346' title='bbox 1659 903 1687 930; x_wconf 92' lang='lat' dir='ltr'>in</span> <span class='ocrx_word' id='word_1_347' title='bbox 1710 903 1884 938; x_wconf 87' lang='lat' dir='ltr'>quibusdam</span> <span class='ocrx_word' id='word_1_348' title='bbox 1900 904 2002 932; x_wconf 85' lang='lat' dir='ltr'>litteris</span> <span class='ocrx_word' id='word_1_349' title='bbox 2023 904 2058 931; x_wconf 89' lang='lat' dir='ltr'>de</span> <span class='ocrx_word' id='word_1_350' title='bbox 2073 900 2224 931; x_wconf 83' lang='lat' dir='ltr'>collatione</span> <span class='ocrx_word' id='word_1_351' title='bbox 2237 904 2288 932; x_wconf 81' lang='lat' dir='ltr'>be-</span> 
     </span>
     <span class='ocr_line' id='line_1_54' title="bbox 1281 952 1881 987; baseline 0.003 -9"><span class='ocrx_word' id='word_1_352' title='bbox 1281 952 1460 979; x_wconf 84' lang='lat' dir='ltr'>neficiorum.</span> <span class='ocrx_word' id='word_1_353' title='bbox 1477 952 1560 986; x_wconf 70' lang='lat' dir='ltr'>(Rae.</span> <span class='ocrx_word' id='word_1_354' title='bbox 1581 952 1626 984; x_wconf 80' lang='lat'>46,</span> <span class='ocrx_word' id='word_1_355' title='bbox 1643 960 1669 980; x_wconf 88' lang='lat' dir='ltr'>c.</span> <span class='ocrx_word' id='word_1_356' title='bbox 1686 952 1730 987; x_wconf 86' lang='grc'>62,</span> <span class='ocrx_word' id='word_1_357' title='bbox 1747 952 1766 979; x_wconf 85' lang='lat' dir='ltr'>f.</span> <span class='ocrx_word' id='word_1_358' title='bbox 1785 952 1817 980; x_wconf 89' lang='grc'>12</span> <span class='ocrx_word' id='word_1_359' title='bbox 1833 954 1881 987; x_wconf 85' lang='lat' dir='ltr'>r⁰.)</span> 
     </span>
    </p>
   </div>
   <div class='ocr_carea' id='block_1_13' title="bbox 1845 841 2214 876">
    <p class='ocr_par' dir='ltr' id='par_1_21' title="bbox 1845 841 2214 876">
     <span class='ocr_line' id='line_1_55' title="bbox 1845 841 2214 876; baseline -0.003 -7"><span class='ocrx_word' id='word_1_360' title='bbox 1845 841 1976 876; x_wconf 86' lang='lat' dir='ltr'>Orvieto,</span> <span class='ocrx_word' id='word_1_361' title='bbox 1995 842 2025 869; x_wconf 83' lang='grc'>11</span> <span class='ocrx_word' id='word_1_362' title='bbox 2043 850 2120 869; x_wconf 81' lang='lat' dir='ltr'>mars</span> <span class='ocrx_word' id='word_1_363' title='bbox 2136 842 2214 870; x_wconf 79' lang='grc'><strong>1291.</strong></span> 
     </span>
    </p>
   </div>
   <div class='ocr_carea' id='block_1_14' title="bbox 1325 1055 2288 1094">
    <p class='ocr_par' dir='ltr' id='par_1_22' title="bbox 1325 1055 2288 1094">
     <span class='ocr_line' id='line_1_56' title="bbox 1325 1055 2288 1094; baseline 0.005 -12"><span class='ocrx_word' id='word_1_364' title='bbox 1325 1055 1470 1084; x_wconf 80' lang='lat' dir='ltr'>Willelmo</span> <span class='ocrx_word' id='word_1_365' title='bbox 1501 1055 1658 1092; x_wconf 67' lang='lat' dir='ltr'>Burrieni,</span> <span class='ocrx_word' id='word_1_366' title='bbox 1687 1057 1837 1094; x_wconf 81' lang='lat' dir='ltr'>preposito</span> <span class='ocrx_word' id='word_1_367' title='bbox 1865 1056 1982 1086; x_wconf 80' lang='lat' dir='ltr'>ecclesie</span> <span class='ocrx_word' id='word_1_368' title='bbox 2019 1056 2188 1092; x_wconf 67' lang='lat' dir='ltr'>Wellensis,</span> <span class='ocrx_word' id='word_1_369' title='bbox 2214 1063 2288 1087; x_wconf 88' lang='lat' dir='ltr'>cum</span> 
     </span>
    </p>
   </div>
   <div class='ocr_carea' id='block_1_15' title="bbox 1278 1105 2350 1149">
    <p class='ocr_par' dir='ltr' id='par_1_23' title="bbox 1278 1105 2350 1149">
     <span class='ocr_line' id='line_1_57' title="bbox 1278 1105 2350 1149; baseline 0.003 -12"><span class='ocrx_word' id='word_1_370' title='bbox 1278 1116 1352 1147; x_wconf 86' lang='lat' dir='ltr'>quo,</span> <span class='ocrx_word' id='word_1_371' title='bbox 1371 1112 1446 1138; x_wconf 87' lang='lat' dir='ltr'>tunc</span> <span class='ocrx_word' id='word_1_372' title='bbox 1463 1117 1563 1138; x_wconf 90' lang='lat' dir='ltr'>unum</span> <span class='ocrx_word' id='word_1_373' title='bbox 1580 1112 1611 1138; x_wconf 92' lang='lat' dir='ltr'>et</span> <span class='ocrx_word' id='word_1_374' title='bbox 1625 1108 1740 1147; x_wconf 86' lang='lat' dir='ltr'>viginti</span> <span class='ocrx_word' id='word_1_375' title='bbox 1755 1117 1858 1139; x_wconf 89' lang='lat' dir='ltr'>annos</span> <span class='ocrx_word' id='word_1_376' title='bbox 1876 1112 1950 1139; x_wconf 86' lang='lat' dir='ltr'>nato</span> <span class='ocrx_word' id='word_1_377' title='bbox 1962 1132 1969 1146; x_wconf 89' lang='lat'>,</span> <span class='ocrx_word' id='word_1_378' title='bbox 1986 1109 2207 1148; x_wconf 88' lang='lat' dir='ltr'>dispensatum</span> <span class='ocrx_word' id='word_1_379' title='bbox 2220 1109 2288 1149; x_wconf 82' lang='lat' dir='ltr'>jam</span> <span class='ocrx_word' id='word_1_380' title='bbox 2342 1105 2350 1108; x_wconf 56' lang='grc'>’</span> 
     </span>
    </p>
   </div>
   <div class='ocr_carea' id='block_1_16' title="bbox 1278 1160 2332 1414">
    <p class='ocr_par' dir='ltr' id='par_1_24' title="bbox 1278 1160 2332 1414">
     <span class='ocr_line' id='line_1_58' title="bbox 1278 1160 2322 1201; baseline 0.004 -11"><span class='ocrx_word' id='word_1_381' title='bbox 1278 1161 1341 1190; x_wconf 76' lang='lat' dir='ltr'>fuit</span> <span class='ocrx_word' id='word_1_382' title='bbox 1365 1165 1401 1192; x_wconf 88' lang='lat' dir='ltr'>ut</span> <span class='ocrx_word' id='word_1_383' title='bbox 1425 1161 1678 1201; x_wconf 88' lang='lat' dir='ltr'>praeposituram</span> <span class='ocrx_word' id='word_1_384' title='bbox 1703 1162 1877 1192; x_wconf 89' lang='lat' dir='ltr'>Wellensis</span> <span class='ocrx_word' id='word_1_385' title='bbox 1897 1162 2049 1192; x_wconf 87' lang='lat' dir='ltr'>ecclesiae</span> <span class='ocrx_word' id='word_1_386' title='bbox 2070 1167 2101 1193; x_wconf 91' lang='lat' dir='ltr'>et</span> <span class='ocrx_word' id='word_1_387' title='bbox 2121 1162 2288 1194; x_wconf 84' lang='lat' dir='ltr'>ecclesiam</span> <span class='ocrx_word' id='word_1_388' title='bbox 2320 1160 2322 1162; x_wconf 64' lang='grc'>’</span> 
     </span>
     <span class='ocr_line' id='line_1_59' title="bbox 1278 1214 2332 1252; baseline 0.002 -8"><span class='ocrx_word' id='word_1_389' title='bbox 1278 1214 1317 1244; x_wconf 90' lang='lat' dir='ltr'>de</span> <span class='ocrx_word' id='word_1_390' title='bbox 1332 1214 1555 1251; x_wconf 78' lang='lat' dir='ltr'>Westerliam,</span> <span class='ocrx_word' id='word_1_391' title='bbox 1572 1215 1742 1245; x_wconf 83' lang='lat' dir='ltr'>Rossensis</span> <span class='ocrx_word' id='word_1_392' title='bbox 1757 1214 1928 1252; x_wconf 87' lang='lat' dir='ltr'>dioecesis,</span> <span class='ocrx_word' id='word_1_393' title='bbox 1945 1224 2011 1245; x_wconf 92' lang='lat' dir='ltr'>una</span> <span class='ocrx_word' id='word_1_394' title='bbox 2025 1224 2100 1246; x_wconf 89' lang='lat' dir='ltr'>cum</span> <span class='ocrx_word' id='word_1_395' title='bbox 2116 1215 2287 1246; x_wconf 83' lang='lat' dir='ltr'>canonica·</span> <span class='ocrx_word' id='word_1_396' title='bbox 2323 1218 2332 1228; x_wconf 81' lang='lat'>⁸</span> 
     </span>
     <span class='ocr_line' id='line_1_60' title="bbox 1280 1268 2290 1307; baseline 0.001 -9"><span class='ocrx_word' id='word_1_397' title='bbox 1280 1268 1364 1298; x_wconf 83' lang='lat' dir='ltr'>tibus</span> <span class='ocrx_word' id='word_1_398' title='bbox 1383 1273 1413 1298; x_wconf 86' lang='lat' dir='ltr'>et</span> <span class='ocrx_word' id='word_1_399' title='bbox 1432 1268 1620 1307; x_wconf 86' lang='lat' dir='ltr'>praebendis</span> <span class='ocrx_word' id='word_1_400' title='bbox 1635 1268 1670 1298; x_wconf 89' lang='lat' dir='ltr'>in</span> <span class='ocrx_word' id='word_1_401' title='bbox 1686 1268 1933 1306; x_wconf 80' lang='lat' dir='ltr'>Lichefeldensi,</span> <span class='ocrx_word' id='word_1_402' title='bbox 1949 1268 2290 1306; x_wconf 69' lang='lat' dir='ltr'>Saresbiriensi‚&#39;Lan-</span> 
     </span>
     <span class='ocr_line' id='line_1_61' title="bbox 1279 1321 2288 1359; baseline 0.001 -8"><span class='ocrx_word' id='word_1_403' title='bbox 1279 1322 1431 1359; x_wconf 90' lang='lat' dir='ltr'>dovensi,</span> <span class='ocrx_word' id='word_1_404' title='bbox 1458 1322 1647 1352; x_wconf 86' lang='lat' dir='ltr'>Menevensi</span> <span class='ocrx_word' id='word_1_405' title='bbox 1673 1326 1703 1352; x_wconf 85' lang='lat' dir='ltr'>et</span> <span class='ocrx_word' id='word_1_406' title='bbox 1732 1322 1840 1352; x_wconf 84' lang='lat' dir='ltr'>Sancti</span> <span class='ocrx_word' id='word_1_407' title='bbox 1868 1321 2064 1358; x_wconf 88' lang='lat' dir='ltr'>Andomari,</span> <span class='ocrx_word' id='word_1_408' title='bbox 2093 1321 2288 1352; x_wconf 81' lang='lat' dir='ltr'>Morinensis</span> 
     </span>
     <span class='ocr_line' id='line_1_62' title="bbox 1278 1374 2288 1414; baseline 0.001 -9"><span class='ocrx_word' id='word_1_409' title='bbox 1278 1375 1443 1412; x_wconf 80' lang='lat' dir='ltr'>dioecesis,</span> <span class='ocrx_word' id='word_1_410' title='bbox 1457 1374 1600 1405; x_wconf 83' lang='lat' dir='ltr'>ecclesiis</span> <span class='ocrx_word' id='word_1_411' title='bbox 1616 1375 1759 1405; x_wconf 87' lang='lat' dir='ltr'>detinere</span> <span class='ocrx_word' id='word_1_412' title='bbox 1774 1379 1889 1414; x_wconf 88' lang='lat' dir='ltr'>posset,</span> <span class='ocrx_word' id='word_1_413' title='bbox 1906 1383 2018 1414; x_wconf 89' lang='lat' dir='ltr'>nuper,</span> <span class='ocrx_word' id='word_1_414' title='bbox 2033 1375 2288 1406; x_wconf 83' lang='lat' dir='ltr'>consideratione</span> 
     </span>
    </p>
   </div>
   <div class='ocr_carea' id='block_1_17' title="bbox 1236 1421 2337 1468">
    <p class='ocr_par' dir='ltr' id='par_1_25' title="bbox 1236 1421 2337 1468">
     <span class='ocr_line' id='line_1_63' title="bbox 1236 1421 2337 1468; baseline 0 -8"><span class='ocrx_word' id='word_1_415' title='bbox 1236 1421 1240 1424; x_wconf 38' lang='lat'><strong>⁴</strong></span> <span class='ocrx_word' id='word_1_416' title='bbox 1279 1429 1397 1460; x_wconf 91' lang='lat' dir='ltr'>nobilis</span> <span class='ocrx_word' id='word_1_417' title='bbox 1422 1429 1485 1458; x_wconf 90' lang='lat' dir='ltr'>viri</span> <span class='ocrx_word' id='word_1_418' title='bbox 1508 1428 1635 1459; x_wconf 89' lang='lat' dir='ltr'>Ottonis</span> <span class='ocrx_word' id='word_1_419' title='bbox 1659 1428 1697 1459; x_wconf 89' lang='lat' dir='ltr'>de</span> <span class='ocrx_word' id='word_1_420' title='bbox 1715 1428 1936 1465; x_wconf 88' lang='lat' dir='ltr'>Grandisono,</span> <span class='ocrx_word' id='word_1_421' title='bbox 1955 1428 2113 1459; x_wconf 87' lang='lat' dir='ltr'>concessit</span> <span class='ocrx_word' id='word_1_422' title='bbox 2136 1437 2217 1468; x_wconf 83' lang='lat' dir='ltr'>papa</span> <span class='ocrx_word' id='word_1_423' title='bbox 2233 1437 2289 1468; x_wconf 83' lang='lat' dir='ltr'>per</span> <span class='ocrx_word' id='word_1_424' title='bbox 2333 1463 2337 1466; x_wconf 17' lang='grc' dir='ltr'><em>Α</em></span> 
     </span>
    </p>
   </div>
   <div class='ocr_carea' id='block_1_18' title="bbox 1278 1481 2326 1950">
    <p class='ocr_par' dir='ltr' id='par_1_26' title="bbox 1278 1481 2337 1834">
     <span class='ocr_line' id='line_1_64' title="bbox 1280 1481 2288 1519; baseline 0 -6"><span class='ocrx_word' id='word_1_425' title='bbox 1280 1484 1399 1513; x_wconf 84' lang='lat' dir='ltr'>litteras</span> <span class='ocrx_word' id='word_1_426' title='bbox 1426 1491 1500 1513; x_wconf 86' lang='lat' dir='ltr'>suas</span> <span class='ocrx_word' id='word_1_427' title='bbox 1525 1487 1574 1519; x_wconf 87' lang='lat' dir='ltr'>ut,</span> <span class='ocrx_word' id='word_1_428' title='bbox 1599 1482 1732 1512; x_wconf 85' lang='lat' dir='ltr'>dimissa</span> <span class='ocrx_word' id='word_1_429' title='bbox 1752 1482 1887 1512; x_wconf 88' lang='lat' dir='ltr'>ecclesia</span> <span class='ocrx_word' id='word_1_430' title='bbox 1909 1482 1948 1512; x_wconf 92' lang='lat' dir='ltr'>de</span> <span class='ocrx_word' id='word_1_431' title='bbox 1973 1481 2197 1519; x_wconf 85' lang='lat' dir='ltr'>Westerham,</span> <span class='ocrx_word' id='word_1_432' title='bbox 2219 1481 2288 1513; x_wconf 86' lang='lat' dir='ltr'>loco</span> 
     </span>
     <span class='ocr_line' id='line_1_65' title="bbox 1279 1535 2286 1577; baseline -0.001 -10"><span class='ocrx_word' id='word_1_433' title='bbox 1279 1538 1347 1577; x_wconf 88' lang='lat' dir='ltr'>ejus</span> <span class='ocrx_word' id='word_1_434' title='bbox 1377 1536 1544 1566; x_wconf 88' lang='lat' dir='ltr'>ecclesiam</span> <span class='ocrx_word' id='word_1_435' title='bbox 1576 1535 1615 1566; x_wconf 88' lang='lat' dir='ltr'>de</span> <span class='ocrx_word' id='word_1_436' title='bbox 1646 1536 1798 1571; x_wconf 88' lang='lat' dir='ltr'>Douton,</span> <span class='ocrx_word' id='word_1_437' title='bbox 1832 1535 2078 1566; x_wconf 88' lang='lat' dir='ltr'>Saresbiriensis</span> <span class='ocrx_word' id='word_1_438' title='bbox 2110 1535 2286 1573; x_wconf 87' lang='lat' dir='ltr'>dioecesis,</span> 
     </span>
     <span class='ocr_line' id='line_1_66' title="bbox 1278 1589 2326 1629; baseline 0 -9"><span class='ocrx_word' id='word_1_439' title='bbox 1278 1591 1421 1629; x_wconf 86' lang='lat' dir='ltr'>accipere</span> <span class='ocrx_word' id='word_1_440' title='bbox 1437 1593 1562 1628; x_wconf 78' lang='lat' dir='ltr'>posset3</span> <span class='ocrx_word' id='word_1_441' title='bbox 1587 1589 1642 1619; x_wconf 88' lang='lat' dir='ltr'>sed</span> <span class='ocrx_word' id='word_1_442' title='bbox 1665 1590 1700 1619; x_wconf 91' lang='grc'>111</span> <span class='ocrx_word' id='word_1_443' title='bbox 1726 1589 1842 1619; x_wconf 87' lang='lat' dir='ltr'>litteris</span> <span class='ocrx_word' id='word_1_444' title='bbox 1864 1589 1931 1619; x_wconf 87' lang='lat' dir='ltr'>illis</span> <span class='ocrx_word' id='word_1_445' title='bbox 1955 1589 2011 1619; x_wconf 89' lang='lat' dir='ltr'>ubi</span> <span class='ocrx_word' id='word_1_446' title='bbox 2037 1589 2154 1628; x_wconf 89' lang='lat' dir='ltr'>apponi</span> <span class='ocrx_word' id='word_1_447' title='bbox 2180 1589 2290 1620; x_wconf 79' lang='lat' dir='ltr'>debuit</span> <span class='ocrx_word' id='word_1_448' title='bbox 2323 1613 2326 1619; x_wconf 93' lang='lat'>.</span> 
     </span>
     <span class='ocr_line' id='line_1_67' title="bbox 1280 1642 2322 1681; baseline 0.001 -8"><span class='ocrx_word' id='word_1_449' title='bbox 1280 1643 1450 1677; x_wconf 78' lang='lat' dir='ltr'>Burnelli,</span> <span class='ocrx_word' id='word_1_450' title='bbox 1482 1642 1630 1673; x_wconf 90' lang='lat' dir='ltr'>Brunelli</span> <span class='ocrx_word' id='word_1_451' title='bbox 1661 1643 1720 1672; x_wconf 84' lang='lat' dir='ltr'>fuit</span> <span class='ocrx_word' id='word_1_452' title='bbox 1745 1642 1944 1681; x_wconf 84' lang='lat' dir='ltr'>appositum,</span> <span class='ocrx_word' id='word_1_453' title='bbox 1975 1647 2006 1673; x_wconf 91' lang='lat' dir='ltr'>et</span> <span class='ocrx_word' id='word_1_454' title='bbox 2035 1643 2088 1673; x_wconf 89' lang='lat' dir='ltr'>ubi</span> <span class='ocrx_word' id='word_1_455' title='bbox 2118 1642 2288 1674; x_wconf 82' lang='lat' dir='ltr'>vicesimus</span> <span class='ocrx_word' id='word_1_456' title='bbox 2319 1669 2322 1676; x_wconf 94' lang='lat'><em>.</em></span> 
     </span>
     <span class='ocr_line' id='line_1_68' title="bbox 1278 1696 2287 1736; baseline -0.002 -9"><span class='ocrx_word' id='word_1_457' title='bbox 1278 1698 1412 1736; x_wconf 85' lang='lat' dir='ltr'>primus,</span> <span class='ocrx_word' id='word_1_458' title='bbox 1428 1696 1602 1726; x_wconf 85' lang='lat' dir='ltr'>vicesimus</span> <span class='ocrx_word' id='word_1_459' title='bbox 1619 1696 1745 1733; x_wconf 86' lang='lat' dir='ltr'>tertius;</span> <span class='ocrx_word' id='word_1_460' title='bbox 1761 1704 1826 1726; x_wconf 89' lang='lat' dir='ltr'>non</span> <span class='ocrx_word' id='word_1_461' title='bbox 1842 1696 1987 1726; x_wconf 88' lang='lat' dir='ltr'>obstante</span> <span class='ocrx_word' id='word_1_462' title='bbox 2001 1704 2064 1735; x_wconf 89' lang='lat' dir='ltr'>quo</span> <span class='ocrx_word' id='word_1_463' title='bbox 2079 1704 2197 1733; x_wconf 87' lang='lat' dir='ltr'>errore,</span> <span class='ocrx_word' id='word_1_464' title='bbox 2213 1703 2287 1726; x_wconf 67' lang='lat' dir='ltr'>cona</span> 
     </span>
     <span class='ocr_line' id='line_1_69' title="bbox 1278 1747 2288 1790; baseline -0.003 -9"><span class='ocrx_word' id='word_1_465' title='bbox 1278 1751 1363 1781; x_wconf 85' lang='lat' dir='ltr'>cedit</span> <span class='ocrx_word' id='word_1_466' title='bbox 1379 1759 1458 1790; x_wconf 88' lang='lat' dir='ltr'>papa</span> <span class='ocrx_word' id='word_1_467' title='bbox 1476 1754 1510 1780; x_wconf 89' lang='lat' dir='ltr'>ut</span> <span class='ocrx_word' id='word_1_468' title='bbox 1526 1749 1602 1779; x_wconf 87' lang='lat' dir='ltr'>illae</span> <span class='ocrx_word' id='word_1_469' title='bbox 1619 1749 1743 1780; x_wconf 84' lang='lat' dir='ltr'>litterae</span> <span class='ocrx_word' id='word_1_470' title='bbox 1763 1749 1896 1788; x_wconf 89' lang='lat' dir='ltr'>plenum</span> <span class='ocrx_word' id='word_1_471' title='bbox 1915 1749 2014 1780; x_wconf 91' lang='lat' dir='ltr'>robur</span> <span class='ocrx_word' id='word_1_472' title='bbox 2030 1749 2171 1779; x_wconf 88' lang='lat' dir='ltr'>habeant</span> <span class='ocrx_word' id='word_1_473' title='bbox 2186 1747 2288 1778; x_wconf 86' lang='lat' dir='ltr'>firmi·</span> 
     </span>
     <span class='ocr_line' id='line_1_70' title="bbox 1279 1805 1363 1834; baseline 0 0"><span class='ocrx_word' id='word_1_474' title='bbox 1279 1805 1363 1834; x_wconf 87' lang='lat' dir='ltr'>tatis.</span> 
     </span>
    </p>

    <p class='ocr_par' dir='ltr' id='par_1_27' title="bbox 1280 1854 2345 1950">
     <span class='ocr_line' id='line_1_71' title="bbox 1322 1856 2322 1896; baseline 0.001 -11"><span class='ocrx_word' id='word_1_475' title='bbox 1322 1870 1335 1885; x_wconf 68' lang='grc' dir='ltr'>ι(</span> <span class='ocrx_word' id='word_1_476' title='bbox 1362 1858 1492 1888; x_wconf 85' lang='lat' dir='ltr'>Dudum</span> <span class='ocrx_word' id='word_1_477' title='bbox 1519 1867 1555 1887; x_wconf 83' lang='lat' dir='ltr'>ex</span> <span class='ocrx_word' id='word_1_478' title='bbox 1580 1861 1705 1896; x_wconf 89' lang='lat' dir='ltr'>parte...</span> <span class='ocrx_word' id='word_1_479' title='bbox 1730 1874 1769 1879; x_wconf 86' lang='lat'>—</span> <span class='ocrx_word' id='word_1_480' title='bbox 1794 1857 1864 1895; x_wconf 84' lang='lat' dir='ltr'>Dat.</span> <span class='ocrx_word' id='word_1_481' title='bbox 1893 1856 1977 1895; x_wconf 87' lang='lat' dir='ltr'>apud</span> <span class='ocrx_word' id='word_1_482' title='bbox 2002 1856 2286 1894; x_wconf 86' lang='lat' dir='ltr'>Urbemveterem,</span> <span class='ocrx_word' id='word_1_483' title='bbox 2319 1877 2322 1884; x_wconf 94' lang='lat'>.</span> 
     </span>
     <span class='ocr_line' id='line_1_72' title="bbox 1280 1911 2252 1950; baseline -0.005 -8"><span class='ocrx_word' id='word_1_484' title='bbox 1280 1922 1299 1942; x_wconf 94' lang='lat' dir='ltr'>v</span> <span class='ocrx_word' id='word_1_485' title='bbox 1314 1912 1387 1942; x_wconf 90' lang='lat' dir='ltr'>idus</span> <span class='ocrx_word' id='word_1_486' title='bbox 1403 1911 1526 1949; x_wconf 89' lang='lat' dir='ltr'>martii,</span> <span class='ocrx_word' id='word_1_487' title='bbox 1545 1919 1631 1941; x_wconf 89' lang='lat' dir='ltr'>anno</span> <span class='ocrx_word' id='word_1_488' title='bbox 1646 1915 1769 1950; x_wconf 86' lang='lat' dir='ltr'>quarto.</span> <span class='ocrx_word' id='word_1_489' title='bbox 1790 1922 1804 1938; x_wconf 65' lang='lat' dir='ltr'>i&gt;</span> <span class='ocrx_word' id='word_1_490' title='bbox 2249 1915 2252 1919; x_wconf 86' lang='grc'>’</span> 
     </span>
    </p>
   </div>
   <div class='ocr_carea' id='block_1_19' title="bbox 1349 2089 2216 2124">
    <p class='ocr_par' dir='ltr' id='par_1_28' title="bbox 1349 2089 2216 2124">
     <span class='ocr_line' id='line_1_73' title="bbox 1349 2089 2216 2124; baseline -0.006 -3"><span class='ocrx_word' id='word_1_491' title='bbox 1349 2092 1467 2121; x_wconf 75' lang='lat'>4585</span> <span class='ocrx_word' id='word_1_492' title='bbox 1865 2089 1998 2124; x_wconf 73' lang='lat' dir='ltr'>Orvieto,</span> <span class='ocrx_word' id='word_1_493' title='bbox 2015 2089 2031 2117; x_wconf 84' lang='lat'>6</span> <span class='ocrx_word' id='word_1_494' title='bbox 2046 2097 2123 2117; x_wconf 82' lang='lat' dir='ltr'>mars</span> <span class='ocrx_word' id='word_1_495' title='bbox 2138 2089 2216 2117; x_wconf 87' lang='grc'><strong>1291.</strong></span> 
     </span>
    </p>
   </div>
   <div class='ocr_carea' id='block_1_20' title="bbox 1314 2151 2288 2193">
    <p class='ocr_par' dir='ltr' id='par_1_29' title="bbox 1314 2151 2288 2193">
     <span class='ocr_line' id='line_1_74' title="bbox 1314 2151 2288 2193; baseline -0.003 -11"><span class='ocrx_word' id='word_1_496' title='bbox 1314 2155 1358 2182; x_wconf 90' lang='lat' dir='ltr'>De</span> <span class='ocrx_word' id='word_1_497' title='bbox 1375 2155 1559 2182; x_wconf 88' lang='lat' dir='ltr'>manentibus</span> <span class='ocrx_word' id='word_1_498' title='bbox 1579 2154 1746 2181; x_wconf 86' lang='lat' dir='ltr'>monasterii</span> <span class='ocrx_word' id='word_1_499' title='bbox 1763 2154 1861 2181; x_wconf 85' lang='lat' dir='ltr'>Sancti</span> <span class='ocrx_word' id='word_1_500' title='bbox 1885 2153 2034 2180; x_wconf 85' lang='lat' dir='ltr'>Benedicti</span> <span class='ocrx_word' id='word_1_501' title='bbox 2053 2153 2088 2180; x_wconf 86' lang='lat' dir='ltr'>de</span> <span class='ocrx_word' id='word_1_502' title='bbox 2110 2152 2208 2180; x_wconf 85' lang='lat' dir='ltr'>Monte</span> <span class='ocrx_word' id='word_1_503' title='bbox 2229 2151 2288 2193; x_wconf 67' lang='lat' dir='ltr'>Sti-7</span> 
     </span>
    </p>
   </div>
   <div class='ocr_carea' id='block_1_21' title="bbox 1278 2197 2336 2237">
    <p class='ocr_par' dir='ltr' id='par_1_30' title="bbox 1278 2197 2336 2237">
     <span class='ocr_line' id='line_1_75' title="bbox 1278 2197 2336 2237; baseline -0.002 -5"><span class='ocrx_word' id='word_1_504' title='bbox 1278 2205 1372 2236; x_wconf 81' lang='lat' dir='ltr'>basio,</span> <span class='ocrx_word' id='word_1_505' title='bbox 1396 2204 1555 2232; x_wconf 84' lang='lat' dir='ltr'>Asisinatis</span> <span class='ocrx_word' id='word_1_506' title='bbox 1578 2203 1735 2235; x_wconf 83' lang='lat' dir='ltr'>dioecesis,</span> <span class='ocrx_word' id='word_1_507' title='bbox 1762 2203 1796 2230; x_wconf 89' lang='lat' dir='ltr'>ab</span> <span class='ocrx_word' id='word_1_508' title='bbox 1822 2204 1900 2229; x_wconf 91' lang='lat' dir='ltr'>omni</span> <span class='ocrx_word' id='word_1_509' title='bbox 1923 2202 2071 2237; x_wconf 86' lang='lat' dir='ltr'>homagio,</span> <span class='ocrx_word' id='word_1_510' title='bbox 2096 2201 2236 2230; x_wconf 80' lang='lat' dir='ltr'>servitute</span> <span class='ocrx_word' id='word_1_511' title='bbox 2259 2203 2289 2230; x_wconf 80' lang='lat' dir='ltr'>et</span> <span class='ocrx_word' id='word_1_512' title='bbox 2332 2197 2336 2201; x_wconf 76' lang='grc'><strong>’</strong></span> 
     </span>
    </p>
   </div>
   <div class='ocr_carea' id='block_1_22' title="bbox 1278 2251 2071 2290">
    <p class='ocr_par' dir='ltr' id='par_1_31' title="bbox 1278 2251 2071 2290">
     <span class='ocr_line' id='line_1_76' title="bbox 1278 2251 2071 2290; baseline -0.004 -9"><span class='ocrx_word' id='word_1_513' title='bbox 1278 2254 1469 2290; x_wconf 84' lang='lat' dir='ltr'>praestatione</span> <span class='ocrx_word' id='word_1_514' title='bbox 1485 2253 1651 2280; x_wconf 82' lang='lat' dir='ltr'>liberandis.</span> <span class='ocrx_word' id='word_1_515' title='bbox 1668 2252 1752 2288; x_wconf 62' lang='lat' dir='ltr'>(Rea.</span> <span class='ocrx_word' id='word_1_516' title='bbox 1771 2253 1814 2286; x_wconf 81' lang='lat'>46,</span> <span class='ocrx_word' id='word_1_517' title='bbox 1831 2260 1857 2279; x_wconf 89' lang='lat' dir='ltr'>c.</span> <span class='ocrx_word' id='word_1_518' title='bbox 1874 2252 1916 2284; x_wconf 86' lang='lat'>63,</span> <span class='ocrx_word' id='word_1_519' title='bbox 1937 2251 1956 2278; x_wconf 81' lang='lat' dir='ltr'>f.</span> <span class='ocrx_word' id='word_1_520' title='bbox 1976 2252 2007 2278; x_wconf 82' lang='grc'>12</span> <span class='ocrx_word' id='word_1_521' title='bbox 2023 2252 2071 2285; x_wconf 78' lang='lat' dir='ltr'>r0.)</span> 
     </span>
    </p>
   </div>
   <div class='ocr_carea' id='block_1_23' title="bbox 1319 2347 2328 2394">
    <p class='ocr_par' dir='ltr' id='par_1_32' title="bbox 1319 2347 2328 2394">
     <span class='ocr_line' id='line_1_77' title="bbox 1319 2347 2328 2394; baseline -0.002 -7"><span class='ocrx_word' id='word_1_522' title='bbox 1319 2380 1339 2387; x_wconf 91' lang='lat'>..</span> <span class='ocrx_word' id='word_1_523' title='bbox 1357 2359 1456 2388; x_wconf 74' lang='lat' dir='ltr'>abbati</span> <span class='ocrx_word' id='word_1_524' title='bbox 1474 2358 1654 2387; x_wconf 80' lang='lat' dir='ltr'>monasterii</span> <span class='ocrx_word' id='word_1_525' title='bbox 1676 2356 1781 2387; x_wconf 79' lang='lat' dir='ltr'>Sancti</span> <span class='ocrx_word' id='word_1_526' title='bbox 1804 2357 1887 2386; x_wconf 80' lang='lat' dir='ltr'>Petri</span> <span class='ocrx_word' id='word_1_527' title='bbox 1908 2347 2082 2386; x_wconf 56' lang='lat' dir='ltr'>asisinatae.</span> <span class='ocrx_word' id='word_1_528' title='bbox 2102 2366 2116 2382; x_wconf 73' lang='grc' dir='ltr'>ιι</span> <span class='ocrx_word' id='word_1_529' title='bbox 2135 2355 2181 2385; x_wconf 83' lang='lat' dir='ltr'>Ex</span> <span class='ocrx_word' id='word_1_530' title='bbox 2199 2357 2287 2394; x_wconf 76' lang='lat' dir='ltr'>parte</span> <span class='ocrx_word' id='word_1_531' title='bbox 2308 2364 2328 2385; x_wconf 88' lang='lat'>.·</span> 
     </span>
    </p>
   </div>
   <div class='ocr_carea' id='block_1_24' title="bbox 1276 2406 2386 2556">
    <p class='ocr_par' dir='ltr' id='par_1_33' title="bbox 1276 2406 2386 2556">
     <span class='ocr_line' id='line_1_78' title="bbox 1277 2406 2345 2450; baseline -0.004 -9"><span class='ocrx_word' id='word_1_532' title='bbox 1277 2410 1465 2441; x_wconf 90' lang='lat' dir='ltr'>dilectorum</span> <span class='ocrx_word' id='word_1_533' title='bbox 1490 2410 1633 2441; x_wconf 90' lang='lat' dir='ltr'>filiorum</span> <span class='ocrx_word' id='word_1_534' title='bbox 1652 2433 1672 2441; x_wconf 90' lang='lat'>..</span> <span class='ocrx_word' id='word_1_535' title='bbox 1697 2409 1820 2440; x_wconf 88' lang='lat' dir='ltr'>abbatis</span> <span class='ocrx_word' id='word_1_536' title='bbox 1840 2413 1876 2450; x_wconf 68' lang='lat' dir='ltr'>⁴et.</span> <span class='ocrx_word' id='word_1_537' title='bbox 1899 2412 2075 2439; x_wconf 90' lang='lat' dir='ltr'>conventus</span> <span class='ocrx_word' id='word_1_538' title='bbox 2100 2406 2287 2438; x_wconf 80' lang='lat' dir='ltr'>monasterii</span> <span class='ocrx_word' id='word_1_539' title='bbox 2308 2410 2320 2446; x_wconf 65' lang='grc' dir='ltr'>ζ</span> <span class='ocrx_word' id='word_1_540' title='bbox 2343 2412 2345 2419; x_wconf 80' lang='grc'><em>’</em></span> 
     </span>
     <span class='ocr_line' id='line_1_79' title="bbox 1277 2459 2386 2500; baseline -0.004 -5"><span class='ocrx_word' id='word_1_541' title='bbox 1277 2464 1386 2495; x_wconf 87' lang='lat' dir='ltr'>Sancti</span> <span class='ocrx_word' id='word_1_542' title='bbox 1409 2463 1576 2494; x_wconf 84' lang='lat' dir='ltr'>Benedicti</span> <span class='ocrx_word' id='word_1_543' title='bbox 1592 2463 1631 2493; x_wconf 91' lang='lat' dir='ltr'>de</span> <span class='ocrx_word' id='word_1_544' title='bbox 1647 2463 1756 2493; x_wconf 84' lang='lat' dir='ltr'>Monte</span> <span class='ocrx_word' id='word_1_545' title='bbox 1772 2462 1908 2493; x_wconf 87' lang='lat' dir='ltr'>Subasio</span> <span class='ocrx_word' id='word_1_546' title='bbox 1919 2484 1928 2499; x_wconf 90' lang='lat'>,</span> <span class='ocrx_word' id='word_1_547' title='bbox 1943 2462 1984 2492; x_wconf 90' lang='lat' dir='ltr'>ad</span> <span class='ocrx_word' id='word_1_548' title='bbox 2002 2470 2169 2492; x_wconf 88' lang='lat' dir='ltr'>romanam</span> <span class='ocrx_word' id='word_1_549' title='bbox 2187 2459 2286 2497; x_wconf 79' lang='lat' dir='ltr'>eccle·</span> <span class='ocrx_word' id='word_1_550' title='bbox 2318 2461 2339 2500; x_wconf 64' lang='grc'>’,</span> <span class='ocrx_word' id='word_1_551' title='bbox 2383 2487 2386 2491; x_wconf 89' lang='grc'><em>.</em></span> 
     </span>
     <span class='ocr_line' id='line_1_80' title="bbox 1276 2512 2338 2556; baseline -0.004 -8"><span class='ocrx_word' id='word_1_552' title='bbox 1276 2518 1358 2548; x_wconf 85' lang='grc'><strong>513111</strong></span> <span class='ocrx_word' id='word_1_553' title='bbox 1375 2517 1462 2548; x_wconf 82' lang='grc'><strong>110110</strong></span> <span class='ocrx_word' id='word_1_554' title='bbox 1479 2517 1584 2547; x_wconf 88' lang='lat' dir='ltr'>medio</span> <span class='ocrx_word' id='word_1_555' title='bbox 1602 2512 1803 2556; x_wconf 87' lang='lat' dir='ltr'>pertinentis,</span> <span class='ocrx_word' id='word_1_556' title='bbox 1820 2515 1943 2546; x_wconf 89' lang='lat' dir='ltr'>ordinis</span> <span class='ocrx_word' id='word_1_557' title='bbox 1958 2515 1991 2545; x_wconf 89' lang='lat' dir='ltr'>S.</span> <span class='ocrx_word' id='word_1_558' title='bbox 2010 2515 2190 2550; x_wconf 87' lang='lat' dir='ltr'>Benedicti,</span> <span class='ocrx_word' id='word_1_559' title='bbox 2211 2513 2286 2545; x_wconf 90' lang='lat' dir='ltr'>Asi·-</span> <span class='ocrx_word' id='word_1_560' title='bbox 2335 2527 2338 2532; x_wconf 48' lang='lat'>¹</span> 
     </span>
    </p>
   </div>
   <div class='ocr_carea' id='block_1_25' title="bbox 1274 2567 2337 2716">
    <p class='ocr_par' dir='ltr' id='par_1_34' title="bbox 1274 2567 2337 2716">
     <span class='ocr_line' id='line_1_81' title="bbox 1276 2567 2283 2608; baseline -0.004 -7"><span class='ocrx_word' id='word_1_561' title='bbox 1276 2571 1393 2601; x_wconf 87' lang='lat' dir='ltr'>sinatis</span> <span class='ocrx_word' id='word_1_562' title='bbox 1422 2570 1577 2606; x_wconf 79' lang='lat' dir='ltr'>diocesiS,</span> <span class='ocrx_word' id='word_1_563' title='bbox 1605 2570 1664 2600; x_wconf 82' lang='lat' dir='ltr'>fuit</span> <span class='ocrx_word' id='word_1_564' title='bbox 1687 2569 1782 2600; x_wconf 90' lang='lat' dir='ltr'>nobis</span> <span class='ocrx_word' id='word_1_565' title='bbox 1804 2568 1972 2599; x_wconf 88' lang='lat' dir='ltr'>humiliter</span> <span class='ocrx_word' id='word_1_566' title='bbox 1995 2567 2207 2608; x_wconf 86' lang='lat' dir='ltr'>supplicatum</span> <span class='ocrx_word' id='word_1_567' title='bbox 2231 2570 2283 2604; x_wconf 83' lang='lat' dir='ltr'>ut,</span> 
     </span>
     <span class='ocr_line' id='line_1_82' title="bbox 1274 2621 2334 2664; baseline -0.002 -9"><span class='ocrx_word' id='word_1_568' title='bbox 1274 2635 1347 2656; x_wconf 92' lang='lat' dir='ltr'>cum</span> <span class='ocrx_word' id='word_1_569' title='bbox 1364 2625 1423 2664; x_wconf 89' lang='lat' dir='ltr'>ipsi</span> <span class='ocrx_word' id='word_1_570' title='bbox 1441 2624 1596 2663; x_wconf 90' lang='lat' dir='ltr'>quosdam</span> <span class='ocrx_word' id='word_1_571' title='bbox 1613 2624 1780 2660; x_wconf 86' lang='lat' dir='ltr'>homines,</span> <span class='ocrx_word' id='word_1_572' title='bbox 1798 2623 1855 2663; x_wconf 89' lang='lat' dir='ltr'>qui</span> <span class='ocrx_word' id='word_1_573' title='bbox 1872 2626 2038 2653; x_wconf 90' lang='lat' dir='ltr'>manentes</span> <span class='ocrx_word' id='word_1_574' title='bbox 2057 2621 2199 2661; x_wconf 87' lang='lat' dir='ltr'>ejusdem</span> <span class='ocrx_word' id='word_1_575' title='bbox 2215 2628 2285 2652; x_wconf 87' lang='lat' dir='ltr'>mo·</span> <span class='ocrx_word' id='word_1_576' title='bbox 2300 2629 2306 2636; x_wconf 85' lang='lat'><strong>·</strong></span> <span class='ocrx_word' id='word_1_577' title='bbox 2331 2645 2334 2653; x_wconf 53' lang='grc'>1</span> 
     </span>
     <span class='ocr_line' id='line_1_83' title="bbox 1275 2670 2337 2716; baseline -0.004 -8"><span class='ocrx_word' id='word_1_578' title='bbox 1275 2679 1407 2709; x_wconf 85' lang='lat' dir='ltr'>nasterii</span> <span class='ocrx_word' id='word_1_579' title='bbox 1423 2677 1598 2715; x_wconf 86' lang='lat' dir='ltr'>vulgariter</span> <span class='ocrx_word' id='word_1_580' title='bbox 1612 2676 1830 2716; x_wconf 89' lang='lat' dir='ltr'>appellantur,</span> <span class='ocrx_word' id='word_1_581' title='bbox 1851 2680 1882 2707; x_wconf 88' lang='lat' dir='ltr'>et</span> <span class='ocrx_word' id='word_1_582' title='bbox 1895 2685 1932 2706; x_wconf 84' lang='lat' dir='ltr'>ex</span> <span class='ocrx_word' id='word_1_583' title='bbox 1947 2675 2066 2715; x_wconf 91' lang='lat' dir='ltr'>quibus</span> <span class='ocrx_word' id='word_1_584' title='bbox 2081 2674 2206 2705; x_wconf 88' lang='lat' dir='ltr'>modica</span> <span class='ocrx_word' id='word_1_585' title='bbox 2221 2673 2284 2704; x_wconf 77' lang='grc' dir='ltr'><strong>11ιί-</strong></span> <span class='ocrx_word' id='word_1_586' title='bbox 2307 2670 2310 2675; x_wconf 79' lang='grc'><em>“</em></span> <span class='ocrx_word' id='word_1_587' title='bbox 2333 2686 2337 2707; x_wconf 74' lang='lat'><em>3</em></span> 
     </span>
    </p>
   </div>
   <div class='ocr_carea' id='block_1_26' title="bbox 1274 2726 2337 2769">
    <p class='ocr_par' dir='ltr' id='par_1_35' title="bbox 1274 2726 2337 2769">
     <span class='ocr_line' id='line_1_84' title="bbox 1274 2726 2337 2769; baseline -0.005 -7"><span class='ocrx_word' id='word_1_588' title='bbox 1274 2732 1346 2762; x_wconf 77' lang='lat' dir='ltr'>litas</span> <span class='ocrx_word' id='word_1_589' title='bbox 1369 2731 1562 2762; x_wconf 86' lang='lat' dir='ltr'>monasterio</span> <span class='ocrx_word' id='word_1_590' title='bbox 1583 2730 1725 2769; x_wconf 88' lang='lat' dir='ltr'>predicto</span> <span class='ocrx_word' id='word_1_591' title='bbox 1748 2730 1910 2769; x_wconf 87' lang='lat' dir='ltr'>provenit,</span> <span class='ocrx_word' id='word_1_592' title='bbox 1932 2737 2006 2760; x_wconf 89' lang='lat' dir='ltr'>cum</span> <span class='ocrx_word' id='word_1_593' title='bbox 2031 2728 2071 2758; x_wconf 85' lang='lat' dir='ltr'>ab</span> <span class='ocrx_word' id='word_1_594' title='bbox 2093 2736 2203 2758; x_wconf 86' lang='lat' dir='ltr'>eorum</span> <span class='ocrx_word' id='word_1_595' title='bbox 2222 2726 2282 2758; x_wconf 85' lang='lat' dir='ltr'>ali-</span> <span class='ocrx_word' id='word_1_596' title='bbox 2332 2757 2337 2765; x_wconf 82' lang='grc'><strong><em>,</em></strong></span> 
     </span>
    </p>
   </div>
   <div class='ocr_carea' id='block_1_27' title="bbox 1270 2779 2326 3091">
    <p class='ocr_par' dir='ltr' id='par_1_36' title="bbox 1270 2779 2326 3091">
     <span class='ocr_line' id='line_1_85' title="bbox 1274 2779 2282 2825; baseline -0.006 -9"><span class='ocrx_word' id='word_1_597' title='bbox 1274 2786 1391 2825; x_wconf 90' lang='lat' dir='ltr'>quibus</span> <span class='ocrx_word' id='word_1_598' title='bbox 1406 2785 1444 2815; x_wconf 88' lang='lat' dir='ltr'>de</span> <span class='ocrx_word' id='word_1_599' title='bbox 1464 2785 1555 2814; x_wconf 88' lang='lat' dir='ltr'>tertio</span> <span class='ocrx_word' id='word_1_600' title='bbox 1570 2784 1602 2814; x_wconf 93' lang='lat' dir='ltr'>in</span> <span class='ocrx_word' id='word_1_601' title='bbox 1622 2784 1772 2820; x_wconf 89' lang='lat' dir='ltr'>tertium,</span> <span class='ocrx_word' id='word_1_602' title='bbox 1790 2786 1821 2813; x_wconf 88' lang='lat' dir='ltr'>et</span> <span class='ocrx_word' id='word_1_603' title='bbox 1835 2782 1875 2813; x_wconf 88' lang='lat' dir='ltr'>ab</span> <span class='ocrx_word' id='word_1_604' title='bbox 1889 2782 2051 2821; x_wconf 85' lang='lat' dir='ltr'>aliquibus</span> <span class='ocrx_word' id='word_1_605' title='bbox 2069 2781 2108 2812; x_wconf 89' lang='lat' dir='ltr'>de</span> <span class='ocrx_word' id='word_1_606' title='bbox 2122 2783 2235 2820; x_wconf 79' lang='lat' dir='ltr'>quarto</span> <span class='ocrx_word' id='word_1_607' title='bbox 2247 2779 2282 2810; x_wconf 89' lang='lat' dir='ltr'>in</span> 
     </span>
     <span class='ocr_line' id='line_1_86' title="bbox 1273 2835 2325 2878; baseline -0.006 -9"><span class='ocrx_word' id='word_1_608' title='bbox 1273 2843 1421 2878; x_wconf 88' lang='lat' dir='ltr'>quartum</span> <span class='ocrx_word' id='word_1_609' title='bbox 1444 2846 1589 2875; x_wconf 88' lang='lat' dir='ltr'>annum,</span> <span class='ocrx_word' id='word_1_610' title='bbox 1620 2845 1720 2867; x_wconf 87' lang='lat' dir='ltr'>unum</span> <span class='ocrx_word' id='word_1_611' title='bbox 1747 2835 1872 2875; x_wconf 90' lang='lat' dir='ltr'>pullum</span> <span class='ocrx_word' id='word_1_612' title='bbox 1897 2835 2100 2875; x_wconf 88' lang='lat' dir='ltr'>gallinatinm</span> <span class='ocrx_word' id='word_1_613' title='bbox 2126 2838 2156 2864; x_wconf 92' lang='lat' dir='ltr'>et</span> <span class='ocrx_word' id='word_1_614' title='bbox 2181 2840 2282 2864; x_wconf 87' lang='lat' dir='ltr'>unum</span> <span class='ocrx_word' id='word_1_615' title='bbox 2318 2840 2325 2851; x_wconf 63' lang='lat'><em>¹</em></span> 
     </span>
     <span class='ocr_line' id='line_1_87' title="bbox 1273 2887 2281 2931; baseline -0.006 -9"><span class='ocrx_word' id='word_1_616' title='bbox 1273 2901 1387 2931; x_wconf 87' lang='lat' dir='ltr'>panem</span> <span class='ocrx_word' id='word_1_617' title='bbox 1413 2896 1536 2921; x_wconf 85' lang='lat' dir='ltr'>tantum</span> <span class='ocrx_word' id='word_1_618' title='bbox 1556 2899 1671 2921; x_wconf 89' lang='lat' dir='ltr'>census</span> <span class='ocrx_word' id='word_1_619' title='bbox 1695 2889 1826 2920; x_wconf 88' lang='lat' dir='ltr'>nomine</span> <span class='ocrx_word' id='word_1_620' title='bbox 1851 2888 2050 2928; x_wconf 86' lang='lat' dir='ltr'>percipiunt,</span> <span class='ocrx_word' id='word_1_621' title='bbox 2067 2887 2184 2918; x_wconf 85' lang='lat' dir='ltr'>habere</span> <span class='ocrx_word' id='word_1_622' title='bbox 2208 2893 2281 2916; x_wconf 82' lang='lat' dir='ltr'>nos-</span> 
     </span>
     <span class='ocr_line' id='line_1_88' title="bbox 1271 2937 2280 2983; baseline -0.007 -7"><span class='ocrx_word' id='word_1_623' title='bbox 1271 2951 1400 2982; x_wconf 88' lang='lat' dir='ltr'>cantur,</span> <span class='ocrx_word' id='word_1_624' title='bbox 1426 2945 1472 2975; x_wconf 91' lang='lat' dir='ltr'>eis</span> <span class='ocrx_word' id='word_1_625' title='bbox 1498 2943 1655 2975; x_wconf 88' lang='lat' dir='ltr'>liberandi</span> <span class='ocrx_word' id='word_1_626' title='bbox 1679 2943 1836 2983; x_wconf 86' lang='lat' dir='ltr'>predictos</span> <span class='ocrx_word' id='word_1_627' title='bbox 1864 2942 2030 2979; x_wconf 87' lang='lat' dir='ltr'>homines,</span> <span class='ocrx_word' id='word_1_628' title='bbox 2056 2949 2128 2972; x_wconf 90' lang='lat' dir='ltr'>cum</span> <span class='ocrx_word' id='word_1_629' title='bbox 2151 2937 2280 2970; x_wconf 76' lang='lat' dir='ltr'>familiis</span> 
     </span>
     <span class='ocr_line' id='line_1_89' title="bbox 1270 2993 2280 3030; baseline -0.007 -1"><span class='ocrx_word' id='word_1_630' title='bbox 1270 3000 1337 3030; x_wconf 91' lang='lat' dir='ltr'>suis</span> <span class='ocrx_word' id='word_1_631' title='bbox 1353 3008 1388 3029; x_wconf 90' lang='lat' dir='ltr'>ac</span> <span class='ocrx_word' id='word_1_632' title='bbox 1404 2999 1572 3029; x_wconf 86' lang='lat' dir='ltr'>medietate</span> <span class='ocrx_word' id='word_1_633' title='bbox 1588 2998 1736 3028; x_wconf 88' lang='lat' dir='ltr'>omnium</span> <span class='ocrx_word' id='word_1_634' title='bbox 1754 2997 1911 3027; x_wconf 90' lang='lat' dir='ltr'>bonorum</span> <span class='ocrx_word' id='word_1_635' title='bbox 1928 2995 2097 3026; x_wconf 88' lang='lat' dir='ltr'>mobilium</span> <span class='ocrx_word' id='word_1_636' title='bbox 2117 2998 2148 3024; x_wconf 86' lang='lat' dir='ltr'>et</span> <span class='ocrx_word' id='word_1_637' title='bbox 2168 2993 2280 3024; x_wconf 89' lang='lat' dir='ltr'>immo-</span> 
     </span>
     <span class='ocr_line' id='line_1_90' title="bbox 1270 3047 2326 3091; baseline -0.007 -8"><span class='ocrx_word' id='word_1_638' title='bbox 1270 3053 1382 3083; x_wconf 89' lang='lat' dir='ltr'>bilium</span> <span class='ocrx_word' id='word_1_639' title='bbox 1408 3061 1469 3091; x_wconf 89' lang='lat' dir='ltr'>que</span> <span class='ocrx_word' id='word_1_640' title='bbox 1492 3052 1655 3090; x_wconf 87' lang='lat' dir='ltr'>obtinent,</span> <span class='ocrx_word' id='word_1_641' title='bbox 1681 3050 1806 3090; x_wconf 88' lang='lat' dir='ltr'>reliqua</span> <span class='ocrx_word' id='word_1_642' title='bbox 1829 3050 1999 3081; x_wconf 84' lang='lat' dir='ltr'>medietate</span> <span class='ocrx_word' id='word_1_643' title='bbox 2021 3049 2163 3088; x_wconf 91' lang='lat' dir='ltr'>ipsorum</span> <span class='ocrx_word' id='word_1_644' title='bbox 2185 3047 2280 3078; x_wconf 85' lang='lat' dir='ltr'>hono·</span> <span class='ocrx_word' id='word_1_645' title='bbox 2324 3079 2326 3082; x_wconf 16' lang='lat' dir='ltr'>y</span> 
     </span>
    </p>
   </div>
   <div class='ocr_carea' id='block_1_28' title="bbox 2308 0 2477 3637">
    <p class='ocr_par' dir='ltr' id='par_1_37' title="bbox 2308 0 2477 3637">
     <span class='ocr_line' id='line_1_91' title="bbox 2308 0 2477 3637; baseline 0 0"><span class='ocrx_word' id='word_1_646' title='bbox 2308 0 2477 3637; x_wconf 95' lang='lat' dir='ltr'> </span> 
     </span>
    </p>
   </div>
  </div>
 </body>
</html>
