2477 3637
288 408 323 426 ΟΔ
334 406 344 425 ’.

294 466 327 492 ut
343 461 477 491 eundem
496 457 724 497 llaymundum
740 456 777 485 de
795 456 893 485 l‘onte
911 454 958 484 vel
976 455 1042 492 ejus
1060 458 1293 493 procuratorem

293 515 325 544 in
347 512 537 552 corporalem
559 511 788 549 possessiouem
813 508 1047 546 praecentoriae
1066 516 1101 537 ac
1119 507 1243 546 jurium
1265 510 1294 536 et

293 566 554 606 pertinentiarum
573 564 641 601 ejus
659 562 820 592 inducant.
842 561 910 591 Dat.
930 564 1086 599 utsupra.

361 723 478 752 3790
777 720 904 750 Orvieto,
921 718 954 744 ‘28
972 717 1125 744 novembre
1145 717 1220 744 1290.

327 786 456 812 Facultas
471 782 621 810 exercendi
639 791 688 817 per
701 781 770 808 alios
782 783 832 816 jus
844 780 1026 807 visitationis.
1042 779 1124 812 (Rea.
1137 780 1180 811 45,
1193 787 1217 806 c.
1230 779 1291 811 57⁵2,

290 835 375 861 s.115
392 836 443 866 voi

330 924 470 960 Mnyistro
485 922 589 958 Rufino
601 921 635 949 de
644 921 766 954 Fa'ceclo,
781 919 995 948 archidiacono
1007 916 1122 945 ecclesie
1131 915 1290 950 minensis,

291 975 433 1013 indulget
452 979 495 1010 ut,
513 974 668 1012 cumipse
687 972 829 1010 legitime
847 970 1019 1010 impeditus
1038 969 1142 1005 suerit,
1161 976 1292 998 monas-

291 1029 380 1064 teria,
399 1028 555 1067 prioratus
572 1031 601 1056 et
620 1025 767 1056 ecclesias
784 1023 996 1064 parrochiales
1012 1023 1045 1052 in
1062 1031 1119 1052 suo
1135 1021 1293 1051 archidia-

290 1086 402 1112 conatu
421 1080 588 1111 existentia
612 1089 665 1119 per
684 1079 830 1109 idoneam
852 1086 1018 1117 personam
1033 1076 1162 1106 visitare
1176 1075 1290 1114 possit,

291 1147 305 1162 α
320 1143 355 1164 ac
368 1133 603 1173 procurationes
617 1132 802 1166 moderatas,
816 1131 938 1161 ratione
948 1129 1140 1159 visitationis
1156 1127 1290 1165 debitas,

290 1188 323 1217 in
341 1186 530 1217 victualibus
548 1186 726 1219 dumtaxat,
745 1193 762 1214 a
778 1184 854 1214 Iocis
870 1183 1008 1222 recipere
1024 1181 1198 1212 visitatis...
1214 1182 1291 1211 Pre-

290 1241 430 1270 sentibus
444 1243 511 1278 post
528 1238 787 1278 quinquennium
804 1238 939 1267 minime
958 1236 1114 1266 valituris.
1135 1248 1148 1262 n

331 1305 343 1319 ιι
362 1291 513 1331 Specialis
535 1292 657 1321 devotio
678 1299 811 1330 quam...
833 1307 872 1313 —
887 1290 958 1320 Dat.
979 1288 1063 1328 apud
1080 1288 1291 1319 Urbemvete-

289 1355 366 1382 rem,
386 1355 430 1376 1111
449 1345 602 1375 kalendas
617 1344 805 1381 decembris,
825 1352 910 1374 anno
927 1343 1029 1373 tertio.
1049 1352 1064 1372 ι

358 1505 469 1533 3791
774 1503 900 1535 Orvieto,
919 1503 958 1529 1⁰¹·
973 1502 1123 1529 decembre
1141 1502 1217 1529 1290.

323 1567 505 1602 Dispensatio
527 1567 709 1593 matrimonii.
726 1565 808 1599 (Rae.
827 1566 869 1599 45,
887 1573 912 1592 c.
929 1565 993 1600 573,
1011 1565 1029 1592 f.
1049 1565 1099 1591 115
1114 1565 1166 1599 vo.)

331 1657 499 1685 Venerabili
517 1657 612 1692 fratri
631 1677 652 1685 ..
676 1655 806 1693 episcopo
827 1655 973 1684 Paduano
996 1653 1167 1684 committit
1186 1656 1290 1692 potes-

284 1712 382 1738 tatem
405 1707 613 1746 dispensandi
635 1716 708 1737 cum
725 1707 879 1745 Englesco
897 1706 1046 1737 Rollandi
1067 1706 1107 1736 de
1125 1706 1291 1744 Englescis

287 1765 318 1791 et
331 1761 498 1791 Francisca
515 1760 712 1799 Englefredi,
734 1760 857 1790 civibus
873 1760 1051 1797 Paduanis,
1070 1764 1106 1790 ut
1122 1760 1156 1789 in
1176 1760 1289 1790 matri-

288 1815 394 1845 monio
409 1814 490 1854 quod
503 1814 580 1844 olim
592 1817 830 1850 contraxerunt,
841 1823 914 1844 cum
928 1814 1115 1851 ignorarent
1126 1813 1290 1852 quondam

289 1868 501 1905 Altiburgam,
514 1868 650 1906 priorem
666 1867 811 1905 Englesci
827 1876 970 1904 uxorem,
987 1867 1090 1897 eidem
1102 1867 1290 1898 Franciscae

287 1926 399 1961 quarto
414 1921 700 1958 consanguinitatis
716 1921 816 1959 gradu
832 1921 1038 1960 conjunctam
1057 1920 1165 1957 fuisse,
1184 1929 1289 1951 rema-

287 1983 363 2004 nere
378 1974 512 2004 valeant.

330 2040 343 2054 <1
358 2027 504 2057 Exhibita
517 2028 609 2057 nobis
620 2027 766 2057 dilecti...
780 2044 818 2049 —
830 2027 900 2057 Dat.
916 2027 999 2066 apud
1013 2027 1288 2067 Urbemveterem‚

287 2080 433 2111 kalendis
449 2080 634 2114 decembris,
652 2089 738 2110 anno
755 2080 856 2110 tertio.
877 2092 890 2106 »

358 2239 473 2267 :3292

323 2300 499 2327 Conventum
518 2300 633 2335 Majoris
649 2302 813 2327 monasterii
824 2301 1001 2328 Turonensis
1012 2306 1094 2337 rogat
1109 2306 1140 2329 ut
1155 2303 1290 2330 fratribus

798 2238 922 2270 Orvieto,
940 2240 956 2266 ‘2
971 2239 1122 2267 decembre
1140 2241 1216 2268 1290.

289 2349 448 2375 minoribus
464 2348 689 2376 Cat-notensibus
705 2350 841 2384 quasdam
856 2350 957 2377 domos
968 2350 1053 2384 dono,
1067 2352 1110 2378 vel
1125 2360 1175 2387 pro
1187 2353 1296 2387 pretio,'

288 2398 331 2424 vel
349 2399 504 2425 mutatione
527 2399 694 2425 concedant.
715 2398 794 2431 (Rae.
812 2400 860 2433 45,
877 2408 902 2426 c.
921 2401 986 2434 574,
1003 2400 1022 2427 f.
1041 2401 1090 2428 116
1106 2406 1149 2433 r⁰;
1168 2401 1288 2433 Porrn„

286 2448 397 2479 234833

331 2557 351 2563 ..
379 2536 478 2564 abbati
503 2541 528 2564 et
555 2537 716 2566 conventui
739 2538 863 2574 Mojoris
889 2540 1067 2568 monasterii
1098 2540 1289 2578 Turonensis,

288 2587 407 2616 ordinis
425 2587 456 2617 S.
477 2588 634 2618 Benedicti.

330 2652 343 2665 ιι
369 2640 597 2677 Significamnt
623 2642 713 2672 nobis
736 2642 881 2675 dilecti...
904 2661 943 2666 —
959 2645 1030 2676 Dat.
1050 2646 1133 2685 apud
1150 2647 1289 2677 Urbem-

287 2696 436 2729 veterem‚
456 2703 499 2722 1111
517 2703 617 2724 nonas
632 2695 818 2734 decembris,
836 2706 921 2728 anno
938 2699 1039 2729 tertio.
1063 2711 1075 2726 n

358 2851 608 2881 aena-3294
780 2855 905 2888 Orvieto,
926 2858 956 2884 13
972 2858 1123 2885 decembre
1140 2860 1215 2888 1290.

326 2910 440 2942 Pontio,
459 2914 593 2949 episcopo
611 2915 789 2949 Majoricensi
800 2939 806 2950 ‚
823 2928 839 2944 a
855 2919 922 2945 sede
938 2928 990 2946 sua
1006 2921 1098 2956 exuli,
1113 2922 1226 2950 diversa
1244 2923 1290 2950 be-

290 2959 389 2985 neficia
404 2962 608 2989 conceduntur.
627 2964 708 2996 (1120.
725 2966 771 2997 45,
789 2975 813 2992 c.
833 2968 893 2999 575,
910 2968 929 2994 s.
948 2969 995 2996 11ss
1012 2971 1058 3002 r0.)

336 3047 500 3077 Venerabili
515 3051 609 3085 fratri
626 3053 743 3089 Pontio,
762 3056 893 3093 episcopo
910 3057 1112 3094 Majorz'censi.
1131 3071 1144 3086 «
1163 3059 1288 3092 Credite

1041 388 1274 418 REGJSTRES
1298 387 1351 417 DE
1374 386 1554 417 MCOLAS
1578 387 1633 416 IV.

1376 453 1467 482 nobis
1483 453 1683 482 servitutis...
1709 452 1792 482 Sane
1814 451 1924 490 petitio
1945 455 1998 481 tua
2017 451 2107 482 nobis
2126 451 2266 482 exhibita
2283 454 2382 484 conti-

1376 506 1468 535 nebat
1484 505 1580 544 quod,
1596 514 1669 535 cum
1684 505 1724 534 ad
1739 505 1926 534 mandatum
1938 504 2046 534 dilecti
2061 504 2119 534 filii
2133 506 2231 535 nostri
2243 506 2289 542 .Ῐ.,
2301 506 2384 537 tituli

1376 559 1490 588 Sancte
1517 558 1632 588 Cecilie
1659 558 1838 596 presbyteri
1867 557 2056 593 cardinalis,
2083 562 2157 588 tunc
2178 558 2211 587 in
2234 559 2383 598 Francie,

1377 612 1536 649 Aragonie
1552 616 1582 641 et
1606 611 1830 650 Majoricarum
1852 611 1960 649 regnis
1984 610 2154 649 apostolice
2175 611 2258 641 sedis
2276 611 2382 650 legati,

1376 665 1550 694 sententias
1567 668 1595 693 et
1612 672 1775 702 processus
1791 663 1914 694 habitos
1931 673 1985 703 per
2001 664 2108 693 sedem
2125 664 2259 694 eandem
2276 670 2384 696 contra

1375 717 1537 756 quondam
1557 718 1700 753 Petrum,
1718 717 1842 747 dudum
1861 726 1968 755 regem
1985 717 2184 755 aragonum,
2203 721 2233 747 et
2248 718 2384 750 fautores

1374 771 1474 809 ipsius
1500 770 1693 809 publicasses
1716 771 1749 800 in
1778 770 1904 800 civitate
1927 774 1958 800 et
1979 770 2095 801 diocesi
2121 771 2325 810 Majoricensi
2349 780 2385 803 ac

1374 823 1493 853 ibidem
1507 832 1634 853 crucem
1651 823 1745 853 etiam
1761 824 1967 863 predicasses,
1978 824 2171 860 IldesonsuS,
2187 824 2287 863 ipsius
2298 825 2384 856 Petri

1375 876 1472 913 filius,
1492 881 1520 906 te
1536 881 1661 916 propter
1673 877 1731 907 hoc
1744 886 1939 916 persequens
1954 877 2025 907 odio
2036 877 2174 916 capitati,
2186 878 2291 907 statim
2304 882 2385 918 post-

1374 938 1470 968 quam
1483 929 1640 960 civitatem
1655 930 1788 960 intravit
1800 930 1946 967 eandem,
1962 930 2160 969 preconizari
2175 930 2300 970 publice
2313 931 2385 962 fecit

1375 987 1409 1012 ut
1430 982 1626 1021 quicumque
1651 982 1689 1012 de
1709 983 1801 1013 bonis
1825 983 1886 1013 tuis
1904 983 2036 1013 haberet
2051 983 2176 1022 publice
2192 983 2241 1013 vel
2263 983 2384 1016 occulte

1374 1036 1461 1066 daret
1482 1045 1518 1066 ea
1533 1040 1563 1065 et
1581 1037 1801 1067 manifestaret
1816 1037 1940 1073 eidem,
1960 1041 1990 1067 et
2006 1037 2123 1067 deinde
2140 1037 2278 1076 quodam
2298 1046 2384 1077 pres-

1373 1089 1503 1128 bytero,
1528 1094 1730 1128 procuratore
1752 1094 1804 1120 tuo
1831 1090 1865 1119 in
1891 1089 2138 1130 temporalibuS‚
2164 1090 2385 1121 inhumaniter

1373 1146 1473 1180 capto,
1493 1142 1662 1180 pecuniam
1684 1146 1714 1171 et
1737 1141 1800 1172 alia
1823 1151 1886 1182 que
1901 1142 1987 1172 idem
2003 1143 2169 1182 presbyter
2185 1143 2316 1173 nomine
2332 1147 2384 1174 tuo

1373 1195 1585 1233 custodiebat,
1617 1200 1647 1225 et
1681 1199 1784 1226 cetera
1814 1196 1897 1226 bona
1928 1200 1981 1226 tua
2012 1196 2208 1236 ubicumque
2235 1196 2384 1228 invenire

1373 1250 1484 1288 potuit,
1497 1250 1674 1288 occupavit,
1693 1258 1818 1280 necnon
1831 1254 1862 1279 et
1877 1250 2045 1289 pecuniam
2062 1259 2124 1289 que
2139 1250 2196 1280 tibi
2209 1250 2384 1281 debebatur

1372 1303 1412 1333 ab
1428 1303 1624 1342 emptoribus
1639 1303 1802 1333 fructuum
1822 1303 1868 1333 tui
1889 1304 2086 1342 episcopatus
2107 1304 2186 1334 anni
2214 1307 2290 1334 tunc
2311 1313 2383 1343 pre-

1374 1357 1459 1387 teriti
1474 1357 1533 1387 sibi
1549 1357 1693 1387 exhiberi
1709 1357 1912 1387 mandavit...
1928 1356 2023 1387 Unde
2036 1356 2140 1387 felicis
2155 1357 2382 1389 recordationis

1374 1410 1537 1440 Honorius
1555 1419 1634 1449 papa
1654 1410 1797 1440 IIIIfflS...
1818 1410 1923 1440 eidem
1948 1410 2051 1449 legato
2074 1411 2141 1441 suis
2166 1410 2252 1441 dedit
2270 1410 2382 1442 litteris

1373 1464 1407 1493 in
1425 1463 1584 1493 mandatis
1601 1467 1672 1493 ut...
1698 1464 1736 1493 de
1751 1462 1859 1502 aliquo
1875 1463 2067 1502 competenti
2083 1467 2113 1493 et
2133 1463 2294 1495 moderato
2309 1464 2382 1495 sub-

1373 1517 1473 1554 sidio,
1494 1520 1586 1555 prout
1604 1521 1634 1547 et
1656 1517 1710 1547 ubi
1728 1517 1876 1556 expedire
1893 1517 2026 1554 videret,
2043 1517 2148 1548 causis
2163 1517 2311 1556 predictis
2324 1517 2381 1549 du-

1372 1570 1531 1606 rantibus,
1547 1570 1759 1600 faceretinfra
1772 1571 1926 1600 terminos
1941 1579 1997 1600 sne
2012 1570 2180 1609 legationis
2196 1571 2382 1602 auctoritate

1373 1623 1450 1654 dicti
1466 1624 1699 1663 predecessoris
1718 1624 1780 1654 tuis
1798 1624 2041 1655 necessitatibus
2059 1624 2228 1663 provideri.
2246 1625 2380 1656 Contra-

1373 1677 1517 1715 dictores,
1539 1681 1596 1707 etc.
1622 1677 1712 1707 Idem
1729 1687 1803 1708 vero
1826 1677 1965 1716 legatus,
1983 1678 2034 1708 cui
2051 1677 2090 1708 de
2108 1678 2273 1717 premissis
2287 1677 2381 1717 plene

1372 1730 1524 1766 constitit,
1547 1730 1724 1760 decrevit...
1754 1731 1838 1770 quod
1863 1739 1966 1761 unum
1985 1730 2035 1761 vel
2059 1730 2151 1770 plura
2169 1730 2381 1762 ecclesiastica

1373 1783 1566 1813 beneficia...
1594 1792 1695 1822 usque
1719 1783 1759 1813 ad
1785 1793 1947 1814 summam
1977 1787 2199 1815 sexcentarum
2224 1784 2381 1815 librarum

1374 1837 1598 1867 turonensium
1623 1836 1673 1866 vel
1698 1837 1798 1872 circa.
1825 1837 1853 1867 si
1878 1837 1912 1867 in
1941 1837 2161 1874 Narbonensi,
2186 1837 2378 1873 Biterrensi,

1373 1889 1849 1920 'PholosanaetCarcassonensi
1863 1891 2046 1921 civitatibus
2060 1895 2090 1921 et
2109 1890 2290 1921 diocesibus
2306 1895 2380 1922 tunc

1373 1947 1540 1980 vacarent,
1556 1943 1607 1974 vel
1624 1944 1867 1983 quamprimum
1885 1953 1997 1975 vacare
2013 1945 2204 1984 contigeret,
2223 1945 2278 1975 tibi
2293 1954 2380 1976 com-

1373 1998 1639 2028 mendarentur...
1657 1997 1751 2028 certis
1765 1998 1820 2028 tibi
1837 2007 1931 2037 super
1946 1998 2006 2029 hoc
2022 2007 2075 2037 per
2087 1998 2225 2029 eundem
2239 1998 2380 2037 legatum

1373 2051 1592 2081 executoribus
1611 2051 1780 2090 deputatis.
1799 2052 1920 2081 Verum
1945 2052 2043 2082 iidem
2065 2056 2247 2082 executores
2272 2051 2381 2084 Sancti

1373 2104 1531 2135 Germerii
1540 2104 1579 2134 de
1588 2104 1726 2135 Murello
1735 2108 1765 2134 et
1773 2104 1812 2134 de
1823 2105 1907 2134 Hoos
1917 2105 2073 2143 prioratus
2082 2114 2137 2135 seu
2147 2104 2306 2142 ecclesias,
2314 2114 2381 2144 pre-

1373 2158 1548 2197 posituram
1559 2158 1598 2187 de
1607 2157 1816 2195 Thalabnsso‚
1826 2166 1950 2188 necnon
1962 2157 2000 2187 de
2009 2158 2201 2193 Faberzano,
2213 2158 2251 2187 de
2262 2158 2376 2196 Leuco,

1374 2212 1412 2242 de
1422 2211 1570 2247 Piniano,
1581 2211 1619 2241 de
1629 2211 1738 2241 Castro
1750 2212 1874 2246 Maure,
1888 2211 1926 2241 de
1936 2211 2046 2242 Monte
2059 2211 2231 2251 Gaylardo,
2245 2211 2284 2242 de
2293 2211 2379 2242 Villa

1374 2265 1523 2300 Martiuo‚
1550 2264 1588 2294 de
1613 2265 1779 2303 Eyssotiis,
1807 2265 1903 2295 Beate
1929 2264 2031 2295 Marie
2055 2265 2094 2295 de
2119 2264 2246 2301 Albato,
2272 2264 2379 2295 Sancti

1373 2318 1501 2356 Georgii
1518 2322 1549 2347 et
1564 2317 1674 2347 Sancti
1694 2318 1782 2347 Petri
1798 2317 1836 2348 de
1853 2317 1970 2348 Villeta
1985 2316 2146 2355 ecclesias,
2165 2317 2378 2356 predictarum

1374 2371 1610 2408 Narbonensis,
1629 2371 1840 2408 Biterrensis‚
1860 2370 2127 2401 Carcassonensis
2147 2374 2178 2400 et
2201 2369 2378 2400 Tholosane

1373 2425 1537 2455 civitatum
1552 2428 1583 2454 et
1598 2423 1785 2459 diocesium,
1801 2429 1878 2454 tunc
1891 2428 2050 2460 vacantes,
2063 2426 2093 2454 et
2106 2423 2278 2462 predictam
2291 2432 2376 2454 sum-

1373 2487 1458 2507 mam
1467 2481 1688 2508 sexcentarum
1698 2477 1852 2507 librarum
1864 2477 1999 2507 minime
2012 2477 2210 2514 excedentes,
2229 2476 2284 2507 tibi
2300 2477 2378 2516 ejus-

1374 2531 1446 2561 dem
1476 2531 1669 2570 provisionis
1702 2531 1833 2561 nomine
1863 2530 2141 2560 commendarunt.
2171 2529 2377 2560 Postmodum

1373 2589 1479 2615 autem
1491 2584 1593 2614 dictus
1604 2584 1736 2622 legatus,
1750 2588 1868 2614 attente
1883 2583 2089 2614 considerans
2105 2583 2190 2622 quod
2202 2592 2256 2622 per
2272 2582 2376 2623 provi-

1373 2639 1495 2669 sionem
1508 2638 1680 2678 predictam
1699 2647 1761 2668 non
1777 2642 1843 2668 erat
1856 2637 1895 2667 ad
1909 2637 2040 2676 plenum
2059 2637 2120 2667 tuis
2136 2637 2376 2667 necessitatibus

1373 2692 1605 2722 satisfactum...
1628 2692 1702 2728 tibi,
1724 2697 1827 2731 preter
1846 2691 2020 2730 predictam
2038 2699 2197 2721 summam
2215 2694 2375 2721 sexcenta-

1372 2755 1444 2775 rum
1470 2745 1624 2775 librarum
1654 2745 1898 2781 turonensium,
1917 2744 2148 2784 preposituram
2172 2744 2211 2774 de
2231 2743 2324 2782 Agha
2347 2746 2376 2774 et

1373 2798 1538 2829 ecclesiam
1554 2798 1592 2828 de
1609 2798 1821 2835 Samachano,
1838 2798 1921 2828 dicte
1938 2797 2118 2827 'l'holosane
2130 2805 2166 2827 ac
2180 2795 2375 2835 Urgellensis

1372 2852 1585 2882 diocesiurn...
1617 2852 1863 2882 commendavit.
1894 2851 1974 2881 Cum
2004 2851 2149 2889 itaque...
2175 2849 2320 2888 pluribus
2345 2853 2375 2880 et

1372 2905 1552 2943 potentibus
1569 2905 1626 2935 tibi
1643 2914 1738 2944 super
1753 2904 1814 2935 hoc
1829 2903 2056 2934 obsistentibus
2073 2903 2280 2942 adversariis,
2297 2906 2326 2933 et
2340 2902 2374 2932 in

1371 2957 1567 2996 providendo
1590 2958 1703 2997 majori
1728 2958 1809 2997 parti
1833 2957 2061 2988 canonicorum
2091 2955 2222 2986 ecclesie
2245 2955 2372 2995 Majori-

1371 3011 1476 3041 censis
1504 3020 1537 3041 ac
1568 3012 1663 3041 etiam
1689 3011 1835 3051 pluribus
1870 3010 1993 3041 clericis
2022 3009 2158 3040 civitatis
2183 3013 2213 3039 et
2241 3008 2373 3040 diocesis

1372 3065 1602 3104 MaJ'oricensis‚
1618 3066 1672 3105 qui
1689 3066 1727 3096 ad
1746 3070 1773 3095 te
1789 3065 2012 3103 confugerunt,
2027 3063 2117 3094 aliud
2133 3063 2293 3102 refugium
2309 3070 2371 3094 non
