2342 3652
933 402 1161 440 DEUXIEME
1184 402 1341 446 ANNE'E.
2125 419 2180 450 321

97 476 216 507 dudum
243 474 346 504 felicis
363 465 588 504 recordationis
608 474 753 504 Honorio
775 483 868 513 pape,
889 475 1103 514 predecessori

97 533 216 565 nostro,
231 528 332 567 quod,
347 532 411 557 tam
429 536 485 566 pro
508 527 575 556 suis
592 526 782 556 necessariis
807 537 903 566 quam
928 537 984 566 pro
999 528 1101 566 ipsius

95 582 280 614 monasterii
303 580 456 619 negotiis,
477 579 561 618 apud
582 579 690 609 sedem
715 580 888 618 predictam
915 585 991 610 tunc
1006 589 1100 620 expe-

96 635 238 671 diendis,
256 634 379 664 utiliter
395 642 468 663 eum
485 633 594 662 subire
616 633 778 670 oportebat
802 642 919 671 magna
933 642 1028 672 opera
1044 642 1099 662 ex-

96 695 262 728 pensarum
275 710 282 722 ,
298 695 334 716 ac
350 685 548 724 supplicante
564 685 647 714 dicto
664 685 879 723 predecessori
900 690 934 715 ut
953 685 994 715 ad
1014 694 1101 714 sum-

93 749 179 771 mam
203 740 340 769 duorum
363 738 490 768 milium
512 738 669 767 librarum
700 739 925 768 turonensium
950 743 1099 768 mutuum

95 792 323 828 contrahendi,
354 792 413 821 sub
439 791 534 820 certis
554 790 658 820 modis
679 795 709 820 et
732 791 859 826 formis,
888 791 957 820 sine
983 791 1102 829 quihus

94 846 262 878 creditores
280 854 313 874 se
331 845 459 883 putabat
476 844 625 873 invenire
641 852 705 873 non
724 853 812 882 posse
829 867 835 879 ,
859 844 922 874 sibi
937 844 1100 873 licentiam

94 899 281 937 largiretur,
302 897 487 927 nominatus
510 897 626 933 Lante,
649 905 706 926 suo
727 901 758 926 et
778 896 914 926 aliorum
941 897 1099 926 sociorum

95 960 222 982 suorum
241 951 455 990 predictorum
473 951 604 980 nomine
620 974 625 985 ‚
646 950 766 988 pretato
784 949 957 980 Guillelmo
973 950 1097 986 abbati,

94 1005 145 1036 cui
161 1004 345 1034 nominatus
360 1004 561 1042 predecessor
576 1008 684 1033 noster
697 1027 704 1040 ,
723 1003 836 1033 nolens
852 1003 936 1042 quod
953 1012 1008 1041 pro
1020 1003 1099 1041 ipsa-

68 1062 76 1070 ·
92 1068 166 1097 ,rum
181 1066 390 1097 expensarum
408 1057 530 1087 defectu
544 1057 629 1086 id'em
646 1056 683 1086 G.
706 1057 804 1086 abbas
821 1057 1033 1094 indigentiam
1049 1065 1100 1095 pa-

95 1107 226 1146 teretur,
244 1111 293 1140 vel
311 1111 394 1149 quod
410 1111 592 1149 inexpedita
607 1111 718 1140 eadem
737 1111 863 1148 negotia
878 1115 1097 1154 remanerent,

33 1165 60 1186 '-'
93 1160 192 1204 ipsius
212 1164 360 1202 precibus
375 1163 568 1199 inclinatus,
586 1164 669 1193 dicto
693 1163 730 1193 G.
757 1163 864 1193 abbati
889 1163 1100 1192 contrahendi

23 1213 58 1268 ‘3'
93 1221 237 1248 mutuum
254 1222 380 1256 propter
395 1217 454 1247 hoc
471 1226 571 1256 usque
586 1216 626 1246 ad
643 1217 818 1255 predictam
843 1225 1004 1246 summam
1021 1216 1099 1246 duo-

49 1264 62 1300 1
91 1279 163 1302 rum
179 1270 303 1300 milium
320 1270 474 1300 librarum
488 1271 722 1304 turonensium,
741 1270 874 1304 nomine
886 1279 943 1300 sno
959 1275 988 1299 et
999 1270 1100 1309 ipsius

39 1298 65 1357 ὰ
93 1324 292 1360 monasterii,
308 1333 344 1354 ac
357 1333 390 1353 se
406 1317 509 1362 ipsum
527 1329 556 1353 et
573 1332 772 1353 successores
790 1333 864 1354 suos
880 1324 1007 1354 abbates
1024 1324 1099 1353 dicti

92 1377 276 1408 monasterii
296 1382 326 1407 et
339 1378 445 1416 ipsum
465 1378 696 1407 monasterium
721 1386 757 1407 ac
782 1387 838 1407 sua
861 1382 892 1407 et
913 1377 1099 1407 eorumdem

91 1431 173 1463 hona
189 1430 322 1461 mobilia
337 1435 367 1460 et
392 1431 592 1467 immobilia,
616 1431 777 1469 presentia
801 1435 832 1460 et
857 1431 979 1463 futura.
999 1440 1100 1469 usque

43 1466 130 1523 {stad
141 1493 299 1514 summam
312 1484 512 1523 hujusmodi,
524 1489 688 1523 propterea
699 1485 913 1514 creditoribus
923 1483 1098 1522 obligandi,

45 1534 73 1567 ἒί
91 1547 147 1577 per
161 1547 234 1568 suas
251 1538 310 1568 sub
325 1544 410 1568 certa
426 1538 524 1568 forma
542 1537 663 1567 litteras
683 1543 880 1568 concesserat
900 1538 1098 1575 facultatem,

48 1589 216 1632 q'propter
231 1591 292 1622 hoc
306 1592 368 1622 duo
394 1591 485 1621 milia
500 1591 655 1621 librarum
679 1592 902 1621 turonensium
922 1593 1098 1628 mutuavit

47 1634 78 1699 ᾗ
93 1645 186 1676 certis
212 1654 311 1684 super
336 1645 554 1675 satisfactione
583 1645 661 1684 ipsis
687 1645 857 1684 prestanda
887 1645 926 1675 de
952 1646 1100 1684 predictis

47 1690 78 1727 Ἄ
92 1697 181 1728 libris
207 1708 262 1738 per
276 1698 356 1728 alias
372 1699 431 1728 sub
446 1703 532 1728 certa
552 1699 676 1728 [orma'
669 1699 770 1737 ipsius
790 1699 1022 1737 predecessoiis
1046 1698 1098 1728 lit-

72 1747 174 1782 teras
189 1753 408 1782 executoribus
423 1752 603 1791 deputatis,
622 1753 780 1782 nominati
797 1757 987 1782 mercatores
1003 1753 1098 1782 dubi-

39 1779 71 1846 ’ἓ
93 1805 200 1836 tabant
214 1814 302 1845 posse
317 1806 568 1836 satisfactionem
581 1806 627 1836 eis
641 1806 680 1835 de
696 1803 836 1845 predicta
852 1806 987 1844 pecunia
1004 1811 1101 1836 statu-

55 1864 61 1877 '
94 1858 134 1889 tis
147 1858 186 1888 ad
203 1858 263 1889 hoc
279 1860 425 1889 terminis
445 1860 624 1890 faciendam
650 1868 707 1898 per
726 1860 883 1898 predictas
902 1859 990 1889 vobis
1007 1869 1101 1898 super

94 1911 151 1945 hoc
165 1912 298 1942 directas
314 1912 435 1942 litteras
452 1913 626 1949 retardari3
644 1922 743 1952 quare
755 1914 889 1951 predicti
909 1919 1100 1943 mercatores

51 1990 89 2013 4,
56 1965 184 1996 *nobis
208 1965 376 1995 humiliter
401 1965 622 2004 supplicarunt
650 1970 682 1995 ut
703 1966 868 2004 providere
888 1967 965 2004 ipsis
983 1967 1016 1995 in
1042 1966 1101 1996 bac

56 2016 76 2055 4
93 2023 179 2059 parte
193 2019 232 2049 de
248 2019 447 2057 benignitate
463 2019 633 2059 apostoliea
653 2020 873 2058 dignaremur.
896 2021 962 2050 Nos
983 2020 1098 2058 igitur,

54 2064 85 2115 'fs
90 2073 232 2103 volentes
248 2078 440 2103 mercatores
454 2074 540 2112 ipsos
558 2073 775 2112 indempnes
767 2082 801 2102 in
827 2074 888 2103 bac
904 2079 990 2112 parte
1006 2074 1099 2103 beni-

30 2119 36 2126 ’
77 2122 187 2165 ·'gnius
204 2135 397 2165 preservare,
410 2126 600 2156 discretioni
617 2131 720 2156 vestre
736 2127 769 2156 in
787 2127 904 2156 virtute
919 2127 1100 2156 obedientie

56 2187 148 2250 uaiei·
170 2179 340 2218 apostolica
369 2180 484 2218 scripta
509 2180 652 2209 districte
676 2180 881 2219 precipiendo
908 2180 1100 2210 mandamus

78 2291 205 2316 morati
230 2294 266 2316 ac
291 2286 491 2324 prioratuum
514 2291 545 2316 et
569 2287 788 2317 membioruni
813 2288 901 2325 ejus,
922 2296 940 2316 a
966 2287 1098 2325 quibus-

83 2345 228 2377 mumque
242 2339 463 2376 detineantur,
482 2348 537 2370 vos
562 2339 610 2370 vel
632 2340 712 2369 alter
729 2346 889 2377 vest1um,
908 2350 963 2379 per
978 2349 1031 2370 105
1049 2341 1098 2370 vel

133 2401 149 2422 r
162 2391 262 2422 alium
284 2397 339 2422 aut
356 2393 452 2429 alios,
474 2393 613 2423 fideliter
638 2393 810 2432 colligatis,
828 2398 858 2423 et
875 2395 963 2423 tenni
978 2394 1017 2424 de
1035 2394 1099 2423 illis

91 2480 99 2490 Δ,
133 2444 194 2475 bati
210 2450 240 2475 et
260 2447 433 2476 conventui
455 2447 644 2485 supradictis
667 2452 698 2477 et
719 2448 864 2486 personis
884 2448 919 2477 111
945 2448 1099 2477 membris

94 2492 170 2537 ¹'psis
184 2497 411 2535 servientibus,
428 2508 484 2538 pro
501 2500 731 2530 sustentatione
749 2509 824 2543 sua,
843 2505 876 2529 ut
890 2500 1098 2539 premittitur,

93 2579 95 2582 .
134 2550 236 2580 rtione
261 2558 402 2589 serv,ata
421 2552 460 2582 de
478 2552 606 2582 residuo
629 2553 812 2583 reddituum
833 2558 863 2583 et
886 2558 1098 2592 proventuum

71 2603 304 2648 *predictorum
319 2610 393 2635 ante
408 2606 517 2635 omnia
533 2606 709 2636 nominatis
735 2607 963 2636 meicatoribus
984 2606 1022 2636 de
1045 2616 1097 2645 pe-

59 2642 188 2837 {nia
203 2666 258 2687 seu
281 2657 397 2688 debitis
420 2659 452 2688 in
471 2659 587 2698 quibus
604 2664 668 2689 tam
686 2659 774 2689 idem
795 2660 891 2689 abbas
907 2669 1002 2698 quam
1027 2669 1097 2698 pre-

127 2713 192 2740 tum
207 2713 438 2742 monasterium
455 2718 486 2742 et
501 2714 568 2751 ejus
593 2713 676 2743 bona
702 2713 852 2752 predictis
871 2714 1099 2743 mercatoiibus

47 2770 50 2776 ’
81 2762 150 2801 ‚Der
173 2763 307 2801 prefatas
333 2764 454 2794 litteras
482 2765 582 2803 ipsius
611 2766 845 2804 predecessoris
872 2766 1008 2804 obligata
1034 2766 1100 2796 sore

70 2815 284 2860 gnoecuutur,
308 2817 398 2856 juxta
428 2817 558 2848 illarum
589 2823 751 2854 tenorem,
787 2819 856 2849 sine
885 2819 1099 2849 diminutione

79 2867 249 2908 qualibet,
268 2870 476 2908 satisfacere
502 2872 609 2902 usuris
632 2873 766 2902 omnino
785 2873 1002 2909 cessantibus,
1026 2882 1099 2912 pio-

86 2922 225 2959 curetis3
236 2923 277 2952 ad
288 2924 537 2954 satisfactionem
545 2925 683 2955 aliorum
693 2925 875 2955 debitorum
886 2925 964 2955 dicti
972 2934 1099 2955 monas-

79 2973 168 3004 terii
191 2975 229 3006 de
245 2976 370 3015 reliquo
392 2978 576 3008 ieddituum
598 2983 627 3008 et
648 2983 861 3016 proventuum
885 2979 1097 3017 predictorum

87 3025 326 3059 nichilominus
349 3032 546 3069 processuri,
569 3032 661 3070 juxta
687 3031 824 3069 priorem
845 3040 863 3060 a
892 3031 983 3060 nobis
1006 3040 1101 3069 supei

69 3077 157 3112 hoc
171 3082 317 3112 traditam
334 3084 424 3114 vobis
439 3084 586 3114 formam.
614 3085 685 3114 Dat.
705 3084 823 3121 Rome,
850 3084 934 3123 apud
951 3085 1099 3114 Sanctam

235 3147 308 3176 Rso.
328 3149 451 3178 Niconas
470 3149 523 3177 IV.

56 2214 248 2302 {quatenus
266 2235 432 2263 universos
448 2233 590 2263 redditus
605 2238 636 2263 et
653 2238 825 2272 proventus
839 2234 1023 2263 monasterii
1036 2243 1100 2263 me·
1125 2235 1127 2237 ’

1185 475 1321 505 Mariam
1339 477 1491 516 Majorem
1505 503 1512 515 ,
1529 489 1574 508 1111
1590 480 1662 509 idus
1681 481 1877 518 novembris,
1891 491 1978 512 anno
1994 485 2145 515 secundo.
2171 497 2184 513 υ

1257 673 1373 701 Ιῖθθ
1769 677 1856 708 Rieti.
1874 679 1888 705 3
1905 679 2021 706 octobre
2037 681 2114 708 1289.

1217 734 1362 762 Alienatio
1380 738 1597 770 possessionum
1610 740 1775 766 monasterii
1788 739 1885 768 Sancti
1899 741 2033 776 Eugenii.
2045 742 2128 776 (Rea.
2140 744 2183 775 44,

1183 790 1208 808 c.
1226 782 1293 814 629,
1309 783 1329 809 f.
1347 783 1396 810 255
1413 785 1464 817 vo.)
1687 787 1691 789 “

1225 919 1244 925 ..
1261 898 1475 927 archidiacono
1486 900 1601 928 ecclesie
1611 900 1749 930 Senensis
1760 902 1890 931 mandat
1905 907 2061 941 quatenus
2074 905 2101 934 si
2114 913 2186 944 pos-

1183 950 1340 979 sessiones
1363 959 1440 989 quas
1456 972 1477 980 ..
1504 952 1600 981 abbas
1622 957 1651 981 et
1671 958 1846 984 conventus
1868 957 2055 985 monasterii
2079 957 2187 987 Sancti

1184 1002 1321 1040 Eugenii
1337 1004 1375 1033 de
1397 1005 1590 1035 monasterio
1607 1014 1701 1044 prope
1718 1006 1829 1043 Senas,
1847 1008 1886 1037 ad
1903 1017 2067 1038 romanam
2087 1010 2187 1040 eccle-

1183 1056 1264 1085 siam
1283 1056 1371 1086 nullo
1387 1057 1493 1087 medio
1508 1058 1709 1096 pertinentis,
1727 1060 1851 1089 ordinis
1867 1060 1899 1090 S.
1920 1061 2099 1098 Benedicti,
2117 1071 2187 1100 per-

1183 1115 1307 1139 mutare
1328 1111 1480 1148 cupiunt,
1498 1111 1638 1141 valorem
1654 1112 1862 1142 ducentarum
1885 1113 2041 1144 librarum
2068 1115 2188 1145 usualis

1183 1167 1330 1192 monetae
1357 1172 1423 1193 non
1451 1164 1620 1201 excedant,
1641 1171 1671 1194 et
1693 1165 1720 1194 si
1743 1166 1958 1204 possessiones
1976 1176 2050 1196 cum
2073 1168 2188 1206 quibus

1182 1215 1282 1245 iidem
1305 1217 1402 1246 abbas
1419 1223 1449 1247 et
1471 1223 1647 1248 conventus
1664 1228 1736 1248 suas
1755 1224 1935 1258 permutare
1954 1220 2124 1250 intendant
2142 1221 2188 1250 01-

1183 1269 1256 1298 dem
1274 1271 1468 1300 monasterio
1487 1272 1590 1309 magis
1607 1272 1701 1302 utiles
1715 1282 1782 1302 esse
1796 1274 1929 1312 possint,
1950 1274 2125 1313 inquirant.

1225 1335 1239 1349 «
1257 1322 1299 1352 Ex
1318 1328 1403 1362 pat-te
1418 1324 1644 1355 dilectorum...
1663 1342 1700 1347 —
1718 1326 1788 1356 Dat.
1806 1326 1915 1362 Reate,
1936 1337 1956 1356 v
1979 1336 2080 1357 nonas
2102 1331 2188 1358 octo-

1183 1375 1259 1412 bris,
1277 1385 1362 1406 anno
1380 1378 1531 1408 secundo.
1552 1391 1565 1404 »

1257 1576 1376 1605 1710

1218 1639 1372 1666 Absolutio
1391 1640 1446 1666 voti
1463 1640 1558 1666 crucis
1573 1644 1715 1674 sumptae.
1738 1639 1820 1672 (Rea.
1842 1640 1884 1670 44,
1907 1648 1932 1666 0.
1954 1640 2015 1673 630,
2036 1640 2055 1666 f.
2077 1640 2129 1667 255
2145 1647 2186 1673 τος

1183 1689 1302 1721 Ροττιι.,
1321 1689 1427 1721 rai-22.)

1441 1577 1800 1612 Sainte—Marie-Majeure,
1817 1578 1849 1604 -28
1865 1578 2020 1604 novembre
2037 1578 2115 1606 1289.

1229 1805 1399 1834 Venerabili*
1410 1805 1505 1840 fratri
1517 1827 1537 1833 ..
1553 1805 1746 1833 Bachoniensi
1759 1810 1785 1833 el-
1806 1805 1942 1833 Wellensi
1957 1805 2088 1841 episcopo
2101 1811 2188 1833 com—

1183 1859 1280 1887 mittit
1295 1863 1338 1893 ut,
1351 1866 1422 1887 cum
1438 1857 1765 1894 Eadmundus,s1·ater
1778 1857 1928 1893 Eduardi‚
1942 1856 2077 1894 Angliae
2092 1857 2186 1894 regis,

1183 1912 1267 1941 infra
1285 1911 1478 1950 promissum
1496 1912 1670 1941 terminum
1691 1915 1797 1941 votum
1814 1910 2039 1949 proficiscendi
2059 1910 2093 1939 111
2117 1918 2190 1939 500-

1184 1974 1312 1995 cursum
1331 1965 1447 1994 Terrae
1465 1964 1599 1995 Sanctae
1618 1964 1728 2003 exequi
1756 1964 1949 2002 nequiverit,
1974 1973 2046 1993 eum
2065 1968 2095 1992 et
2118 1962 2190 1992 illos

1183 2020 1238 2059 qui
1256 2019 1378 2048 similia
1395 2024 1465 2048 vota
1482 2018 1617 2048 fecerint
1631 2027 1649 2047 a
1666 2019 1799 2056 perjurii
1814 2021 1904 2047 reatu
1920 2017 2072 2047 absolvat.

1226 2085 1239 2099 a
1261 2072 1376 2102 Petitio
1393 2072 1500 2101 dilecti
1517 2072 1616 2101 filii...
1636 2088 1674 2093 —
1696 2072 1766 2100 Dat.
1795 2072 1906 2107 Rome,
1931 2070 2014 2109 apud
2039 2070 2189 2100 Sanctam

1184 2128 1319 2157 Mariam
1347 2127 1521 2166 Majorem,
1554 2135 1600 2155 1111
1630 2125 1785 2156 kalendas
1812 2125 2009 2161 decembris,
2031 2133 2117 2154 anno
2141 2133 2188 2153 se-

1177 2181 1300 2211 cundo.
1328 2193 1341 2207 1>

1256 2381 1337 2409 1¹21
1350 2380 1369 2408 Ι
1449 2377 1806 2412 Sainte-Marie-MaJ'eure,
1822 2377 1855 2404 {¹9
1869 2377 2022 2403 novembre
2038 2376 2115 2402 1289.

1217 2444 1391 2470 Mouasterio
1423 2442 1457 2467 de
1482 2441 1652 2475 Vailcregali
1684 2440 1805 2467 ecclesia
1825 2439 1860 2465 de
1884 2438 1983 2464 YVenh
2008 2437 2183 2465 conceditur.

1183 2492 1266 2526 (Res.
1283 2493 1326 2523 44,
1343 2500 1368 2517 c.
1385 2491 1446 2524 631,
1462 2491 1482 2516 f.
1499 2490 1550 2516 ς255
1568 2491 1614 2522 1⁰.)

1224 2630 1244 2638 ..
1271 2608 1370 2636 abbaci
1385 2612 1410 2635 et
1427 2606 1588 2635 conventui
1603 2605 1783 2633 monasterii
1805 2604 1839 2632 de
1869 2601 2060 2638 Vallereyali‚
2078 2599 2186 2628 Cister-

1182 2662 1290 2690 cz’enst's
1309 2660 1439 2695 ordinis,
1457 2658 1685 2688 Convenarensis
1701 2662 1727 2685 et
1744 2655 1970 2691 Lichefeldensis
1990 2652 2127 2688 diocesis,
2146 2651 2186 2681 ad

1182 2713 1379 2751 rogationem
1405 2712 1459 2745 E.‚
1478 2711 1561 2748 regis
1575 2709 1724 2747 Angliae,
1741 2708 1885 2745 indulget
1908 2712 1942 2736 ut
1962 2705 2127 2736 ecclesiam
2145 2704 2185 2734 de

1184 2766 1304 2799 Weuh,
1323 2766 1463 2803 ejusdem
1481 2764 1643 2799 dioecesis,
1663 2763 1697 2792 in
1716 2771 1777 2801 qua
1789 2762 1842 2800 jus
1859 2763 2040 2799 patronatus
2052 2759 2184 2795 habent,

1183 2819 1312 2850 cedente
1328 2818 1377 2847 vel
1397 2817 1566 2847 decedente
1583 2820 1703 2845 rectore
1715 2838 1722 2850 ,
1745 2823 1819 2844 cum
1837 2813 2015 2843 dioecesani
2031 2819 2184 2848 assensu,

1182 2874 1319 2903 retinere
1335 2871 1475 2905 valeant,
1493 2874 1651 2899 reservata
1668 2869 1706 2898 de
1724 2867 1876 2898 ecclesiae
1892 2865 2100 2905 proventibus
2115 2873 2187 2903 per-

1182 2931 1275 2965 petuo
1292 2925 1410 2954 vicario
1426 2931 1566 2961 congrua
1578 2922 1731 2960 portione.

1224 2991 1237 3005 «1
1256 2978 1491 3015 Religiosorum
1508 2975 1587 3005 votis
1603 2975 1777 3004 libenter...
1794 2990 1834 2995 —
1859 2973 1930 3002 Dat.
1958 2973 2076 3008 Rome,
2101 2970 2185 3009 apud

1183 3032 1333 3062 Sanctam
1352 3031 1487 3060 Mariam
1499 3030 1664 3067 Α1111101001,
1679 3037 1712 3058 111
1729 3026 1882 3057 kalendas
1895 3025 2086 3062 decembris,
2097 3032 2183 3054 anno

1183 3084 1333 3115 secundo.
1353 3097 1365 3108 υ

2010 3145 2039 3171 41
