2342 3652
0 3314 7 3357 ’.
0 3221 5 3301 ι--7
0 3189 2 3204 ἡ
0 3163 2 3175 -

904 364 1124 405 PREMIERE
1146 361 1303 400 ANNEE.
2108 358 2140 389 41

105 475 117 489 «
142 461 229 492 Olim
257 457 392 488 dilectus
422 453 546 483 filius...
577 466 618 473 —
650 449 722 479 Dat.
755 446 867 479 Reate,
902 451 924 471 11
963 447 1064 469 nonas

63 513 271 555 septembris,
286 517 371 540 anno
389 508 503 547 primo.
529 517 543 532 n

138 692 226 721 245
601 681 692 713 Rieti,
709 679 724 706 3
739 675 901 712 septembre
917 673 995 700 1288.

105 753 245 782 Mutuatio
262 750 482 786 possessionum
498 747 571 773 inter
590 741 729 777 hospitale
745 738 775 765 S.
792 737 934 764 Johannis
949 735 1069 761 ,leroso—

71 803 190 832 limitani
199 807 227 828 et
239 799 390 827 ecclesiam
401 793 668 823 Jerosolimitanam.
681 788 761 823 (Rau.
774 787 817 819 44,
830 794 856 812 c.
868 785 928 818 130,
941 784 959 810 t.
973 784 1006 811 34
1015 784 1067 814 vv.)

111 904 232 934 Dilectis
258 900 331 938 filiis
351 921 371 929 ..
400 898 545 935 magistro
564 898 590 923 ec
614 891 764 928 fratribus
786 886 945 926 hospitalis
964 886 1070 916 Sancti

71 957 223 989 Iohannis
243 950 481 984 Jerosolz'mttani
500 946 665 978 confirmat
686 941 950 981 permutationem
973 949 990 968 a
1012 939 1069 968 Ni-

74 1011 178 1046 colae,
200 1006 377 1047 patriarcha
390 999 661 1034 ι10105011111110110,
684 1003 862 1025 successore
879 993 984 1028 Euae,
1009 993 1070 1022 sac-

76 1068 141 1094 tam
163 1062 202 1091 de
220 1060 357 1100 quadam
374 1055 565 1096 possessione
582 1059 677 1090 quam
699 1049 825 1079 tenebat
850 1047 969 1077 dictum
998 1047 1071 1076 1105-

77 1115 172 1155 pitale
195 1115 229 1143 in
259 1112 384 1142 civitate
409 1106 607 1141 ,ἂι-00001151,
636 1112 690 1142 pro
720 1102 791 1132 aliis
818 1101 1072 1140 possessionibus

78 1177 157 1208 quas
172 1166 304 1197 ecclesia
318 1165 338 1194 J
341 1161 573 1193 erosolimitana
583 1156 745 1186 detinebat
761 1155 796 1184 in
808 1162 907 1192 regno
922 1153 1070 1191 Angliae.

121 1233 134 1248 c
161 1220 204 1250 Ex
220 1223 306 1258 parte
329 1220 465 1246 vestra...
484 1229 522 1234 —
538 1211 608 1241 Dat.
628 1210 744 1244 Reate,
763 1218 798 1237 111
823 1215 923 1237 nouas
940 1210 1074 1245 septem-

79 1274 146 1304 bris
159 1296 167 1310 ,
184 1270 384 1312 pontificatus
397 1267 514 1302 nostri,
531 1272 617 1295 anno
632 1264 745 1302 primo.
765 1275 778 1289 »

152 1457 238 1486 24ss
567 1449 773 1483 Saint-Pierre,
789 1450 824 1476 ‘25
839 1449 908 1475 avril
929 1449 1003 1476 1288.

118 1518 266 1554 Inquisitio
285 1516 321 1543 de
340 1515 480 1542 amotione
502 1513 580 1539 Petri
599 1522 614 1539 a
636 1513 763 1547 prioratu
781 1511 1033 1538 Grandimontensi
1050 1514 1079 1538 et

83 1568 119 1594 de
135 1566 270 1593 electione
284 1563 420 1591 Bernardi
434 1562 469 1589 ad
485 1561 606 1589 eundem
622 1562 790 1596 prioratum.
808 1560 890 1593 (ΒΕΘ.
907 1561 953 1591 44,
971 1569 995 1587 0.
1018 1560 1077 1592 131,

83 1617 104 1644 f.
119 1617 152 1643 35
166 1617 213 1648 r0.)

124 1724 241 1753 Dilectis
254 1722 330 1760 filiis
344 1722 509 1751 Bertrando
530 1722 565 1750 de
586 1721 682 1750 Monte
702 1721 816 1756 Aemo,
844 1720 943 1749 abbati
964 1728 1081 1749 monas-

86 1778 154 1806 terii
179 1776 405 1814 Moysiacensis,
431 1774 622 1803 Caturcensz‘s
644 1774 791 1809 diocesis;
817 1774 912 1809 fratri
928 1773 1080 1802 Bernardo

87 1829 221 1866 θεν-αἱαὶ,
239 1829 338 1867 priori
359 1828 544 1866 provintialz'
561 1828 679 1856 ordinis
701 1828 837 1863 fratrum
854 1827 1081 1864 predicatorum

85 1884 120 1912 in
133 1883 305 1921 provintia3
335 1886 360 1910 et
382 1882 527 1919 magistro
542 1879 698 1917 Radulpho
719 1881 752 1909 de
772 1881 945 1915 Μὶναϋείἰο,
972 1881 1081 1910 decano

86 1934 269 1971 Ρίοῑαυεηεί,
298 1935 450 1973 capellano
479 1940 589 1964 nostro.
619 1933 794 1963 Confirmat
822 1933 941 1963 litteras
971 1934 1015 1963 eis
1043 1934 1082 1963 ab

89 1987 229 2017 Honorio
250 1987 315 2017 IllI
339 1987 519 2021 mandatas,
553 1995 657 2026 quae,
690 1986 765 2016 licet
788 1987 929 2016 Honorio
956 1987 1082 2016 vivente

88 2039 240 2077 bullatae,
255 2044 358 2070 tamen
372 2040 481 2070 eodem
497 2049 575 2079 papa
589 2042 689 2069 morte
704 2044 875 2078 praevento
895 2045 968 2069 ante
987 2049 1082 2078 quam

90 2093 130 2122 ad
152 2092 223 2122 illos
243 2093 471 2132 pervenissent,
501 2093 627 2123 nullum
643 2093 826 2122 habueruut
841 2094 999 2123 effectum.
1019 2094 1084 2123 Ha-

91 2154 163 2175 rum
182 2150 287 2176 autem
302 2146 475 2176 litterarum
493 2151 581 2176 tenor
596 2147 667 2176 talis
680 2150 726 2176 est
743 2155 749 2177 :

133 2210 146 2224 α
166 2198 324 2229 Honorius
348 2200 507 2238 episcopus
534 2209 644 2230 servus
670 2209 834 2230 servorum
862 2201 930 2230 Dei.
955 2200 1087 2230 Dilectis

96 2266 108 2279 u
134 2251 209 2281 filiis
235 2252 408 2282 Bertrando
426 2253 465 2283 de
486 2254 593 2283 Monte
618 2255 739 2289 Acuto,
768 2254 872 2283 abbati
900 2254 1088 2284 monasterii

97 2319 109 2335 n
136 2306 380 2345 moysiacensis,
407 2305 606 2336 Caturcensis
628 2307 778 2343 diocesis3
808 2308 896 2336 tratri
924 2307 1088 2337 Bernardo

96 2373 110 2387 ιι
133 2359 279 2395 Geraldi,
304 2359 399 2397 priori
417 2360 602 2397 provinciali
622 2360 743 2390 ordinis
759 2361 893 2390 fratrum
912 2361 1087 2400 predicato-

97 2426 110 2441 »
133 2421 205 2443 rum
221 2420 256 2441 in
270 2411 442 2450 provintia3
461 2416 490 2441 et
505 2413 654 2450 magistro
669 2413 838 2452 Radulpho
854 2414 892 2444 de
910 2414 1088 2451 Mirabello‚

97 2478 111 2493 n
133 2465 252 2495 decano
269 2464 460 2500 pictavensi,
477 2465 637 2504 capellano
653 2471 775 2503 nostro,
793 2467 928 2497 salutern
947 2472 978 2496 et
996 2476 1088 2506 apos-

98 2530 112 2546 »
138 2518 262 2548 tolicam
276 2517 537 2547 benedictionem.
550 2519 721 2550 Occasione
731 2521 903 2551 amotionis
913 2521 1022 2552 dilevti
1031 2521 1091 2550 filii

98 2584 112 2599 n
136 2571 242 2600 frat-ris
259 2571 354 2603 Petri.
375 2570 486 2609 prioris
501 2571 619 2602 ordinis
634 2573 953 2611 Grandimontensis‚
981 2574 1020 2604 ad
1037 2583 1088 2604 ro-

100 2637 113 2652 »
137 2632 266 2654 manain
282 2623 447 2654 ecclesiam
465 2623 552 2654 nullo
567 2626 670 2657 medio
687 2627 896 2665 pertinentis,
915 2637 933 2657 a
951 2628 1090 2666 prioratu

100 2689 114 2704 a
138 2677 238 2715 ipsius
260 2676 381 2706 ordinis
403 2676 482 2705 facte
507 2686 561 2715 per
577 2679 728 2717 quosdam
750 2689 845 2719 super
861 2681 1042 2711 visitatione
1057 2690 1094 2711 ac

103 2742 115 2756 »
144 2729 339 2759 correctione
354 2729 467 2758 domus
484 2728 778 2763 Grandimontensis
793 2734 977 2763 auctoritate
996 2734 1094 2772 privi-

101 2793 114 2809 »
139 2782 295 2819 legiorum
314 2781 396 2811 sedis
415 2782 581 2820 apostolice
601 2784 777 2823 deputatos⁷
806 2796 841 2816 ac
866 2787 1029 2817 electionis
1055 2787 1094 2816 ad

102 2847 115 2862 n
141 2835 314 2874 prioratum
335 2834 472 2864 eundem
502 2835 539 2865 de
563 2835 675 2867 dilecto
698 2838 764 2869 filio
790 2840 886 2870 fratre
912 2839 1094 2876 Ber-nardo,

103 2899 117 2915 ι»
141 2888 216 2918 dicti
231 2888 367 2923 ordinis,
393 2897 447 2926 per
463 2888 615 2926 quosdam
630 2890 707 2921 alios
723 2892 833 2923 fratres
849 2893 992 2932 ejusdem
1010 2893 1096 2922 ordi-

103 2951 118 2968 »
142 2941 211 2977 1115,
236 2940 436 2979 postmodum
457 2941 641 2980 subsecuto,
659 2952 737 2982 quas
751 2944 852 2975 dictus
869 2947 981 2976 Petrus
998 2946 1095 2984 prior,

105 3004 119 3020 »
144 2997 248 3031 utpote
263 2997 462 3031 attemptatas
477 2999 546 3032 post
565 2994 789 3033 appellationes
805 2999 906 3028 varias
927 2999 965 3028 ad
989 2999 1097 3028 sedem

106 3058 119 3073 ι»
143 3045 344 3085 apostolicam
368 3045 511 3083 legitime
529 3047 729 3086 interjectas,
757 3055 787 3079 et
809 3060 844 3080 ex
871 3051 941 3081 aliis
963 3052 1099 3082 diversis

242 3111 314 3139 Rae.
336 3111 457 3140 Nicotas
476 3113 528 3140 1V.

1148 449 1161 463 u
1186 436 1302 472 causis,
1319 435 1447 474 penitus
1463 434 1529 463 fore
1547 430 1662 465 nullas,
1682 429 1783 458 dictus
1799 435 1873 456 vero
1889 425 2072 456 Bernartius
2087 425 2147 455 rite

1148 502 1161 516 n
1186 489 1311 518 habitas
1327 488 1521 522 asserebant,
1539 483 1669 523 grandis
1686 487 1732 512 est
1744 480 1949 510 dissentionis
1966 479 2098 508 materia
2112 478 2147 507 in

1150 554 1163 569 »
1188 541 1297 572 eodem
1315 541 1426 571 ordine
1448 539 1607 569 suscitata.
1633 534 1824 574 Hujusmodi
1840 536 1944 562 autern
1964 531 2089 569 negotio
2109 531 2149 560 ad

1189 594 1295 623 sedem
1315 592 1517 632 apostolicam
1537 589 1683 620 devoluto
1709 587 1914 627 partibusque
1936 585 1971 614 in
1996 588 2102 614 nostra
2120 587 2150 613 et

1189 649 1321 677 fratrum
1350 651 1531 676 nostrorum
1558 642 1717 683 presentia
1743 639 1940 676 constitutis,
1967 637 2150 667 audivimus

1190 700 1275 739 quod
1294 704 1398 738 partes
1423 698 1531 728 eedem
1557 702 1619 726 tam
1643 704 1736 734 super
1758 693 1916 722 amotione
1939 699 1974 720 ac
1997 690 2151 720 electione

1191 753 1339 792 predictis
1352 761 1448 791 quam
1465 760 1560 789 super
1577 748 1744 780 nonnullis
1759 746 1843 782 aliis,
1858 754 1920 784 que
1934 745 2011 774 111110
2027 744 2102 773 inde
2116 743 2152 772 in

1192 809 1375 838 animarum
1393 806 1596 845 dispendium
1613 810 1643 833 et
1658 807 1767 833 contra
1780 802 1978 831 honestatem
1992 799 2151 837 quietum-

1193 871 1256 901 que
1274 866 1390 891 statum
1408 860 1507 898 ipsius
1524 858 1711 888 dicebantur
1725 855 1848 886 ordinis
1868 856 2065 891 attemptata,
2085 860 2154 890 pro-

1195 923 1311 953 ponere
1336 913 1517 943 voluerunt.
1546 912 1582 940 Et
1609 910 1735 939 tandem
1761 908 1904 938 nolentes
1925 909 2026 945 partes
2050 906 2152 943 ipsas,

1195 968 1277 997 sicut
1299 975 1357 995 uec
1375 965 1521 999 decebat,
1548 963 1724 1000 litigiorum
1741 959 1935 990 anfractibus
1953 958 2075 987 diutius
2092 958 2154 986 im-

1157 1035 1169 1046 »
1195 1020 1325 1059 plicari,
1347 1018 1509 1056 negotium
1526 1017 1632 1055 ipsum
1649 1016 1687 1044 de
1706 1014 1799 1053 plano
1816 1019 1845 1042 et
1866 1013 1934 1041 sine
1947 1011 2060 1049 judicii
2080 1019 2155 1039 exa-

1158 1088 1171 1102 »
1196 1073 1389 1103 minandum
1406 1071 1538 1109 strepitu
1557 1074 1588 1099 et
1607 1068 1698 1098 nohis
1716 1065 1903 1105 huJusmodi
1919 1064 2074 1094 examinis
2091 1063 2155 1092 exi-

1158 1140 1171 1154 n
1198 1131 1265 1156 tum
1281 1124 1486 1154 referendum
1507 1121 1725 1153 commisimus
1746 1118 1921 1148 venerabili
1942 1117 2031 1146 tratri
2051 1120 2158 1145 nostro

1199 1204 1219 1211 ..
1232 1180 1376 1219 episcopo
1387 1177 1527 1208 Ostiensi
1539 1187 1545 1213 ς
1562 1185 1616 1215 per
1628 1183 1723 1213 quem
1736 1173 1907 1210 diligenter
1918 1170 2029 1201 eodem
2042 1169 2159 1199 exami-

1159 1247 1173 1262 »
1199 1239 1272 1264 nato
1287 1232 1413 1273 negotio
1429 1235 1460 1261 et
1474 1239 1568 1269 super
1584 1229 1647 1258 11115
1663 1237 1725 1266 que
1736 1235 1841 1257 coram
1855 1234 1892 1255 eo
1907 1229 1975 1254 acta
1989 1228 2065 1254 sunt
2079 1224 2160 1253 facta

1161 1300 1175 1314 ν
1198 1287 1289 1317 nobis
1302 1294 1407 1316 coram
1424 1284 1544 1314 eisdem
1561 1282 1713 1312 fratribus
1729 1279 1883 1310 relatione
1899 1277 1998 1313 fideli,
2016 1277 2091 1315 quia
2106 1285 2161 1314 per

1161 1351 1176 1371 ιι
1200 1341 1249 1370 5111
1265 1339 1495 1369 discussionem
1514 1336 1671 1366 examinis
1694 1335 1732 1364 de
1754 1333 1967 1372 predictarum
1991 1330 2161 1360 amotionis

1163 1406 1177 1422 1›
1200 1398 1230 1424 et
1245 1392 1408 1423 electionis
1422 1390 1544 1420 meritis
1560 1389 1725 1427 ipsiusque
1740 1386 1862 1416 ordinis
1878 1389 1971 1419 statu,
1985 1392 2080 1422 quem
2095 1383 2162 1413 fore

1163 1461 1176 1475 n
1201 1448 1400 1477 diversarum
1417 1443 1634 1474 turbationum
1652 1439 1916 1478 multiplicatione
1938 1446 1974 1467 ac
1991 1436 2072 1466 alias
2087 1436 2163 1465 satis

1164 1514 1177 1528 r>
1198 1503 1265 1541 jam
1282 1500 1373 1529 nobis
1389 1497 1530 1528 innotuit
1544 1497 1772 1528 deformatum,
1793 1501 1855 1522 non
1877 1495 1994 1530 poterat
2012 1489 2096 1527 apud
2115 1498 2162 1518 se-

1164 1568 1177 1582 »
1200 1555 1272 1584 dem
1289 1553 1423 1583 eandem
1437 1551 1529 1590 plene
1540 1549 1655 1579 veritas
1669 1546 1820 1580 inveniri,
1835 1554 1891 1575 nos
1904 1544 1943 1573 ad
1958 1547 2080 1581 gratam
2098 1542 2164 1571 Deo

1166 1620 1178 1635 n
1202 1606 1460 1637 reformationem
1490 1603 1590 1641 ipsius
1618 1600 1740 1631 ordinis
1771 1598 2012 1628 intendentes...
2037 1595 2162 1625 vobis...

1166 1674 1178 1689 »
1203 1659 1431 1691 committimus
1461 1666 1516 1696 per
1541 1654 1711 1694 apostolica
1740 1653 1855 1690 scripta
1887 1650 2029 1679 districto
2062 1649 2165 1687 preci-

1167 1728 1179 1742 »
1204 1713 1321 1753 piendo
1343 1710 1570 1741 mandantes...
1593 1711 1750 1746 quatenus
1774 1705 1813 1734 ad
1829 1704 1946 1734 dictam
1969 1703 2100 1732 domum
2117 1705 2164 1737 et,

1167 1781 1180 1795 n
1202 1768 1228 1796 si
1245 1765 1393 1805 expedire
1407 1762 1560 1795 videritis,
1580 1761 1620 1790 ad
1636 1759 1697 1788 alia
1713 1758 1780 1788 loca
1796 1756 1938 1796 ejusdem
1951 1755 2073 1785 ordinis
2096 1763 2165 1792 per-

1204 1819 1356 1851 sonaliter
1373 1816 1557 1846 accedentes
1568 1837 1575 1850 ‚
1599 1810 1968 1843 excommunicationum
1986 1812 2015 1837 et
2032 1815 2166 1845 suspen-

1167 1887 1181 1901 »
1205 1874 1333 1903 sionum
1346 1869 1513 1900 sententiis
1524 1891 1531 1904 ‚
1544 1868 1570 1896 si
1587 1875 1664 1904 quas
1680 1865 1782 1894 dictus
1800 1864 1884 1902 prior
1900 1861 2030 1901 protulit
2046 1860 2096 1890 vel
2113 1868 2169 1898 per

1167 1941 1178 1955 u
1205 1933 1423 1967 quoscumque
1435 1922 1559 1961 judices
1577 1921 1611 1949 in
1628 1927 1778 1958 personas
1795 1916 1936 1955 ejiisdem
1955 1914 2077 1945 ordinis
2097 1913 2171 1943 fecit

1169 1995 1182 2009 n
1206 1984 1275 2020 post
1302 1980 1467 2016 inceptum
1496 1972 1681 2013 hujusmodi
1710 1971 1874 2008 negotium
1898 1967 2112 2007 promulgari7
2141 1969 2172 1995 et

1171 2047 1183 2062 »
1205 2031 1409 2074 juramentis,
1426 2030 1453 2058 si
1469 2029 1577 2066 aliqua
1592 2027 1670 2056 sorte
1688 2025 1753 2054 sint
1774 2023 1902 2062 prestita
1920 2031 1972 2060 per
1990 2029 2050 2059 que
2067 2024 2171 2049 vestro

1170 2101 1183 2115 n
1208 2085 1368 2126 processui
1395 2086 1498 2122 posset
1521 2079 1790 2119 impedimentum
1817 2075 1940 2112 afferri,
1966 2073 2094 2112 penitus
2124 2081 2173 2101 re-

1171 2155 1184 2169 »
1208 2140 1338 2175 1010115,
1357 2138 1395 2167 110
1414 2137 1508 2176 plano
1524 2139 1554 2164 et
1571 2134 1641 2163 sine
1655 2131 1769 2171 judicii
1786 2130 1936 2168 strepitu,
1957 2126 2079 2157 nullius
2096 2134 2171 2156 con-

1171 2209 1185 2224 »
1214 2193 1400 2224 tradictione
1416 2189 1571 2224 admissa,
1590 2187 1645 2216 sed
1661 2195 1697 2215 ex
1714 2184 1818 2214 officio
1836 2180 2054 2211 tautummodo
2071 2187 2174 2217 proce-

1173 2262 1186 2276 »
1211 2247 1326 2283 dendo,
1341 2255 1377 2275 ex
1389 2244 1515 2281 integro
1526 2241 1564 2270 de
1577 2238 1726 2279 predictis
1739 2235 1908 2266 amotionis
1923 2233 2026 2263 causis
2038 2231 2174 2269 aliisque

1174 2316 1187 2330 n
1212 2302 1314 2341 ipsius
1329 2297 1461 2328 animoli
1483 2300 1513 2324 et
1537 2292 1701 2323 electionis
1723 2290 1840 2329 prefate
1866 2296 1901 2317 ac
1923 2286 2015 2316 electi
2032 2283 2174 2320 meritis,

1174 2369 1188 2384 ι»
1213 2362 1337 2384 necnon
1356 2357 1385 2381 et
1405 2351 1488 2381 circa
1508 2355 1657 2387 personas
1673 2345 1752 2374 alias
1770 2342 1913 2381 ejusdem
1929 2339 2051 2370 ordinis
2068 2346 2103 2367 ac
2116 2337 2175 2366 ob-

1175 2422 1188 2437 »
1213 2407 1389 2439 servantias
1404 2402 1566 2441 regulares
1581 2398 1754 2438 inquiratis
1771 2395 1959 2433 diligentius
1975 2398 2175 2431 quecumque

1175 2475 1189 2491 Ἰ)

1176 2529 1190 2544 ἲ)

1151 607 1164 621 1)

1151 661 1164 675 1)

1152 713 1165 728 B

1153 766 1167 780 Ὠ

1154 821 1167 836 5)

1155 875 1168 889 1)

1156 928 1169 942 Σ)

1156 980 1170 995 7)

1159 1193 1165 1208 1

1165 1193 1172 1207 υ

1220 2460 1365 2491 videritis
1380 2455 1584 2496 inquirenda.
1610 2453 1760 2490 Illisque,
1788 2453 1878 2488 prout
1896 2452 1927 2477 et
1943 2445 2070 2485 quando
2086 2452 2176 2481 expe-

1215 2515 1284 2545 dire
1299 2511 1458 2544 videritis,
1486 2507 1639 2538 restitutis
1659 2513 1737 2543 quos
1759 2503 1861 2532 dictus
1879 2500 1962 2540 prior
1982 2502 2048 2538 post
2064 2497 2177 2535 hujus-

1177 2582 1190 2596 »
1215 2567 1302 2598 modi
1329 2564 1491 2603 negotium
1511 2560 1697 2591 inchoatum
1718 2557 1783 2586 suis
1799 2555 1914 2584 dicitur
1930 2548 2179 2582 administratio-

1177 2635 1190 2649 π
1216 2622 1310 2651 nibus
1327 2617 1490 2658 spoliasse,
1507 2612 1672 2650 corrigatis
1687 2615 1716 2640 et
1731 2607 1926 2651 reformetis,
1947 2610 2010 2634 tam
2027 2603 2062 2632 in
2078 2602 2179 2640 capite

1178 2688 1191 2703 n
1217 2683 1314 2714 quam
1330 2673 1363 2701 in
1381 2667 1551 2703 membris⁷
1569 2674 1630 2704 que
1645 2661 1851 2694 correctionis
1867 2658 1972 2689 ofl‘icio
1989 2654 2179 2700 inveneritis

1180 2742 1193 2756 »
1218 2727 1375 2764 indigere.
1398 2724 1444 2757 Et,
1463 2721 1512 2750 vel
1528 2719 1684 2759 predictas
1702 2715 1929 2745 ammotionem
1948 2716 1977 2740 et
1993 2710 2181 2740 electionem

1180 2796 1193 2810 »
1219 2784 1272 2811 aut
1288 2786 1397 2809 earum
1416 2776 1598 2805 alterutram
1618 2769 1785 2803 cassando,
1803 2776 1873 2801 seu,
1893 2765 1920 2795 si
1947 2773 1996 2793 res
2020 2761 2177 2799 exegerit,

1182 2849 1194 2863 n
1219 2842 1322 2865 cassas
1338 2836 1368 2862 et
1383 2829 1489 2860 irritas
1509 2824 1688 2856 nuntiando
1701 2847 1709 2862 ‚
1728 2821 1795 2851 sive
1810 2825 1996 2856 utramque,
2018 2819 2110 2854 prout
2125 2823 2181 2843 ex-

1181 2902 1194 2917 »
1218 2888 1349 2928 pediens
1376 2884 1442 2913 fore
1468 2879 1640 2920 putabitiS‚
1673 2872 1915 2907 confirmando,
1943 2871 2009 2899 sive
2035 2868 2073 2897 de
2102 2874 2182 2896 novo

1183 2956 1195 2970 »
1219 2943 1325 2980 ipsum
1347 2937 1500 2977 priorem7
1525 2933 1550 2962 si
1578 2929 1731 2961 demerita
1754 2929 1821 2966 ejus
1840 2923 2026 2963 exegerint,
2053 2925 2083 2950 et
2104 2919 2182 2949 alios

1183 3010 1196 3024 n
1221 2993 1381 3034 quoslibet
1403 3000 1421 3019 a
1446 2988 1511 3018 suis
1535 2980 1869 3016 administrationibus
1897 2974 2126 3010 ί1111111011011110,
2149 2980 2184 3002 ac

1185 3063 1197 3077 n
1222 3048 1316 3078 etiam
1333 3045 1410 3075 alias
1426 3042 1510 3072 circa
1525 3041 1736 3069 memoratum
1750 3033 1898 3065 ordinem
1919 3035 1949 3061 et
1969 3036 2118 3068 personas
2134 3026 2182 3064 ip-

2028 3095 2043 3121 6
