2477 3637
331 398 387 428 118
1076 394 1312 426 REGISTRES
1334 395 1389 426 DE
1411 394 1594 426 NICOLAS
1616 394 1673 424 IV.

371 477 384 492 α
402 464 483 495 Cum
500 473 554 494 vos
569 463 646 493 ad...
660 462 781 492 —Dat.
799 462 912 499 Reate,
927 471 958 491 vx
969 461 1121 492 kalendas
1136 462 1235 501 junii,
1247 470 1333 492 anno

326 527 440 558 primo.
463 529 476 545 ι,

397 717 484 746 593
964 714 1049 746 Rieti,
1062 714 1095 741 ‘28
1110 715 1165 741 mai
1182 714 1259 742 1288.

365 778 400 805 Ut
417 787 513 813 supra.
532 778 614 810 (Rau.
633 778 674 809 44,
692 786 716 804 c.
736 777 777 809 97,
796 778 815 804 s.
833 777 866 805 92
882 779 928 809 1¹⁰.)

367 895 484 924 Dilectis
499 896 574 931 liliis
589 918 608 924 ..
624 896 781 932 potestati,
805 895 929 924 consilio
947 897 972 923 et
996 895 1151 923 communi
1175 894 1330 931 Fuliyina-

327 949 404 978 tibus
423 948 553 978 mandat
574 953 732 987 quatenus
748 948 944 987 supradictos
963 946 1156 983 cardinales,
1174 956 1274 986 quum
1291 946 1331 977 ad

326 1010 437 1032 eorum
459 1006 574 1031 terram
597 1001 821 1040 pervenerint,
845 1009 919 1030 cum
939 1000 1186 1031 honorificentia
1208 1005 1238 1030 et
1254 1000 1331 1030 obe-

326 1054 450 1085 dientia
468 1055 633 1094 recipiant.

368 1121 380 1134 «
401 1108 482 1138 Cuin
500 1108 631 1138 dilectos
651 1108 770 1138 filios...
788 1125 825 1130 —
848 1108 919 1137 Dat.
946 1095 1062 1144 ReateJ
1075 1117 1094 1137 v
1110 1107 1264 1137 kalendas
1278 1107 1331 1146 ju-

325 1162 387 1198 nii,
407 1170 492 1192 anuo
509 1162 620 1201 primo.
640 1173 653 1189 r»

393 1360 480 1388 594

358 1422 402 1448 De
418 1423 598 1449 matrimonio
616 1423 690 1449 inter
698 1423 877 1454 Miehafflem,
894 1423 983 1450 filium
996 1424 1157 1450 Andronici
1172 1423 1328 1459 Palefflogi,

322 1475 350 1496 et
368 1470 538 1503 Caterinam,
555 1471 640 1497 filiuni
662 1471 797 1506 Philippi,
819 1472 1001 1507 imperatoris
1020 1471 1330 1507 Constantinopolitani

324 1520 528 1546 contrahendo.
552 1519 632 1552 (Res.
651 1520 694 1552 44,
711 1529 737 1547 c.
755 1520 798 1554 28,
816 1521 834 1547 f.
852 1520 885 1548 92
902 1528 943 1554 r⁰;
961 1521 1027 1548 Lar.
1044 1530 1079 1548 nu
1099 1521 1196 1553 Tuan..
1214 1521 1236 1552 Ι,
1257 1522 1327 1554 157.)

966 1360 1052 1393 Rieti,
1070 1361 1084 1387 3
1099 1360 1163 1395 juin
1183 1360 1258 1387 1288.

363 1637 469 1666 Dilecto
483 1637 547 1673 lilio
564 1638 661 1666 nobili
678 1638 744 1666 viro
767 1637 903 1673 Roberto‚
927 1638 1030 1667 comiti
1050 1639 1256 1675 Atrebatem-si,
1277 1639 1329 1667 ba-

317 1690 384 1727 julo
408 1692 494 1727 regyni
518 1690 621 1719 Sicilie
640 1700 693 1728 per
710 1691 806 1720 sedem
832 1691 1025 1728 apostoticam
1048 1693 1219 1721 constituto.
1247 1691 1329 1721 Eum

322 1742 468 1773 hortatur
483 1748 515 1773 ut
531 1752 549 1773 a
565 1736 695 1774 tractatu
714 1753 808 1782 super
824 1744 1030 1774 matrimonio
1048 1745 1266 1775 contrahendo
1280 1745 1329 1775 in-

324 1800 370 1826 ter
395 1797 535 1827 nobilem
560 1797 665 1827 virum
691 1796 898 1834 Michaelem,
921 1797 1040 1827 nobilis
1063 1798 1124 1827 viri
1146 1798 1329 1829 Andronici

322 1849 485 1888 Paleologi
506 1850 766 1888 primogenitum,
784 1854 812 1880 et
827 1850 1021 1888 Caterinam,
1039 1851 1255 1889 domicellam,
1272 1860 1329 1881 na-

322 1907 386 1932 tam
405 1903 507 1933 clarae
530 1905 701 1934 memoriae
724 1900 895 1943 phylippi,
919 1905 1119 1943 imperatoris
1141 1904 1326 1935 Constanti-

322 1956 497 1995 nopolitani
510 1981 517 1994 ,
546 1966 611 1987 non
635 1957 724 1996 prius
747 1957 872 1987 recedat
892 1967 990 1996 quam
1010 1967 1105 1997 super
1127 1959 1187 1989 hoc
1207 1982 1226 1988 ..
1244 1959 1327 1997 regis

321 2009 474 2039 Franciae
491 2011 731 2049 responsionem
747 2012 912 2050 receperit.

363 2076 376 2089 «
394 2063 525 2094 Litteras
543 2069 610 2094 tuas
631 2065 847 2104 recepimus...
870 2082 908 2086 —
933 2065 1004 2095 Dat.
1028 2066 1144 2103 Reate,
1168 2076 1203 2096 111
1225 2074 1327 2096 nonas

318 2114 419 2152 junii,
437 2123 522 2145 anno
538 2116 651 2154 primo.
673 2128 686 2142 τι

389 2316 580 2344 595-596
942 2317 1028 2350 Rieu,
1046 2318 1079 2344 27
1093 2318 1157 2352 juin
1176 2318 1253 2346 1288.

354 2377 592 2405 Bartholomaeus
614 2379 750 2405 statuitur
772 2378 860 2406 Urbis
884 2379 1017 2406 vicarius.
1040 2379 1122 2412 (Rea.
1149 2380 1200 2412 44,
1225 2388 1250 2407 c.
1276 2380 1322 2413 29,

318 2428 338 2454 f.
355 2427 388 2454 9⁵3
403 2429 453 2461 vv.)

364 2538 528 2567 Venerabili
543 2539 637 2574 fratri
652 2538 873 2572 namnetorum,
889 2539 1022 2576 episeopo
1038 2538 1221 2569 Grossetano.
1240 2539 1323 2570 Eum

316 2591 350 2620 in
367 2591 454 2621 Urbe
474 2591 629 2621 vicarium
645 2600 739 2621 suum
759 2591 884 2628 statuit,
907 2591 1000 2631 eique
1017 2603 1030 2618 ιι
1048 2592 1082 2621 111
1102 2593 1322 2631 spiritualibus

316 2645 441 2675 casibus
459 2644 630 2681 visitandi,
654 2644 836 2682 corrigendi
857 2649 888 2674 et
902 2645 1156 2684 reformandi...‚
1174 2655 1208 2676 ac
1231 2646 1321 2676 dedi-

316 2698 409 2727 candi
427 2697 576 2728 ecclesias
594 2703 624 2727 et
643 2707 694 2727 eas
709 2707 746 2728 ac
765 2698 925 2728 cimiteria
943 2698 1192 2736 reconciliandi,
1210 2708 1322 2730 conse-

317 2751 426 2781 crandi
454 2752 585 2788 altaria,
619 2760 743 2781 necnon
769 2751 982 2782 benedicendi
1005 2757 1036 2782 et
1061 2753 1256 2791 crismaudi‚
1285 2761 1322 2784 ac

317 2805 410 2834 etiam
428 2805 613 2835 conterendi
628 2805 756 2836 ordines
772 2806 917 2844 personis
931 2806 1066 2845 ydoneis
1084 2807 1122 2836 de
1137 2807 1225 2837 Urbe
1243 2819 1255 2834 n
1275 2806 1319 2836 li-

316 2858 453 2887 centiam
468 2859 655 2888 concedens.

358 2923 370 2937 u
392 2911 479 2940 Licet
498 2912 537 2940 ad
555 2916 722 2942 cunctos...
739 2930 777 2934 —
798 2913 870 2942 Dat.
889 2913 1002 2950 Reate,
1020 2923 1040 2942 v
1055 2912 1208 2943 kalendas
1220 2913 1295 2952 julii
1309 2937 1316 2951 ,

314 2973 399 2994 anno
417 2965 528 3003 primo.
547 2977 559 2991 ι

356 3017 391 3047 Iu
413 3026 438 3047 ο.
459 3028 501 3047 m.
523 3019 605 3048 clero
623 3019 719 3049 Urbis
736 3019 866 3050 mandat
882 3024 915 3050 ut
929 3020 1014 3050 dicto
1030 3020 1266 3058 Bartholomeo,
1283 3020 1318 3050 in

316 3072 378 3101 hiis
395 3081 475 3110 quae
491 3072 528 3100 ad
547 3072 684 3102 vicariae
700 3077 842 3111 spectant
856 3073 1010 3111 officium,
1027 3073 1187 3104 obediant.

1485 461 1571 490 59⁵⁷

1450 523 1554 550 Contra
1569 522 1720 554 Jacobum,
1738 526 1836 550 natum
1853 522 1998 558 quondam
2010 522 2088 550 Petri
2103 523 2180 558 regis
2195 523 2372 559 Aragonum,
2387 529 2415 554 ot

1415 571 1529 599 Siculos
1544 572 1571 598 ei
1586 571 1784 598 adhaerentes.
1800 571 1882 606 (Rea.
1899 572 1931 598 44
1942 593 1949 606 ‚
1967 579 1993 598 c.
2009 571 2053 603 30,
2070 572 2089 598 f.
2106 572 2139 599 92
2156 574 2206 605 νο.)

1943 459 2147 492 Saint-Pierre,
2166 460 2181 488 6
2197 461 2253 488 mai
2269 460 2344 489 1‘288.

1453 689 1497 717 Ad
1521 689 1733 718 certitudinem
1754 689 1939 725 presentium
1962 693 1989 717 ει
2017 689 2197 717 memoriam
2224 689 2421 724 futurorumt.

1411 741 1580 779 Jacoburn,
1599 745 1709 771 natum
1725 740 1887 780 quondam
1899 740 1987 770 Petri
2006 741 2090 779 regis
2107 741 2307 779 Aragonum,
2321 745 2352 772 et
2364 740 2428 793 Sit-vj

1412 793 1500 824 culos
1517 795 1546 824 ei
1566 793 1768 824 consulentes
1783 797 1892 823 monet
1906 797 1942 823 ut
1955 797 2029 823 ante
2044 794 2161 824 festum
2177 794 2260 824 beati
2277 793 2394 826 Micha

1413 847 1453 877 lis
1471 847 1656 886 archangeli
1679 847 1800 877 mensis
1822 847 2010 886 septembris
2035 847 2075 877 ad
2095 847 2246 877 ecclesiae
2267 847 2418 878 manda‘

1413 901 1555 937 redeant,
1589 901 1731 939 alioquin
1755 905 1864 931 contra
1887 909 1938 930 eos
1969 900 2126 939 procedet.
2156 901 2199 932 Ut
2230 901 2374 940 hujusm
2387 897 2415 936 υἷ’

1414 963 1579 994 processus
1595 955 1636 984 ad
1664 963 1870 984 communem
1893 954 2039 984 omnium
2063 954 2208 984 notitiam
2232 954 2406 987 deducatur-⁴

1414 1013 1514 1039 cartas
1541 1009 1608 1038 sive
1630 1009 1834 1039 membranas
1855 1017 2040 1047 processum
2055 1009 2256 1038 continentes
2271 1009 2307 1038 in
2330 1008 2417 1040 basi.

1412 1062 1493 1092 licae
1509 1062 1672 1101 Principis
1687 1062 1901 1101 apostolorum
1917 1062 1956 1091 de
1973 1062 2059 1092 Urbe
2073 1062 2164 1092 ostiis
2181 1061 2232 1092 vel
2247 1061 2306 1092 sub
2317 1061 2398 1093 lumi
2412 1077 2420 1083 --

1415 1116 1546 1145 naribus
1563 1116 1701 1155 appendi
1720 1116 1823 1146 saciet.
1840 1116 1914 1145 Jam
1931 1124 2034 1154 nuper
2052 1116 2085 1145 in
2102 1115 2152 1146 die
2166 1115 2271 1146 Cenae
2284 1115 2393 1148 Domi·
2404 1117 2418 1147 ’ἡ

1414 1169 1559 1207 proximo
1568 1170 1748 1208 praeterita,
1761 1173 1926 1208 praesente
1938 1169 2084 1199 fidelium
2094 1168 2315 1206 multitudine,
2327 1178 2393 1209 pra

1413 1221 1492 1251 fatos
1506 1222 1662 1252 Jacoburn
1680 1226 1710 1252 et
1725 1222 1850 1252 Siculos
1866 1227 2035 1253 monuerat
2051 1227 2086 1252 ut
2101 1222 2141 1252 ad
2161 1221 2312 1253 ecclesiae
2326 1231 2418 1254 man

1414 1275 1485 1304 data
1503 1275 1656 1305 redirent.
2410 1272 2415 1280 ’

1459 1341 1471 1355 α
1488 1329 1621 1359 Dudum
1637 1334 1729 1368 prout
1742 1330 1845 1368 jam...
1866 1347 1904 1351 —
1919 1331 2036 1360 Actum
2054 1330 2155 1360 Rome
2170 1330 2204 1360 in
2220 1329 2352 1360 basilica
2368 1337 2382 1360 s
2402 1342 2415 1355 .-
2440 1335 2442 1338 ’

1413 1382 1566 1420 pradicta,
1590 1382 1625 1411 in
1642 1382 1694 1412 die
1709 1383 1918 1413 Ascensionis
1935 1383 2080 1421 Domini,
2098 1382 2300 1422 pontificatus
2318 1386 2415 1426 nostj

1413 1441 1498 1464 anno
1513 1435 1625 1473 primo.
1649 1447 1661 1462 »ι

1482 1622 1570 1651 598
2031 1623 2118 1656 Rieti,
2138 1625 2170 1652 13
2185 1625 2254 1652 aaut
2269 1624 2347 1653 1288.

1448 1684 1583 1720 Disponit
1603 1683 1638 1710 de
1659 1684 1820 1719 praebenda
1841 1685 1869 1712 in
1891 1686 2013 1712 ecclesia
2037 1686 2246 1715 Xanctonensi.
2263 1687 2346 1722 (Reo-
2362 1689 2415 1719 44,

1411 1743 1437 1761 c.
1454 1735 1497 1768 31,
1514 1735 1533 1761 f.
1553 1734 1585 1761 93
1602 1733 1648 1768 ro.)
1700 1730 1704 1734 '

1449 1851 1494 1879 Ad
1506 1855 1681 1888 perpetuam
1695 1852 1740 1880 rei
1756 1852 1949 1880 memoriam.
1967 1851 2201 1890 Praebeudam,
2215 1861 2271 1892 per
2280 1857 2426 1887 mon-⁷1¹2„

1411 1903 1573 1942 quondam
1591 1902 1760 1933 Guillelmi
1777 1903 1900 1942 Helyae
1920 1904 1954 1933 in
1974 1904 2107 1935 ecclesia
2122 1905 2346 1937 Xanctonensi
2360 1916 2389 1937 v
2407 1920 2416 1932 τ

1411 1961 1547 1993 cantem,
1562 1956 1601 1986 de
1616 1965 1679 1995 qua
1694 1949 1836 1995 quaestio
1850 1957 1935 1993 inter
1950 1957 2128 1988 Martinum
2144 1958 2289 1997 Clavelli,
2300 1959 2408 2000 physi

1411 2019 1500 2047 cum,
1518 2015 1548 2040 et
1565 2010 1756 2040 Gaufridum
1774 2010 1813 2040 de
1828 2011 1952 2050 Ruppe,
1970 2012 2140 2043 canonicos
2157 2012 2411 2046 Xanctonenses'

1411 2069 1518 2094 exorta
1536 2068 1602 2102 est,
1624 2064 1693 2094 vult
1712 2068 1748 2094 ut
1764 2064 1905 2095 obtineat
1922 2065 2099 2103 Martinus,
2117 2066 2143 2095 si
2161 2065 2216 2097 hic
2230 2067 2284 2106 jus
2302 2066 2393 2098 hah
2410 2069 2431 2099 ³7ss

1411 2119 1445 2148 in
1474 2118 1603 2155 eadem3
1627 2118 1654 2148 si
1673 2126 1748 2148 vero
1764 2119 1818 2157 jus
1843 2127 1908 2149 non
1935 2119 2064 2155 habeat,
2090 2123 2145 2149 aut
2170 2120 2420 2152 1113111111οηίοΓ-

1410 2171 1592 2207 contrahat,
1610 2171 1744 2202 eandem
1760 2171 1925 2202 donationi
1940 2172 2128 2212 apostolicae
2142 2177 2294 2204 reservat.

1451 2238 1464 2252 «
1485 2225 1566 2256 Cum
1581 2225 1667 2255 inter
1683 2225 1852 2255 dilectos..
1868 2241 1908 2248 -
1924 2225 1995 2255 Dat.
2014 2226 2125 2264 Reate,
2145 2226 2253 2258 idibus
2267 2225 2395 2266 augusti
2408 2256 2412 2262 ,.

1409 2287 1494 2309 anno
1510 2279 1624 2317 primo.
1643 2291 1655 2305 ι

1477 2470 1564 2498 599
2003 2470 2091 2503 Rieti.
2107 2471 2141 2499 23
2152 2471 2248 2507 juillet
2263 2471 2341 2500 1288.

1441 2532 1565 2559 Litterae
1585 2532 1620 2559 ad
1642 2532 1790 2566 Urostum,
1816 2541 1913 2568 regem
1937 2534 2116 2562 Sclavorum.
2142 2533 2224 2569 (Rso.
2242 2534 2294 2568 44,
2317 2542 2343 2563 c.
2366 2484 2426 2588 39³

1405 2582 1424 2608 f.
1442 2580 1475 2608 93
1490 2587 1529 2615 r⁰;
1548 2580 1666 2613 Porri-L,
1682 2581 1792 2615 2‘2757.)
2391 2599 2408 2630 ἁ

1451 2697 1518 2726 Viro
1538 2698 1698 2736 maqnifico
1719 2698 1832 2735 Urosio,
1852 2699 1968 2729 illustri
1982 2701 2048 2738 reyi
2061 2699 2241 2730 Sclavorum
2251 2722 2260 2737 ,
2276 2700 2379 2739 qratia

1403 2760 1456 2789 per
1480 2761 1574 2789 quam
1599 2752 1732 2790 yloriam
1757 2754 1887 2782 obtineat
1913 2755 1946 2783 in
1966 2754 2081 2790 futuro.
2110 2753 2193 2784 Eum
2210 2753 2356 2785 hortatur
2386 2754 2398 2758 '⁷

1403 2804 1471 2844 ipse
1487 2813 1560 2834 cum
1577 2813 1633 2835 suo
1649 2805 1764 2845 populo
1780 2806 1819 2835 ad
1836 2806 1957 2837 Christi
1969 2806 2067 2837 fidem
2079 2806 2204 2844 veniat3
2219 2807 2312 2847 eique
2324 2813 2392 2838 nun

1405 2858 1462 2888 tiat
1478 2867 1511 2888 se
1530 2857 1569 2887 ad
1589 2867 1663 2888 eum
1679 2859 1930 2890 convertendum
1949 2859 2113 2890 Marinum
2133 2863 2164 2891 et
2185 2859 2384 2900 Cyprianum

1403 2911 1442 2942 de
1460 2911 1594 2942 fratrum
1610 2912 1773 2943 minorum
1796 2913 1908 2944 ordine
1921 2937 1928 2951 ,
1948 2913 2063 2944 latores
2078 2913 2314 2953 praesentium,
2331 2911 2377 2943 mi
2396 2947 2398 2949 ,

1405 2968 1481 2995 tere.
2387 2981 2403 2998 «1

1444 3031 1457 3046 α
1475 3019 1584 3049 Eterni
1601 3020 1696 3058 patris
1712 3020 1910 3051 immensa...
1930 3037 1969 3044 —
1992 3021 2064 3052 Dat.
2082 3021 2180 3052 Reate
2193 3045 2200 3058 ‚
2221 3029 2241 3051 x
2255 3018 2417 3058 kalendas·

1401 3073 1550 3111 augusti,
1568 3081 1653 3104 anno
1669 3074 1784 3113 primo.
1804 3087 1818 3102 »
