2477 3637
193 356 249 414 392
504 385 507 389 “
548 387 550 389 ’
936 368 1172 402 REGISTRES
1194 368 1248 399 DE
1270 367 1454 398 NICOLAS
1476 367 1532 397 IV.

192 448 328 489 populus
341 470 349 483 ,
376 452 492 483 magno
512 442 669 472 desiderio
701 441 821 469 ferveas
841 443 872 468 et
889 437 1033 469 sollerter
1051 436 1197 475 exquiras

194 507 229 532 ut
247 510 300 540 per
315 497 525 529 laudabilium
542 494 727 524 exercitium
743 492 907 522 actionum
926 491 970 521 sic
989 499 1047 520 suo
1065 489 1198 520 creatori

195 553 387 592 complaceat
403 554 435 580 ut
455 549 564 578 salutis
587 545 751 577 commoda
775 548 955 581 mereatur,
973 543 1056 582 quod
1079 543 1200 581 absque

194 608 295 647 ipsius
311 603 531 636 observatione
549 600 640 633 fidei.
659 608 721 638 que
743 602 848 628 reatus
866 602 1039 636 expurgat,
1059 596 1200 626 maculas

195 660 308 695 diluit,
329 657 440 696 nequit
460 655 587 694 penitus
611 653 788 692 pervenire.
815 651 952 690 Ideoque
970 650 1200 680 fraternitatem

197 719 283 744 tuam
297 710 437 751 paternis
452 709 657 739 exhortamur
673 706 838 736 affectibus
853 709 884 735 et
898 705 932 734 in
949 704 1015 734 filio
1028 704 1088 734 Dei
1105 703 1202 742 patris

195 766 253 796 tibi
284 763 417 794 sinceris
448 761 611 791 mentibus
639 759 813 789 suademus
839 763 996 798 quatenus
1023 757 1063 787 ad
1092 757 1202 787 obser-

197 818 333 849 vandam
365 816 460 846 fidem
492 813 703 848 catholicam,
731 822 850 852 quam,
880 812 960 842 sicut
985 809 1202 849 premittitur,

198 876 282 902 tenet
299 874 329 900 et
345 874 449 900 servat
468 876 600 898 romana
615 866 749 897 ecclesia
769 866 978 901 inconcusse,
995 872 1030 893 ac
1048 862 1145 892 etiarn
1165 861 1205 890 ad

197 926 297 965 ipsius
327 923 457 954 ecclesie
489 922 662 956 unionem,
694 920 818 950 sublato
844 917 1016 958 cujuslibet
1047 914 1204 945 tarditatis

198 976 359 1009 obstaculo
377 981 407 1006 et
425 975 559 1005 nexibus
577 973 778 1004 difficultatis
795 972 948 1008 effractis,
966 960 1100 1000 festinus
1116 977 1204 998 acce-

198 1032 299 1067 leres,
319 1034 480 1070 promptus
499 1028 650 1057 advenias
665 1052 670 1063 .
688 1035 834 1057 occurras
851 1030 1061 1064 spontaneuS,
1081 1022 1205 1052 studio·

200 1095 253 1117 sus
277 1084 408 1115 accedas
421 1107 428 1120 ‚
457 1091 493 1113 eo
521 1082 651 1120 majoris
680 1080 898 1110 retributionis
926 1078 1046 1118 premia
1075 1075 1207 1115 proinde

200 1142 428 1170 consecuturus
449 1145 467 1165 a
484 1135 621 1165 Domino
644 1143 706 1173 quo
733 1133 839 1172 plnres
864 1132 901 1162 ad
927 1132 959 1161 id
986 1136 1038 1160 tuo
1063 1128 1207 1167 exemplo

200 1191 355 1223 laudabili
374 1190 534 1225 evocabis‚
552 1197 624 1218 cum
643 1187 732 1218 facile
751 1187 833 1217 trahi
857 1185 955 1216 soleat
970 1185 1004 1214 in
1025 1182 1206 1221 exemplum

201 1255 220 1276 a
243 1244 377 1275 subditis
408 1242 492 1282 quod
523 1242 573 1280 agi
602 1241 798 1280 conspicitur
822 1249 840 1269 a
865 1239 1005 1279 prelatis.
1035 1238 1207 1275 Spei-amus

203 1299 320 1330 etenim
338 1304 520 1335 magnaque
537 1295 654 1324 fiducia
669 1293 818 1324 ducimur
833 1291 917 1331 quod
934 1291 1089 1330 premissa
1104 1288 1208 1318 liben-

203 1356 250 1382 ter
265 1356 295 1381 et
310 1351 478 1381 efficaciter
496 1348 704 1386 adimplebis,
725 1347 902 1384 subjectum
923 1345 978 1374 tibi
999 1343 1151 1382 populum
1169 1341 1208 1371 ad

203 1413 239 1435 ea
260 1403 433 1441 diligenter
449 1407 478 1431 et
495 1400 628 1431 sollicite
647 1398 846 1435 inducendo,
868 1407 941 1427 cum
966 1397 1047 1427 sicut
1075 1395 1209 1425 dilectus

150 1488 153 1489 γ
203 1457 290 1488 filius
313 1457 408 1486 frater
422 1455 588 1485 Johaunes
613 1453 651 1483 de
672 1451 931 1486 Montecorvino,
958 1449 996 1479 de
1018 1448 1129 1479 ordine
1145 1447 1209 1476 fra-

204 1516 288 1542 trum
304 1510 481 1545 minorum‚
498 1508 579 1538 lator
596 1506 806 1547 presentium,
824 1505 926 1535 multa
944 1505 1027 1534 bona
1046 1501 1210 1540 multaque

204 1563 377 1595 laudabilia
392 1570 498 1601 opera,
515 1570 578 1600 que
593 1561 730 1590 letanter
745 1559 941 1593 audivimus,
958 1558 997 1586 de
1017 1557 1078 1586 tuis
1094 1554 1210 1584 studiis

205 1618 297 1648 nobis
308 1616 435 1647 duxerit
448 1614 625 1645 referenda.
641 1613 776 1651 Suscipe
786 1612 886 1650 igitur
899 1614 1081 1640 reverenter
1096 1608 1210 1638 exhor-

207 1671 359 1701 tationem
395 1669 551 1698 sinceram
590 1672 621 1697 et
655 1666 815 1696 salubrem
854 1664 986 1694 devotus
1019 1662 1211 1702 amplectere

206 1724 324 1756 Christi
341 1722 453 1753 vicarii
478 1721 660 1758 suadelam,
680 1720 726 1750 sic
749 1724 778 1750 te
798 1717 1001 1748 laudabiliter
1017 1725 1126 1755 gerere
1144 1720 1212 1745 stu-

207 1778 280 1808 deas
299 1776 339 1807 ad
362 1776 518 1806 honorem
541 1779 572 1804 et
594 1774 729 1813 gloriam
754 1773 902 1803 omnium
927 1770 1101 1801 conditoris
1121 1773 1157 1799 ut
1177 1769 1211 1798 in

207 1834 377 1870 conspectu
407 1830 475 1868 ejus
499 1828 643 1858 reddaris
672 1825 830 1866 acceptior
855 1824 983 1855 cumulo
1009 1824 1210 1853 meritorum.

207 1884 356 1915 Ceterum
371 1883 529 1913 instanter
546 1881 724 1920 expetimus
741 1884 775 1911 ut
790 1879 929 1910 eundem
953 1879 1080 1908 fratrem
1097 1881 1127 1906 et
1144 1877 1212 1915 ejus

207 1939 306 1969 socios
324 1936 498 1976 spetialiter
509 1936 626 1965 habeas
642 1933 891 1967 commendatos,
909 1933 1057 1971 ipsosque
1072 1930 1213 1968 henigne

207 2000 243 2021 ac
257 1990 473 2021 favorabiliter
489 1987 692 2027 prosequaris
706 2012 712 2024 ,
732 1991 775 2022 ut,
793 1986 846 2016 tali
863 1990 893 2016 et
910 1989 995 2015 tanto
1011 1983 1130 2014 muniti
1146 1992 1214 2022 pre-

208 2044 288 2074 sidio
302 2067 307 2079 ,
325 2042 436 2073 utilius
453 2047 482 2073 et
498 2042 661 2072 comodius
677 2041 708 2070 in
727 2040 905 2069 ministerio
921 2048 953 2068 se
967 2047 1076 2076 gerere
1089 2037 1214 2067 valeant

207 2097 290 2137 quod
307 2101 454 2127 exercent
467 2100 497 2125 et
515 2096 554 2125 ad
571 2094 699 2124 laudem
715 2093 817 2123 divini
837 2092 978 2123 nominis
993 2100 1088 2130 opera
1103 2090 1212 2120 effica-

209 2151 271 2180 tius
287 2149 436 2189 prosequi
453 2150 531 2179 Jesu
557 2148 687 2178 Christi.
716 2147 759 2177 Ut
775 2151 882 2176 autem
904 2145 938 2174 in
961 2145 1023 2174 fide
1038 2144 1215 2174 christiana

208 2203 349 2242 predicta
366 2201 493 2241 plenius
509 2207 538 2231 et
555 2200 669 2231 melius
685 2200 789 2230 valeas
802 2199 880 2229 alios
896 2198 1081 2233 informare,
1097 2197 1214 2226 dictam

208 2256 305 2287 fidem
321 2261 350 2286 et
368 2256 436 2295 ejus
452 2256 587 2285 sormam
606 2253 809 2293 presentibus
826 2253 959 2282 fecimus
975 2250 1135 2287 annotari,
1153 2258 1214 2289 que

208 2310 286 2340 tales
307 2314 382 2339 sunt
411 2318 417 2339 :
446 2308 614 2339 Credimus
639 2307 787 2351 Sanctam
811 2306 1012 2341 Trinitatem,
1031 2304 1158 2334 Patrem
1186 2308 1216 2332 et

209 2363 329 2394 Filium
352 2369 382 2393 et
401 2362 557 2401 Spiritum
573 2361 725 2392 Sanctum
743 2364 814 2396 etc.,
837 2363 870 2389 ut
890 2359 1024 2389 habetur
1044 2362 1216 2395 regestrata

209 2417 243 2446 in
261 2421 401 2455 regesti-o
417 2416 512 2455 primi
530 2415 608 2445 anni
627 2414 803 2444 litterarum
823 2413 912 2443 curie
927 2411 1071 2451 ejusdem
1093 2409 1217 2440 domini

209 2469 348 2507 Nicolai‚
365 2477 432 2508 cap.
450 2472 518 2498 xur‘
534 2467 589 2507 (1),
606 2476 706 2506 usque
718 2467 789 2497 Dat.
806 2466 914 2502 Reate,
926 2464 1020 2495 nonis
1034 2463 1118 2503 julii,
1131 2471 1216 2493 anno

210 2522 360 2554 secundo.
379 2535 393 2551 ι)

250 2576 288 2606 Iu
305 2585 332 2606 e.
350 2585 393 2605 m.
417 2574 577 2606 Sacerdoti
592 2598 601 2613 ,
617 2574 706 2604 fratri
727 2597 746 2604 ..
766 2573 963 2612 patriarchae
985 2571 1214 2602 Jacobitarum.

800 2668 892 2703 Rieu,
912 2667 1050 2702 15juillct
1066 2665 1144 2694 1289.
1164 2676 1167 2678 ·

253 2747 288 2776 In
315 2757 341 2777 e.
365 2756 408 2777 m.
431 2769 454 2777 ..
479 2746 676 2786 patriarchae
693 2745 972 2776 Nestorianorum.
1002 2744 1073 2773 Dat.
1098 2743 1215 2779 Reate,

211 2800 315 2830 idibus
329 2800 420 2839 julii,
438 2809 524 2831 auno
540 2800 690 2831 secundo.

255 2854 291 2882 In
308 2863 334 2883 e.
354 2863 395 2883 m.
416 2877 436 2885 ..
454 2854 653 2893 patriarchae
671 2852 936 2891 Georgiauorum.

254 2906 291 2935 In
308 2916 334 2936 e.
352 2916 395 2936 m.
415 2930 435 2937 ..
456 2907 654 2946 patriarchae
669 2909 897 2937 Armenorum.

245 3050 278 3080 (1)
296 3051 330 3074 N⁰
347 3051 398 3075 572.

1889 432 1980 465 Rieti,
1997 434 2011 460 7
2025 433 2121 468 juillet
2136 432 2213 461 1289.

1321 497 1359 526 In
1376 505 1403 526 e.
1422 505 1464 526 m.
1484 519 1504 527 ..
1524 495 1762 534 archiepiscopo
1779 494 1957 534 Ethiopiae.
1976 495 2047 527 Dat.
2066 496 2175 531 Reate,
2191 495 2286 526 nonis
2335 503 2338 508 ·
2468 482 2477 511 Ε

1279 549 1365 589 julii,
1383 557 1469 579 anno
1486 547 1636 578 secundo.

1872 600 1965 633 Rieu,
1984 602 2122 637 15juitlet
2140 601 2216 630 1289.
2468 587 2477 616 l

1322 665 1360 695 In
1378 673 1406 694 e.
1423 673 1467 695 m.
1488 664 1748 704 archiepiscopis,
1766 664 1922 703 episcopis
1938 668 1968 694 et
1983 663 2055 694 aliis
2069 663 2288 695 Jacobitarum
2304 691 2307 694 ,
2456 644 2477 675 ⁶⁶

1284 718 1443 758 praelatis.
1464 718 1535 749 Dat.
1556 718 1667 755 Reate,
1685 718 1794 748 idibus
1807 717 1894 756 julii,
1918 726 2002 749 anuo
2016 717 2168 748 secundo.
2187 708 2189 710 ¹
2306 700 2310 707 Ι
2455 702 2477 738 ³⁵²³

1324 772 1362 802 In
1385 780 1414 801 e.
1438 780 1482 801 m.
1509 771 1773 811 archiepiscopis,
1795 770 1950 810 episcopis
1972 774 2002 801 et
2021 770 2093 801 aliis
2115 769 2292 801 Armeniae
2467 763 2471 774 ‘

1284 824 1443 865 praelatis.

1326 879 1363 909 In
1390 887 1417 908 e.
1436 887 1480 909 m.
1505 878 1774 918 archiepiscopis,
1791 877 1945 917 episcopis
1961 882 1991 907 et
2011 876 2082 908 aliis
2097 877 2291 916 Georgiano-
2465 892 2477 922 Μ

1285 941 1357 962 rum
1375 931 1534 971 praelatis.
2453 947 2477 978 ω

1326 986 1365 1015 In
1383 995 1412 1016 e.
1433 995 1477 1015 m.
1496 986 1652 1024 episcopis
1670 990 1701 1015 et
1715 984 1786 1015 aliis
1804 984 1971 1024 Ethiopiae
1987 983 2148 1023 praelatis.

2055 1157 2065 1166 θ
2471 1120 2477 1147 l

1359 1186 1476 1215 2228
1899 1184 1988 1215 Rieti,
2006 1185 2020 1211 7
2035 1183 2224 1219 juittet1289.
2271 1187 2273 1190 ⁴
2292 1167 2295 1202 ἓ
2460 1183 2477 1211 ue

1325 1247 1414 1274 Idem.
1433 1248 1515 1282 (Rae.
1532 1248 1576 1283 44,
1597 1256 1623 1275 c.
1640 1248 1682 1280 49,
1701 1248 1719 1274 f.
1738 1247 1788 1275 31‘2
1804 1246 1987 1280 v0;'1>0m1.,
2004 1246 2114 1280 22998.)

2443 1287 2477 1323 *m

1386 1374 1391 1377 .
1473 1377 1478 1382 .
1500 1378 1505 1383 .
1610 1378 1614 1382 .
1752 1378 1756 1382 .
2290 1354 2294 1368 ’
2313 1348 2319 1357 ’
2442 1343 2473 1375 Μ

1338 1377 1502 1406 Vener-abu]
1519 1379 1614 1414 fratrc
1630 1377 1785 1415 Dyonzssszo,
1803 1377 1936 1414 episcopo
1952 1376 1987 1406 in
1998 1376 2138 1414 partibus
2153 1375 2300 1409 Orientis
2442 1388 2444 1390 ’

1290 1431 1417 1460 salutem
1435 1434 1488 1459 etc.
1508 1429 1545 1459 Ei
1570 1429 1748 1467 gratulatur
1769 1429 1809 1460 oh
1829 1429 1978 1459 affectum
1995 1436 2070 1467 erga
2089 1427 2298 1459 christiana-²
2441 1399 2477 1481 m

1292 1483 1387 1514 fidem
1402 1507 1409 1519 ‚
1433 1483 1552 1521 gratias
1567 1483 1633 1521 agit
1650 1483 1690 1513 ob
1708 1482 1859 1522 praestita
1884 1482 2038 1512 fratribus
2053 1481 2176 1512 ordinis
2191 1481 2282 1512 mino
2311 1498 2313 1502 ·
2442 1476 2447 1509 'a
2469 1501 2477 1523 ς

1292 1546 1364 1567 rum
1389 1536 1546 1567 beneficia
1569 1541 1600 1566 et
1623 1536 1663 1566 ad
1687 1535 1958 1575 perseverandum
1985 1535 2021 1565 in
2049 1539 2183 1574 utroque
2207 1534 2299 1566 illus
2441 1517 2477 1588 ἐζ

1293 1590 1489 1621 exhortatur.
2442 1591 2448 1618 ἰ
2467 1582 2471 1587 ”

1335 1656 1349 1671 «
1367 1643 1540 1674 Afssuentis
1556 1643 1734 1675 devotionis
1750 1643 1902 1674 affectu...
1921 1660 1961 1665 —
1975 1643 2046 1673 Dat.
2070 1646 2226 1682 utsupra.
2244 1653 2260 1670 »
2283 1630 2301 1653 Ψ
2441 1611 2477 1696 ξιξ

2440 1723 2445 1739 ,ς
2457 1719 2477 1749 1,,

1905 1810 1910 1816 ι
2443 1776 2446 1797 ἶ
2457 1773 2471 1803 ln

1365 1844 1481 1875 2229
1747 1878 1750 1880 ,
1906 1843 1996 1875 Rieu,
2015 1843 2029 1870 7
2042 1842 2230 1878 j11i11et1289.
2440 1827 2470 1860 ssh

1330 1921 1419 1949 Idem.
1436 1921 1519 1956 (Rae.
1537 1921 1579 1953 44,
1597 1929 1623 1949 c.
1640 1921 1683 1954 50,
1699 1921 1719 1947 f.
1739 1920 1788 1948 313
1804 1927 1848 1952 i·⁰;
1867 1919 1985 1954 Porrn„
1997 1919 2107 1953 23006.)

2444 1995 2446 2006 '
2466 2001 2477 2028 2

1336 2051 1500 2081 Carissimo
1526 2053 1559 2080 in
1578 2050 1697 2080 Christo
1714 2050 1779 2087 filio
1799 2072 1818 2079 ..
1835 2051 1901 2088 reqi
1921 2049 2065 2080 Armenia
2082 2049 2202 2080 illustri
2222 2049 2269 2079 sal
2291 2073 2298 2076 .
2443 2062 2477 2095 [ΒΕ

1298 2110 1354 2135 tem
1371 2110 1423 2135 elo.
1441 2104 1479 2134 Ei
1497 2104 1608 2135 eadem
1625 2112 1707 2143 quae
1722 2103 1904 2142 supradicto
1921 2103 2079 2142 Dionysio
2093 2102 2216 2134 scribit.
2443 2099 2447 2125 ἲ

1339 2170 1352 2187 α
1369 2158 1524 2190 Gerentes
1539 2158 1574 2187 in
1597 2158 1724 2188 terris...
1742 2175 1781 2179 —
1797 2157 1868 2187 Dat.
1888 2161 1922 2188 ut
1940 2165 2047 2196 supra.
2067 2168 2081 2184 »
2457 2169 2477 2206 ³¹⁹

1369 2357 1612 2387 22302231
1886 2355 1978 2388 Rieti,
1997 2356 2029 2383 14
2042 2355 2138 2391 juillet
2153 2355 2232 2384 1289.
2287 2331 2308 2346 ’

1332 2428 1422 2456 Idem.
1439 2427 1520 2463 (Rae.
1538 2427 1582 2460 44,
1599 2434 1624 2453 c.
1643 2426 1685 2458 51,
1703 2426 1722 2453 f.
1739 2425 1789 2454 313
1803 2432 1848 2458 r⁰;
1865 2425 1982 2460 Por-ru„
1999 2425 2108 2458 23007.›
2279 2398 2282 2404 '

1340 2559 1446 2588 Dz'lecce
1463 2558 1498 2587 ‘in
1515 2555 1634 2586 Christo
1649 2556 1713 2594 filie
1728 2556 1826 2585 nobili
1849 2555 1976 2586 mulieri
1993 2546 2108 2592 Μιινιίε,ι
2126 2554 2226 2591 sorori
2241 2561 2257 2584 ο

1297 2611 1418 2641 rissime
1437 2610 1540 2648 reyine
1557 2610 1700 2639 Armenie
1712 2633 1719 2646 ‚
1741 2608 1781 2639 ob
1796 2608 1939 2638 studium
1956 2616 2031 2647 erga
2053 2607 2151 2638 fidem
2167 2604 2306 2638 catholi

1298 2673 1368 2695 cam
1386 2667 1416 2693 et
1431 2661 1627 2692 desiderium
1652 2661 1783 2691 unionis
1805 2669 1877 2691 cum
1898 2660 2032 2692 ecclesia
2047 2668 2182 2690 romana
2197 2662 2266 2698 grat
2291 2684 2296 2699 ἶ

1298 2717 1393 2755 latur,
1404 2716 1460 2746 illa
1473 2715 1621 2755 prosequi
1633 2718 1662 2745 et
1675 2714 1756 2745 alios
1766 2714 1806 2744 ad
1818 2714 1929 2745 eadem
1940 2713 2139 2745 inducendos
2147 2713 2251 2744 hortat
2271 2747 2276 2755 Ι

1299 2771 1476 2810 fratresque
1497 2769 1620 2800 ordinis
1642 2768 1806 2799 minorum
1831 2768 1876 2799 ibi
1904 2771 2138 2799 commorantes
2166 2767 2196 2798 ei

1299 2823 1440 2854 mendat.
2283 2807 2285 2811 Α

1341 2889 1354 2905 ι
1375 2877 1486 2916 Nuper
1501 2876 1540 2906 ad
1556 2875 1786 2915 apostolatus...
1805 2891 1842 2898 —
1858 2875 1929 2906 Dat.
1948 2875 2046 2906 Reate
2057 2897 2064 2911 ,
2081 2883 2104 2904 11
2122 2873 2195 2904 idus
2207 2869 2297 2913 ‚iulii

1299 2939 1385 2962 anno
1402 2929 1552 2961 secundo.
1575 2941 1590 2956 υ
2288 2925 2297 2930 “

1339 2985 1377 3015 ln
1397 2993 1424 3015 e.
1443 2992 1485 3013 m.
1504 2981 1606 3013 nobili
1622 2983 1690 3013 viro
1705 2982 1824 3013 Toroso
1838 2986 1868 3013 et
1888 2981 1961 3012 aliis
1982 3004 2004 3013 ..
2031 2981 2116 3020 regis
2131 2967 2275 3012 Armeni·
2292 2980 2310 3002 ι’»

1299 3037 1474 3078 germanis.
