2342 3652
946 358 1166 394 PREMIERE
1187 356 1344 396 ANNEE.
2150 369 2188 400 43

105 433 322 470 districtione,
341 441 404 472 qua
424 432 594 469 convenit,
615 430 823 471 appellatione
845 424 1042 469 postpositas
1055 439 1105 460 va-

105 487 169 517 leat
185 486 363 517 cohercere.

148 551 162 566 «
188 539 372 569 Devotionis
395 542 447 569 tue
470 539 654 577 precibus...
670 554 710 560 —
724 537 795 566 Dat.
818 536 932 572 Reate,
958 535 1105 566 kalendis

106 592 307 632 septembris,
327 601 412 622 anno
426 592 539 631 primo.
559 604 572 619 ι»

176 749 262 777 252
638 748 728 781 Rieti,
746 748 760 774 5
776 747 937 782 septembre
955 748 1032 774 1288.

138 811 274 838 Defendit
285 820 425 847 personas
436 812 645 839 ecclesiasticas
659 810 800 837 dioecesis
816 809 971 836 Remensis
987 819 1002 836 a
1016 810 1104 837 tallia-

105 861 226 889 toribns.
244 861 326 894 (Rsso.
345 862 387 895 44,
405 870 430 888 c.
449 861 507 895 137,
524 861 542 887 f.
561 860 592 888 36
608 867 650 894 1¹⁰3
665 859 732 886 LAP.
748 868 784 886 nn
799 859 901 893 Tnein,
914 859 936 890 Ι,
950 860 1005 892 45.)

144 976 256 1006 Dilecto
271 977 335 1013 filio
349 977 492 1011 Johannz',
512 976 594 1005 tituli
610 974 715 1004 Sancte
732 975 836 1004 Cecilie
847 976 1018 1013 presbytero
1034 985 1102 1005 car-

105 1030 225 1065 dinali,
245 1030 404 1066 apostolice
417 1029 492 1057 sedis
515 1029 624 1065 legato,
650 1026 780 1056 mandat
801 1032 958 1065 quatenus
983 1037 1103 1067 nequa-

105 1092 202 1122 qnam
226 1084 384 1121 permittat
404 1083 546 1118 abbates,
563 1082 700 1120 prioreS,
718 1081 910 1118 abbatissas,
928 1088 1103 1114 conventus

103 1137 387 1172 monasteriorum,
403 1135 538 1174 capitula
549 1157 557 1171 ,
578 1134 724 1164 ecclesias
741 1139 770 1165 et
785 1134 916 1166 clericos
932 1137 1102 1167 Remensis

104 1190 239 1220 civitatis
255 1194 284 1219 et
304 1190 452 1220 dioecesis
473 1198 491 1218 a
515 1188 652 1219 scabinis
672 1193 702 1217 et
732 1188 942 1219 talliatoribus
965 1190 1101 1220 civitatis

105 1243 258 1282 ejusdem,
277 1244 331 1281 qui
346 1252 397 1273 eos
417 1241 520 1277 talliis,
537 1241 675 1272 collectis
692 1246 722 1272 et
736 1242 808 1272 aliis
823 1243 976 1273 indebitis
989 1245 1099 1274 oneri-

103 1296 162 1326 bus
179 1300 365 1334 aggravant,
382 1294 552 1325 molestari.

144 1360 159 1378 a
183 1349 233 1379 Ad
256 1339 449 1388 repellendas
472 1347 669 1378 molestias„
693 1365 730 1371 —
756 1349 828 1378 Dat.
860 1350 978 1388 Reate,
1006 1352 1100 1381 nonis

103 1403 307 1441 septembris,
326 1410 409 1432 anno
426 1401 538 1440 primo.
558 1412 571 1428 »

171 1573 255 1601 253
624 1573 717 1608 Rieti,
734 1574 750 1602 3
765 1576 928 1610 septembre
946 1577 1024 1604 1288.

136 1633 174 1662 Ut
189 1642 283 1669 supra.
301 1634 382 1669 (Rae.
400 1634 443 1668 44,
464 1643 489 1661 c.
508 1634 568 1662 138.
584 1635 604 1662 f.
622 1635 654 1663 36
671 1641 715 1670 ι·0;
739 1636 806 1663 Lar.
824 1646 859 1664 nu
874 1638 976 1670 Tam,
995 1639 1022 1673 I,
1041 1640 1096 1672 44.)

143 1737 307 1766 Venerabili
321 1737 415 1773 fratri
435 1760 454 1766 ..
480 1738 700 1776 archiepiscopo
718 1740 853 1769 Remensz·
873 1741 1003 1770 mandat
1021 1751 1097 1780 qua-

98 1793 188 1819 tenus
204 1797 406 1828 nequaquam
424 1790 584 1828 permittat
598 1796 789 1822 memoratos
809 1793 955 1830 abbateS,
975 1796 1096 1833 priores

97 1847 127 1874 et
150 1843 225 1874 alios
252 1845 444 1883 supradictos
470 1855 488 1875 a
508 1846 655 1884 praefatis
680 1847 819 1877 scabinis
837 1853 867 1878 et
887 1849 1096 1881 talliatoribus

97 1901 150 1927 aut
166 1897 329 1936 quibusvis
343 1898 415 1928 aliis
430 1899 573 1938 personis
589 1899 784 1930 secularibus
801 1911 895 1940 super
910 1902 1095 1942 hujusmodi

98 1950 331 1988 exactionibus,
359 1951 472 1986 talliis,
500 1952 660 1991 collectiS,
689 1958 744 1984 aut
768 1955 919 1985 indebitis
943 1958 1094 1989 oneribus

97 2002 266 2032 molestari.

142 2067 155 2082 ι
170 2056 218 2086 Ad
232 2057 424 2095 repellendas
442 2059 639 2089 molestias...
659 2078 695 2082 -
713 2061 784 2091 Dat.
803 2063 901 2093 Reate
914 2087 922 2100 ,
941 2074 975 2093 ιιι
992 2073 1093 2095 nonas

97 2109 296 2148 septembris,
313 2118 396 2141 anuo
411 2111 521 2150 primo.
541 2124 554 2139 ι»

166 2274 252 2302 254
620 2279 712 2312 Rieti,
731 2281 745 2308 3
761 2283 924 2317 septembre
940 2284 1018 2311 1288.

133 2335 171 2362 Ut
185 2344 281 2371 supra.
301 2337 379 2369 (Rau.
397 2339 439 2373 44,
455 2348 480 2366 c.
498 2341 557 2373 139,
574 2342 593 2369 f.
611 2342 643 2369 36
659 2350 699 2376 r⁰;
718 2343 784 2371 Lm.
802 2354 837 2372 nu
850 2345 952 2378 Tuam,
972 2346 999 2379 Ι,
1017 2347 1072 2381 47.)

136 2437 296 2467 Carissimo
310 2440 343 2468 in
359 2439 471 2471 Christo
484 2442 570 2479 filio..
586 2446 923 2482 reyiFrancz'eilluscri.
942 2449 1023 2479 Eum
1036 2459 1088 2480 ro-

93 2494 146 2527 gat
165 2494 322 2528 quatenus
338 2500 537 2532 nequaquam
557 2503 747 2528 memoratos
763 2500 890 2530 abbates
917 2502 1036 2540 priores
1061 2507 1091 2533 et

93 2541 171 2572 alios
186 2543 381 2582 supradictos
397 2554 414 2574 a
429 2548 571 2585 praefatis
587 2551 723 2581 scabinis
743 2557 772 2582 et
799 2553 1007 2585 talliatoribus
1023 2565 1090 2585 mo-

93 2593 200 2625 lestari
217 2598 388 2635 permittat.

133 2659 147 2674 α
172 2649 279 2679 Manet
300 2651 400 2680 nostri
421 2654 588 2690 pectoris...
613 2674 650 2678 —
667 2658 736 2688 Dat.
760 2659 858 2690 Reate
883 2665 917 2690 ut
938 2671 1043 2701 supra.
1073 2676 1086 2690 ι)

160 2807 246 2835 255
693 2816 783 2851 Rieti,
800 2819 833 2846 ‘28
849 2822 916 2848 aont
936 2822 1014 2850 1288.

123 2867 273 2904 Exemptio
286 2871 508 2904 jurisdictionis.
525 2874 605 2907 (Rea.
623 2877 671 2911 44,
688 2887 713 2906 c.
732 2881 795 2913 140,
812 2883 831 2909 f.
854 2884 885 2911 36
904 2890 946 2918 ¹¹⁰3
965 2885 1031 2913 Lim.
1051 2896 1087 2915 Du

88 2916 190 2949 Tnein,
206 2917 234 2949 1,
253 2919 307 2952 49.)

133 3019 298 3050 Venerabili
325 3023 418 3058 fratri
445 3024 493 3061 E„
519 3026 650 3065 episcopo
675 3028 915 3071 Constantiensz',
941 3035 1088 3075 indulget

1186 436 1341 469 quatenus
1358 433 1440 463 ultra
1451 442 1547 463 unam
1560 434 1677 463 dietam
1689 437 1775 462 extra
1789 442 1878 463 suam
1891 433 2072 471 dioecesim,
2093 444 2188 474 super

1186 484 1278 514 bonis
1297 494 1377 524 quae
1392 486 1476 516 infra
1492 487 1593 525 ipsam
1609 486 1750 522 obtinet,
1769 495 1823 524 per
1838 486 2025 525 apostolicae
2041 487 2123 516 sedis
2137 487 2187 517 lit-

1188 541 1270 567 teras
1285 538 1335 568 vel
1350 538 1527 576 legatorum
1543 539 1644 578 ipsius
1659 539 1697 568 ad
1710 539 1868 578 judicium
1887 540 2009 569 evocari
2034 549 2098 570 non
2115 549 2187 579 pos-

1188 591 1244 624 sit,
1264 591 1436 621 dnmmodo
1452 592 1537 621 infra
1547 592 1741 630 praedictam
1757 592 1876 621 dietam
1891 592 1929 621 de
1943 601 1978 622 eo
1994 601 2188 631 conqueren-

1189 650 1233 673 tes
1260 644 1386 674 valeant
1412 654 1517 675 coram
1544 646 1734 684 competenti
1758 645 1866 684 judice
1892 646 2034 684 justitiae
2060 646 2188 684 assequi

1188 696 1468 735 complementum.

1230 762 1243 776 α
1268 750 1398 780 Sincere
1417 751 1595 780 devotionis
1610 751 1777 781 affectus...
1802 769 1840 772 —
1866 752 1935 781 Dat.
1957 752 2053 781 Reate
2069 776 2075 789 ‚
2094 761 2113 781 v
2131 751 2188 781 ka-

1187 803 1298 832 lendas
1316 804 1520 842 septembris,
1540 812 1625 834 anno
1642 805 1757 842 primo.
1777 817 1787 831 ι»

1256 975 1342 1003 25ss

1220 1036 1353 1063 Facultas
1371 1037 1528 1063 redimendi
1544 1036 1680 1063 decimas.
1699 1036 1780 1069 (REG.
1799 1037 1840 1068 44,
1859 1045 1883 1063 c.
1902 1037 1960 1069 141,
1974 1038 1992 1063 f.
2011 1038 2042 1064 36
2059 1044 2100 1068 r⁰;
2118 1037 2184 1065 LAP.

1184 1095 1219 1113 nu
1234 1086 1336 1117 ΤΗειι,
1353 1085 1380 1117 Ι,
1399 1087 1453 1118 50.)

1716 974 1808 1006 Rieu,
1828 976 1842 1000 4
1859 975 2021 1009 septembre
2040 975 2113 1002 1288.

1223 1190 1326 1219 Eidem
1342 1188 1523 1219 facultatem
1542 1189 1686 1219 concedit
1706 1188 1886 1218 redimendi
1903 1188 2040 1218 decimas
2061 1188 2099 1218 de
2120 1197 2186 1218 ma—

1183 1243 1278 1273 nibus
1294 1244 1448 1273 laicorum
1463 1243 1497 1272 in
1516 1243 1689 1281 parrochiis
1706 1242 1911 1272 ecclesiarum
1928 1242 2029 1280 ipsius
2049 1243 2186 1272 civitatis

1183 1301 1214 1328 et
1227 1297 1391 1333 dioecesis,
1410 1301 1566 1326 rectorum
1585 1296 1792 1326 ecclesiarum
1808 1296 1841 1325 in
1858 1305 1993 1334 quarum
2011 1296 2186 1334 parrochiis

1182 1351 1324 1380 decimae
1340 1350 1427 1388 ipsae
1445 1349 1624 1379 consistunt
1639 1349 1678 1379 ad
1694 1349 1726 1378 id
1739 1349 1908 1379 accedente
1923 1357 2090 1378 consensu.

1224 1416 1236 1432 ι(
1259 1403 1443 1433 Devotionis
1460 1407 1511 1433 tue
1526 1403 1726 1433 merita...—
1742 1403 1814 1432 Dat.
1831 1404 1939 1438 Reate,
1959 1412 1980 1431 11
2000 1410 2100 1432 nonas
2117 1411 2185 1441 sep-

1182 1458 1312 1488 tembris
1325 1480 1334 1494 ,
1350 1465 1436 1487 anno
1452 1457 1565 1495 primo.
1586 1469 1598 1483 n

1251 1631 1335 1659 25³3
1711 1627 1804 1658 Rieti,
1822 1628 1836 1654 4
1853 1627 2017 1662 septembre
2034 1627 2111 1654 1288.

1214 1696 1423 1730 Indulgentiae.
1437 1694 1520 1727 (Rea.
1535 1693 1579 1725 44,
1593 1701 1618 1719 c.
1637 1692 1698 1724 14⁶2,
1710 1692 1730 1718 f.
1743 1691 1775 1718 36
1789 1697 1835 1722 v⁰;
1853 1691 1920 1718 Lar.
1933 1700 1967 1718 nn
1982 1690 2182 1723 Tns1t,1,32.)

1221 1823 1239 1828 ..
1261 1799 1370 1828 decano
1387 1802 1412 1827 et
1432 1797 1561 1834 capitulo
1578 1796 1694 1825 ecclesie
1714 1795 1796 1823 Beati
1813 1794 1962 1823 Johammts
1983 1793 2109 1829 Baptista
2125 1793 2184 1821 An-

1179 1852 1363 1891 deyavensis.
1391 1849 1633 1887 Indulgentiam
1650 1847 1794 1877 concedit
1818 1850 1947 1877 centum
1969 1846 2094 1875 dierum
2114 1853 2184 1875 om-

1178 1906 1273 1936 nibns
1305 1913 1378 1934 vere
1411 1902 1651 1942 poenitentibus
1683 1905 1713 1930 et
1746 1900 1899 1930 confessis
1931 1899 1985 1938 qni
2017 1898 2184 1928 ecclesiam

1178 1959 1373 1998 praedictam
1391 1957 1425 1986 in
1443 1955 1667 1985 festivitatibus
1681 1955 1780 1993 ipsius
1794 1954 1825 1983 S.
1837 1952 1998 1982 Johannis
2010 1956 2040 1981 et
2052 1952 2083 1981 S.
2100 1952 2184 1981 Lici-

1177 2013 1236 2049 nii,
1259 2011 1401 2051 ersdem
1416 2009 1565 2039 ecclesiae
1580 2007 1770 2043 fundatoris,
1787 2015 1822 2036 ac
1838 2006 1871 2035 S.
1889 2004 2014 2035 Juliani
2031 2004 2182 2043 episcopi,

1176 2067 1266 2104 cujus
1285 2064 1422 2103 corporis
1444 2072 1517 2102 pars
1540 2070 1604 2091 non
1626 2060 1748 2090 modica
1768 2060 1802 2089 in
1824 2059 1935 2089 eadem
1953 2057 2085 2087 ecclesia
2101 2065 2181 2087 con-

1176 2123 1331 2154 servatur,
1348 2115 1560 2146 visitaverint.

1220 2185 1232 2198 a
1251 2172 1333 2201 Loca
1349 2173 1531 2199 sanctorum
1547 2168 1731 2198 omnium...
1749 2182 1788 2188 —
1804 2166 1875 2194 Dat.
1895 2169 2048 2202 utsupra.
2068 2174 2081 2189 »

1245 2336 1433 2367 258-280
1788 2330 1865 2357 Rieti
1876 2350 1882 2359 ,
1899 2330 1933 2356 ‘24
1949 2329 2016 2355 aont
2033 2328 2109 2355 1288.

1208 2402 1356 2429 Johannes
1368 2399 1507 2426 ecclesiae
1518 2396 1682 2424 Nncerinae
1691 2394 1855 2430 praeficitur
1866 2394 1893 2419 in
1906 2393 2085 2427 episcopum.
2099 2390 2179 2422 (Rae.

1173 2452 1220 2483 44,
1238 2460 1263 2478 c.
1282 2450 1345 2481 143,
1364 2449 1383 2475 f.
1402 2448 1434 2475 36
1449 2454 1494 2478 v⁰;
1514 2447 1627 2477 Po’rTn„
1646 2444 1757 2477 22787.)

1212 2553 1346 2583 Johannzt
1361 2552 1447 2580 electo
1462 2549 1621 2578 Nucerino.
1641 2547 1781 2576 Vacante
1798 2543 1962 2574 Nucerina
1979 2540 2110 2571 ecclesia
2126 2548 2181 2578 per

1172 2607 1294 2637 obitum
1310 2602 1510 2638 Fidermidii,
1523 2599 1697 2639 capitulum
1714 2599 1748 2627 in
1766 2598 1929 2632 Someum,
1943 2595 2080 2633 priorem
2096 2593 2180 2631 ejus-

1172 2661 1245 2690 dem
1256 2657 1416 2693 ecclesiae,
1429 2654 1627 2685 unanimiter
1638 2650 1809 2685 commisit,
1822 2648 1997 2678 concedens
2008 2646 2037 2676 ei
2048 2645 2177 2684 plenam

1170 2712 1345 2752 potentiam
1361 2708 1501 2747 eligendi
1514 2707 1563 2737 vel
1583 2704 1762 2745 postulandi
1779 2703 1972 2741 episcopum.
1989 2699 2180 2729 Praedictus

1171 2766 1270 2804 igitur
1294 2764 1426 2794 Somens
1441 2761 1639 2794 Johannem,
1660 2762 1734 2787 tunc
1750 2755 1939 2785 canonicum
1958 2753 2058 2791 ipsius
2075 2751 2178 2782 eccle—

1171 2820 1254 2855 siae,
1283 2816 1471 2856 postulavit3
1500 2822 1596 2852 quam
1627 2810 1873 2850 postulationem
1903 2807 2071 2837 confirmat
2100 2814 2179 2844 papa

1171 2877 1239 2913 post
1254 2868 1524 2901 examinationem
1541 2863 1762 2904 postulationis
1778 2867 1808 2892 et
1820 2869 1974 2900 personae
1991 2868 2045 2898 per
2059 2883 2077 2888 ..
2094 2858 2176 2896 epis-

1170 2934 1283 2964 copum
1310 2925 1521 2953 portuensem
1535 2943 1542 2957 ,
1571 2918 1775 2953 Mathaeum,
1804 2915 1887 2945 tituli
1907 2914 1938 2944 S.
1958 2912 2125 2943 Laurentii
2143 2911 2177 2940 in

1170 2981 1307 3010 Damaso
1324 2977 1555 3016 presbyterum,
1568 2972 1773 3006 etJacobum,
1786 2969 1920 2999 Sanctae
1932 2967 2052 2997 Mariae
2066 2966 2100 2995 in
2116 2964 2178 2994 Via

1170 3034 1246 3062 Lata
1266 3031 1435 3061 diaconum
1448 3025 1641 3060 cardinales,
1659 3024 1784 3054 factam.
