2342 3652
921 388 1154 425 TnoisIEMn
1174 383 1331 423 ANNnE.
2116 393 2173 423 585

78 465 284 503 dulgemus...
320 463 527 493 Presentibus
559 467 628 501 post
657 462 919 501 quinquennium
952 461 1087 490 minime

77 518 234 549 valituris.
255 518 325 547 Dat.
345 516 430 555 apud
459 516 744 552 Urbemveterem,
768 515 861 545 nonis
886 514 1085 550 novembris,

78 580 163 602 anno
179 570 284 600 tertio.
312 581 326 595 »

119 625 157 654 In
179 633 206 654 e.
224 632 268 652 m.
289 622 449 657 Beatrici‚
468 621 651 651 comitissae
667 621 839 651 Averniae.
863 633 875 647 «
898 622 943 650 Ex
964 625 1015 649 tue
1034 620 1088 649 de-

80 677 254 708 votionis...
272 675 317 705 Ut
332 675 370 704 de
386 674 501 704 Sancto
522 673 674 703 Marcello
691 677 719 703 et
737 674 844 711 Longo
860 674 978 712 Campo
995 681 1088 711 prope

83 730 240 765 Parisius,
264 737 299 758 ac
323 728 360 757 de
388 728 563 765 Bosqueto,
591 727 628 755 de
654 727 760 764 Longo
780 727 911 763 Villari,
936 727 974 756 de
997 726 1089 755 Claro

83 784 226 813 Marosco
249 785 278 811 et
298 781 337 810 de
363 780 526 818 Cerquant
542 780 745 815 monasteria,
765 780 1002 815 Cisterciensis,
1019 788 1089 817 pre-

84 836 263 866 dicatorum
292 838 322 864 et
351 834 465 864 Sancte
489 833 582 862 Clare
608 833 775 869 ordinum,
801 832 1089 868 Claromontensis,

85 888 281 919 Morinensis
303 891 331 917 et
354 886 546 917 Parisiensis
569 886 758 922 diocesium,
782 895 854 915 cum
875 895 927 915 sex
951 885 1091 915 honestis

84 942 276 973 mulieribus
300 945 331 971 et
353 941 387 970 in
413 940 525 970 habitu
552 939 754 976 condecenti,
784 945 858 977 etc.,
883 945 918 969 ut
941 948 1047 978 supra.
1076 952 1089 965 »

84 995 234 1036 (Purra,
252 993 378 1032 23453.)

564 1088 695 1119 Orviet0‚
712 1088 745 1114 24
764 1089 925 1123 septembre
945 1089 1019 1116 1290.

126 1153 162 1183 In
179 1161 207 1184 e.
225 1161 269 1183 m.
287 1153 442 1190 Agnetae,
465 1151 555 1180 uxori
570 1150 731 1180 Johannis
746 1150 869 1179 domini
886 1151 1003 1180 Montis
1018 1150 1090 1179 Fal-

86 1206 191 1243 conis,
226 1205 417 1235 Bisuntinae
444 1203 608 1234 dioecesis.
631 1215 644 1229 α
670 1203 714 1232 Ex
738 1207 788 1233 tue
811 1204 1023 1233 devotionis...
1049 1204 1093 1233 Ut

86 1259 241 1295 Cistercii,
259 1257 508 1295 Clarevallense,
529 1257 567 1286 de
589 1256 778 1292 Bellavalle,
797 1256 835 1285 de
852 1257 989 1286 Caritate
1008 1262 1038 1286 et
1054 1257 1091 1286 de

85 1313 196 1343 Gratia
219 1312 299 1348 Dei,
329 1311 553 1341 Cisterciensis
572 1309 712 1346 ordinis,
734 1318 769 1339 ac
797 1309 911 1340 Sancte
937 1310 1029 1340 Clare
1054 1311 1092 1340 de

88 1366 239 1397 Bisuntio
261 1365 475 1401 monasteria,
497 1364 713 1402 Lingonensis
736 1368 765 1393 et
790 1364 962 1393 Bisuntine
980 1364 1092 1394 civita-

87 1423 155 1450 tum
173 1423 204 1449 et
220 1419 410 1455 diocesium,
427 1426 501 1447 cum
525 1421 663 1456 quatuor
684 1416 829 1446 honestis
852 1417 1042 1447 mulieribus
1064 1421 1094 1447 et

87 1474 122 1504 in
137 1473 251 1503 habitu
267 1472 466 1508 condecenti,
483 1471 531 1501 bis
546 1471 582 1501 in
597 1479 683 1500 anno
701 1471 821 1500 intrare
837 1471 953 1509 valeas,
971 1474 1042 1507 etc.,
1060 1475 1094 1501 ut

89 1536 194 1566 supra.
215 1526 287 1556 Dat.
304 1525 389 1565 apud
408 1525 683 1562 Urbemveterem,
701 1534 757 1553 v111
775 1524 928 1554 kalendas
946 1525 1093 1563 octobris,

88 1590 174 1611 anno
190 1580 293 1611 tertio.
313 1592 326 1607 r>
345 1580 493 1618 (Porrrr,
514 1578 638 1616 23412.)

599 1671 728 1706 Orviet0‚
745 1672 760 1698 5
775 1672 929 1698 novembre
948 1672 1024 1699 1290.

128 1737 168 1767 In
185 1746 213 1767 e.
230 1745 273 1766 m.
294 1735 450 1772 Blancae,
471 1735 559 1765 uxori
575 1734 745 1773 phylippi,
763 1735 969 1773 primogeniti
986 1735 1024 1764 R.
1042 1744 1096 1765 co-

89 1789 179 1820 mitis
192 1788 424 1819 Atrebatensis.
440 1800 453 1814 «
471 1788 514 1818 Ut
526 1796 602 1825 erga
614 1787 760 1818 sedem...
773 1787 817 1817 Ut
833 1788 870 1817 de
887 1787 1002 1818 Sancto
1016 1788 1096 1817 Mar-

89 1842 169 1873 cello
183 1841 263 1872 etde
279 1842 389 1880 Longo
405 1841 533 1879 Campo,
550 1849 646 1879 prope
663 1840 818 1877 Parisius‚
834 1849 869 1870 ac
885 1841 923 1870 de
940 1841 1095 1877 Pruvino,

90 1895 129 1925 de
144 1895 257 1933 Regali
276 1895 396 1931 Monte,
413 1894 451 1924 de
469 1894 562 1924 Claro
580 1894 738 1930 Maresco,
756 1893 794 1923 de
813 1894 922 1931 Longo
938 1893 1051 1923 Villari
1068 1898 1098 1924 et

91 1948 130 1978 de
151 1948 338 1987 Cherquant
357 1947 567 1984 monasteria,
584 1946 809 1976 Cisterciensis
830 1951 859 1976 et
875 1947 990 1977 Sancte
1005 1947 1097 1977 Clare

91 2001 253 2038 ordinum,
273 2001 476 2037 Parisiensis,
495 2001 662 2031 Trecensis
678 2004 708 2030 et
723 2001 917 2030 Morinensis
932 2001 1096 2031 civitatum

92 2060 122 2086 et
137 2055 330 2091 diocesium,
349 2063 423 2084 cum
442 2063 495 2084 sex
514 2054 658 2084 honestis
677 2053 869 2084 mulieribus
886 2058 916 2084 et
934 2054 968 2083 in
985 2054 1097 2084 habitu

91 2109 290 2145 condecenti,
307 2112 419 2147 quater
432 2108 465 2138 in
484 2116 582 2145 anno,
599 2116 694 2137 causa
710 2107 889 2138 devotionis
906 2108 1026 2137 intrare
1042 2117 1097 2137 va-

90 2162 173 2198 leas,
197 2165 274 2199 etc.,
298 2165 333 2191 ut
361 2170 456 2199 supra
483 2170 584 2200 usque
612 2161 683 2190 Dat.
707 2161 791 2199 apud
816 2161 1093 2197 Urbemveterem,

90 2215 186 2246 nonis
200 2215 394 2250 novembris,
412 2223 498 2244 anno
514 2215 617 2244 tertio.
640 2225 654 2240 »
673 2214 824 2253 (Pomm,
846 2214 970 2252 23454.)
985 2214 1041 2253 (1).

161 2401 348 2430 3310-39
355 2401 376 2428 1
386 2401 412 2428 2

127 2463 340 2490 Concessiones
368 2462 543 2489 monasterio
574 2461 665 2490 Vallis
693 2462 852 2497 Ducissae,
883 2463 1099 2490 Cameracensis

91 2511 242 2543 dioecesis,
258 2512 349 2538 factas
365 2511 525 2538 confirmat.
543 2511 626 2544 (Rae.
643 2512 687 2545 45,
705 2520 730 2538 c.
747 2512 808 2545 620,
825 2512 844 2538 f.
864 2512 912 2539 1⁶26
929 2514 975 2545 ru.)

581 2400 708 2434 Orviet0‚
727 2402 765 2428 1²³r
780 2401 931 2427 decembre
950 2401 1026 2428 1290.

135 2643 156 2650 ..
175 2621 324 2658 priorisse
342 2625 369 2650 et
391 2621 554 2650 conventui
575 2621 753 2650 monasterii
784 2621 872 2650 Vallis
895 2622 1027 2657 Dat-isse,
1045 2631 1100 2659 per

92 2676 275 2712 priorissam
292 2674 376 2703 soliti
393 2674 573 2711 qubernari,
596 2675 714 2703 ordinis
729 2673 764 2703 S.
789 2675 972 2711 Augustini.
994 2684 1100 2704 secan-

95 2728 168 2756 dum
191 2727 331 2764 regulam
353 2732 380 2755 et
403 2727 547 2756 instituta
571 2729 706 2764 fratrum
731 2728 850 2757 ordinis
874 2729 1102 2765 predicatorum

95 2781 276 2815 viventibus,
291 2779 515 2809 Cameracensis
526 2780 660 2808 diocesis.
674 2779 849 2809 Confirmat
862 2781 1101 2811 concessionem

96 2841 157 2871 qua
173 2832 352 2868 «lohannes,
370 2832 556 2862 Leodiensis
572 2832 755 2871 episcopUS,
777 2834 822 2862 eis
839 2833 962 2862 tertiam
980 2839 1101 2872 partem

96 2887 254 2925 majorum
278 2886 476 2915 decimarum
503 2885 655 2916 ecclesiae
680 2886 719 2915 de
744 2879 887 2922 Ekerne,
915 2887 1103 2917 Leodiensis

96 2939 259 2975 dioecesis,
272 2939 307 2968 in
321 2947 383 2977 qua
395 2939 449 2978 jus
463 2942 647 2977 patronatus
664 2938 794 2976 habent,
810 2940 1051 2978 percipiendam
1067 2942 1100 2970 in

128 3071 160 3103 (l)
176 3072 302 3096 Potthast
318 3071 358 3094 dit
375 3078 380 3094 :
399 3070 527 3103 Blancae,
544 3070 626 3094 uxori
640 3071 861 3100 Christophori...

238 3129 310 3157 Rae.
331 3128 455 3157 Niconis
475 3127 528 3155 IV.

1168 463 1376 497 perpetuum,
1403 459 1539 498 capitulo
1564 459 1732 489 Leodiensi
1758 462 1787 488 et
1811 482 1831 487 ..
1855 462 1974 488 rectore
1998 459 2174 496 praedictae

1169 512 1320 542 ecclesiae
1335 512 1620 544 consentientibus,
1639 512 1802 542 concessit.

1212 577 1224 591 α
1243 565 1323 595 Cum
1342 575 1360 594 a
1376 565 1503 596 nobis...
1521 582 1559 586 —
1575 566 1647 594 Dat.
1665 565 1749 603 apud
1768 565 2043 600 Urbemveterem,
2063 564 2174 594 kalen-

1170 618 1219 648 dis
1235 618 1422 654 decembris,
1439 626 1525 648 anno
1541 620 1642 648 tertio.
1661 630 1673 644 n

1210 672 1249 700 In
1261 681 1288 701 e.
1303 681 1345 700 m.
1359 671 1492 701 eisdem.
1506 671 1753 701 Concessionem
1768 672 1812 700 eis
1829 671 1942 700 factam
1958 671 2065 700 tertiae
2077 670 2176 708 partis

1170 726 1315 755 oninium
1335 724 1532 754 oblationum
1551 724 1758 753 ecclesiarum
1775 724 1813 754 de
1835 724 1944 754 Ortam
1962 727 1992 753 et
2016 723 2054 753 de
2078 724 2176 753 Bosco

1172 778 1282 813 Ducis,
1301 780 1437 815 ‚quarum
1454 786 1517 806 una
1532 777 1571 806 ab
1589 776 1687 806 altera
1703 777 1869 814 dependet,
1888 776 2072 806 Leodiensis
2088 775 2176 805 dioe-

1172 831 1262 868 cesis,
1278 831 1311 859 in
1326 830 1442 868 quibus
1454 830 1507 868 jus
1520 834 1705 868 patronatus
1718 830 1848 866 habent,
1864 830 2043 859 confirmat.

1212 885 1250 912 In
1268 893 1294 913 e.
1312 893 1356 913 m.
1375 883 1505 912 eisdem.
1525 883 1606 912 Cum
1625 883 1774 912 Urbanus
1792 892 1868 920 papa
1884 882 2045 920 quondam
2062 881 2178 911 Felici-

1174 938 1227 967 tati
1243 938 1281 967 de
1304 935 1493 973 Triangulo‚
1512 935 1661 965 dominae
1677 935 1715 964 de
1736 935 1848 964 Parvis
1870 939 1900 964 et
1918 935 1956 964 de
1977 939 2078 964 castro
2097 935 2178 963 Por-

1173 991 1294 1026 tuensi,
1312 990 1482 1019 Remensis
1502 989 1668 1023 dioecesis,
1688 988 1870 1017 facultatem
1894 987 2084 1017 concesserit
2102 996 2179 1017 con-

1173 1043 1318 1073 vertendi
1344 1043 1378 1071 in
1404 1043 1470 1080 pios
1495 1051 1571 1071 usus
1596 1041 1738 1071 decimas
1763 1041 1974 1079 quarumdam
2003 1044 2177 1075 terrarum,

1174 1106 1255 1135 quae
1268 1096 1410 1126 vastinae
1426 1095 1632 1130 vocabantur,
1648 1103 1803 1133 quasque,
1820 1098 1895 1123 tunc
1911 1093 1949 1122 de
1966 1101 2047 1122 novo
2060 1093 2099 1122 ad
2116 1092 2179 1122 cul-

1175 1155 1278 1180 turam
1296 1149 1453 1184 redactas,
1474 1148 1509 1176 in
1528 1148 1655 1184 fenagio
1674 1151 1703 1176 et
1719 1147 1862 1176 dominio
1879 1147 1917 1176 de
1935 1146 2073 1176 Curlene
2091 1145 2180 1175 aliis-

1174 1212 1235 1242 que
1250 1202 1328 1232 locis
1345 1200 1530 1231 Leodiensis
1545 1204 1573 1229 et
1589 1199 1830 1229 Cameracensis
1844 1199 2037 1228 dioecesium
2054 1198 2180 1228 heredi-

1175 1256 1255 1286 tario
1282 1257 1355 1294 jure
1384 1254 1539 1289 habebat,
1570 1252 1728 1291 praedicta
1760 1251 1909 1282 Felicitas
1938 1251 2009 1280 illas
2041 1251 2181 1280 decimas

1174 1308 1368 1338 monasterio
1394 1307 1493 1337 Vallis
1514 1307 1666 1336 Ducissae
1686 1305 1837 1341 contulit,
1859 1305 2055 1334 dioecesanis
2079 1308 2109 1333 et
2129 1313 2182 1333 ar-
2203 1327 2206 1330 Δ

1175 1362 1372 1393 chidiaconis
1383 1361 1537 1397 locorum,
1549 1360 1788 1398 rectoribusque
1804 1359 2011 1388 ecclesiarum
2025 1358 2064 1387 de
2080 1357 2182 1387 Ekere

1175 1421 1206 1446 et
1218 1416 1256 1446 de
1267 1414 1466 1449 Habarikon‚
1483 1413 1666 1443 Leodiensis
1679 1417 1709 1442 et
1722 1411 1961 1442 Cameracensis
1972 1411 2179 1447 dioecesium,

1176 1470 1210 1499 in
1222 1477 1358 1508 quarum
1371 1467 1546 1506 parrochiis
1557 1466 1701 1495 decimae
1713 1465 1787 1495 illae
1796 1469 1881 1502 sunt,
1893 1463 2180 1494 consentientibus.

1178 1523 1269 1552 Hanc
1291 1521 1488 1551 decimarum
1509 1518 1749 1549 concessionem
1773 1517 1968 1548 monasterio
1990 1516 2092 1546 Vallis
2114 1516 2181 1545 Du-

1177 1574 1278 1604 cissae
1294 1574 1408 1603 factam
1425 1570 1577 1602 Nicolaus
1590 1579 1670 1609 papa
1684 1570 1864 1600 confirmat.

1251 1782 1372 1814 3913
1734 1781 1860 1814 Orviet0‚
1879 1780 1892 1807 3
1905 1780 2018 1815 janvier
2035 1779 2113 1807 1291.

1216 1865 1349 1892 Facultas
1372 1862 1524 1889 exercendi
1551 1869 1602 1895 per
1628 1861 1714 1886 alium
1738 1861 1786 1894 jus
1814 1859 1998 1885 visitationis.
2024 1857 2107 1890 (Rae.
2134 1857 2185 1889 45,

1180 1923 1205 1942 c.
1223 1915 1290 1948 621,
1306 1914 1325 1939 f.
1344 1913 1393 1939 126
1410 1913 1457 1944 ro.)

1225 2029 1391 2059 Venerabili
1409 2027 1504 2068 fratri
1526 2027 1631 2061 Petro,
1654 2025 1785 2062 episcopo
1810 2023 1980 2058 Baiocensi,
2004 2021 2187 2051 facultatem

1180 2083 1336 2118 concedit,
1345 2080 1483 2111 dumille
1494 2078 1577 2118 apud
1585 2078 1692 2108 sedem
1700 2076 1903 2115 apostolicam
1911 2083 2034 2105 moram
2043 2074 2186 2112 traxerit,

1181 2135 1348 2167 exercendi
1359 2143 1412 2173 per
1421 2133 1561 2171 aliquam
1576 2139 1744 2170 personam
1756 2130 1905 2159 idoneam
1915 2129 1968 2166 jus
1981 2127 2184 2164 visitationis,

1181 2193 1210 2219 et
1224 2187 1462 2227 procurationes
1480 2185 1675 2220 moderatas,
1693 2183 1729 2212 in
1744 2181 1938 2212 victualibus
1951 2181 2130 2218 dumtaxat,
2147 2180 2187 2209 ab

1180 2239 1373 2272 ecclesiis'et
1391 2238 1534 2278 personis
1552 2237 1687 2267 visitatis
1704 2235 1893 2274 recipiendi.

1222 2306 1236 2321 α
1261 2294 1305 2323 Ex
1329 2298 1381 2323 tue
1402 2291 1620 2322 devotionis...
1644 2306 1680 2311 —
1703 2289 1773 2319 Dat.
1795 2287 1879 2327 apud
1901 2287 2185 2322 Urbemveterem,

1181 2358 1214 2378 111
1230 2346 1496 2386 nonasjanuarii,
1513 2353 1598 2374 anno
1616 2343 1719 2373 tertio.
1741 2354 1753 2368 υ

1252 2547 1373 2576 3914
1675 2543 1802 2576 Orviet0‚
1820 2542 1852 2568 19
1869 2540 2020 2568 decembre
2037 2539 2115 2567 1290.

1219 2623 1351 2650 Remittit
1366 2622 1420 2648 iter
1434 2621 1468 2647 ad
1485 2620 1591 2647 limina,
1608 2619 1692 2653 (Rae.
1709 2620 1758 2650 45,
1776 2626 1800 2645 ο.
1814 2617 1894 2648 ’6ἳ1ἳ,
1910 2617 1930 2643 f.
1948 2617 1997 2643 126
2013 2617 2061 2647 ro.)

1224 2745 1394 2780 Bernard0‚
1415 2744 1512 2773 abbaci
1532 2742 1708 2771 >nonasterii
1725 2740 1924 2773 meranensis,
1944 2738 2064 2767 ordinis
2077 2737 2112 2766 S.
2133 2737 2187 2766 Be-

1184 2800 1305 2835 nedicti,
1323 2798 1492 2827 Baiocensis
1507 2797 1642 2825 diocesis.
1662 2795 1743 2824 Eum
1758 2792 1894 2823 absolvit
1910 2801 1928 2821 a
1943 2792 2127 2830 juramento
2143 2790 2188 2819 vi-

1185 2852 1302 2882 sitandi
1321 2850 1457 2889 singulis
1475 2849 1616 2879 bienniis
1639 2847 1754 2876 limina
1778 2844 2005 2884 apostolorum,
2027 2842 2100 2872 licet
2123 2851 2189 2872 mo-

1186 2905 1362 2936 nasterium
1394 2902 1604 2941 exemptionis
1634 2899 1838 2939 privilegium
1870 2906 1936 2927 non
1967 2897 2102 2936 habeat,
2134 2895 2189 2925 sed

1182 2957 1401 2999 jurisdictioni
1417 2956 1554 2995 episcopi
1572 2953 1753 2984 Baiocensis
1772 2952 1949 2990 subjectum
1966 2950 2017 2979 sit.

1227 3024 1239 3039 α
1278 3012 1323 3041 Ex
1362 3014 1448 3050 parte
1485 3013 1575 3040 tua...
1608 3023 1647 3030 —
1679 3007 1749 3036 Dat.
1784 3004 1868 3044 apud
1902 3003 2166 3034 Urbemveterem
2181 3025 2188 3037 ,

1184 3075 1252 3095 xnu
1268 3064 1422 3095 kalendas
1434 3061 1587 3103 januarii,
1603 3068 1690 3092 anno
1710 3059 1811 3090 tertio.
1832 3069 1846 3085 n

2017 3122 2049 3148 74
