2477 3637
203 350 259 380 255
951 343 1188 375 REGISTRES
1209 344 1265 374 DE
1286 342 1472 374 NICOLAS
1495 342 1552 373 IV.

277 414 528 446 12341235
818 410 896 438 Rieti
907 433 913 443 ‚
929 410 962 439 23
978 412 1046 438 aout
1062 409 1139 440 1289.

239 479 448 514 Indulgentiae.
469 476 552 510 (Rea.
570 475 618 507 44,
637 483 664 502 c.
681 474 742 508 388,
759 474 779 501 f.
799 473 846 501 195
863 473 910 508 r0.)

246 605 266 612 ..
283 580 541 618 archipresbytero
554 583 580 608 et
592 577 724 615 capitulo
735 575 852 606 ecclesie
865 576 969 606 Sancti
982 576 1092 614 Anyeli
1107 577 1140 606 de
1155 577 1208 606 Ba·

204 637 286 672 buco,
309 635 454 663 Ver-alane
477 633 612 662 diocesis.
632 629 875 668 Indulgentiam
898 630 996 660 unius
1017 631 1096 660 anni
1120 633 1150 660 et
1171 639 1209 660 xc

203 687 328 718 dierum
344 685 488 716 concedit
503 684 654 715 omnibus
669 692 743 714 vere
756 683 992 722 poenitentibus
1010 687 1041 714 et
1057 683 1210 713 confessis

202 741 256 781 qui
275 740 469 780 praedictam
486 738 670 774 ecclesiam,
692 738 726 767 in
747 737 883 775 singulis
901 736 1002 766 sancti
1018 735 1136 774 Angeli
1151 736 1210 766 fes-

202 793 377 824 tivitatibus
389 817 396 829 ,
413 797 444 822 et
458 801 513 831 per
526 795 594 822 octo
611 791 680 821 dies
695 794 879 830 sequentes,
897 790 1108 820 visitaverint.

243 859 258 874 «
275 846 466 878 Sanctorum
481 845 606 875 meritis
622 843 770 874 inclita...
788 861 825 865 —
843 843 911 873 Dat.
933 843 1029 873 Reate
1042 865 1050 879 ‚
1067 852 1086 872 x
1100 842 1208 873 kalen-

201 901 258 931 das
271 900 478 939 septembris,
496 907 582 929 anuo
600 898 749 929 secundo.
769 909 783 925 a

241 955 280 984 In
297 963 325 984 e.
341 963 383 983 m.
401 953 563 983 universis
579 951 702 983 Christi
720 950 872 981 fidelibus
889 953 1070 989 praesentes
1086 949 1209 980 litteras

202 1007 403 1047 inspecturis.
424 1006 565 1037 Eandem
586 1005 823 1043 indulgentiam
848 1003 994 1034 concedit
1014 1003 1060 1033 eis
1085 1003 1142 1042 qui
1158 1011 1208 1033 ec-

201 1061 331 1091 elesiam
347 1060 457 1090 Sancti
476 1059 629 1089 Matthaei
651 1058 690 1088 de
705 1059 809 1089 Vanzo
824 1082 831 1095 ,
849 1057 1020 1087 Paduanae
1037 1056 1207 1093 dioecesis,

201 1115 236 1145 in
252 1114 352 1145 sancti
369 1113 522 1144 Matthaei
539 1113 722 1149 festivitate,
740 1116 769 1141 et
788 1120 842 1151 per
858 1115 926 1141 octo
943 1110 1011 1140 dies
1028 1113 1208 1148 sequentes,

201 1168 414 1199 visitaverint.
433 1167 504 1197 Dat.
523 1171 557 1197 ut
573 1174 678 1206 supra.

273 1354 527 1384 1233-1239
816 1350 910 1382 Rieu,
925 1350 960 1377 20
974 1350 1042 1376 ausit
1058 1348 1136 1376 1289.

234 1417 321 1452 Hugo
343 1415 517 1443 monasterio
539 1414 637 1441 Sancti
653 1413 792 1449 Stephani
812 1412 983 1439 Divionensi
999 1412 1087 1438 abbas
1103 1411 1209 1447 praefi-

199 1467 282 1495 citur.
300 1465 384 1500 (Rau.
400 1465 445 1498 44,
461 1472 487 1492 c.
505 1464 565 1496 389,
581 1463 601 1490 f.
620 1463 670 1490 >195
686 1469 729 1496 νος
746 1462 813 1488 ΙΛΡ.
831 1470 868 1489 nu
881 1461 981 1493 Tuam,
993 1460 1032 1493 II,
1043 1461 1119 1494 217.)

238 1569 360 1607 Hnyoni
372 1591 379 1604 ,
410 1568 510 1597 abban
538 1566 716 1596 monasterii
738 1565 843 1595 Sancti
870 1564 1015 1602 Stephani
1041 1564 1207 1594 Divionen-

197 1626 259 1659 sis‚
277 1623 396 1653 ordinis
423 1622 454 1652 S.
474 1621 658 1658 Augustini,
686 1619 885 1657 Lingoncnsis
908 1618 1042 1648 diocesis.
1066 1617 1208 1648 Vacante

197 1676 392 1708 monasterio
421 1675 530 1705 Sancti
560 1672 719 1712 Stephani
746 1671 954 1708 Divionensi,
983 1680 1040 1709 per
1069 1675 1207 1701 mortem

198 1731 350 1767 Gerardi,
368 1730 449 1759 duae
467 1728 637 1759 electiones
649 1750 656 1763 ‚
673 1726 772 1756 altera
788 1725 938 1756 videlicet
952 1724 991 1754 de
1012 1725 1151 1763 Hugone
1167 1725 1207 1754 de

198 1782 431 1822 Palma,altera
447 1782 485 1812 de
500 1780 654 1812 Gervasio
667 1779 706 1810 de
720 1779 870 1816 Divione‚
885 1778 1049 1808 canonicis
1061 1778 1206 1816 ejusdem

197 1836 403 1874 monasterii,
424 1844 443 1865 a
464 1833 603 1874 capitulo
626 1834 661 1863 in
685 1832 846 1862 discordia
870 1831 1046 1861 celebratae
1061 1831 1203 1861 fuerunt.

197 1889 392 1930 Hujusmodi
408 1893 515 1919 autem
538 1886 665 1925 negotio
690 1886 730 1916 ad
755 1885 864 1916 sedem
887 1884 1091 1924 apostolicam
1113 1884 1206 1915 devo-

196 1945 275 1982 luto,
293 1948 426 1982 uterque
439 1942 613 1973 electorum
628 1940 717 1971 omni
728 1940 793 1979 juri
806 1939 869 1969 sibi
879 1947 917 1968 ex
931 1938 1141 1968 electionibus
1157 1947 1206 1968 ac-

195 1998 313 2038 quisito
331 1995 541 2026 renuntiavit.
559 1994 654 2025 Unde
671 2002 751 2033 papa
767 1993 952 2031 nugonem,
975 1997 1049 2022 tunc
1064 1992 1204 2031 priorem

196 2050 304 2081 Sancti
321 2048 542 2087 Simphoriani
554 2046 725 2083 Eduensis‚
737 2046 882 2085 ejusdem
893 2045 1029 2082 ordinis,
1043 2045 1205 2084 praedicto

195 2103 387 2134 monasterio
403 2101 549 2131 abbatem
566 2100 721 2139 praeficit.

237 2170 251 2186 α
273 2157 395 2196 Sponso
417 2155 526 2185 celesti
547 2154 643 2193 qui...
667 2170 706 2176 ——
729 2154 801 2183 Dat.
830 2153 928 2182 Reate
942 2176 949 2189 ,
973 2161 1027 2181 xm
1050 2151 1204 2182 kalendas

195 2211 383 2251 septembris
395 2233 403 2247 ,
419 2217 506 2239 auno
521 2208 673 2238 secundo.
695 2219 708 2234 n

234 2265 275 2295 In
290 2273 317 2294 e.
335 2273 379 2293 m.
404 2284 422 2292 ..
445 2261 542 2301 priori
565 2265 595 2291 et
610 2260 785 2291 conventui
800 2259 986 2290 monasterii
1004 2258 1115 2289 Sancti
1131 2258 1203 2289 Ste-

194 2319 293 2359 phani
311 2315 517 2347 Divionensis
539 2314 672 2344 mandat
691 2318 850 2353 quatenus
866 2313 971 2343 eidem
987 2312 1095 2343 abbati
1112 2312 1204 2343 debi-

193 2377 259 2402 tam
273 2370 489 2401 obedientiam
506 2368 692 2407 praebeant.

233 2426 273 2456 In
289 2434 317 2455 e.
335 2433 378 2454 m.
396 2423 559 2453 universis
574 2421 721 2452 vassallis
740 2421 885 2460 eJ‘usdem
901 2420 1088 2450 monasterii
1107 2428 1203 2450 man-

192 2480 246 2510 dat
261 2483 419 2518 quatenus
435 2477 539 2507 eidem
554 2475 660 2506 abbati
676 2474 769 2505 solita
784 2474 950 2505 fidelitatis
970 2474 1156 2513 juramenta
1173 2477 1205 2503 et

192 2532 322 2564 servitia
338 2535 510 2571 praestent.

232 2588 271 2618 ln
287 2595 314 2617 e.
340 2595 384 2616 m.
413 2608 434 2614 ..
459 2584 642 2623 episcopum
669 2583 909 2621 Lingonensern
933 2584 1023 2619 rogat
1043 2584 1203 2620 qnatenus

192 2640 296 2672 eidem
311 2638 418 2670 abbati
436 2646 556 2668 munus
572 2636 806 2667 benedictionis
825 2634 1001 2674 impendat.

266 2811 382 2840 1240
810 2807 904 2841 Rieu,
919 2806 954 2834 20
969 2807 1037 2834 aout
1053 2805 1132 2834 1289.

227 2872 271 2899 De
292 2873 392 2899 codem
407 2873 532 2907 negotio.
549 2871 633 2903 (Rea.
658 2871 705 2906 44,
728 2878 753 2898 c.
780 2869 858 2901 389²,
881 2869 902 2897 f.
930 2869 980 2897 195
1006 2875 1054 2902 νος
1079 2867 1147 2895 LAP.
1167 2875 1204 2895 nu

190 2922 293 2954 Tum,
311 2921 354 2956 11,
375 2922 424 2948 ‘221
443 2923 494 2954 νο.)

237 3022 401 3055 Venerabili
423 3025 518 3060 fratri
536 3044 560 3054 ..
584 3024 715 3061 episcopo
729 3008 1021 3052 Eduensi'mandat
1043 3022 1203 3058 quatenus

1293 410 1436 449 Bugoni,
1452 409 1559 439 abbati
1574 408 1762 439 monasterii
1784 407 1892 438 Sancti
1908 407 2064 448 Stephani
2079 409 2298 450 Divionensis,

1291 471 1411 494 munus
1426 461 1660 493 benedictionis
1676 461 1858 501 impendat,
1880 461 1908 491 si
1931 461 1962 491 id
1986 462 2202 501 Lingonensis
2219 463 2299 503 epis·

1291 525 1387 556 copus
1403 516 1504 546 facere
1521 515 1711 554 neglexerit.

1334 583 1346 596 «
1364 569 1446 600 Cum
1462 577 1565 608 nuper
1579 568 1812 599 monasterio...
1831 585 1869 590 —-
1887 568 1961 599 Dat.
1977 572 2011 599 ut
2026 577 2132 608 supra.
2154 582 2166 595 υ

1365 743 1477 771 1241
1928 739 2018 773 Rieti,
2034 740 2050 768 8
2066 741 2135 768 aont
2150 740 2228 769 1289.

1325 804 1544 832 Absolutiones.
1563 802 1645 835 (nso.
1659 802 1691 829 44
1702 823 1709 834 .
1725 809 1750 829 c.
1768 802 1834 834 390,
1852 801 1872 828 f.
1890 801 1939 837 195
1954 804 2004 834 νο.)

1337 907 1505 937 Venerabili
1519 907 1615 944 fratri
1631 905 1663 935 G.
1679 928 1687 942 ,
1704 905 1925 943 archiepiscopo
1943 903 2126 943 Maqunnno
2141 929 2148 943 ‚
2167 904 2252 936 facul
2271 928 2274 932 .
2296 915 2298 918 ·

1291 964 1355 991 tem
1371 960 1515 991 concedit
1533 958 1719 990 absolvendi
1742 958 1916 989 nonnullos
1936 958 2094 998 praelatos
2117 962 2149 989 et
2171 958 2305 1000 elericos

1290 1013 1443 1044 dioecesis
1469 1013 1693 1051 Maguntinae‚
1713 1011 1788 1051 qui,
1813 1012 1883 1042 sine
1903 1012 2028 1050 scriptis
2044 1012 2314 1044 excommunica-<¹

1292 1067 1388 1098 tionis
1403 1071 1434 1096 et
1454 1066 1616 1097 interdicti
1632 1065 1808 1096 sententias
1828 1065 2035 1105 proferendo,
2053 1065 2299 1105 suspensionem

1290 1121 1509 1151 incurrerunt.

1333 1185 1346 1200 «
1365 1172 1449 1204 Cum
1467 1173 1547 1203 sicut
1563 1173 1692 1204 nobis...
1713 1190 1748 1195 —
1773 1172 1846 1204 Dat.
1869 1172 1986 1210 Reate,
2011 1181 2044 1202 vr
2063 1171 2136 1204 idus
2153 1173 2298 1215 augusti,

1291 1234 1377 1256 anno
1394 1226 1546 1257 secundo.
1564 1239 1576 1253 ι
2303 1233 2311 1236 ·

1366 1375 1481 1427 11242
1877 1396 1954 1424 Rieti
1966 1418 1974 1432 ,
1990 1396 2023 1425 28
2040 1397 2136 1432 juillet
2151 1397 2230 1426 1289.

1324 1461 1372 1488 Ad
1396 1461 1603 1496 reparationem
1629 1461 1768 1488 ecclesiae
1794 1460 1989 1496 MaguntInae.
2017 1460 2102 1494 (Rau.
2119 1461 2167 1496 44,
2183 1469 2208 1488 c.
2231 1460 2301 1498 391,

1290 1511 1310 1538 f.
1328 1511 1377 1539 195
1391 1512 1444 1544 νο.)
2295 1533 2299 1551 ,

1329 1614 1434 1643 Eidem
1459 1612 1642 1643 facultatem
1667 1612 1814 1643 concedit
1834 1612 1983 1651 exigendi
2009 1616 2040 1643 et
2058 1611 2236 1652 recipiendi
2253 1585 2329 1645 wal}

1289 1666 1441 1697 ecclesiae
1468 1666 1678 1704 Maguntinae
1700 1665 1835 1696 subditis
1857 1666 2102 1697 subventionem
2125 1673 2314 1706 congruan-

1289 1729 1385 1759 quam
1402 1721 1431 1750 ei
1447 1719 1623 1750 liberaliter
1640 1719 1788 1750 exhibere
1810 1718 1987 1755 voluerint,
2010 1719 2046 1749 in
2065 1719 2301 1758 reparationem

1289 1773 1440 1804 ecclesiae
1455 1773 1717 1803 convertendam.

1330 1839 1344 1854 ιι
1361 1826 1443 1857 Cum
1460 1826 1542 1857 sicut
1558 1835 1633 1857 ex...
1659 1843 1698 1848 —
1713 1827 1785 1857 Dat.
1802 1826 1921 1864 Reate,
1938 1835 1958 1856 v
1977 1825 2133 1856 kalendas
2149 1826 2276 1865 augusti
2309 1863 2311 1867 .

1288 1889 1373 1912 anno
1392 1881 1544 1911 secundo.
1563 1891 1577 1908 n
1747 1878 1750 1880 '

1361 2067 1613 2096 1243-1242
1886 2066 1974 2099 Rieti,
1990 2066 2024 2094 28
2037 2066 2133 2102 juillet
2150 2065 2227 2095 1289.

1323 2129 1456 2158 Facultas
1471 2129 1606 2157 testandi.
1622 2129 1705 2164 (Rae.
1723 2130 1770 2163 44,
1785 2137 1811 2157 c.
1829 2129 1890 2162 392,
1908 2130 1926 2156 f.
1945 2129 1996 2157 195
2012 2131 2065 2164 νῦ.)

1326 2233 1441 2263 Eidem.
1760 2257 1765 2261 .

1327 2298 1342 2314 «
1359 2286 1442 2323 Quia
1457 2285 1614 2325 presentis
1629 2285 1733 2317 vite...
1751 2302 1790 2307 -—
1805 2285 1876 2315 Dat.
1893 2289 1928 2315 ut
1943 2294 2051 2325 supra.
2071 2297 2085 2313 ιι

1908 2364 1996 2398 Rieti,
2012 2364 2046 2392 25
2061 2365 2131 2393 nont
2145 2363 2225 2394 1289.

1325 2430 1364 2460 ln
1378 2438 1405 2459 e.
1420 2437 1464 2459 m.
1483 2428 1594 2464 Petro,
1613 2428 1758 2468 episcopo
1772 2428 1924 2467 Regensi.
1942 2427 2015 2460 Dat.
2035 2428 2154 2466 Reate,
2170 2436 2229 2459 vm

1285 2483 1396 2514 lendas
1412 2481 1616 2522 septembris,
1636 2490 1723 2512 anno
1738 2482 1878 2512 secundo
1894 2482 1960 2520 (fol.
1983 2481 2040 2512 196
2054 2486 2095 2521 νο,
2113 2490 2150 2512 en
2165 2476 2304 2523 marach

2275 2528 2291 2543 :t

1908 2562 2000 2596 Rieti,
2012 2563 2046 2591 25
2059 2563 2128 2591 aoht
2145 2562 2224 2591 1289.

1325 2626 1364 2656 In
1381 2634 1408 2656 e.
1427 2634 1470 2655 m.
1488 2624 1678 2663 Guillelmo,
1697 2625 1843 2665 episcopo
1861 2625 2072 2656 Aurasicensi
2090 2623 2196 2666 (Ibin.)

1797 2704 1876 2732 Rieti
1885 2723 1894 2736 ,
1911 2704 1950 2732 1⁸¹·
1964 2704 2129 2740 septembre
2143 2703 2221 2733 1289.

1326 2768 1364 2798 In
1380 2777 1408 2799 e.
1428 2777 1472 2798 m.
1492 2767 1607 2805 Petro,
1633 2768 1779 2807 episcopo
1799 2767 1983 2798 vicentino.
2006 2767 2078 2798 Dat.
2102 2766 2218 2804 Reate,
2235 2765 2296 2798 lta-²

1285 2821 1391 2853 lendis
1407 2821 1615 2862 septembris,
1631 2830 1718 2853 anno
1734 2821 1876 2852 secundo
1893 2820 1998 2861 (Ibid.)
2288 2824 2289 2828 ’
2318 2815 2319 2818 ’

1830 2901 1918 2934 Rieti,
1935 2901 1951 2930 9
1966 2900 2128 2937 septembre
2144 2899 2221 2928 1289.
2278 2934 2285 2948 ἲ

1326 2966 1365 2997 In
1381 2974 1408 2996 e.
1426 2975 1470 2995 m.
1487 2965 1635 3003 cinthio,
1650 2965 1889 3005 archiepiscopo
1904 2963 2067 3003 capuano.
2086 2963 2158 2994 Dat.
2175 2950 2310 2999 Reate(

1284 3019 1392 3050 vidus
1410 3019 1619 3058 septembris,
1639 3027 1725 3050 anno
1740 3017 1880 3049 secundo
1899 3016 2011 3057 (Iota).
2298 3021 2303 3028 ·
