2477 3637
298 363 352 393 106
1040 357 1274 388 REGISTRES
1297 358 1350 388 DE
1374 357 1556 387 NICOLAS
1581 356 1634 385 tv.

296 429 522 467 Honoriusque
550 435 641 466 papa,
667 434 738 455 cuui
765 423 898 455 ecclesia
919 423 1293 463 constantinopolitana,

295 483 347 514 cui
362 482 493 513 ecclesia
508 480 669 511 Cretensis
683 479 822 517 subjecta
834 481 889 514 est,
906 481 981 507 tuuc
992 482 1126 514 vacaret,
1141 477 1214 507 etin
1229 477 1296 516 ipsa

295 537 364 575 ejus
380 534 553 574 capitulum
572 541 634 563 nou
654 531 822 567 resideret,
840 530 1005 560 electionis
1023 535 1053 560 et
1075 530 1297 569 postulationis

296 589 461 626 negotium
478 588 516 617 ad
536 596 568 616 se
584 585 720 619 vocavit,
739 584 986 622 Mathaeumque
1002 591 1107 613 coram
1125 592 1157 613 se
1175 583 1296 613 citavit.

298 643 356 671 Hic
373 650 446 672 vero
465 649 526 670 nou
552 639 750 678 comparuit,
777 637 831 667 sed
857 646 890 667 se
912 637 944 666 in
967 636 1156 668 ,Cretensem
1172 637 1296 667 archie-

297 695 459 734 piscopum
476 694 591 723 iterum
609 692 683 729 eligi
701 691 835 721 curavit.
862 691 983 720 Verum
1002 691 1202 729 postmodum
1229 691 1297 721 Ho-

298 748 406 777 norius
426 747 536 781 Petro,
564 746 619 784 qui
646 746 693 774 fut
710 745 839 773 interim
860 744 892 773 in
911 743 1122 782 patriarcham
1142 744 1298 774 Constan-

298 799 541 839 tinopolitauum
554 799 683 834 electus,
702 798 1084 836 vivavoceinjunxitutse
1095 806 1297 836 nequaquam

297 854 511 891 interponeret
533 851 564 880 iu
593 850 750 890 praedicto
775 851 917 888 negotio,
936 851 1098 880 etiterum
1115 850 1298 881 Mathaeum

297 917 402 939 coram
430 917 462 937 se
490 907 610 943 citavit,
637 907 691 945 qui
713 915 768 945 per
792 906 1045 944 procurationem
1062 914 1157 936 omne
1180 907 1251 944 juS,
1273 907 1299 937 si

297 961 381 1001 quod
397 961 425 991 ei
442 970 477 990 ex
494 960 577 990 dicta
595 959 747 989 electione
763 959 954 998 acquisitum
971 959 1094 996 fnisset,
1113 959 1298 997 resignavit.

297 1016 402 1052 Quare
428 1023 504 1053 papa
523 1013 726 1048 Mathaeum,
745 1012 868 1043 ordinis
889 1012 1021 1042 fratrum
1045 1012 1299 1051 praedicatorum

297 1068 519 1108 professorem,
537 1066 687 1097 ecclesiae
708 1066 851 1096 Cretensi
868 1066 902 1095 iu
916 1065 1189 1104 archiepiscopum
1209 1075 1300 1105 prae-

297 1121 375 1158 ficit,
404 1120 498 1159 eique
529 1128 584 1159 per
611 1119 812 1154 Johauuem,
845 1118 1028 1157 episcopum
1060 1118 1279 1148 Tusculanum
1291 1141 1299 1156 ‚

297 1183 416 1204 munus
430 1172 677 1203 consecrationis
689 1171 844 1211 impendi,
859 1174 887 1200 et
903 1171 1020 1201 deinde
1030 1180 1084 1210 per
1101 1171 1299 1207 Mathaeum,

299 1228 431 1258 Sanctae
447 1227 565 1256 Mariae
582 1227 614 1255 in
633 1226 776 1261 Porticu,
797 1229 826 1255 et
839 1224 1007 1261 Jacobum,
1028 1224 1161 1254 Sanctae
1180 1224 1301 1254 Mariae

298 1281 331 1311 in
358 1280 417 1309 Via
444 1280 518 1309 Lata
543 1279 692 1309 diaconos
720 1277 909 1314 cardinales,
937 1277 1076 1315 palleum
1108 1277 1187 1306 tradi
1214 1277 1299 1312 facit,

298 1333 463 1363 declarans
479 1330 849 1369 Constantinopolitanae
866 1329 1019 1360 ecclesiae
1035 1330 1160 1360 nullum
1176 1339 1231 1368 per
1243 1330 1303 1360 hoc

299 1387 333 1416 in
355 1389 514 1423 posterum
535 1383 769 1423 praejudicium
785 1383 943 1421 generari.

341 1452 353 1467 «
380 1440 417 1468 In
446 1446 593 1476 supreme
609 1437 811 1474 dignitatis...
832 1454 870 1458 —
891 1437 961 1466 Dat.
987 1437 1087 1466 Rome
1103 1436 1185 1475 apud
1203 1436 1303 1466 Sanc-

300 1498 363 1524 tam
393 1493 529 1522 Mariam
563 1491 732 1529 Major-em,
775 1500 796 1519 11
829 1489 982 1520 kalendas
1013 1490 1167 1520 februarii
1182 1514 1188 1527 ,
1219 1498 1304 1520 anno

298 1547 412 1586 primo.
433 1558 445 1573 n

340 1600 376 1629 In
393 1609 421 1629 e.
438 1608 481 1628 m.
499 1597 635 1637 capitulo
648 1597 802 1628 'ecclesiae
818 1597 980 1627 Cretensis
1000 1597 1131 1627 mandat
1146 1600 1305 1636 quatenus

299 1653 459 1692 praedicto
474 1651 711 1690 archiepiscopo
729 1651 868 1681 debitam
885 1651 1032 1690 praebeat
1050 1651 1278 1682 obedientiam.

341 1707 379 1736 In
396 1715 423 1736 e.
441 1715 482 1735 m.
500 1705 585 1735 clero
603 1705 740 1735 civitatis
756 1708 786 1734 et
803 1704 956 1734 dioecesis
971 1704 1144 1734 Cretensis.

340 1760 379 1789 In
395 1768 421 1790 e.
443 1768 487 1788 m.
508 1758 622 1797 populo
645 1758 782 1788 civitatis
798 1762 828 1787 et
843 1757 995 1787 dioecesis
1013 1757 1185 1788 Cretensis.

341 1813 380 1842 Iu
399 1822 425 1842 e.
447 1820 489 1841 m.
509 1810 654 1841 vassallis
670 1810 821 1841 ecclesiae
836 1810 1008 1840 Cretensis.

342 1866 380 1896 ln
397 1875 424 1895 e.
443 1874 486 1895 m.
506 1864 718 1902 suffraganeis
736 1863 885 1907 ecclesiae
901 1863 1073 1894 Cretensis

342 1920 381 1949 In
413 1928 440 1948 e.
472 1927 516 1947 m.
539 1918 589 1954 P.,
616 1917 814 1956 patriarchae
836 1912 1197 1957 Constantinopolitano.
1226 1919 1307 1949 Eum

302 1976 391 2011 rogat
407 1976 440 2001 ut
460 1971 565 2002 eidem
581 1971 817 2009 archiepiscopo
832 1971 945 2001 faveat.

343 2026 382 2055 Iu
399 2034 426 2055 e.
444 2034 486 2054 m.
515 2047 535 2054 ..
557 2024 702 2063 potestati
725 2028 755 2054 et
770 2024 934 2054 communi
951 2024 1130 2062 Paduanis,
1150 2030 1184 2055 ut
1204 2026 1308 2056 eidem

303 2079 552 2117 archiepiscopo,
570 2078 610 2107 ad
626 2078 845 2108 conservanda
860 2078 943 2108 bona
959 2082 989 2108 et
1005 2079 1078 2117 J'ura
1095 2080 1162 2118 ejus
1179 2079 1213 2108 in
1231 2080 1308 2109 civi-

305 2136 366 2163 tate
384 2140 495 2162 eorum
512 2135 542 2161 et
556 2131 714 2168 districtu,
731 2131 891 2161 auxilium
908 2132 1107 2170 impendant.

346 2186 384 2215 In
417 2195 443 2215 e.
467 2194 509 2214 m.
543 2185 644 2214 nobili
673 2185 742 2215 viro
760 2207 780 2214 ..
809 2184 882 2214 duci
915 2185 1121 2223 Venetorum,
1148 2190 1182 2216 ut
1205 2186 1309 2216 eidem

305 2239 542 2278 archiepiscopo
559 2239 672 2268 faveat.

377 2411 467 2440 550

345 2473 435 2500 Priori
458 2473 492 2499 de
508 2472 630 2500 Plateria
646 2472 832 2508 Lugdunensi
848 2474 963 2500 mandat
979 2478 1121 2509 quatenus
1143 2475 1314 2502 Renaudum

307 2524 341 2550 de
379 2523 515 2549 Bessiaco
532 2543 537 2554 ,
580 2522 750 2549 canonicum
788 2523 1012 2558 Lugdunensem
1029 2547 1036 2558 ,
1080 2526 1316 2552 excommunica-

308 2573 395 2599 tionis
411 2572 581 2599 senteutiam
607 2581 662 2599 nou
681 2573 839 2599 iucurrisse
855 2573 1013 2605 denuntiet,
1031 2579 1115 2608 atque
1132 2574 1271 2601 decanum
1289 2578 1316 2601 et

308 2622 463 2657 capitulum
483 2621 694 2655 Lugdunenses
718 2621 752 2648 ad
779 2623 990 2649 restitutionem
1008 2623 1151 2658 praedicto
1176 2623 1315 2651 Renaudo

308 2670 435 2696 omnium
466 2678 539 2704 quae
574 2670 879 2697 excommunicationis
909 2676 1056 2706 praetextu
1087 2673 1308 2709 subtraxerunt,

308 2719 469 2753 compellat.
486 2718 568 2751 (Rau.
587 2719 630 2752 44,
647 2728 672 2746 c.
692 2719 751 2750 356,
771 2720 790 2746 s.
807 2720 840 2746 82
855 2726 903 2751 v⁰·,
922 2720 987 2747 Lan.
1006 2731 1039 2749 nu
1055 2722 1154 2754 Tuam,
1172 2723 1193 2757 I,
1214 2725 1285 2758 109.)

895 2412 980 2442 Rieti,
998 2413 1011 2438 7
1029 2413 1145 2439 octobre
1164 2413 1240 2440 1288.

353 2843 372 2849 ..
394 2822 493 2857 priori
514 2822 548 2850 de
568 2822 701 2851 Platerz'a
726 2823 929 2860 Luqclunensi.
954 2836 967 2850 ιι
990 2823 1054 2854 Sua
1075 2825 1168 2855 nobis
1189 2826 1318 2856 Renau-

311 2873 370 2903 dus
386 2873 425 2902 de
446 2873 611 2910 Bessiaco,
628 2875 800 2906 canonicus
816 2876 947 2906 ecclesie
969 2877 1210 2916 Lugdunensis,
1237 2880 1319 2919 peti-

313 2926 400 2955 tione
418 2927 544 2955 monuit
559 2927 641 2965 quod
658 2928 691 2957 in
715 2928 824 2959 eadem
842 2930 973 2960 ecclesia
991 2931 1074 2960 iuter
1091 2931 1153 2961 alia
1177 2932 1238 2961 tale
1259 2933 1317 2962 ha-

313 2978 404 3008 betur
422 2981 575 3008 statutum
592 2980 776 3018 juramento
795 2982 964 3019 vallatum,
985 2983 1131 3014 videlicet
1147 2985 1231 3023 quod
1255 2989 1316 3015 tam

314 3036 500 3070 personatus
522 3041 617 3071 quani
641 3033 810 3072 dignitates
833 3036 866 3065 in
890 3036 973 3066 dicta
989 3037 1121 3067 ecclesia
1139 3038 1318 3069 obtinentes

1377 425 1536 462 ceterique
1557 421 1701 452 canonici
1718 429 1813 460 quam
1836 420 1893 451 alii
1915 421 2095 451 beneficiati
2115 421 2259 461 ejusdem
2279 421 2381 453 eccle-

1378 477 1423 507 sie
1438 477 1492 515 qui
1516 480 1635 511 terras,-
1654 474 1867 514 possessiones
1883 478 1913 504 et
1929 474 2144 512 obedientias,
2165 479 2220 505 aut
2239 474 2381 506 redditus

1379 534 1409 559 et
1420 533 1589 569 proventus
1605 528 1706 567 ipsius
1718 527 1849 557 ecclesie
1868 527 1903 557 in
1919 527 2116 566 portionibus
2129 528 2173 557 eis
2187 536 2206 558 a
2225 550 2244 558 ..
2261 527 2382 560 decano

1379 587 1409 612 et
1424 581 1560 621 capitulo
1574 581 1761 619 assignatis,
1780 580 1828 610 vel
1851 589 1906 619 per
1921 589 2138 620 quascumque
2153 580 2230 611 alias
2252 581 2382 613 divisio-

1380 644 1437 666 nes
1459 636 1517 665 sub
1536 643 1645 665 annuo
1665 643 1780 671 censu,
1806 643 1860 663 seu
1886 633 2102 664 refusionibus
2120 638 2205 664 certe
2227 635 2382 673 pecunie,

1380 689 1481 726 bladi,
1499 697 1553 719 seu
1572 688 1741 727 cujuslibet
1755 687 1888 717 alterins
1908 687 1953 717 rei
1971 687 2117 717 obtinent
2134 695 2190 726 pro
2209 695 2383 725 pagamen-

1381 743 1430 778 tis,
1442 751 1589 781 quepaya
1601 741 1774 779 vulgariter
1784 744 1998 779 nuncupatur,
2008 740 2192 777 refectoriis,
2201 741 2386 772 anniversa-

1381 795 1450 830 riis,
1463 795 1579 825 fabrica
1590 795 1732 833 ejusdem
1742 794 1884 831 ecclesie,
1901 802 1937 824 ac
1949 793 2136 824 elemosinis
2145 793 2311 832 faciendis,
2323 794 2388 825 nisi

1381 857 1513 879 censum
1532 853 1562 878 et
1580 848 1755 878 refusiones
1776 846 1975 886 hujusmodi,
1992 847 2063 877 sine
2077 846 2248 886 cujuslibet
2263 855 2386 878 recom-

1381 901 1578 940 pensationis
1603 900 1778 937 obstaculo,
1799 901 1892 930 certis
1910 900 1950 930 ad
1975 899 2034 930 hoc
2049 899 2205 930 ordinatis
2224 900 2387 938 terminis,

1383 955 1536 985 solverint
1551 955 1735 992 annuatim,
1759 954 1807 984 vel
1831 954 1857 984 si
1883 953 2031 993 quemvis
2053 954 2194 992 ipsorum
2217 962 2272 993 per
2293 953 2388 992 igno-

1382 1009 1519 1038 rantiam
1536 1009 1575 1039 ab
1598 1008 1783 1047 hujusmodi
1808 1007 1964 1038 solutione
1986 1015 2110 1037 cessare
2125 1007 2303 1046 contingat,
2323 1007 2389 1038 nisi

1382 1062 1466 1091 infra
1482 1066 1602 1100 septem
1618 1061 1685 1092 dies
1702 1066 1867 1101 postquam
1890 1060 1923 1091 id
1944 1060 1984 1091 ad
2000 1061 2069 1099 ejus
2085 1060 2233 1091 notitiam
2246 1056 2391 1100 pervenit

1384 1114 1422 1145 de
1437 1114 1532 1145 celeri
1548 1115 1608 1145 sibi
1623 1124 1718 1154 super
1735 1115 1794 1145 hoc
1810 1114 1968 1145 solutione
1985 1113 2159 1153 provideat,
2172 1113 2284 1144 ceteris
2299 1113 2390 1152 penis

1384 1167 1568 1206 subjaceant
1592 1168 1626 1197 iu
1654 1168 1765 1198 eodem
1796 1172 1910 1198 statuto
1938 1167 2111 1203 contentis,
2139 1166 2240 1197 felicis
2265 1174 2391 1206 quoque

1385 1221 1611 1251 recordationis
1627 1220 1802 1260 Gregorius
1819 1230 1897 1260 papa
1913 1220 1955 1258 X,
1972 1220 2174 1259 predecessor
2190 1225 2307 1257 noster,
2320 1227 2393 1251 auc·
2428 1213 2434 1250 ζ

1386 1274 1508 1304 toi-itate
1535 1275 1704 1313 apostolica
1727 1275 1913 1315 hujusmodi
1943 1278 2095 1304 statutum
2124 1273 2330 1311 confirmans,
2357 1273 2393 1304 in
2424 1296 2428 1298 .

1386 1327 1674 1358 corroborationem
1693 1328 1794 1367 ipsius
1809 1327 1990 1364 adiciendo,
2013 1328 2097 1357 inter
2113 1331 2217 1357 cetera
2233 1326 2395 1357 ordinavit

1385 1384 1421 1411 ut
1435 1381 1664 1420 possessiones,
1684 1381 1879 1412 obedientias
1892 1405 1900 1418 ,
1924 1381 2066 1411 redditus
2093 1385 2124 1410 et
2143 1383 2315 1420 proventus
2333 1379 2394 1410 hu-

1383 1434 1543 1473 jusmodi,
1562 1438 1595 1464 ut
1611 1434 1793 1473 predicitur,
1811 1435 2002 1472 obtinentes,
2020 1435 2046 1464 si
2062 1443 2117 1473 per
2132 1443 2236 1464 unum
2250 1442 2395 1465 mensem
2428 1422 2431 1427 ’

1385 1496 1404 1517 a
1413 1487 1477 1518 fine
1487 1487 1690 1525 singulorum
1699 1487 1912 1527 predictorum
1925 1488 2134 1518 terminorum
2143 1487 2397 1526 computandum
2427 1522 2438 1529 Δ

1387 1541 1421 1571 in
1443 1541 1584 1580 ipsorum
1601 1550 1756 1571 censuum
1777 1545 1807 1570 et
1825 1541 2027 1571 refusionum
2048 1540 2206 1572 solutione
2221 1543 2396 1577 cessarent,

1388 1595 1727 1625 excommunicationis
1754 1594 1948 1625 sententiam
1979 1595 2182 1624 incurrerent
2205 1595 2274 1634 ipso
2294 1593 2394 1631 fact03

1387 1657 1526 1687 cumque
1546 1648 1744 1687 postmodum
1761 1647 1920 1686 predictus
1939 1647 2114 1677 Renaudus
2130 1647 2163 1677 in
2179 1647 2311 1678 remotis
2327 1655 2396 1686 par-

1388 1702 1472 1732 tibus
1490 1702 1651 1731 insisteret
1675 1701 1778 1731 studio
1801 1700 1993 1737 litterarum,
2012 1709 2047 1730 ex
2065 1700 2224 1731 divisione
2242 1708 2396 1739 quarum-

1388 1755 1461 1785 dam
1480 1760 1655 1791 terrarum,
1675 1759 1749 1785 tnnc
1772 1765 1826 1794 per
1841 1759 1975 1785 mortem
1994 1754 2158 1794 quondam
2182 1753 2340 1784 Guidouis
2358 1753 2399 1784 de

1389 1809 1527 1845 Tierno,
1552 1808 1683 1839 ecclesie
1709 1811 1882 1838 memorate
1902 1808 2112 1847 precentoris,
2139 1807 2258 1838 ibidem
2279 1815 2397 1837 vacan-

1390 1863 1481 1899 tium,
1501 1871 1556 1900 per
1573 1885 1592 1891 ..
1610 1861 1768 1892 decanum
1785 1865 1815 1891 et
1830 1861 2007 1899 capitulum
2025 1860 2169 1900 ejusdem
2187 1859 2319 1891 ecclesie
2335 1859 2399 1890 sibi

1389 1915 1502 1946 fuisset
1517 1915 1653 1954 quedam
1672 1915 1781 1954 petitio
1796 1915 1975 1953 assignata,
2001 1922 2057 1953 pro
2076 1923 2139 1953 qua
2154 1913 2242 1944 idem
2268 1913 2398 1944 Renau-

1389 1969 1448 1999 dus
1461 1977 1607 1999 annuum
1623 1977 1755 1999 censum
1773 1969 1863 1999 tertie
1877 1968 1976 2007 partis
1993 1968 2091 1997 nnius
2107 1967 2226 1997 hicheti
2243 1965 2398 2005 siliginis,

1390 2022 1530 2053 valorem
1563 2031 1708 2054 annuum
1739 2022 1904 2052 duodecim
1933 2021 2141 2051 denariorum
2169 2020 2400 2051 viennensium
2442 2047 2448 2053 .

1392 2077 1527 2106 minime
1543 2076 1728 2115 attingentis
1742 2099 1750 2112 ,
1772 2075 1946 2105 elemosine
1963 2075 2045 2104 dicte
2061 2074 2194 2104 ecclesie
2209 2073 2331 2104 solvere
2353 2077 2400 2104 te·

1394 2130 1538 2167 uebatur,
1557 2129 1632 2169 quia
1652 2129 1785 2159 Pontius
1804 2128 1842 2157 de
1855 2127 2012 2165 Vallibus,
2030 2131 2202 2166 perpetuus
2218 2125 2401 2166 capellanus

1393 2184 1493 2223 ipsius
1512 2183 1658 2218 ecclesie,
1677 2182 1732 2221 qui
1749 2182 1844 2212 etiam
1863 2190 1898 2211 ex
1922 2181 2151 2211 commissione
2166 2179 2326 2211 dictorum
2342 2180 2400 2211 de-

1394 2238 1464 2268 cani
1487 2241 1518 2267 et
1540 2236 1670 2276 capituli
1699 2237 1815 2266 fabrice
1841 2235 1984 2274 ejusdem
2007 2234 2138 2264 ecclesie
2164 2242 2275 2265 curam
2300 2233 2400 2272 gerit,
2432 2264 2433 2268 ,

1396 2294 1578 2331 procurator
1592 2291 1694 2329 ipsius
1714 2289 1880 2325 Reuaudi,
1901 2288 1939 2318 ad
1958 2287 2148 2318 solvendum
2168 2286 2404 2318 omnia'debita

1396 2349 1426 2375 et
1441 2345 1617 2374 refusiones
1633 2343 1706 2373 dicti
1724 2343 1761 2372 1³.
1778 2347 1807 2372 et
1823 2343 1891 2381 ejus
1911 2340 2108 2380 procuranda
2127 2340 2253 2378 negotia
2269 2340 2304 2370 in
2317 2339 2402 2370 dicta

1397 2397 1527 2427 ecclesia
1543 2397 1743 2432 constitutus,
1761 2395 1881 2425 dictum
1898 2404 2030 2425 censum
2045 2398 2162 2424 statuto
2181 2393 2320 2424 termino
2338 2401 2403 2424 non

1398 2450 1563 2491 persolvit,
1588 2449 1661 2479 licet
1690 2449 1889 2488 postmodum
1916 2449 2001 2478 idem
2027 2447 2217 2484 Remmius,
2243 2445 2404 2486 quamcito
2431 2453 2435 2459 ·

1397 2505 1429 2534 id
1449 2504 1487 2534 ad
1514 2505 1582 2543 ejus
1607 2503 1749 2542 pervenit
1774 2502 1939 2538 notitiam,
1962 2501 2118 2540 prefatum
2143 2508 2277 2530 censum
2299 2499 2404 2530 eidem

1399 2558 1573 2588 elemosine
1588 2557 1712 2595 integre
1726 2556 1929 2596 persolvisset
1943 2580 1948 2592 ,
1966 2555 2106 2585 decanus
2122 2558 2153 2585 et
2168 2552 2344 2593 capitulum
2355 2561 2404 2584 su-

1399 2611 1550 2652 pradicti,
1569 2611 1718 2650 precipue
1744 2633 1762 2640 ..
1785 2614 1961 2649 precentor,
1982 2633 2002 2640 ..
2023 2609 2154 2639 sacrista
2177 2612 2207 2650 et
2226 2607 2406 2648 prepositus
2435 2599 2441 2618 ³

1399 2665 1541 2705 ejusdem
1561 2664 1709 2701 ecclesie,
1729 2663 1804 2693 t'also
1824 2667 2002 2693 asserentes
2019 2661 2196 2702 predictum
2212 2659 2406 2691 Renandum
2434 2694 2441 2698 ,

1400 2721 1524 2757 propter
1550 2717 1608 2747 lioc
1637 2717 1771 2756 prefatas
1799 2714 2140 2746 excommunicationis
2173 2713 2348 2744 sententias
2377 2714 2408 2743 et
2431 2718 2434 2728 ¹

1401 2780 1498 2811 penas
1521 2770 1600 2800 alias
1620 2771 1811 2806 incurrisse,

1401 2833 1586 2854 communes
1603 2827 1751 2853 tractatus
1767 2823 1895 2863 capituli
1911 2827 1941 2853 et
1956 2822 2203 2853 celebrationem
2223 2820 2408 2850 divinorum

1400 2886 1435 2907 ac
1451 2877 1513 2907 alia
1532 2877 1604 2915 jura
1626 2877 1687 2907 sibi
1713 2878 1746 2907 in
1770 2878 1879 2907 eudem
1903 2875 2035 2907 ecclesia
2058 2873 2271 2915 competentia
2290 2872 2407 2904 admit-

1403 2937 1483 2968 tere,
1508 2940 1542 2961 ας
1569 2931 1595 2961 ei
1624 2935 1743 2969 partem
1774 2935 1928 2960 terrarum
1943 2954 1949 2966 ,
1966 2929 2127 2959 fructuum
2147 2931 2177 2958 et
2196 2929 2409 2967 proventuum

1402 2985 1506 3015 medio
1527 2990 1665 3024 tempore
1684 2985 1717 3014 in
1734 2984 1866 3015 ecclesia
1890 2985 1957 3023 ipsa
1976 2982 2173 3019 vacantium,
2189 2981 2229 3011 de
2241 2980 2314 3020 jure
2331 2985 2407 3010 con·-

1403 3039 1577 3077 tingentem
1588 3038 1738 3074 eundem,
1748 3038 1902 3069 exhibere
1912 3037 2072 3075 denegant
2083 3034 2294 3074 miuusjuste.
2303 3032 2409 3070 Quare

1838 2771 1942 2808 ipsum
1968 2769 2133 2799 occasione
2155 2766 2341 2808 hujusmodi
2367 2765 2407 2797 ad
2435 2806 2437 2809 Ι
2460 2760 2471 2768 ”
