2342 3652
923 336 1144 377 PnnMinRE
1166 336 1323 377 ΑΝΝΕΕ.
2129 353 2163 382 21

82 415 116 443 in
139 422 202 444 non
229 414 390 444 modicum
414 415 642 445 detrimentum
667 416 713 444 rei
734 414 858 453 publice
879 412 1079 449 redundare,

82 467 208 498 salubre
224 476 259 497 ac
275 467 351 497 utile
366 467 517 498 adhibere
540 468 719 498 remedium
741 475 835 505 super
856 466 915 495 hoc
931 465 970 494 de
989 465 1078 495 beni-

82 520 200 558 gnitate
225 520 314 550 Sedis
337 521 515 559 Apostolice
540 529 735 550 curaremus.
761 519 825 549 Nos
848 518 946 555 igitur
972 521 1002 547 et
1029 518 1079 547 in-

81 573 268 612 dempnitati
284 574 358 603 dicti
374 575 553 604 communis
577 577 605 604 et
621 573 715 603 saluti
736 572 891 601 dictorum
911 570 1081 600 scolarium

83 625 392 656 ultramontanorum
414 636 449 657 ac
474 628 604 657 utilitati
635 625 759 665 publice
784 624 925 654 volentes
956 624 990 653 in
1023 624 1082 653 hac

82 684 168 719 parte
183 684 312 718 paterna
331 680 498 718 diligentia
513 680 687 719 providere⁷
704 677 809 708 dilecti
825 676 884 706 filii
903 678 1003 707 nostri
1018 678 1081 707 Pe-

83 733 138 770 tri,
156 733 263 763 Sancti
280 734 441 764 Eustachii
458 735 581 764 diaconi
598 731 786 767 cardinalis,
807 731 898 760 nobis
915 740 1008 769 super
1022 731 1082 760 hoc

81 795 155 816 cum
177 786 330 816 instantia
354 787 577 826 supplicantis,
600 785 745 824 precibus
773 783 940 820 inclinati,
966 784 1082 813 discre-

82 840 161 870 tioni
181 844 232 870 tue
249 850 303 879 per
324 841 535 879 Apostolicam
559 839 672 869 Sedem
692 837 884 866 mandamus
906 842 1080 876 quatenus,

81 893 108 923 si
125 896 170 923 est
189 894 248 927 ita,
269 894 486 931 juramentum
508 892 683 931 predictum
706 891 745 920 ab
768 890 885 920 eisdem
908 890 1082 921 scolaribus

82 947 326 976 ultramontanis
353 947 454 977 taliter
480 946 645 985 prestitum
673 945 860 974 auctoritate
897 948 1005 974 nostra
1032 954 1079 974 re-

80 1000 184 1037 laxes,
202 1001 345 1038 injuncta
366 1001 441 1039 ipsis
450 1008 511 1042 ¹pro
529 1002 613 1028 tanto
628 1007 738 1028 eorum
755 1007 883 1028 excessu
908 998 1082 1036 penitentia

81 1054 269 1092 competenti
284 1062 398 1092 eosque
413 1062 447 1082 ac
460 1053 599 1090 ipsorum
615 1050 758 1089 singulos
772 1051 940 1080 denunties
951 1051 991 1080 ad
1008 1060 1080 1089 pre-

81 1106 156 1136 dicti
168 1107 343 1145 juramenti
359 1105 589 1136 observantiam
607 1113 671 1134 non
689 1105 806 1140 teneri,
826 1112 955 1134 omnem
974 1108 1081 1133 notam

81 1160 147 1190 sive
167 1160 341 1196 maculam,
358 1160 383 1189 si
400 1168 494 1197 quam
509 1168 545 1188 ex
561 1158 742 1188 inconsulta
761 1158 953 1196 prestatione
969 1158 1081 1196 hujus-

80 1213 167 1244 modi
179 1213 352 1252 juramenti
373 1212 502 1242 forsitan
520 1211 745 1247 incurrerunt,
764 1211 891 1249 penitus
912 1210 1078 1240 abolendo.

80 1267 129 1296 Ita
147 1266 230 1305 quod
250 1266 373 1296 nullum
390 1269 514 1303 propter
528 1264 587 1294 hoc
604 1264 649 1294 eis
667 1263 716 1294 vel
736 1273 847 1294 eorum
866 1264 964 1294 alieni
982 1264 1082 1303 possit

80 1321 343 1359 impedimentum
372 1318 451 1348 obici
489 1318 539 1348 vel
569 1317 769 1348 obstaculum
798 1318 970 1357 interponi.
1006 1318 1076 1347 Dat.

80 1374 190 1410 Reate,
207 1372 348 1403 kalendis
360 1372 459 1411 junii,
477 1380 562 1401 anno
580 1372 692 1410 primo.
712 1383 723 1397 n

699 1570 792 1600 Rieti,
808 1569 841 1596 ‘22
858 1570 913 1596 mai
933 1570 1008 1596 1288.

155 1571 237 1601 113

116 1634 298 1670 Dispensatio
314 1634 496 1660 matrimonii.
520 1632 600 1665 (Res.
619 1633 661 1664 44,
680 1641 705 1659 c.
723 1632 769 1662 62,
788 1633 806 1658 f.
824 1632 856 1659 16
872 1633 922 1666 vo.)

124 1750 287 1779 Venerabili
302 1750 395 1786 fratri
418 1771 438 1778 ..

79 1812 140 1833 nus
155 1811 227 1833 cum
247 1803 383 1833 Ricardo
399 1803 436 1833 de
455 1802 677 1837 Vallesorana‚
696 1806 725 1831 et
743 1801 887 1831 Adelicia
901 1801 941 1831 de
957 1801 1079 1839 Valeto,

80 1856 217 1886 Soranae
232 1856 396 1893 dioecesis,
412 1856 575 1894 dispenset
589 1859 624 1884 ut
638 1855 672 1884 in
689 1855 895 1884 matrimonio
905 1855 988 1893 quod
1004 1854 1081 1885 olim

81 1913 304 1939 contraxerunt
326 1913 356 1939 et
376 1909 410 1938 in
434 1917 496 1947 quo
512 1908 620 1947 plures
639 1908 723 1938 filios
739 1912 956 1946 procrearunt,
981 1918 1080 1946 quum

79 1963 262 2001 ignorarent
283 1972 316 1992 se
338 1967 452 2001 quarto
473 1961 761 2000 consanguinitatis
779 1961 879 1999 gradu
895 1961 1080 1999 conjunctos

79 2025 157 2052 esse,
173 2024 337 2046 remanere
352 2016 484 2054 possint.

121 2081 134 2095 α
153 2069 296 2098 Exhibita
310 2069 401 2099 nobis
423 2069 567 2099 dilecti...
585 2085 623 2089 —
645 2068 716 2097 Dat.
743 2068 860 2102 Reate,
879 2077 909 2097 XI
927 2067 1079 2097 kalendas

75 2122 171 2161 junii,
188 2130 271 2152 anno
287 2122 400 2161 primo.
422 2134 435 2149 »

152 2300 337 2328 114-122
684 2300 774 2333 Rieti,
795 2301 908 2334 terjuin
925 2299 1004 2326 1288.

110 2362 320 2389 Tabellionatus
335 2363 465 2389 officium.
484 2363 564 2398 (Res.
583 2364 625 2394 44,
643 2371 669 2389 c.
687 2363 731 2396 63,
750 2363 769 2390 f.
789 2363 820 2390 16
835 2364 888 2393 vo.)

116 2478 222 2507 Dilecto
235 2479 298 2515 lilio
314 2479 471 2516 Arnulpho
491 2479 566 2508 dicto
583 2480 725 2515 Βαιαιῖίίε,
741 2480 774 2508 de
797 2479 952 2514 Vertonno,
970 2477 1076 2508 clerico

76 2533 110 2560 in
125 2532 296 2560 minoribus
308 2532 465 2560 ordinibus
474 2533 644 2569 constituto,
658 2532 846 2562 Treverensis
856 2532 988 2566 diocesis,
1004 2539 1076 2560 con<

73 2584 158 2614 cedit
175 2575 395 2614 tabellionatus
410 2585 559 2614 officium.

117 2648 130 2664 α
150 2637 198 2667 Ne
214 2641 432 2667 contractuum
448 2638 636 2668 memoria...
654 2656 692 2659 —
707 2638 779 2668 Dat.
798 2638 911 2674 Reate,
930 2637 1076 2667 kalendis

71 2691 168 2729 junii,
183 2699 268 2721 anno
284 2691 396 2730 primo.
415 2703 428 2717 n

114 2743 152 2773 In
171 2752 199 2773 e.
216 2752 259 2773 m.
278 2743 445 2782 Raynaldo
462 2743 545 2774 dicto
564 2744 722 2782 Maczono,
739 2745 777 2775 de
794 2745 890 2782 Setia,
908 2744 1023 2774 clerico
1040 2745 1073 2774 in

74 2796 254 2827 minoribus
271 2796 437 2827 ordinibus
454 2797 636 2834 constituto,
653 2797 891 2828 Tarracinensis
909 2797 1072 2827 dioecesis.

115 2849 153 2879 In
169 2858 195 2879 e.
212 2859 256 2879 m.
273 2850 441 2880 Francisco
456 2850 596 2888 Amoris,
613 2850 725 2880 clerico
741 2851 899 2888 Alatrino,
916 2851 951 2880 in
969 2851 1074 2880 mino-

74 2902 162 2933 ribus
176 2903 343 2933 ordinibus
359 2903 540 2933 constituto.

115 2956 154 2985 In
179 2965 206 2986 e.
235 2965 278 2986 m.
305 2956 435 2987 Nicolao
450 2957 533 2986 dicto
554 2956 695 2993 Meliori,
715 2955 828 2987 clerico
849 2956 1021 2994 Verulano,
1041 2957 1074 2986 in

73 3008 252 3039 minoribus
267 3009 435 3039 ordinibus
450 3009 632 3040 constituto.

463 1751 594 1787 episcopo
617 1749 764 1778 Verulano
780 1748 950 1778 committit
976 1751 1083 1786 quate-

1204 413 1243 442 In
1266 422 1292 442 e.
1322 422 1366 443 m.
1391 414 1550 450 Romano,
1569 413 1660 451 laico,
1680 417 1753 443 nato
1768 415 1855 444 Petri
1871 415 1996 445 Nicolai
2012 417 2165 455 Romani,

1163 466 1202 496 de
1218 467 1314 496 Urbe.

1203 520 1243 549 In
1261 529 1288 549 e.
1309 529 1351 549 m.
1373 520 1544 550 Benedicto
1561 521 1600 550 de
1618 521 1775 556 Fumone,
1798 521 1912 551 clerico
1931 523 1965 551 in
1989 523 2167 553 minoribus

1163 573 1329 603 ordinibus
1345 574 1531 610 constituto,
1546 573 1711 603 Alatrinae
1725 574 1887 604 dioecesis.

1204 626 1242 654 In
1258 634 1284 655 e.
1303 635 1345 655 m.
1365 626 1485 656 Gentili
1501 626 1538 656 de
1556 627 1684 663 Penna,
1702 626 1799 664 laico,
1817 627 1987 657 Firmanae
2002 628 2165 658 dioecesis.

1204 679 1242 707 In
1259 687 1286 708 e.
1305 688 1346 708 m.
1367 679 1540 709 Guillelmo
1556 680 1661 716 Fabri,
1678 680 1716 709 de
1732 681 1847 715 Varno⁷
1866 680 1991 717 clerico,
2009 681 2043 710 in
2060 682 2165 712 mino-

1165 731 1253 760 ribus
1269 731 1435 762 ordinibus
1451 733 1630 768 constituto,
1650 733 1901 771 Engolismensis
1919 734 2085 764 dioecesis.

1797 813 1889 842 Rieti.
1907 815 1921 840 5
1936 815 1999 848 juin
2018 814 2095 841 1288.

1206 874 1243 903 ln
1261 883 1287 903 e.
1301 883 1344 903 m.
1363 874 1616 910 JohanniPetri,
1632 875 1747 905 clerico
1764 876 1928 912 Auriensi,
1940 876 1973 904 in
1990 876 2167 906 minoribus

1166 927 1331 957 ordinibus
1361 928 1542 958 constituto.
1578 929 1650 958 Dat.
1681 929 1797 965 Beate⁷
1830 929 1922 958 nonis
1949 929 2054 967 junii,
2085 938 2169 960 anno

1165 980 1278 1019 primo.

1238 1167 1322 1195 123

1200 1229 1242 1256 De
1266 1229 1427 1256 venditione
1450 1230 1553 1256 domus
1577 1230 1611 1256 ad
1634 1230 1735 1257 fratres
1763 1230 1959 1257 Poenitentiae
1982 1231 2166 1265 pertinentis,

1164 1278 1282 1305 Accone
1299 1279 1380 1305 sitae.
1398 1279 1480 1312 (Rsoi
1499 1279 1542 1312 44,
1559 1287 1584 1305 C.
1602 1279 1645 1311 64,
1663 1279 1682 1306 f.
1702 1279 1732 1306 16
1750 1281 1801 1311 v0.)

1656 1167 1866 1201 Salat-pierre,
1883 1167 1916 1194 ‘22
1932 1168 2001 1194 avril
2019 1168 2096 1195 1288.

1210 1380 1376 1410 Venerabili
1390 1370 1508 1417 fratri..
1525 1383 1657 1420 episcopo
1671 1382 1849 1417 Sqsrloniensi
1866 1382 1995 1411 mandat
2011 1386 2167 1420 quatenus

1164 1435 1341 1464 secundum
1366 1439 1508 1464 tenorem
1533 1435 1744 1473 quarumdam
1769 1435 1947 1464 litterarum
1970 1436 2009 1465 ab
2028 1436 2168 1466 Honorio

1164 1496 1243 1526 papa
1270 1488 1334 1517 IIII
1360 1487 1399 1516 ad
1424 1487 1636 1526 patriarcham
1668 1488 1964 1518 Jerosolimitanum
1996 1489 2168 1518 missarum

1164 1545 1252 1570 curet
1273 1545 1306 1570 ut
1328 1541 1478 1578 magistro
1497 1545 1526 1570 et
1548 1541 1700 1571 fratribus
1724 1540 1856 1570 militiae
1874 1541 1997 1580 Templi
2014 1540 2167 1571 Jerosoli-

1165 1594 1279 1623 mitani
1296 1594 1452 1623 vendatur
1467 1594 1579 1623 domus
1596 1603 1667 1623 cum
1685 1594 1752 1632 ejus
1770 1594 1981 1632 pertinentiis,
1999 1603 2095 1632 quam
2110 1594 2166 1624 fra-

1166 1651 1227 1677 tres
1253 1648 1373 1677 ordinis
1401 1647 1620 1677 Poenitentiae
1643 1648 1746 1677 Jhesn
1772 1647 1891 1677 Christi
1916 1648 2078 1677 habebant
2102 1649 2166 1678 Ac-

1165 1710 1243 1731 cone
1261 1706 1290 1730 et
1308 1701 1529 1730 deseruerunt.

1207 1766 1218 1781 a
1252 1754 1446 1784 Dilectorum
1477 1754 1642 1784 filiorum..
1675 1755 1857 1793 magistri...
1884 1771 1922 1776 —-
1946 1755 2016 1784 Dat.
2046 1755 2166 1791 Rome,

1165 1807 1248 1846 apud
1265 1807 1296 1837 S.
1315 1808 1463 1844 Petrum,
1480 1817 1498 1836 x
1512 1807 1665 1837 kalendas
1681 1809 1770 1845 maii,
1786 1817 1871 1838 anno
1887 1808 2027 1846 primo.»

1238 1995 1322 2022 124
1784 1993 1877 2025 Rieti,
1896 1993 1928 2020 21
1946 1994 2002 2020 mai
2020 1993 2096 2020 1288.

1199 2057 1383 2092 Disponsatio
1399 2057 1571 2083 matrimonii
1588 2065 1638 2092 pro
1654 2056 1757 2091 Magno
1773 2065 1839 2090 rege
1856 2055 1982 2082 Suetiae.
2008 2055 2097 2088 (Rae.
2116 2055 2164 2088 44,

1162 2115 1187 2133 c.
1206 2106 1249 2138 65,
1266 2107 1284 2133 f.
1305 2107 1334 2132 17
1352 2113 1390 2137 νος
1410 2105 1525 2139 ΡοΤΤΗ.,
1541 2105 1652 2138 2ῗ718.)

1203 2216 1366 2245 Carissimo
1397 2216 1429 2244 in
1457 2214 1575 2244 Christo
1600 2213 1663 2251 filio
1691 2215 1797 2251 Magmo
1826 2215 1892 2251 reqi
1913 2214 2012 2243 Sztetie
2039 2214 2165 2242 illustri.

1161 2268 1243 2299 Cum
1261 2277 1296 2298 eo
1314 2273 1344 2298 et
1362 2268 1513 2305 Helvige,
1532 2268 1667 2297 muliere
1685 2269 1770 2305 ejus,
1790 2267 1952 2306 dispensat
1973 2271 2005 2296 ut
2028 2267 2166 2305 impedi-

1160 2326 1267 2351 mento
1297 2321 1441 2360 publicae
1472 2322 1666 2357 honestatis,
1693 2321 1836 2359 justitiae
1860 2325 1890 2349 et
1913 2320 2078 2350 affinitatis
2103 2328 2167 2349 non

1159 2376 1313 2412 obstante,
1330 2376 1361 2404 in
1381 2375 1588 2405 matrimonio
1606 2375 1645 2404 ab
1661 2375 1738 2413 ipsis
1756 2379 1916 2404 contracto
1932 2382 2098 2403 remanere
2113 2382 2165 2402 va-

1159 2428 1255 2458 leant.
1273 2428 1402 2458 Dudum
1423 2428 1505 2457 inter
1525 2428 1630 2467 ipsum
1651 2429 1804 2465 Magnum
1824 2432 1853 2457 et
1870 2427 1973 2457 clarae
1992 2427 2166 2456 memoriae

1160 2481 1288 2510 Ericum
1313 2490 1420 2519 regem
1447 2482 1575 2518 Datiae,
1601 2481 1810 2511 dissensionis
1836 2481 1969 2511 materia
1996 2480 2163 2515 suscitata,

1158 2533 1338 2571 praedictus
1356 2534 1502 2570 Magnus,
1516 2532 1677 2562 intellecto
1693 2532 1777 2571 quod
1792 2533 1902 2561 Ericus
1916 2541 1970 2561 rex
1987 2531 2165 2560 Gerardum

1158 2586 1306 2615 comitem
1323 2586 1520 2622 Holdsaciae,
1536 2590 1694 2624 potentem
1711 2585 1832 2614 viribus
1849 2589 1879 2614 et
1895 2585 1999 2614 eidem
2012 2584 2078 2621 regi
2092 2584 2165 2613 vici-

1159 2647 1248 2673 num,
1264 2638 1417 2667 adversus
1432 2639 1539 2676 ipsum
1556 2639 1710 2675 Magnum
1726 2638 1903 2675 adjutorem
1920 2636 2037 2666 habere
2049 2636 2164 2674 praeci—

1158 2701 1257 2731 puum
1286 2692 1459 2733 nitebatur,
1486 2691 1624 2729 Elvigim
1650 2691 1800 2729 praedicti
1826 2690 1949 2720 comitis
1978 2690 2078 2719 filiam
2103 2690 2165 2720 sibi

1158 2754 1212 2784 per
1228 2745 1323 2774 verba
1341 2745 1379 2774 de
1397 2745 1555 2783 praesenti
1574 2743 1852 2773 matrimonialiter
1870 2743 2026 2781 copulavit
2044 2746 2073 2772 et
2091 2751 2164 2773 car-

1158 2798 1224 2827 nali
1249 2797 1361 2835 copula
1381 2798 1564 2834 subsecuta,
1583 2796 1705 2835 prolem
1731 2806 1767 2826 ex
1786 2796 1852 2834 ipso
1868 2796 2075 2826 matrimonio
2091 2804 2164 2834 pro-

1157 2851 1285 2887 creavit,
1298 2859 1409 2880 verum
1426 2854 1499 2880 ante
1515 2854 1711 2880 contractum
1725 2849 1911 2888 hujusmodi
1923 2849 2164 2878 matrimonium

1158 2912 1230 2933 cum
1260 2902 1360 2932 nobili
1389 2902 1523 2932 muliere
1547 2903 1664 2941 Sophia
1692 2902 1872 2941 praedictae
1897 2901 2026 2940 Helvigi
2052 2906 2164 2940 quarto

1157 2956 1256 2994 gradu
1282 2956 1570 2994 consanguinitatis
1597 2957 1767 2995 conjuncta
1792 2964 1846 2994 per
1872 2956 1967 2985 verba
1990 2955 2029 2985 de
2057 2955 2164 2985 futuro

1158 3009 1317 3048 sponsalia
1339 3013 1538 3039 contraxerat
1559 3013 1590 3039 et
1606 3009 1770 3048 quandam
1788 3009 1885 3039 aliam
1900 3009 2011 3039 eodem
2027 3017 2164 3039 consan-
