2342 3652
943 354 1172 394 Daumen
1195 352 1353 392 ANNEE.

102 429 276 466 visitando,
298 429 338 458 ad
367 429 546 458 Midensem
566 428 735 465 diocesim,
761 429 934 467 subjectam
956 430 1010 459 tibi
1030 431 1102 469 jure

102 482 345 521 metropolitico,
363 482 562 517 accessisses,
581 486 614 511 ut
629 482 661 510 in
679 481 733 511 illa
750 482 941 512 visitationis
959 483 1102 513 officium

101 545 259 567 exerceres
273 559 279 571 ,
298 535 505 574 pretendebas
521 544 575 572 per
591 539 746 572 rectores,
765 536 898 566 vicarios
912 542 942 566 et
964 536 1101 575 capella-

101 598 157 620 nos
177 589 260 618 dicte
288 588 422 617 diocesis
442 588 481 617 de
504 588 635 617 notoriis
661 589 841 618 excessibus
869 589 1102 619 visitandorum

100 647 215 673 secreto
231 646 260 671 et
276 641 466 679 singillatim
487 645 515 669 te
531 640 646 670 debere
663 649 699 670 ac
716 649 804 679 posse
827 641 1012 680 inquirere,
1029 650 1102 671 cum

100 696 132 726 id
143 694 287 734 expedire
303 694 445 729 videres,
464 697 492 722 te
508 701 599 730 vero,
616 692 712 722 frater
724 694 867 732 episcope
883 718 888 729 ,
907 703 961 732 pro
980 699 1006 723 te
1025 695 1101 723 tuis-

100 758 159 788 que
179 747 314 777 subditis
338 756 354 775 e
379 746 537 776 contrario
562 751 745 782 asserente,
771 746 916 776 videlicet
934 747 1018 785 quod
1038 755 1101 776 non

99 803 130 832 in
147 805 264 831 secreto
281 804 311 828 et
333 798 522 836 singillatim
538 822 546 835 ,
564 799 617 827 sed
634 799 757 828 clericis
773 799 942 837 cujuslibet
963 800 1101 829 decana-

99 860 147 885 tus
159 853 290 884 insimul
303 852 514 890 congrcgatis,
528 852 561 881 in
574 853 739 882 communi
756 857 786 882 et
797 853 923 891 publico
936 862 1030 891 super
1044 853 1103 882 hu—

95 907 233 947 J'usmodi
251 916 269 936 a
287 912 314 935 te
329 906 566 945 archiepiscopo
589 907 679 945 queri
695 906 807 936 debeat
826 907 866 935 ab
884 906 1004 935 eisdem
1019 930 1025 942 ,
1049 907 1102 935 in—

99 966 143 992 ter
168 969 220 990 vos
243 960 356 990 exinde
383 960 530 990 hesitatio
554 964 599 989 est
623 965 746 995 exorta,
773 969 868 998 super
897 969 959 998 quo
994 960 1101 989 sedem

97 1013 295 1053 apostolicam
313 1013 479 1042 consulere
496 1013 654 1043 voluistis.
675 1014 797 1043 Verum
814 1038 819 1046 ,
836 1014 911 1052 quia
928 1022 983 1051 per
1000 1013 1102 1042 felicis

98 1067 325 1097 recordationis
344 1067 571 1096 Innocentium
600 1076 712 1105 papam
734 1067 818 1103 IIII,
846 1066 1102 1105 predecessorem

95 1124 256 1155 nostrum,
274 1120 411 1159 qualiter
427 1120 669 1158 metropolitani
687 1130 760 1150 suas
778 1120 953 1158 provintias
969 1114 1102 1149 visitan-

97 1177 269 1216 tes-contra
288 1174 426 1203 notorios
444 1174 633 1203 criminosos
660 1174 828 1212 procedere
843 1174 979 1203 debeant
995 1178 1025 1203 et
1044 1183 1102 1212 pu-

95 1226 166 1256 nire
189 1226 314 1256 eosdem
341 1232 388 1256 est
408 1232 579 1264 statutum,
606 1227 690 1266 quod
717 1227 802 1256 unde
825 1228 919 1257 timor
944 1227 1032 1257 abest
1057 1227 1102 1256 ibi

95 1288 156 1310 non
173 1285 218 1310 est
232 1279 434 1319 aliquatenus
452 1281 687 1319 trepidandum,
705 1281 792 1311 vobis
810 1281 913 1310 taliter
929 1280 1101 1319 responde-

95 1342 165 1363 mus
183 1342 190 1362 :
207 1333 291 1371 quod
308 1338 351 1368 tu,
369 1334 617 1373 archiepiscope,
636 1334 821 1373 hujusmodi
839 1334 981 1363 osticium
998 1334 1031 1362 in
1049 1336 1102 1362 tua

95 1386 248 1426 provintia
265 1387 458 1424 exercendo,
476 1388 509 1417 in
529 1388 605 1417 Iocis
622 1388 677 1417 tibi
696 1387 925 1427 metropolitico
938 1388 1011 1426 jure
1027 1387 1099 1416 sub-

92 1440 180 1479 jectis
196 1442 316 1470 notoria
329 1441 481 1478 crimina,
501 1451 562 1480 qne
578 1441 813 1471 examinatione
837 1450 899 1470 non
914 1445 1025 1478 egent,
1043 1450 1099 1479 pu-

95 1494 163 1523 nire
179 1498 263 1532 potes
286 1499 316 1523 et
335 1494 445 1529 debes,
478 1499 568 1533 prout
598 1495 650 1524 tibi
674 1495 794 1524 dictum
818 1498 971 1523 statutum
988 1498 1018 1523 et
1043 1493 1100 1522 alii

95 1556 186 1586 super
210 1547 269 1576 hoc
298 1547 376 1576 editi
406 1557 424 1576 a
446 1548 543 1577 sacris
568 1548 709 1586 patribus
734 1556 872 1577 canones
898 1547 1097 1576 indicabunt.

94 1600 163 1630 Dat.
190 1601 308 1635 Rome,
337 1601 420 1639 apud
446 1600 597 1630 Sanctam
625 1602 759 1630 Mariam
791 1602 961 1638 Nlajorcm,
990 1610 1024 1630 111
1045 1600 1100 1629 ka-

78 1653 201 1690 ¹lendas
216 1653 394 1684 decembris
408 1678 414 1690 ,
430 1663 516 1684 anno
532 1654 683 1684 secundo.
705 1667 716 1680 η

127 1826 373 1855 1238-1237
413 1826 767 1862 Sainte-Marie-Majeure,
785 1829 799 1854 5
814 1828 966 1854 decembre
985 1827 1060 1854 1289.

122 1890 305 1926 Dispensatio
324 1892 507 1918 residentiae.
525 1891 608 1925 (Rea.
627 1892 670 1923 44,
687 1900 713 1918 c.
730 1892 791 1923 647,
810 1893 828 1919 s.
845 1893 894 1919 257
909 1894 955 1924 ΓΟ.)

127 1979 291 2009 Carissimo
302 1981 335 2009 in
347 1980 465 2010 Chi-isco
475 1981 539 2017 filio
552 1981 779 2018 Eduardo,reg]i
788 1982 895 2019 Angylz'e
908 1982 1035 2016 illustri,
1044 1982 1098 2011 cui

85 2033 151 2071 Jam
163 2034 317 2063 concessit
331 2038 363 2062 nt
382 2033 491 2063 decem
508 2033 628 2070 clerici,
641 2035 711 2073 ejus
725 2034 887 2073 obsequiis
899 2035 1096 2071 insistentes,

90 2085 218 2122 tructus,
230 2085 373 2116 redditus
384 2094 414 2116 et
423 2092 594 2125 proventus
603 2087 830 2117 beneficiorum
842 2097 935 2118 suoru
942 2098 983 2124 m,
995 2097 1097 2126 quan-

90 2147 183 2178 quam
197 2140 228 2168 in
242 2140 287 2169 eis
301 2149 363 2170 non
380 2141 556 2176 resideant,
569 2141 755 2179 percipiant,
768 2142 901 2171 eandem
918 2151 972 2180 pro
986 2143 1099 2179 viginti

89 2191 209 2223 clericis
226 2203 280 2231 per
295 2193 403 2223 decem
426 2202 527 2223 annos
554 2194 793 2224 concessionem
808 2194 950 2233 largitur.

130 2257 145 2273 «
167 2246 375 2275 Meminimus
393 2255 497 2285 nuper
516 2247 609 2276 tibi...
626 2264 664 2269 --
681 2247 751 2277 Dat.
772 2248 883 2284 Rome,
900 2249 983 2286 apud
1000 2248 1099 2278 Sanc-

93 2303 154 2329 tam
171 2299 305 2329 Mariam
320 2301 488 2339 MaJ'orem,
502 2301 596 2330 nonis
612 2301 800 2337 decembris,
817 2311 902 2332 anno
915 2303 1065 2333 secundo.
1084 2315 1097 2329 n

130 2351 167 2381 In
182 2360 209 2382 e.
228 2361 272 2381 m.
295 2376 314 2383 ..
330 2352 568 2391 archiepiscopo
587 2353 830 2391 Burdegalensh
849 2377 869 2384 ..
888 2352 1100 2384 Bathoniensi

93 2407 122 2435 et
150 2405 309 2436 Wellensi
337 2407 484 2445 episcopo
502 2432 507 2442 ,
537 2411 568 2436 et
601 2430 621 2436 ..
653 2407 879 2438 archidiacono
912 2409 1101 2445 Agennensi

93 2458 221 2488 mandat
235 2463 394 2497 quatenns
410 2460 538 2489 eosdem
559 2461 681 2490 [ructus
700 2465 730 2490 et
748 2461 890 2491 redditus
907 2461 1019 2499 viginti
1035 2462 1098 2492 cle-

93 2509 166 2540 ricis
174 2511 430 2549 perdecennium
441 2513 566 2550 integre
580 2513 757 2543 ministrari
770 2514 899 2544 faciant.
915 2514 983 2544 Dat.
1002 2520 1038 2553 ut.
1050 2524 1100 2544 sn-

95 2571 158 2601 pra.

131 2722 378 2752 1238-1'739
413 2725 776 2760 Sainte-Marie-Majeure,
790 2727 805 2753 5
817 2726 968 2753 decembre
985 2727 1058 2755 1289.

127 2782 309 2819 Dispensatio
327 2786 511 2813 residentiae.
526 2787 607 2821 (Ptec.
626 2788 668 2819 44,
687 2796 712 2814 c.
730 2788 802 2819 647²,
821 2789 839 2814 f.
856 2789 907 2815 257
923 2790 972 2823 νο.)

133 2872 292 2903 Carissime
309 2876 342 2903 in
361 2875 478 2905 Christo
493 2876 555 2913 fille
569 2876 618 2913 A.,
634 2878 738 2913 reflt'ne
762 2878 867 2915 Αηῃίιῗε
894 2877 1019 2914 illustri,
1046 2879 1097 2907 in-

94 2923 200 2962 dulget
216 2931 248 2955 ut
267 2927 376 2957 decen]
395 2928 501 2958 clerici
519 2930 603 2966 ejus,
629 2929 707 2958 citra
728 2938 814 2959 mare
833 2931 1049 2967 Anglicanum
1064 2932 1097 2960 in

96 2977 162 3015 ejus
179 2978 339 3017 obsequiis
355 2980 549 3015 insistentes,
572 2982 692 3010 fructus
711 2987 739 3011 et
763 2982 902 3011 redditus
926 2984 1095 3014 beneficio-

96 3038 166 3059 rum
182 3040 310 3061 suorum
329 3043 382 3071 per
398 3034 657 3072 quinquennium
677 3035 799 3071 integre
818 3036 1001 3074 percipiant.

2134 369 2191 400 325

1228 440 1241 455 α
1267 428 1310 458 Ex
1333 435 1383 458 tue
1402 431 1672 468 magnitudinis...
1692 448 1731 455 —
1747 433 1817 462 Dat.
1838 438 1871 462 ut
1886 443 1990 472 supra.
2009 447 2021 461 a

1226 481 1263 510 In
1274 491 1301 511 e.
1313 491 1355 511 m.
1371 483 1541 520 praedictis
1561 486 1791 522 executoribuS,
1808 490 1841 515 ut
1859 486 1892 515 in
1905 487 2082 516 executoria
2098 487 2190 517 cleri-

1185 542 1295 563 corum
1313 535 1408 571 regis.

1259 694 1278 720 1
1287 694 1374 721 ⁵240

1222 753 1405 789 Dispensatio
1436 764 1524 791 super
1554 757 1666 784 desc-ctu
1697 760 1842 792 natalium.
1875 760 1956 793 (Rae,
1985 762 2034 792 44,
2066 770 2091 788 c.
2121 763 2189 791 648.

1184 802 1204 828 f.
1219 802 1267 829 257
1288 806 1338 835 vc.)

1449 694 1807 730 Sainte-Marie-MaJeure,
1829 699 1857 724 17
1875 699 2029 725 novembre
2042 699 2118 726 1289.

1225 906 1358 941 Alfonso.
1377 907 1499 942 scolari,
1518 911 1588 935 nato
1603 909 1756 936 carissimi
1780 910 1808 937 in
1828 910 1946 939 Christo
1970 912 2029 947 filii
2047 915 2142 941 nostri
2171 936 2189 941 ..

1186 959 1267 994 reqis
1283 958 1459 995 Portnyalie
1477 960 1619 989 illustris.
1635 960 1715 990 Cum
1741 970 1776 991 eo
1799 963 1943 1001 dipensat
1967 968 2009 999 ut,
2035 974 2098 994 non
2120 967 2190 995 obs-

1187 1014 1271 1039 tante
1283 1011 1406 1040 desectu
1419 1012 1571 1041 natalium
1586 1022 1679 1051 quem
1689 1016 1815 1051 patitur,
1825 1024 1840 1044 e
1851 1017 2018 1054 conjugato
2027 1019 2153 1055 genitus
2164 1024 2193 1049 et

1186 1063 1299 1099 soluta,
1317 1069 1484 1103 postquam
1502 1065 1642 1095 clericali
1659 1073 1816 1097 caractere
1834 1069 2006 1106 insignitus
2024 1071 2133 1107 fuerit,
2154 1072 2192 1101 ad

1186 1125 1299 1146 ornnes
1322 1117 1453 1147 ordines
1470 1120 1649 1156 promoveri
1666 1125 1696 1149 et
1713 1120 1960 1151 ecclesiasticum
1984 1123 2190 1159 heneficium,

1185 1170 1235 1199 cui
1247 1174 1352 1199 tamen
1370 1180 1445 1200 cura
1457 1172 1640 1202 animarum
1654 1182 1716 1202 non
1730 1174 1908 1210 immineat,
1923 1176 2068 1206 obtinere
2079 1176 2190 1207 valeat.

1229 1236 1242 1249 κ
1267 1224 1388 1254 Sensus
1404 1225 1545 1255 hominis
1563 1227 1693 1264 proni...
1711 1244 1748 1248 —
1767 1228 1834 1257 Dat.
1856 1229 1967 1264 Rome,
1986 1230 2068 1268 apud
2094 1230 2192 1260 Sanc-

1187 1281 1250 1306 tam
1272 1278 1408 1308 Mariam
1425 1279 1590 1317 Majorem,
1608 1290 1647 1310 xv
1663 1280 1816 1311 kalendas
1835 1282 2022 1319 decembris,
2040 1292 2125 1313 anno
2143 1293 2192 1314 se-

1185 1331 1336 1361 cundo.»

1259 1491 1371 1519 1241

1220 1552 1403 1588 Dispensatio
1421 1562 1508 1588 super
1523 1554 1635 1581 defectu
1659 1556 1794 1582 natalium
1811 1560 1838 1582 et
1857 1557 2015 1591 pluralitate
2033 1558 2187 1584 beneficio-

1184 1610 1256 1629 rum.
1273 1602 1357 1636 (Rue.
1375 1603 1417 1636 44,
1435 1611 1460 1629 c.
1478 1604 1538 1634 649,
1556 1604 1574 1631 f.
1593 1605 1642 1631 ‘257
1659 1606 1705 1634 ro.)

1448 1492 1801 1527 Salute-Marie—Majeure,
1822 1495 1851 1521 17
1871 1495 2025 1521 novembre
2042 1496 2119 1522 1289.

1220 1706 1355 1734 Iohanni
1371 1707 1449 1734 dioto
1463 1707 1496 1734 (le
1514 1706 1652 1742 Bomout,
1670 1709 1813 1737 canonico
1829 1710 1943 1737 ecclesie
1972 1709 2074 1739 Sancti?
2097 1710 2187 1739 Pauli·

1181 1760 1350 1788 Leodienszts
1362 1784 1368 1795 ,
1388 1768 1524 1797 quocum
1537 1761 1604 1798 jam
1620 1769 1637 1789 a
1654 1760 1818 1790 Clemente
1835 1761 2055 1800 dispensatum
2074 1767 2185 1798 estut,

1181 1821 1244 1842 non
1271 1812 1414 1842 obstante
1436 1813 1559 1842 delectu
1582 1814 1737 1843 natalium
1755 1824 1849 1852 quem
1868 1817 1997 1852 patitur,
2019 1825 2055 1845 ex
2074 1816 2188 1845 acolito

1181 1866 1308 1903 genitus
1320 1870 1349 1895 et
1360 1866 1472 1903 soluta,
1485 1866 1523 1895 ad
1533 1875 1644 1896 omnes
1652 1868 1780 1896 ordines
1792 1869 1970 1905 promoveri
1985 1873 2013 1897 et
2024 1869 2186 1899 ecclesias-

1183 1919 1280 1948 ticum
1300 1920 1505 1954 beneficium,
1524 1921 1593 1949 sine
1610 1929 1696 1954 cura,
1717 1921 1862 1950 obtinere
1890 1922 2020 1957 valeret,
2044 1922 2188 1959 indulget

1181 1977 1216 2002 ut
1233 1972 1483 2002 ecclesiasticum
1498 1974 1702 2009 beneficium,
1720 1975 1814 2003 etiam
1835 1975 1860 2004 si
1879 1975 2018 2012 dignitas
2035 1981 2064 2005 et
2081 1985 2186 2014 perso-

1182 2030 1286 2061 natus,
1300 2031 1330 2056 et
1346 2027 1378 2055 in
1393 2026 1570 2056 cathedrali
1586 2027 1634 2056 vel
1651 2027 1817 2065 collegiata
1828 2028 1960 2057 ecclesia
1972 2029 2023 2064 sit,
2039 2034 2187 2058 etcuram

1181 2079 1366 2109 animarum
1380 2080 1503 2115 babeat,
1515 2081 1664 2119 recipere,
1679 2082 1922 2110 etcanonicatns
1933 2085 1962 2110 et
1979 2082 2186 2119 praebendas,

1181 2133 1250 2163 sine
1266 2142 1351 2169 cura,
1370 2143 1449 2172 qnae
1468 2134 1499 2162 in
1518 2134 1625 2164 Sancti
1646 2135 1728 2163 Petri
1748 2134 1928 2172 Leodiensi,
1949 2135 2135 2164 Andavensi
2155 2139 2184 2163 et

1183 2187 1242 2216 Bea
1250 2191 1296 2216 tae
1309 2187 1430 2216 Mariae
1445 2187 1483 2216 de
1494 2187 1645 2223 Mofflam,
1659 2187 1842 2216 Leodiensis
1861 2188 2028 2224 dioecesis,
2042 2188 2183 2217 ecclesiis

1182 2240 1315 2276 obtinet,
1336 2240 1475 2269 retinere
1491 2240 1602 2269 valeat.

1223 2305 1235 2320 ι
1257 2294 1339 2329 Quia
1354 2293 1466 2323 divina
1483 2294 1737 2324 misericordia...
1757 2310 1794 2316 —
1813 2294 1882 2323 Dat.
1904 2299 2057 2332 utsupra.
2078 2308 2091 2319 a»

1220 2447 1375 2474 12424
1386 2446 1471 2474 743
1498 2446 1856 2479 Salute-Marie-Majeure,
1874 2448 1888 2472 3
1906 2446 2059 2472 novembre
2072 2446 2148 2472 1289.

1218 2508 1425 2542 Indulgentiae.
1445 2508 1524 2539 (Res.
1542 2508 1586 2540 44,
1603 2516 1628 2534 c.
1645 2509 1717 2538 649²,
1737 2509 1754 2534 f.
1772 2509 1821 2535 ‘257
1840 2511 1888 2540 νυ.)

1225 2611 1375 2639 Universis
1400 2610 1514 2638 Christi
1532 2610 1669 2646 fidelibus
1687 2615 1834 2646 presentes
1853 2611 1970 2638 littteras
1991 2610 2182 2645 inspecturis.

1184 2662 1424 2700 Indulgentiam
1442 2662 1536 2691 unius
1554 2662 1631 2690 anni
1651 2666 1679 2691 et
1695 2671 1732 2691 xc
1749 2662 1874 2690 dierum
1894 2662 2038 2691 concedit
2061 2662 2106 2691 eis
2129 2663 2186 2700 qui

1182 2715 1350 2746 ecclesiam
1380 2714 1488 2743 Sancti
1521 2715 1648 2743 Martini
1671 2715 1704 2743 in
1732 2715 1837 2751 Bnrgo
1868 2715 2119 2743 Ainbianensem
2148 2715 2182 2744 in

1182 2769 1213 2799 S.
1235 2768 1363 2797 Martini
1383 2767 1589 2803 contessoris,
1608 2768 1639 2796 S.
1661 2767 1809 2802 Quintini
1834 2772 1862 2796 et
1886 2768 1918 2796 S.
1945 2767 2084 2797 Thomae
2101 2767 2183 2797 Can-

1160 2812 1163 2815 *
1184 2821 1381 2852 thuariensis
1397 2820 1633 2856 festivitatibus,
1652 2824 1682 2849 et
1697 2820 1730 2849 in
1749 2820 1967 2850 anniversario
1989 2820 2040 2850 die
2056 2821 2184 2850 dedica-

1181 2875 1279 2904 tionis
1299 2873 1444 2911 ejusdem
1461 2872 1610 2902 ecclesiae
1626 2896 1631 2907 ,
1651 2873 1862 2901 visitaverint.

1221 2940 1235 2955 ιι
1254 2929 1336 2957 Ante
1354 2927 1504 2955 thronum
1526 2926 1672 2955 divine...
1696 2942 1734 2947 —
1754 2927 1821 2956 Dat.
1841 2927 1959 2963 Rome,
1977 2927 2060 2966 apud
2085 2928 2183 2957 Sanc-

1180 2986 1243 3011 tam
1270 2980 1404 3010 Mariam
1432 2980 1602 3018 MaJ'orein,
1630 2989 1661 3007 111
1687 2988 1785 3008 nonas
1806 2980 1999 3016 decembris,
2022 2972 2184 3010 annovse-

1180 3034 1294 3065 cundo.
1316 3046 1327 3059 »
