2342 3652
896 347 1117 387 PREMIIQJRE
1137 349 1293 388 ANNnn.
2099 361 2139 392 73

54 427 249 458 monasterio
272 425 427 456 violenter
453 424 580 464 ejectis,
611 429 672 454 tam
697 423 924 454 monasterium
948 423 1055 461 ipsum

55 489 152 519 quam
167 480 236 518 ejus
254 479 336 508 bona
352 487 451 508 manu
475 481 598 507 armata
625 480 819 516 occuparunt
842 484 940 514 eaque
961 484 1054 505 occu-

54 537 153 572 pant,
178 535 350 570 proventus
375 536 404 561 et
429 530 571 561 redditus
599 528 813 560 consumendo
837 528 1010 558 enormiter
1025 532 1054 558 et

54 586 151 616 etiam
181 585 387 624 dissipand03
421 593 520 623 quare
545 592 653 614 curam
681 587 711 612 et
742 581 1052 611 administrationem

54 638 198 677 ejusdem
213 638 403 668 monasterii
419 637 586 668 committit
600 644 678 675 papa
695 635 839 675 episcopo
857 634 1019 664 Paduano.

94 690 176 720 (Ad
191 691 389 720 audientiam
407 695 585 720 nostram...
601 705 640 710 —
655 688 724 717 Dat.
742 687 842 717 Rome
858 687 942 725 apud
955 687 1053 717 Sanc-

54 747 119 773 tam
149 743 286 772 Mariam
322 744 500 782 Majorem,
542 751 563 771 11
593 749 692 771 nonas
723 739 929 776 novembris,
966 749 1052 770 anno

53 797 166 836 primo.
193 808 206 823 n

368 979 709 1013 Sainte-Marie-Majeure,
724 979 752 1005 13
763 980 918 1005 novembre
937 980 1012 1007 1288.

88 981 176 1010 4⁰8

89 1042 274 1078 Dispensatio
290 1042 467 1070 matrimonii.
484 1041 566 1076 (Rae.
586 1041 628 1075 44,
645 1049 670 1067 e.
687 1041 749 1075 244,
765 1041 784 1067 f.
802 1042 834 1069 56
850 1043 901 1075 νῦ.)

98 1159 263 1188 Venerabili
276 1159 370 1195 fratri
387 1181 406 1187 ..
419 1159 550 1195 episcopo
561 1157 1048 1196 Bononiensimandatquatenus

52 1220 127 1242 cum
157 1211 257 1242 nobili
271 1212 339 1241 viro
367 1211 510 1247 Alberto,
527 1202 640 1240 comite
656 1209 693 1239 de
716 1210 896 1248 Mangone,
917 1211 1046 1241 Floren-

53 1264 138 1294 tinae
162 1264 330 1301 dioecesis,
349 1268 379 1294 et
399 1263 498 1293 nobili
523 1263 657 1292 muliere
673 1263 830 1300 Castoria,
850 1268 922 1294 nata
940 1274 1045 1303 quon-

52 1316 127 1346 dam
147 1317 314 1356 Andaloy,
333 1316 410 1347 civis
426 1315 651 1352 Bononiensis,
675 1316 837 1354 dispenset
854 1322 887 1346 ut
904 1317 985 1356 ipsi,
1007 1318 1044 1347 ad

52 1370 208 1400 sedandas
221 1378 330 1408 graves
344 1369 531 1399 inimicitias
542 1369 625 1399 inter
641 1374 787 1408 parentes
803 1371 944 1409 ipsorum
959 1372 1042 1401 exis-

51 1427 169 1461 tentes,
186 1423 423 1453 matrimonium
440 1422 627 1452 contrahere
651 1423 794 1458 valeant,
818 1432 882 1453 non
901 1424 1045 1454 obstante

51 1477 136 1515 quod
164 1476 322 1516 quondam
344 1475 553 1514 Radulplius,
579 1485 684 1506 comes
711 1476 748 1506 de
774 1477 908 1511 Panico,
939 1478 1044 1508 Bouo-

51 1529 176 1560 niensis
199 1529 361 1566 dioecesis,
377 1529 433 1567 qui
455 1528 532 1559 olim
550 1537 622 1558 cum
641 1529 800 1567 praedicta
815 1530 958 1560 Castoria
975 1540 1042 1561 ma-

51 1582 237 1612 trimonium
252 1590 308 1620 per
330 1581 424 1611 verba
447 1581 486 1611 de
510 1582 671 1620 praesenti
689 1584 861 1619 contraxit,
885 1583 968 1613 dicto
984 1584 1043 1613 Al-

49 1636 138 1666 berto
154 1635 242 1665 tertia
257 1634 543 1672 consanguinitatis
559 1635 645 1664 linea
661 1636 826 1665 attinebat.

91 1699 105 1716 α
129 1687 352 1726 Siguificarunt
377 1688 469 1717 nobis
494 1688 667 1718 dilectus...
688 1706 726 1710 —
745 1690 816 1718 Dat.
838 1690 938 1720 Rome
961 1691 1044 1729 apud

50 1740 195 1772 Sanctam
225 1741 358 1770 Mariam
387 1742 553 1780 Majorem,
585 1742 694 1772 idibus
725 1744 926 1778 novembris,
958 1753 1044 1774 anno

47 1802 159 1833 primo.
181 1805 194 1820 2

115 1991 306 2021 4⁰9-410

83 2053 254 2082 Benedictus
264 2055 298 2081 ab
309 2055 429 2096 ecclesia
442 2055 602 2084 Bisaciensi
613 2058 648 2084 ad
660 2059 810 2086 ecclesiam
827 2060 1041 2087 Avellinensem

46 2103 222 2130 transfertur.
243 2103 322 2137 (Rae.
339 2105 380 2136 44,
397 2113 422 2131 c.
438 2106 500 2140 245,
514 2107 534 2133 f.
553 2107 584 2134 56
601 2109 652 2139 vo.)

529 1994 740 2027 Saint-Pierre,
757 1997 790 2023 '20
806 1998 876 2024 avril
896 1998 970 2024 1288.

93 2219 258 2248 Venerabili
271 2219 364 2255 fratri
380 2221 541 2259 Benedicto,
554 2224 683 2261 episcopo
699 2224 895 2255 Aoellinensi.
910 2226 1041 2256 Dudum

47 2283 61 2298 ι
72 2270 275 2301 Avellinensi
284 2272 413 2303 ecclesia
421 2274 615 2313 perliberam
626 2277 880 2315 resignationem
888 2279 967 2309 bone
978 2289 1041 2310 me-

44 2324 147 2355 morie
159 2323 329 2361 Johannis,
348 2326 482 2366 episcopi
500 2329 659 2367 quondam
676 2330 906 2368 Avellinensis,
924 2332 958 2361 in
977 2341 1042 2362 ma-

43 2378 140 2408 nibus
148 2377 250 2408 felicis
259 2379 483 2411 recordationis
492 2381 664 2413 Clementis
672 2394 749 2423 pape
757 2385 835 2422 IIII,
844 2385 1040 2424 predecesso-

45 2431 91 2460 ris
114 2431 232 2468 nostri,
248 2431 361 2462 factam
377 2438 406 2463 et
428 2435 467 2464 ab
482 2436 548 2475 ipso
566 2437 757 2475 admissam,
777 2440 910 2477 pastoris
929 2440 1040 2470 solatio

43 2482 208 2520 destituta,
221 2484 324 2515 dictus
332 2487 530 2524 predecessor
539 2490 620 2520 bone
632 2493 787 2522 memorie
797 2493 821 2522 R
830 2518 848 2530 .,
862 2493 1041 2524 Albauensi

40 2536 206 2575 episcopo,
234 2541 309 2582 tunc
332 2539 366 2568 in
389 2549 485 2578 regno
508 2542 617 2574 Sicilie
635 2545 803 2583 apostolice
819 2546 902 2576 sedis
919 2546 1038 2585 legato,

40 2589 109 2619 suis
121 2589 208 2619 dedit
223 2590 282 2620 sub
295 2595 382 2622 certa
398 2592 498 2623 forma
508 2594 621 2626 litteris
631 2597 665 2626 in
681 2599 839 2629 mandatis
854 2605 889 2629 ut
903 2600 1041 2639 capitulo

38 2642 241 2673 Avellinensi
266 2645 442 2683 preciperet
463 2648 546 2686 quod
566 2650 604 2679 ad
625 2650 811 2682 electionem
837 2653 938 2682 futuri
958 2653 1039 2692 epis-

10 2734 13 2737 .
38 2695 108 2734 copi
122 2696 291 2734 procedere
306 2706 370 2728 non
387 2698 560 2739 differrent,
577 2703 654 2734 dicti
666 2714 738 2735 vero
750 2706 937 2744 capitulum,
951 2716 1038 2736 man-

36 2747 109 2779 dato
132 2749 316 2788 hujusmodi
343 2751 384 2781 ab
410 2752 520 2783 eodem
547 2754 648 2794 legato
671 2763 795 2797 recepto
805 2782 813 2796 ,
847 2760 883 2789 in
912 2760 1039 2798 negotio

37 2800 204 2833 electionis
221 2802 410 2842 hujusmodi
428 2807 641 2847 procedentes,
653 2811 867 2849 Leonardum,
883 2812 1039 2842 archidia-

36 2862 155 2885 conum
171 2856 273 2894 ipsius
285 2856 429 2894 ecclesie,
442 2858 475 2887 in
489 2859 728 2894 Avellinensem
743 2865 925 2904 episcopum
938 2865 1039 2904 elege-

34 2911 129 2946 runt,
152 2909 243 2948 cujus
261 2908 451 2941 electionem
465 2911 547 2943 hone
572 2917 724 2947 memorie
740 2940 761 2947 ..
780 2918 1039 2958 archiepiscopus

35 2960 299 2999 Beneventanus,
326 2962 385 2993 loci
416 2966 692 3006 metropolitanus,
717 2979 791 3001 cum
817 2976 899 3002 esset
921 2972 984 3002 sibi
1002 2981 1038 3002 ex

35 3018 122 3051 parte
136 3014 236 3053 ipsius
251 3015 382 3054 capituli
409 3021 599 3057 presentata,
625 3021 727 3052 noluit
747 3025 957 3064 confirmare,
983 3025 1038 3055 sed

172 3079 244 3108 Rae.
266 3080 389 3109 Niconss
409 3081 461 3110 IV.

1136 424 1301 468 negotium
1318 425 1504 464 hujusmodi
1522 426 1612 455 duxit
1630 425 1670 455 ad
1687 425 1793 455 sedem
1809 425 2011 464 apostolicam
2027 428 2134 457 ermit-

1136 476 1269 506 tendum
1288 487 1324 508 ac
1346 478 1396 517 pie
1419 479 1573 509 memorie
1595 478 1765 516 Gregorius
1781 488 1860 517 papa
1877 478 1919 515 X,
1934 479 2136 517 predecessor

1135 534 1252 567 noster,
1265 530 1366 560 felicis
1378 531 1604 562 recordationis
1615 532 1843 561 Innocentium
1854 540 1966 570 papam
1978 532 2014 569 V,
2024 533 2134 571 prede-

1135 591 1290 613 cessorem
1307 588 1462 621 nostrum,
1481 589 1555 615 tunc
1574 585 1754 624 episcopum
1771 584 1963 622 Ostiensem,
1980 587 2136 617 concessit

1134 635 1169 664 in
1198 636 1342 674 ejusdem
1365 637 1531 667 electionis
1554 638 1680 676 negotio
1702 638 1890 675 auditorem,
1910 648 1924 667 i>
1942 644 1972 669 et
1995 644 2134 678 postmo-

1134 689 1210 719 dum
1229 690 1339 720 eodem
1358 690 1512 729 Gregorio
1527 692 1686 728 defuncto,
1706 692 1883 730 praedictus
1906 693 2132 731 Innocentius,

1133 743 1189 780 qui
1214 744 1363 772 successit
1388 744 1510 782 eidem,
1536 745 1636 774 bonae
1660 742 1833 775 memoriae
1860 746 2026 784 Anchero,
2051 747 2135 777 tituli

1133 796 1268 826 Sanctae
1280 797 1432 826 Praxedis
1444 798 1640 836 presbytero,
1654 803 1683 827 et
1696 798 1853 835 Mathaeo,
1868 799 2001 829 Sanctae
2015 801 2135 831 Mariae

1132 849 1167 878 in
1192 849 1320 879 Porticu
1344 849 1476 880 diacono
1494 850 1726 886 cardinalibus,
1753 851 1950 889 praedictum
1970 853 2134 890 negotium

1132 902 1329 932 audiendum
1355 904 1531 940 commisit,
1559 904 1675 942 quibus
1697 904 1958 942 procedentibus,
1976 906 2133 943 praefatus

1131 955 1342 985 Innocentius
1369 960 1514 986 mortuus
1537 962 1593 986 est.
1614 957 1752 986 Demum
1780 958 1939 987 Honorius
1961 968 2039 997 papa
2066 960 2133 990 1111

1131 1008 1183 1044 G.,
1201 1009 1347 1047 episcopo
1361 1009 1545 1047 Sabinensi,
1572 1011 1605 1039 in
1628 1010 1786 1048 praedicto
1814 1020 1912 1048 regno
1927 1011 2029 1041 officio
2045 1011 2132 1050 lega-

1131 1062 1226 1091 tionis
1243 1062 1401 1099 fungenti,
1419 1063 1561 1101 injunxit
1577 1067 1611 1092 ut
1626 1063 1664 1092 de
1681 1063 1838 1101 praedicta
1854 1063 2006 1094 electione
2021 1065 2132 1104 inqui-

1129 1120 1230 1152 reret;
1258 1124 1394 1154 cumque
1422 1116 1526 1146 dictus
1552 1116 1674 1154 legatus
1695 1116 1830 1146 electum
1849 1122 1879 1146 et
1902 1117 2076 1156 capitulum
2093 1119 2133 1148 ad

1129 1177 1221 1198 suam
1249 1169 1461 1207 praesentiam
1491 1174 1667 1206 evocasset,
1699 1170 1800 1200 dictus
1831 1170 2013 1200 Leonardus
2038 1180 2133 1201 omne

1125 1223 1190 1261 jus,
1208 1222 1234 1251 si
1251 1222 1334 1261 quod
1353 1222 1453 1252 fuerat
1471 1223 1533 1252 sibi
1551 1224 1713 1261 quesitum
1729 1233 1764 1253 ex
1786 1224 1938 1254 electione
1955 1225 2130 1262 praedicta,

1128 1275 1314 1313 resignavit.
1330 1276 1434 1311 Quare
1446 1285 1525 1315 papa
1539 1276 1749 1306 Benedictum
1759 1277 1798 1306 ab
1809 1276 1942 1306 ecclesia
1955 1277 2133 1307 Bisaciensi

1128 1329 1168 1358 ad
1186 1328 1351 1358 ecclesiam
1371 1328 1615 1359 Avellinensem
1633 1329 1793 1359 transfert.

1171 1395 1182 1406 «ι
1204 1381 1334 1411 Dudum
1351 1382 1433 1411 sicut
1446 1383 1665 1420 accepimus...
1683 1399 1723 1404 —
1736 1383 1806 1412 Dat.
1824 1383 1924 1413 Rome
1939 1384 2022 1422 apud
2038 1383 2133 1414 Sanc-

1129 1439 1196 1464 tum
1214 1435 1362 1471 Petrum,
1379 1445 1422 1464 >211
1439 1435 1592 1465 kalendas
1610 1422 1706 1473 maii,
1723 1445 1808 1466 anno
1824 1431 1971 1474 primos»

1168 1489 1206 1517 In
1222 1498 1249 1518 e.
1270 1498 1312 1517 m.
1331 1489 1468 1527 capitulo
1483 1489 1686 1519 Avellinensi
1710 1489 1841 1519 mandat
1862 1494 2019 1528 quatenus
2041 1498 2131 1529 prae-

1127 1542 1211 1571 dicto
1230 1542 1374 1581 episcopo
1390 1542 1604 1572 obedientiam
1619 1543 1760 1572 debitam
1773 1543 1931 1582 praebeat.

1160 1743 1213 1769 41
1223 1743 1242 1769 1
1465 1740 1811 1775 Sainte-Marie-Majeure,
1825 1742 1839 1768 4
1851 1741 2004 1768 decembre
2018 1741 2092 1769 1288.

1161 1804 1347 1838 Dispensatio
1366 1803 1549 1829 matrimonii.
1568 1803 1650 1836 (Rae.
1669 1804 1717 1834 44,
1735 1812 1760 1829 C.
1777 1803 1842 1835 246,
1860 1804 1880 1830 f.
1898 1804 1929 1830 57
1947 1811 1990 1836 r⁰;
2013 1803 2129 1837 Poma.y

1126 1854 1235 1886 22836.)

1172 1971 1395 1999 l''enerabz'libus
1420 1970 1607 2007 fratribus..
1626 1970 1831 2008 Razburyensi
1855 1973 1880 1997 et
1905 1991 1923 1997 ..
1944 1970 2131 1998 Ztcerinenst

1126 2024 1269 2061 episcopis
1298 2023 1428 2052 mandat
1454 2028 1610 2061 quatenus
1640 2031 1713 2051 cum
1742 2021 1915 2058 Helboldo,
1947 2022 2062 2052 comite
2093 2023 2131 2052 de

1124 2076 1266 2112 Zwerin,
1290 2080 1320 2105 et
1337 2077 1531 2113 Margareta,
1550 2075 1616 2105 filia
1633 2075 1795 2114 quondam
1816 2075 1906 2104 ducis
1924 2075 2050 2112 Daciae,
2069 2075 2131 2104 dis-

1124 2134 1276 2168 pensent,
1294 2134 1328 2158 ut
1345 2130 1377 2158 in
1396 2129 1602 2159 matrimonio
1615 2128 1699 2167 quod
1714 2128 1791 2158 olim
1808 2132 2034 2158 contraxerunt
2050 2133 2079 2158 et
2096 2129 2130 2158 in

1125 2191 1188 2221 quo
1203 2182 1311 2220 plnres
1329 2182 1411 2212 filios
1430 2187 1645 2221 procrearunt,
1662 2182 1845 2220 ignorantes
1862 2182 2129 2220 impedimentum

1125 2245 1193 2266 esse
1210 2245 1246 2266 ex
1264 2245 1299 2266 eo
1315 2236 1398 2275 quod
1415 2241 1526 2275 quarto
1543 2236 1832 2274 consanguinitatis
1849 2235 1948 2273 gradu
1966 2235 2129 2274 conjuncti

1125 2294 1216 2326 sunt,
1234 2298 1401 2319 remanere
1416 2289 1553 2319 valeant.

1166 2356 1179 2369 «
1205 2343 1436 2380 Significarunt
1465 2342 1555 2372 nobis
1573 2341 1742 2371 dilectus...
1770 2358 1809 2362 ——
1826 2342 1897 2370 Dat.
1922 2341 2023 2370 Rome
2046 2341 2129 2379 apud

1125 2396 1274 2426 Sanctam
1299 2395 1434 2425 Mariam
1455 2395 1633 2433 Majorem,
1658 2404 1680 2423 11
1703 2403 1804 2424 nonas
1827 2393 2019 2429 decembris,
2043 2401 2128 2423 anno

1124 2449 1237 2488 primo.
1260 2461 1272 2475 n

1158 2635 1245 2662 412
1440 2632 1788 2666 Sainte-Marie-Majeure,
1806 2631 1834 2657 14
1847 2630 2001 2657 novembre
2013 2630 2089 2658 1288.

1160 2696 1343 2731 Dispensatio
1358 2695 1538 2722 residentiae.
1557 2694 1638 2726 (Rea.
1660 2694 1706 2727 44,
1730 2702 1755 2720 c.
1776 2693 1840 2724 247,
1862 2693 1881 2718 f.
1899 2693 1930 2719 57
1946 2698 1990 2726 r⁰;
2009 2692 2074 2719 Lar.
2090 2701 2126 2719 nn

1123 2745 1226 2778 Tame,
1243 2744 1270 2776 I,
1291 2744 1361 2778 105.)

1168 2861 1332 2891 Venerabili
1348 2859 1445 2896 fratri
1459 2883 1480 2888 ..
1503 2860 1634 2896 episcopo
1651 2858 1821 2895 Bajocensi,
1840 2856 1986 2894 indulget
2001 2860 2038 2885 ut
2050 2865 2126 2895 qua-

1123 2922 1193 2945 tuor
1203 2914 1309 2944 clerici
1323 2913 1356 2942 in
1374 2913 1442 2951 ejus
1457 2911 1616 2950 obsequiis
1632 2914 1863 2940 commorantes
1884 2918 1938 2948 per
1950 2909 2124 2938 triennium

1121 2969 1259 3004 fructus,
1278 2967 1418 2996 redditus
1431 2970 1461 2995 et
1476 2969 1645 3004 proventus
1659 2963 1864 2994 ecclesiarum
1881 2971 2010 2992 suarum
2026 2971 2061 2991 ea
2075 2962 2125 2991 in-

1123 3022 1265 3060 tegritate
1285 3020 1447 3059 percipere
1463 3018 1600 3057 possint,
1617 3026 1691 3047 cum
1709 3026 1771 3055 qua
1793 3016 1865 3047 illos
1880 3016 2080 3055 perciperent
2097 3015 2124 3044 si

1934 3081 1966 3108 10
