<?xml version="1.0" encoding="UTF-8"?>
<!DOCTYPE html PUBLIC "-//W3C//DTD XHTML 1.0 Transitional//EN"
    "http://www.w3.org/TR/xhtml1/DTD/xhtml1-transitional.dtd">
<html xmlns="http://www.w3.org/1999/xhtml" xml:lang="en" lang="en">
 <head>
  <title>
</title>
<meta http-equiv="Content-Type" content="text/html;charset=utf-8" />
  <meta name='ocr-system' content='tesseract 3.04.00' />
  <meta name='ocr-capabilities' content='ocr_page ocr_carea ocr_par ocr_line ocrx_word'/>
</head>
<body>
  <div class='ocr_page' id='page_1' title='image "./lesregistresdeni01romeuoft_0024.png"; bbox 0 0 2477 3637; ppageno 0'>
   <div class='ocr_carea' id='block_1_1' title="bbox 225 346 1564 382">
    <p class='ocr_par' dir='ltr' id='par_1_1' title="bbox 225 346 1564 382">
     <span class='ocr_line' id='line_1_1' title="bbox 225 346 1564 382; baseline -0.003 0"><span class='ocrx_word' id='word_1_1' title='bbox 225 352 260 382; x_wconf 80' lang='lat'>16</span> <span class='ocrx_word' id='word_1_2' title='bbox 969 346 1205 378; x_wconf 85' lang='lat' dir='ltr'>REGISTRES</span> <span class='ocrx_word' id='word_1_3' title='bbox 1227 346 1282 376; x_wconf 84' lang='lat' dir='ltr'>DE</span> <span class='ocrx_word' id='word_1_4' title='bbox 1303 346 1486 378; x_wconf 81' lang='lat' dir='ltr'>NICOLAS</span> <span class='ocrx_word' id='word_1_5' title='bbox 1509 348 1564 378; x_wconf 92' lang='lat' dir='ltr'>IV.</span> 
     </span>
    </p>
   </div>
   <div class='ocr_carea' id='block_1_2' title="bbox 205 413 1224 2104">
    <p class='ocr_par' dir='ltr' id='par_1_2' title="bbox 205 413 1224 2104">
     <span class='ocr_line' id='line_1_2' title="bbox 222 413 1222 454; baseline -0.006 -7"><span class='ocrx_word' id='word_1_6' title='bbox 222 417 424 448; x_wconf 84' lang='lat' dir='ltr'>medietatem</span> <span class='ocrx_word' id='word_1_7' title='bbox 444 415 630 446; x_wconf 82' lang='lat' dir='ltr'>ecclesiede</span> <span class='ocrx_word' id='word_1_8' title='bbox 652 415 791 445; x_wconf 85' lang='lat' dir='ltr'>Rodeain</span> <span class='ocrx_word' id='word_1_9' title='bbox 806 438 814 449; x_wconf 85' lang='lat'>‚</span> <span class='ocrx_word' id='word_1_10' title='bbox 831 416 921 454; x_wconf 90' lang='lat' dir='ltr'>cujus</span> <span class='ocrx_word' id='word_1_11' title='bbox 940 413 1064 453; x_wconf 89' lang='lat' dir='ltr'>patroni</span> <span class='ocrx_word' id='word_1_12' title='bbox 1081 413 1173 450; x_wconf 89' lang='lat' dir='ltr'>estis,</span> <span class='ocrx_word' id='word_1_13' title='bbox 1190 413 1222 442; x_wconf 91' lang='lat' dir='ltr'>in</span> 
     </span>
     <span class='ocr_line' id='line_1_3' title="bbox 223 466 1224 505; baseline -0.005 -5"><span class='ocrx_word' id='word_1_14' title='bbox 223 470 413 501; x_wconf 81' lang='lat' dir='ltr'>Eboracensi</span> <span class='ocrx_word' id='word_1_15' title='bbox 429 469 546 499; x_wconf 79' lang='lat' dir='ltr'>diocesi</span> <span class='ocrx_word' id='word_1_16' title='bbox 561 469 752 504; x_wconf 66' lang='lat' dir='ltr'>constitute,</span> <span class='ocrx_word' id='word_1_17' title='bbox 771 468 922 498; x_wconf 81' lang='lat' dir='ltr'>canonice</span> <span class='ocrx_word' id='word_1_18' title='bbox 938 468 971 496; x_wconf 93' lang='lat' dir='ltr'>in</span> <span class='ocrx_word' id='word_1_19' title='bbox 991 475 1066 496; x_wconf 88' lang='lat' dir='ltr'>usus</span> <span class='ocrx_word' id='word_1_20' title='bbox 1082 466 1224 505; x_wconf 89' lang='lat' dir='ltr'>proprios</span> 
     </span>
     <span class='ocr_line' id='line_1_4' title="bbox 221 519 1223 562; baseline -0.005 -9"><span class='ocrx_word' id='word_1_21' title='bbox 221 524 380 559; x_wconf 79' lang='lat' dir='ltr'>obtinetis,</span> <span class='ocrx_word' id='word_1_22' title='bbox 395 522 543 562; x_wconf 86' lang='lat' dir='ltr'>quodque</span> <span class='ocrx_word' id='word_1_23' title='bbox 557 526 727 561; x_wconf 89' lang='lat' dir='ltr'>proventus</span> <span class='ocrx_word' id='word_1_24' title='bbox 739 521 881 560; x_wconf 87' lang='lat' dir='ltr'>ejusdem</span> <span class='ocrx_word' id='word_1_25' title='bbox 896 519 1075 550; x_wconf 72' lang='lat' dir='ltr'>medietatis</span> <span class='ocrx_word' id='word_1_26' title='bbox 1089 519 1223 549; x_wconf 81' lang='lat' dir='ltr'><strong>fratrum</strong></span> 
     </span>
     <span class='ocr_line' id='line_1_5' title="bbox 220 572 1222 611; baseline -0.005 -5"><span class='ocrx_word' id='word_1_27' title='bbox 220 576 404 607; x_wconf 88' lang='lat' dir='ltr'>monasterii</span> <span class='ocrx_word' id='word_1_28' title='bbox 423 576 518 605; x_wconf 88' lang='lat' dir='ltr'>vestri</span> <span class='ocrx_word' id='word_1_29' title='bbox 535 575 677 605; x_wconf 85' lang='lat' dir='ltr'>Parisius</span> <span class='ocrx_word' id='word_1_30' title='bbox 694 574 890 604; x_wconf 84' lang='lat' dir='ltr'>studentium</span> <span class='ocrx_word' id='word_1_31' title='bbox 909 577 983 603; x_wconf 91' lang='lat' dir='ltr'>sunt</span> <span class='ocrx_word' id='word_1_32' title='bbox 999 573 1109 602; x_wconf 89' lang='lat' dir='ltr'>usibus</span> <span class='ocrx_word' id='word_1_33' title='bbox 1121 572 1222 611; x_wconf 88' lang='lat' dir='ltr'>depu—</span> 
     </span>
     <span class='ocr_line' id='line_1_6' title="bbox 220 625 1222 665; baseline -0.004 -6"><span class='ocrx_word' id='word_1_34' title='bbox 220 631 285 659; x_wconf 87' lang='lat' dir='ltr'>tati.</span> <span class='ocrx_word' id='word_1_35' title='bbox 309 628 402 660; x_wconf 90' lang='lat' dir='ltr'>Unde</span> <span class='ocrx_word' id='word_1_36' title='bbox 421 637 506 665; x_wconf 88' lang='lat' dir='ltr'>cuni,</span> <span class='ocrx_word' id='word_1_37' title='bbox 523 629 603 658; x_wconf 88' lang='lat' dir='ltr'>sicut</span> <span class='ocrx_word' id='word_1_38' title='bbox 619 627 775 663; x_wconf 81' lang='lat' dir='ltr'>asseritis,</span> <span class='ocrx_word' id='word_1_39' title='bbox 796 635 890 664; x_wconf 90' lang='lat' dir='ltr'>super</span> <span class='ocrx_word' id='word_1_40' title='bbox 907 626 999 655; x_wconf 81' lang='lat' dir='ltr'>dictis</span> <span class='ocrx_word' id='word_1_41' title='bbox 1018 625 1222 664; x_wconf 79' lang='lat' dir='ltr'>proventibus</span> 
     </span>
     <span class='ocr_line' id='line_1_7' title="bbox 219 678 1221 720; baseline -0.004 -9"><span class='ocrx_word' id='word_1_42' title='bbox 219 692 236 712; x_wconf 89' lang='lat' dir='ltr'>a</span> <span class='ocrx_word' id='word_1_43' title='bbox 253 681 418 712; x_wconf 82' lang='lat' dir='ltr'>nonnullis</span> <span class='ocrx_word' id='word_1_44' title='bbox 435 681 563 711; x_wconf 88' lang='lat' dir='ltr'>illarum</span> <span class='ocrx_word' id='word_1_45' title='bbox 581 681 735 720; x_wconf 84' lang='lat' dir='ltr'>partium,</span> <span class='ocrx_word' id='word_1_46' title='bbox 758 680 812 717; x_wconf 88' lang='lat' dir='ltr'>qui</span> <span class='ocrx_word' id='word_1_47' title='bbox 830 688 903 708; x_wconf 89' lang='lat' dir='ltr'>cum</span> <span class='ocrx_word' id='word_1_48' title='bbox 921 678 1141 708; x_wconf 74' lang='lat' dir='ltr'>malefecerint</span> <span class='ocrx_word' id='word_1_49' title='bbox 1155 678 1221 716; x_wconf 89' lang='lat' dir='ltr'>glo-</span> 
     </span>
     <span class='ocr_line' id='line_1_8' title="bbox 219 732 1218 772; baseline -0.004 -7"><span class='ocrx_word' id='word_1_50' title='bbox 219 736 360 772; x_wconf 81' lang='lat' dir='ltr'>riantur,</span> <span class='ocrx_word' id='word_1_51' title='bbox 386 734 464 765; x_wconf 89' lang='lat' dir='ltr'>adeo</span> <span class='ocrx_word' id='word_1_52' title='bbox 491 734 669 772; x_wconf 76' lang='lat' dir='ltr'>gravemini</span> <span class='ocrx_word' id='word_1_53' title='bbox 695 732 834 770; x_wconf 85' lang='lat' dir='ltr'>graviter</span> <span class='ocrx_word' id='word_1_54' title='bbox 858 732 986 770; x_wconf 88' lang='lat' dir='ltr'>injuriis</span> <span class='ocrx_word' id='word_1_55' title='bbox 1011 736 1041 762; x_wconf 91' lang='lat' dir='ltr'>et</span> <span class='ocrx_word' id='word_1_56' title='bbox 1068 732 1218 771; x_wconf 87' lang='lat' dir='ltr'>jacturis,</span> 
     </span>
     <span class='ocr_line' id='line_1_9' title="bbox 217 785 1221 827; baseline -0.004 -9"><span class='ocrx_word' id='word_1_57' title='bbox 217 788 300 827; x_wconf 84' lang='lat' dir='ltr'>quod</span> <span class='ocrx_word' id='word_1_58' title='bbox 318 788 405 818; x_wconf 78' lang='lat' dir='ltr'>vobis</span> <span class='ocrx_word' id='word_1_59' title='bbox 426 792 551 827; x_wconf 88' lang='lat' dir='ltr'>propter</span> <span class='ocrx_word' id='word_1_60' title='bbox 572 786 629 817; x_wconf 84' lang='lat' dir='ltr'>loci</span> <span class='ocrx_word' id='word_1_61' title='bbox 648 785 833 815; x_wconf 81' lang='lat' dir='ltr'>distantiam</span> <span class='ocrx_word' id='word_1_62' title='bbox 851 785 1002 815; x_wconf 85' lang='lat' dir='ltr'>adversus</span> <span class='ocrx_word' id='word_1_63' title='bbox 1017 786 1221 824; x_wconf 83' lang='lat' dir='ltr'>injuriatores</span> 
     </span>
     <span class='ocr_line' id='line_1_10' title="bbox 216 838 1222 880; baseline -0.005 -8"><span class='ocrx_word' id='word_1_64' title='bbox 216 841 401 880; x_wconf 89' lang='lat' dir='ltr'>hujusmodi</span> <span class='ocrx_word' id='word_1_65' title='bbox 427 840 663 880; x_wconf 76' lang='lat' dir='ltr'>nequeuntibus</span> <span class='ocrx_word' id='word_1_66' title='bbox 683 839 840 878; x_wconf 77' lang='lat' dir='ltr'>Justitiam</span> <span class='ocrx_word' id='word_1_67' title='bbox 856 844 993 868; x_wconf 89' lang='lat' dir='ltr'>vestram</span> <span class='ocrx_word' id='word_1_68' title='bbox 1018 838 1166 877; x_wconf 81' lang='lat' dir='ltr'>prosequi</span> <span class='ocrx_word' id='word_1_69' title='bbox 1191 842 1222 868; x_wconf 89' lang='lat' dir='ltr'>et</span> 
     </span>
     <span class='ocr_line' id='line_1_11' title="bbox 215 891 1219 930; baseline -0.005 -5"><span class='ocrx_word' id='word_1_70' title='bbox 215 894 342 925; x_wconf 79' lang='lat' dir='ltr'>obviare</span> <span class='ocrx_word' id='word_1_71' title='bbox 359 894 490 924; x_wconf 85' lang='lat' dir='ltr'>malitiis</span> <span class='ocrx_word' id='word_1_72' title='bbox 517 899 545 923; x_wconf 79' lang='lat' dir='ltr'>et</span> <span class='ocrx_word' id='word_1_73' title='bbox 570 892 730 922; x_wconf 80' lang='lat' dir='ltr'>violentiis</span> <span class='ocrx_word' id='word_1_74' title='bbox 752 891 956 928; x_wconf 85' lang='lat' dir='ltr'>eorumdem,</span> <span class='ocrx_word' id='word_1_75' title='bbox 978 891 1131 930; x_wconf 78' lang='lat' dir='ltr'>prefatam</span> <span class='ocrx_word' id='word_1_76' title='bbox 1152 900 1219 921; x_wconf 91' lang='lat' dir='ltr'>me-</span> 
     </span>
     <span class='ocr_line' id='line_1_12' title="bbox 215 945 1218 986; baseline -0.004 -8"><span class='ocrx_word' id='word_1_77' title='bbox 215 948 363 978; x_wconf 88' lang='lat' dir='ltr'>dietatem</span> <span class='ocrx_word' id='word_1_78' title='bbox 377 957 440 978; x_wconf 91' lang='lat' dir='ltr'>non</span> <span class='ocrx_word' id='word_1_79' title='bbox 455 947 582 986; x_wconf 79' lang='lat' dir='ltr'>potestis</span> <span class='ocrx_word' id='word_1_80' title='bbox 598 945 755 984; x_wconf 89' lang='lat' dir='ltr'>possidere</span> <span class='ocrx_word' id='word_1_81' title='bbox 768 946 896 984; x_wconf 84' lang='lat' dir='ltr'>pacifice</span> <span class='ocrx_word' id='word_1_82' title='bbox 908 954 966 975; x_wconf 91' lang='lat' dir='ltr'>nec</span> <span class='ocrx_word' id='word_1_83' title='bbox 980 946 1102 983; x_wconf 82' lang='lat' dir='ltr'>integre</span> <span class='ocrx_word' id='word_1_84' title='bbox 1117 945 1218 983; x_wconf 86' lang='lat' dir='ltr'>ipsius</span> 
     </span>
     <span class='ocr_line' id='line_1_13' title="bbox 214 998 1219 1040; baseline -0.004 -9"><span class='ocrx_word' id='word_1_85' title='bbox 214 1002 376 1040; x_wconf 83' lang='lat' dir='ltr'>percipere</span> <span class='ocrx_word' id='word_1_86' title='bbox 396 1001 536 1030; x_wconf 82' lang='lat' dir='ltr'>redditus</span> <span class='ocrx_word' id='word_1_87' title='bbox 548 1003 575 1029; x_wconf 89' lang='lat' dir='ltr'>et</span> <span class='ocrx_word' id='word_1_88' title='bbox 594 1003 775 1038; x_wconf 86' lang='lat' dir='ltr'>proventus.</span> <span class='ocrx_word' id='word_1_89' title='bbox 793 999 898 1035; x_wconf 87' lang='lat' dir='ltr'>Quare</span> <span class='ocrx_word' id='word_1_90' title='bbox 911 1008 1005 1037; x_wconf 89' lang='lat' dir='ltr'>super</span> <span class='ocrx_word' id='word_1_91' title='bbox 1020 998 1080 1028; x_wconf 88' lang='lat' dir='ltr'>hoc</span> <span class='ocrx_word' id='word_1_92' title='bbox 1095 998 1133 1027; x_wconf 91' lang='lat' dir='ltr'>ad</span> <span class='ocrx_word' id='word_1_93' title='bbox 1147 1007 1219 1037; x_wconf 91' lang='lat' dir='ltr'>pro-</span> 
     </span>
     <span class='ocr_line' id='line_1_14' title="bbox 214 1051 1219 1091; baseline -0.002 -8"><span class='ocrx_word' id='word_1_94' title='bbox 214 1055 353 1084; x_wconf 86' lang='lat' dir='ltr'>videntie</span> <span class='ocrx_word' id='word_1_95' title='bbox 383 1058 488 1084; x_wconf 77' lang='lat' dir='ltr'>nostre</span> <span class='ocrx_word' id='word_1_96' title='bbox 515 1057 707 1091; x_wconf 87' lang='lat' dir='ltr'>oportunum</span> <span class='ocrx_word' id='word_1_97' title='bbox 737 1051 914 1082; x_wconf 86' lang='lat' dir='ltr'>remedium</span> <span class='ocrx_word' id='word_1_98' title='bbox 947 1055 1145 1082; x_wconf 84' lang='lat' dir='ltr'>recurrentes</span> <span class='ocrx_word' id='word_1_99' title='bbox 1160 1076 1167 1088; x_wconf 91' lang='lat'>,</span> <span class='ocrx_word' id='word_1_100' title='bbox 1200 1060 1219 1081; x_wconf 91' lang='lat' dir='ltr'>a</span> 
     </span>
     <span class='ocr_line' id='line_1_15' title="bbox 212 1104 1219 1144; baseline -0.003 -7"><span class='ocrx_word' id='word_1_101' title='bbox 212 1107 303 1137; x_wconf 86' lang='lat' dir='ltr'>nobis</span> <span class='ocrx_word' id='word_1_102' title='bbox 320 1107 485 1137; x_wconf 85' lang='lat' dir='ltr'>humiliter</span> <span class='ocrx_word' id='word_1_103' title='bbox 502 1105 682 1144; x_wconf 84' lang='lat' dir='ltr'>postulastis</span> <span class='ocrx_word' id='word_1_104' title='bbox 699 1110 732 1135; x_wconf 92' lang='lat' dir='ltr'>ut</span> <span class='ocrx_word' id='word_1_105' title='bbox 747 1105 943 1135; x_wconf 89' lang='lat' dir='ltr'>concedendi</span> <span class='ocrx_word' id='word_1_106' title='bbox 956 1104 1141 1144; x_wconf 77' lang='lat' dir='ltr'>huJusmodi</span> <span class='ocrx_word' id='word_1_107' title='bbox 1155 1114 1219 1135; x_wconf 89' lang='lat' dir='ltr'>me-</span> 
     </span>
     <span class='ocr_line' id='line_1_16' title="bbox 211 1158 1218 1197; baseline -0.002 -7"><span class='ocrx_word' id='word_1_108' title='bbox 211 1161 358 1191; x_wconf 77' lang='lat' dir='ltr'>dietatem</span> <span class='ocrx_word' id='word_1_109' title='bbox 380 1160 512 1190; x_wconf 82' lang='lat' dir='ltr'>ecclesie</span> <span class='ocrx_word' id='word_1_110' title='bbox 537 1159 679 1197; x_wconf 85' lang='lat' dir='ltr'>prefate..</span> <span class='ocrx_word' id='word_1_111' title='bbox 707 1158 812 1189; x_wconf 86' lang='lat' dir='ltr'>abbati</span> <span class='ocrx_word' id='word_1_112' title='bbox 838 1164 868 1188; x_wconf 90' lang='lat' dir='ltr'>et</span> <span class='ocrx_word' id='word_1_113' title='bbox 886 1159 1058 1189; x_wconf 88' lang='lat' dir='ltr'>conventui</span> <span class='ocrx_word' id='word_1_114' title='bbox 1082 1158 1218 1197; x_wconf 86' lang='lat' dir='ltr'>alicujus</span> 
     </span>
     <span class='ocr_line' id='line_1_17' title="bbox 211 1211 1216 1251; baseline -0.002 -8"><span class='ocrx_word' id='word_1_115' title='bbox 211 1213 394 1243; x_wconf 87' lang='lat' dir='ltr'>monasterii</span> <span class='ocrx_word' id='word_1_116' title='bbox 411 1212 508 1242; x_wconf 88' lang='lat' dir='ltr'>vestri</span> <span class='ocrx_word' id='word_1_117' title='bbox 524 1212 663 1248; x_wconf 81' lang='lat' dir='ltr'>ordinis,</span> <span class='ocrx_word' id='word_1_118' title='bbox 684 1211 828 1251; x_wconf 88' lang='lat' dir='ltr'>ejusdem</span> <span class='ocrx_word' id='word_1_119' title='bbox 846 1212 1055 1242; x_wconf 87' lang='lat' dir='ltr'>Eboracensis</span> <span class='ocrx_word' id='word_1_120' title='bbox 1071 1211 1216 1249; x_wconf 86' lang='lat' dir='ltr'>diocesis,</span> 
     </span>
     <span class='ocr_line' id='line_1_18' title="bbox 210 1264 1218 1304; baseline -0.001 -9"><span class='ocrx_word' id='word_1_121' title='bbox 210 1266 249 1295; x_wconf 85' lang='lat' dir='ltr'>ad</span> <span class='ocrx_word' id='word_1_122' title='bbox 266 1266 391 1295; x_wconf 84' lang='lat' dir='ltr'>firmam</span> <span class='ocrx_word' id='word_1_123' title='bbox 408 1270 594 1304; x_wconf 85' lang='lat' dir='ltr'>perpetuam</span> <span class='ocrx_word' id='word_1_124' title='bbox 611 1273 666 1303; x_wconf 89' lang='lat' dir='ltr'>pro</span> <span class='ocrx_word' id='word_1_125' title='bbox 677 1269 762 1295; x_wconf 91' lang='lat' dir='ltr'>certo</span> <span class='ocrx_word' id='word_1_126' title='bbox 776 1273 885 1295; x_wconf 90' lang='lat' dir='ltr'>annuo</span> <span class='ocrx_word' id='word_1_127' title='bbox 894 1273 990 1295; x_wconf 87' lang='lat' dir='ltr'>censu</span> <span class='ocrx_word' id='word_1_128' title='bbox 1007 1264 1100 1294; x_wconf 89' lang='lat' dir='ltr'>dictis</span> <span class='ocrx_word' id='word_1_129' title='bbox 1110 1265 1218 1294; x_wconf 79' lang='lat' dir='ltr'>fratri-</span> 
     </span>
     <span class='ocr_line' id='line_1_19' title="bbox 209 1317 1218 1357; baseline -0.001 -9"><span class='ocrx_word' id='word_1_130' title='bbox 209 1319 268 1348; x_wconf 87' lang='lat' dir='ltr'>bus</span> <span class='ocrx_word' id='word_1_131' title='bbox 283 1318 484 1348; x_wconf 82' lang='lat' dir='ltr'>studentibus</span> <span class='ocrx_word' id='word_1_132' title='bbox 501 1318 677 1357; x_wconf 77' lang='lat' dir='ltr'>profuturo,</span> <span class='ocrx_word' id='word_1_133' title='bbox 691 1317 824 1348; x_wconf 82' lang='lat' dir='ltr'>liberam</span> <span class='ocrx_word' id='word_1_134' title='bbox 841 1318 929 1348; x_wconf 90' lang='lat' dir='ltr'>vobis</span> <span class='ocrx_word' id='word_1_135' title='bbox 943 1317 1107 1347; x_wconf 81' lang='lat' dir='ltr'>licentiam</span> <span class='ocrx_word' id='word_1_136' title='bbox 1119 1317 1218 1356; x_wconf 85' lang='lat' dir='ltr'>largi-</span> 
     </span>
     <span class='ocr_line' id='line_1_20' title="bbox 208 1370 1217 1410; baseline 0 -10"><span class='ocrx_word' id='word_1_137' title='bbox 208 1380 327 1401; x_wconf 85' lang='lat' dir='ltr'>remur.</span> <span class='ocrx_word' id='word_1_138' title='bbox 346 1371 412 1401; x_wconf 88' lang='lat' dir='ltr'>Nos</span> <span class='ocrx_word' id='word_1_139' title='bbox 428 1372 536 1410; x_wconf 89' lang='lat' dir='ltr'>itaque</span> <span class='ocrx_word' id='word_1_140' title='bbox 550 1371 638 1401; x_wconf 89' lang='lat' dir='ltr'>vobis</span> <span class='ocrx_word' id='word_1_141' title='bbox 655 1375 762 1401; x_wconf 90' lang='lat' dir='ltr'>sancte</span> <span class='ocrx_word' id='word_1_142' title='bbox 778 1370 1039 1410; x_wconf 83' lang='lat' dir='ltr'>contemplationi</span> <span class='ocrx_word' id='word_1_143' title='bbox 1053 1371 1168 1401; x_wconf 90' lang='lat' dir='ltr'>deditis</span> <span class='ocrx_word' id='word_1_144' title='bbox 1183 1372 1217 1401; x_wconf 89' lang='lat' dir='ltr'>in</span> 
     </span>
     <span class='ocr_line' id='line_1_21' title="bbox 208 1424 1219 1463; baseline 0.001 -9"><span class='ocrx_word' id='word_1_145' title='bbox 208 1424 271 1454; x_wconf 89' lang='lat' dir='ltr'>hiis</span> <span class='ocrx_word' id='word_1_146' title='bbox 290 1434 351 1463; x_wconf 89' lang='lat' dir='ltr'>que</span> <span class='ocrx_word' id='word_1_147' title='bbox 375 1424 463 1454; x_wconf 84' lang='lat' dir='ltr'>illam</span> <span class='ocrx_word' id='word_1_148' title='bbox 485 1424 667 1463; x_wconf 89' lang='lat' dir='ltr'>impediunt</span> <span class='ocrx_word' id='word_1_149' title='bbox 684 1425 848 1463; x_wconf 88' lang='lat' dir='ltr'>cupientes</span> <span class='ocrx_word' id='word_1_150' title='bbox 871 1429 1009 1463; x_wconf 89' lang='lat' dir='ltr'>optatam</span> <span class='ocrx_word' id='word_1_151' title='bbox 1031 1424 1172 1463; x_wconf 87' lang='lat' dir='ltr'>quietem</span> <span class='ocrx_word' id='word_1_152' title='bbox 1188 1429 1219 1455; x_wconf 86' lang='lat' dir='ltr'>et</span> 
     </span>
     <span class='ocr_line' id='line_1_22' title="bbox 212 1477 1217 1517; baseline 0.002 -10"><span class='ocrx_word' id='word_1_153' title='bbox 212 1479 314 1508; x_wconf 79' lang='lat' dir='ltr'>votive</span> <span class='ocrx_word' id='word_1_154' title='bbox 337 1477 563 1509; x_wconf 86' lang='lat' dir='ltr'>consolationis</span> <span class='ocrx_word' id='word_1_155' title='bbox 579 1478 711 1508; x_wconf 89' lang='lat' dir='ltr'>comoda</span> <span class='ocrx_word' id='word_1_156' title='bbox 727 1486 910 1517; x_wconf 88' lang='lat' dir='ltr'>procurare,</span> <span class='ocrx_word' id='word_1_157' title='bbox 928 1478 1041 1508; x_wconf 88' lang='lat' dir='ltr'>vestris</span> <span class='ocrx_word' id='word_1_158' title='bbox 1057 1478 1217 1517; x_wconf 87' lang='lat' dir='ltr'>supplica-</span> 
     </span>
     <span class='ocr_line' id='line_1_23' title="bbox 213 1531 1217 1570; baseline 0.001 -10"><span class='ocrx_word' id='word_1_159' title='bbox 213 1531 353 1561; x_wconf 78' lang='lat' dir='ltr'>tionibus</span> <span class='ocrx_word' id='word_1_160' title='bbox 376 1531 541 1567; x_wconf 89' lang='lat' dir='ltr'>incliuati,</span> <span class='ocrx_word' id='word_1_161' title='bbox 569 1531 657 1561; x_wconf 87' lang='lat' dir='ltr'>vobis</span> <span class='ocrx_word' id='word_1_162' title='bbox 684 1531 868 1561; x_wconf 86' lang='lat' dir='ltr'>auctoritate</span> <span class='ocrx_word' id='word_1_163' title='bbox 891 1532 1088 1570; x_wconf 90' lang='lat' dir='ltr'>presentium</span> <span class='ocrx_word' id='word_1_164' title='bbox 1114 1531 1217 1561; x_wconf 88' lang='lat' dir='ltr'>licen-</span> 
     </span>
     <span class='ocr_line' id='line_1_24' title="bbox 213 1583 1219 1623; baseline 0.002 -10"><span class='ocrx_word' id='word_1_165' title='bbox 213 1583 288 1613; x_wconf 88' lang='lat' dir='ltr'>tiam</span> <span class='ocrx_word' id='word_1_166' title='bbox 312 1584 516 1614; x_wconf 86' lang='lat' dir='ltr'>concedimus</span> <span class='ocrx_word' id='word_1_167' title='bbox 544 1584 735 1623; x_wconf 88' lang='lat' dir='ltr'>postulatam</span> <span class='ocrx_word' id='word_1_168' title='bbox 749 1608 756 1621; x_wconf 82' lang='lat'><em>‚</em></span> <span class='ocrx_word' id='word_1_169' title='bbox 778 1585 821 1614; x_wconf 83' lang='lat' dir='ltr'>ita</span> <span class='ocrx_word' id='word_1_170' title='bbox 846 1588 950 1614; x_wconf 87' lang='lat' dir='ltr'>tamen</span> <span class='ocrx_word' id='word_1_171' title='bbox 973 1584 1058 1623; x_wconf 88' lang='lat' dir='ltr'>quod</span> <span class='ocrx_word' id='word_1_172' title='bbox 1078 1585 1219 1623; x_wconf 84' lang='lat' dir='ltr'>predicta</span> 
     </span>
     <span class='ocr_line' id='line_1_25' title="bbox 211 1637 1217 1677; baseline 0 -9"><span class='ocrx_word' id='word_1_173' title='bbox 211 1638 342 1668; x_wconf 85' lang='lat' dir='ltr'>ecclesia</span> <span class='ocrx_word' id='word_1_174' title='bbox 358 1646 414 1676; x_wconf 90' lang='lat' dir='ltr'>pro</span> <span class='ocrx_word' id='word_1_175' title='bbox 430 1642 518 1676; x_wconf 89' lang='lat' dir='ltr'>parte</span> <span class='ocrx_word' id='word_1_176' title='bbox 531 1646 586 1668; x_wconf 92' lang='lat' dir='ltr'>vos</span> <span class='ocrx_word' id='word_1_177' title='bbox 601 1638 808 1676; x_wconf 85' lang='lat' dir='ltr'>contingente</span> <span class='ocrx_word' id='word_1_178' title='bbox 824 1638 858 1667; x_wconf 91' lang='lat' dir='ltr'>in</span> <span class='ocrx_word' id='word_1_179' title='bbox 875 1646 912 1667; x_wconf 90' lang='lat' dir='ltr'>ea</span> <span class='ocrx_word' id='word_1_180' title='bbox 927 1637 1041 1668; x_wconf 89' lang='lat' dir='ltr'>debitis</span> <span class='ocrx_word' id='word_1_181' title='bbox 1055 1638 1217 1677; x_wconf 88' lang='lat' dir='ltr'>obsequiis</span> 
     </span>
     <span class='ocr_line' id='line_1_26' title="bbox 210 1691 1215 1731; baseline 0.002 -11"><span class='ocrx_word' id='word_1_182' title='bbox 210 1700 273 1721; x_wconf 90' lang='lat' dir='ltr'>nou</span> <span class='ocrx_word' id='word_1_183' title='bbox 299 1691 463 1721; x_wconf 76' lang='lat' dir='ltr'>fraudetur</span> <span class='ocrx_word' id='word_1_184' title='bbox 483 1692 575 1730; x_wconf 87' lang='lat' dir='ltr'>eique</span> <span class='ocrx_word' id='word_1_185' title='bbox 598 1701 653 1731; x_wconf 90' lang='lat' dir='ltr'>per</span> <span class='ocrx_word' id='word_1_186' title='bbox 679 1691 843 1730; x_wconf 86' lang='lat' dir='ltr'>ydoneum</span> <span class='ocrx_word' id='word_1_187' title='bbox 866 1692 1020 1721; x_wconf 88' lang='lat' dir='ltr'>vicarium</span> <span class='ocrx_word' id='word_1_188' title='bbox 1047 1692 1215 1722; x_wconf 84' lang='lat' dir='ltr'>serviatur.</span> 
     </span>
     <span class='ocr_line' id='line_1_27' title="bbox 211 1744 1218 1784; baseline 0 -10"><span class='ocrx_word' id='word_1_189' title='bbox 211 1744 367 1774; x_wconf 88' lang='lat' dir='ltr'>Volumus</span> <span class='ocrx_word' id='word_1_190' title='bbox 382 1753 508 1783; x_wconf 87' lang='lat' dir='ltr'>quoque</span> <span class='ocrx_word' id='word_1_191' title='bbox 523 1745 607 1784; x_wconf 88' lang='lat' dir='ltr'>quod</span> <span class='ocrx_word' id='word_1_192' title='bbox 623 1745 671 1775; x_wconf 87' lang='lat' dir='ltr'>hii</span> <span class='ocrx_word' id='word_1_193' title='bbox 687 1745 743 1784; x_wconf 92' lang='lat' dir='ltr'>qui</span> <span class='ocrx_word' id='word_1_194' title='bbox 758 1745 944 1784; x_wconf 88' lang='lat' dir='ltr'>hujusmodi</span> <span class='ocrx_word' id='word_1_195' title='bbox 959 1745 1162 1775; x_wconf 87' lang='lat' dir='ltr'>medietatem</span> <span class='ocrx_word' id='word_1_196' title='bbox 1177 1745 1218 1775; x_wconf 86' lang='lat' dir='ltr'>ad</span> 
     </span>
     <span class='ocr_line' id='line_1_28' title="bbox 208 1798 1217 1838; baseline 0 -11"><span class='ocrx_word' id='word_1_197' title='bbox 208 1798 335 1827; x_wconf 87' lang='lat' dir='ltr'>firmam</span> <span class='ocrx_word' id='word_1_198' title='bbox 346 1799 534 1838; x_wconf 74' lang='lat' dir='ltr'>receperint,</span> <span class='ocrx_word' id='word_1_199' title='bbox 552 1807 607 1837; x_wconf 88' lang='lat' dir='ltr'>pro</span> <span class='ocrx_word' id='word_1_200' title='bbox 621 1798 765 1836; x_wconf 92' lang='lat' dir='ltr'>ejusdem</span> <span class='ocrx_word' id='word_1_201' title='bbox 774 1798 957 1828; x_wconf 86' lang='lat' dir='ltr'>medietatis</span> <span class='ocrx_word' id='word_1_202' title='bbox 967 1798 1095 1836; x_wconf 88' lang='lat' dir='ltr'>juribus</span> <span class='ocrx_word' id='word_1_203' title='bbox 1109 1798 1217 1828; x_wconf 87' lang='lat' dir='ltr'>defen-</span> 
     </span>
     <span class='ocr_line' id='line_1_29' title="bbox 209 1850 1216 1891; baseline 0.002 -11"><span class='ocrx_word' id='word_1_204' title='bbox 209 1850 321 1880; x_wconf 88' lang='lat' dir='ltr'>dendis</span> <span class='ocrx_word' id='word_1_205' title='bbox 339 1854 469 1880; x_wconf 85' lang='lat' dir='ltr'>utantur</span> <span class='ocrx_word' id='word_1_206' title='bbox 487 1851 587 1881; x_wconf 86' lang='lat' dir='ltr'>libere</span> <span class='ocrx_word' id='word_1_207' title='bbox 606 1851 783 1890; x_wconf 87' lang='lat' dir='ltr'>privilegiis</span> <span class='ocrx_word' id='word_1_208' title='bbox 799 1855 829 1881; x_wconf 87' lang='lat' dir='ltr'>et</span> <span class='ocrx_word' id='word_1_209' title='bbox 848 1851 1059 1889; x_wconf 86' lang='lat' dir='ltr'>indulgentiis</span> <span class='ocrx_word' id='word_1_210' title='bbox 1077 1860 1139 1890; x_wconf 87' lang='lat' dir='ltr'>que</span> <span class='ocrx_word' id='word_1_211' title='bbox 1161 1860 1216 1891; x_wconf 82' lang='lat' dir='ltr'>pro</span> 
     </span>
     <span class='ocr_line' id='line_1_30' title="bbox 208 1903 1216 1945; baseline 0.002 -12"><span class='ocrx_word' id='word_1_212' title='bbox 208 1903 393 1934; x_wconf 82' lang='lat' dir='ltr'>defensione</span> <span class='ocrx_word' id='word_1_213' title='bbox 414 1904 600 1943; x_wconf 87' lang='lat' dir='ltr'>hujusmodi</span> <span class='ocrx_word' id='word_1_214' title='bbox 623 1905 749 1944; x_wconf 85' lang='lat' dir='ltr'>jurium</span> <span class='ocrx_word' id='word_1_215' title='bbox 774 1905 862 1935; x_wconf 90' lang='lat' dir='ltr'>vobis</span> <span class='ocrx_word' id='word_1_216' title='bbox 886 1909 960 1935; x_wconf 89' lang='lat' dir='ltr'>sunt</span> <span class='ocrx_word' id='word_1_217' title='bbox 983 1905 1023 1935; x_wconf 88' lang='lat' dir='ltr'>ab</span> <span class='ocrx_word' id='word_1_218' title='bbox 1045 1905 1216 1945; x_wconf 87' lang='lat' dir='ltr'>apostolica</span> 
     </span>
     <span class='ocr_line' id='line_1_31' title="bbox 207 1958 1214 1996; baseline 0.002 -9"><span class='ocrx_word' id='word_1_219' title='bbox 207 1958 280 1987; x_wconf 87' lang='lat' dir='ltr'>sede</span> <span class='ocrx_word' id='word_1_220' title='bbox 299 1966 462 1995; x_wconf 87' lang='lat' dir='ltr'>concessa,</span> <span class='ocrx_word' id='word_1_221' title='bbox 483 1958 640 1996; x_wconf 88' lang='lat' dir='ltr'>quibusve</span> <span class='ocrx_word' id='word_1_222' title='bbox 656 1958 704 1988; x_wconf 89' lang='lat' dir='ltr'>usi</span> <span class='ocrx_word' id='word_1_223' title='bbox 720 1962 795 1988; x_wconf 88' lang='lat' dir='ltr'>sunt</span> <span class='ocrx_word' id='word_1_224' title='bbox 815 1958 970 1989; x_wconf 87' lang='lat' dir='ltr'>hactenus</span> <span class='ocrx_word' id='word_1_225' title='bbox 993 1962 1129 1989; x_wconf 90' lang='lat' dir='ltr'>rectores</span> <span class='ocrx_word' id='word_1_226' title='bbox 1145 1967 1214 1989; x_wconf 89' lang='lat' dir='ltr'>me-</span> 
     </span>
     <span class='ocr_line' id='line_1_32' title="bbox 207 2011 1212 2050; baseline 0.001 -10"><span class='ocrx_word' id='word_1_227' title='bbox 207 2011 332 2040; x_wconf 86' lang='lat' dir='ltr'>dietatis</span> <span class='ocrx_word' id='word_1_228' title='bbox 356 2011 511 2049; x_wconf 87' lang='lat' dir='ltr'>ejusdem.</span> <span class='ocrx_word' id='word_1_229' title='bbox 540 2011 611 2041; x_wconf 87' lang='lat' dir='ltr'>Dat.</span> <span class='ocrx_word' id='word_1_230' title='bbox 640 2012 756 2048; x_wconf 81' lang='lat' dir='ltr'>Rome,</span> <span class='ocrx_word' id='word_1_231' title='bbox 778 2011 862 2050; x_wconf 88' lang='lat' dir='ltr'>apud</span> <span class='ocrx_word' id='word_1_232' title='bbox 886 2011 1039 2042; x_wconf 88' lang='lat' dir='ltr'>Sanctum</span> <span class='ocrx_word' id='word_1_233' title='bbox 1065 2012 1212 2049; x_wconf 88' lang='lat' dir='ltr'>Petrum,</span> 
     </span>
     <span class='ocr_line' id='line_1_33' title="bbox 205 2064 810 2104; baseline -0.002 -11"><span class='ocrx_word' id='word_1_234' title='bbox 205 2073 262 2093; x_wconf 85' lang='lat' dir='ltr'>vni</span> <span class='ocrx_word' id='word_1_235' title='bbox 278 2064 433 2094; x_wconf 81' lang='lat' dir='ltr'>kalendas</span> <span class='ocrx_word' id='word_1_236' title='bbox 447 2065 543 2102; x_wconf 90' lang='lat' dir='ltr'>maii,</span> <span class='ocrx_word' id='word_1_237' title='bbox 561 2073 647 2095; x_wconf 90' lang='lat' dir='ltr'>anno</span> <span class='ocrx_word' id='word_1_238' title='bbox 663 2065 776 2104; x_wconf 89' lang='lat' dir='ltr'>primo.</span> <span class='ocrx_word' id='word_1_239' title='bbox 797 2077 810 2092; x_wconf 70' lang='lat' dir='ltr'>n</span> 
     </span>
    </p>
   </div>
   <div class='ocr_carea' id='block_1_3' title="bbox 276 2223 1139 2255">
    <p class='ocr_par' dir='ltr' id='par_1_3' title="bbox 276 2223 1139 2255">
     <span class='ocr_line' id='line_1_34' title="bbox 276 2223 1139 2255; baseline -0.001 -4"><span class='ocrx_word' id='word_1_240' title='bbox 276 2223 334 2251; x_wconf 81' lang='lat'>83</span> <span class='ocrx_word' id='word_1_241' title='bbox 831 2223 922 2255; x_wconf 70' lang='lat' dir='ltr'>Rieu,</span> <span class='ocrx_word' id='word_1_242' title='bbox 940 2224 974 2251; x_wconf 73' lang='lat'>23</span> <span class='ocrx_word' id='word_1_243' title='bbox 989 2224 1046 2251; x_wconf 90' lang='lat' dir='ltr'>mai</span> <span class='ocrx_word' id='word_1_244' title='bbox 1061 2224 1139 2252; x_wconf 80' lang='lat'>1288.</span> 
     </span>
    </p>
   </div>
   <div class='ocr_carea' id='block_1_4' title="bbox 201 2284 1211 2467">
    <p class='ocr_par' dir='ltr' id='par_1_4' title="bbox 201 2284 1211 2467">
     <span class='ocr_line' id='line_1_35' title="bbox 241 2284 1211 2314; baseline 0.002 -3"><span class='ocrx_word' id='word_1_245' title='bbox 241 2284 323 2311; x_wconf 89' lang='lat' dir='ltr'>Prior</span> <span class='ocrx_word' id='word_1_246' title='bbox 336 2289 364 2311; x_wconf 85' lang='lat' dir='ltr'>et</span> <span class='ocrx_word' id='word_1_247' title='bbox 379 2289 539 2312; x_wconf 90' lang='lat' dir='ltr'>conventus</span> <span class='ocrx_word' id='word_1_248' title='bbox 554 2286 693 2312; x_wconf 88' lang='lat' dir='ltr'>ecclesiae</span> <span class='ocrx_word' id='word_1_249' title='bbox 704 2285 734 2312; x_wconf 81' lang='lat' dir='ltr'>S.</span> <span class='ocrx_word' id='word_1_250' title='bbox 747 2285 873 2313; x_wconf 87' lang='lat' dir='ltr'>Fridiani</span> <span class='ocrx_word' id='word_1_251' title='bbox 887 2286 1019 2313; x_wconf 89' lang='lat' dir='ltr'>Lucanae</span> <span class='ocrx_word' id='word_1_252' title='bbox 1034 2294 1131 2313; x_wconf 86' lang='lat' dir='ltr'>coram</span> <span class='ocrx_word' id='word_1_253' title='bbox 1142 2286 1211 2314; x_wconf 89' lang='lat' dir='ltr'>sede</span> 
     </span>
     <span class='ocr_line' id='line_1_36' title="bbox 203 2334 1210 2370; baseline 0.003 -11"><span class='ocrx_word' id='word_1_254' title='bbox 203 2334 359 2368; x_wconf 82' lang='lat' dir='ltr'>apostolica</span> <span class='ocrx_word' id='word_1_255' title='bbox 373 2334 498 2361; x_wconf 86' lang='lat' dir='ltr'>citantur</span> <span class='ocrx_word' id='word_1_256' title='bbox 513 2335 682 2369; x_wconf 86' lang='lat' dir='ltr'>responsuri</span> <span class='ocrx_word' id='word_1_257' title='bbox 697 2335 731 2361; x_wconf 89' lang='lat' dir='ltr'>de</span> <span class='ocrx_word' id='word_1_258' title='bbox 746 2335 899 2369; x_wconf 86' lang='lat' dir='ltr'>questione</span> <span class='ocrx_word' id='word_1_259' title='bbox 915 2336 989 2362; x_wconf 86' lang='lat' dir='ltr'>inter</span> <span class='ocrx_word' id='word_1_260' title='bbox 1010 2336 1090 2370; x_wconf 81' lang='lat' dir='ltr'>ipsos</span> <span class='ocrx_word' id='word_1_261' title='bbox 1110 2340 1138 2363; x_wconf 88' lang='lat' dir='ltr'>et</span> <span class='ocrx_word' id='word_1_262' title='bbox 1152 2336 1210 2362; x_wconf 84' lang='lat' dir='ltr'>fra-</span> 
     </span>
     <span class='ocr_line' id='line_1_37' title="bbox 201 2383 1210 2419; baseline 0.004 -11"><span class='ocrx_word' id='word_1_263' title='bbox 201 2385 262 2409; x_wconf 77' lang='lat' dir='ltr'>tres</span> <span class='ocrx_word' id='word_1_264' title='bbox 285 2383 410 2409; x_wconf 85' lang='lat' dir='ltr'>minores</span> <span class='ocrx_word' id='word_1_265' title='bbox 433 2383 565 2410; x_wconf 84' lang='lat' dir='ltr'>Lucanos</span> <span class='ocrx_word' id='word_1_266' title='bbox 586 2392 675 2418; x_wconf 88' lang='lat' dir='ltr'>super</span> <span class='ocrx_word' id='word_1_267' title='bbox 689 2384 855 2419; x_wconf 83' lang='lat' dir='ltr'>sepulturae</span> <span class='ocrx_word' id='word_1_268' title='bbox 867 2386 933 2419; x_wconf 82' lang='lat' dir='ltr'>jure</span> <span class='ocrx_word' id='word_1_269' title='bbox 949 2388 1020 2411; x_wconf 84' lang='lat' dir='ltr'>orta.</span> <span class='ocrx_word' id='word_1_270' title='bbox 1048 2385 1139 2419; x_wconf 71' lang='lat' dir='ltr'>(Rea.</span> <span class='ocrx_word' id='word_1_271' title='bbox 1158 2386 1191 2412; x_wconf 78' lang='lat'>44</span> <span class='ocrx_word' id='word_1_272' title='bbox 1204 2408 1210 2416; x_wconf 89' lang='grc'>,</span> 
     </span>
     <span class='ocr_line' id='line_1_38' title="bbox 203 2432 443 2467; baseline 0 -9"><span class='ocrx_word' id='word_1_273' title='bbox 203 2440 228 2459; x_wconf 88' lang='lat' dir='ltr'>c.</span> <span class='ocrx_word' id='word_1_274' title='bbox 247 2432 289 2463; x_wconf 81' lang='lat'>47,</span> <span class='ocrx_word' id='word_1_275' title='bbox 307 2434 326 2459; x_wconf 82' lang='lat' dir='ltr'>t&#39;.</span> <span class='ocrx_word' id='word_1_276' title='bbox 346 2433 376 2459; x_wconf 67' lang='lat'>12</span> <span class='ocrx_word' id='word_1_277' title='bbox 394 2433 443 2467; x_wconf 75' lang='lat' dir='ltr'>vo.)</span> 
     </span>
    </p>
   </div>
   <div class='ocr_carea' id='block_1_5' title="bbox 198 2536 1208 3053">
    <p class='ocr_par' dir='ltr' id='par_1_5' title="bbox 198 2536 1208 3053">
     <span class='ocr_line' id='line_1_39' title="bbox 242 2536 1207 2572; baseline 0.003 -8"><span class='ocrx_word' id='word_1_278' title='bbox 242 2536 351 2564; x_wconf 76' lang='lat' dir='ltr'>Dilecto</span> <span class='ocrx_word' id='word_1_279' title='bbox 383 2536 472 2572; x_wconf 82' lang='lat' dir='ltr'>filio..</span> <span class='ocrx_word' id='word_1_280' title='bbox 505 2536 721 2565; x_wconf 81' lang='lat' dir='ltr'>archidiacono</span> <span class='ocrx_word' id='word_1_281' title='bbox 763 2537 890 2566; x_wconf 79' lang='lat' dir='ltr'>Lucano.</span> <span class='ocrx_word' id='word_1_282' title='bbox 926 2549 939 2564; x_wconf 73' lang='grc' dir='ltr'><em>α</em></span> <span class='ocrx_word' id='word_1_283' title='bbox 969 2536 1083 2567; x_wconf 87' lang='lat' dir='ltr'>Dilecti</span> <span class='ocrx_word' id='word_1_284' title='bbox 1119 2537 1207 2568; x_wconf 88' lang='lat' dir='ltr'>filii..</span> 
     </span>
     <span class='ocr_line' id='line_1_40' title="bbox 201 2588 1207 2628; baseline 0.003 -11"><span class='ocrx_word' id='word_1_285' title='bbox 201 2588 397 2626; x_wconf 76' lang='lat' dir='ltr'>gual-dianus</span> <span class='ocrx_word' id='word_1_286' title='bbox 415 2593 445 2618; x_wconf 89' lang='lat' dir='ltr'>et</span> <span class='ocrx_word' id='word_1_287' title='bbox 461 2589 572 2619; x_wconf 80' lang='lat' dir='ltr'>fratres</span> <span class='ocrx_word' id='word_1_288' title='bbox 587 2589 709 2619; x_wconf 88' lang='lat' dir='ltr'>ordinis</span> <span class='ocrx_word' id='word_1_289' title='bbox 726 2589 890 2620; x_wconf 89' lang='lat' dir='ltr'>minorum</span> <span class='ocrx_word' id='word_1_290' title='bbox 907 2590 1027 2620; x_wconf 85' lang='lat' dir='ltr'>Lucani</span> <span class='ocrx_word' id='word_1_291' title='bbox 1043 2591 1133 2628; x_wconf 86' lang='lat' dir='ltr'>gravi</span> <span class='ocrx_word' id='word_1_292' title='bbox 1152 2599 1207 2621; x_wconf 94' lang='lat' dir='ltr'>no-</span> 
     </span>
     <span class='ocr_line' id='line_1_41' title="bbox 201 2642 1207 2681; baseline 0.003 -10"><span class='ocrx_word' id='word_1_293' title='bbox 201 2642 249 2671; x_wconf 90' lang='lat' dir='ltr'>bis</span> <span class='ocrx_word' id='word_1_294' title='bbox 272 2642 499 2680; x_wconf 78' lang='lat' dir='ltr'>conquestione</span> <span class='ocrx_word' id='word_1_295' title='bbox 524 2648 720 2672; x_wconf 90' lang='lat' dir='ltr'>monuerunt</span> <span class='ocrx_word' id='word_1_296' title='bbox 745 2643 846 2681; x_wconf 88' lang='lat' dir='ltr'>quod,</span> <span class='ocrx_word' id='word_1_297' title='bbox 874 2642 947 2673; x_wconf 88' lang='lat' dir='ltr'>licet</span> <span class='ocrx_word' id='word_1_298' title='bbox 973 2644 1059 2673; x_wconf 88' lang='lat' dir='ltr'>idem</span> <span class='ocrx_word' id='word_1_299' title='bbox 1079 2644 1155 2675; x_wconf 89' lang='lat' dir='ltr'>ordo</span> <span class='ocrx_word' id='word_1_300' title='bbox 1172 2653 1207 2674; x_wconf 84' lang='lat' dir='ltr'>ex</span> 
     </span>
     <span class='ocr_line' id='line_1_42' title="bbox 201 2695 1208 2736; baseline 0.005 -13"><span class='ocrx_word' id='word_1_301' title='bbox 201 2695 324 2724; x_wconf 88' lang='lat' dir='ltr'>indulto</span> <span class='ocrx_word' id='word_1_302' title='bbox 349 2696 431 2725; x_wconf 88' lang='lat' dir='ltr'>sedis</span> <span class='ocrx_word' id='word_1_303' title='bbox 450 2695 620 2734; x_wconf 89' lang='lat' dir='ltr'>apostolice</span> <span class='ocrx_word' id='word_1_304' title='bbox 642 2695 777 2726; x_wconf 81' lang='lat' dir='ltr'>liberam</span> <span class='ocrx_word' id='word_1_305' title='bbox 793 2696 907 2726; x_wconf 87' lang='lat' dir='ltr'>habeat</span> <span class='ocrx_word' id='word_1_306' title='bbox 928 2697 1136 2736; x_wconf 81' lang='lat' dir='ltr'>sepulturam,</span> <span class='ocrx_word' id='word_1_307' title='bbox 1161 2702 1208 2728; x_wconf 82' lang='lat' dir='ltr'>ta-</span> 
     </span>
     <span class='ocr_line' id='line_1_43' title="bbox 201 2748 1205 2787; baseline 0.004 -11"><span class='ocrx_word' id='word_1_308' title='bbox 201 2756 274 2777; x_wconf 86' lang='lat' dir='ltr'>men</span> <span class='ocrx_word' id='word_1_309' title='bbox 288 2748 424 2778; x_wconf 85' lang='lat' dir='ltr'>Jacobus</span> <span class='ocrx_word' id='word_1_310' title='bbox 440 2750 525 2787; x_wconf 90' lang='lat' dir='ltr'>prior</span> <span class='ocrx_word' id='word_1_311' title='bbox 539 2754 568 2779; x_wconf 90' lang='lat' dir='ltr'>et</span> <span class='ocrx_word' id='word_1_312' title='bbox 582 2753 760 2779; x_wconf 91' lang='lat' dir='ltr'>conventus</span> <span class='ocrx_word' id='word_1_313' title='bbox 778 2749 909 2779; x_wconf 90' lang='lat' dir='ltr'>ecclesie</span> <span class='ocrx_word' id='word_1_314' title='bbox 926 2749 957 2780; x_wconf 88' lang='lat' dir='ltr'>S.</span> <span class='ocrx_word' id='word_1_315' title='bbox 980 2750 1123 2780; x_wconf 89' lang='lat' dir='ltr'>Fridiani</span> <span class='ocrx_word' id='word_1_316' title='bbox 1139 2751 1205 2780; x_wconf 90' lang='lat' dir='ltr'>Lu-</span> 
     </span>
     <span class='ocr_line' id='line_1_44' title="bbox 200 2801 1207 2842; baseline 0.005 -13"><span class='ocrx_word' id='word_1_317' title='bbox 200 2810 298 2837; x_wconf 83' lang='lat' dir='ltr'>cane,</span> <span class='ocrx_word' id='word_1_318' title='bbox 325 2801 446 2831; x_wconf 87' lang='lat' dir='ltr'>ordinis</span> <span class='ocrx_word' id='word_1_319' title='bbox 475 2802 507 2832; x_wconf 88' lang='lat' dir='ltr'>S.</span> <span class='ocrx_word' id='word_1_320' title='bbox 539 2803 734 2840; x_wconf 81' lang='lat' dir='ltr'>Augustini,</span> <span class='ocrx_word' id='word_1_321' title='bbox 766 2808 942 2833; x_wconf 87' lang='lat' dir='ltr'>asserentes</span> <span class='ocrx_word' id='word_1_322' title='bbox 973 2803 1057 2842; x_wconf 88' lang='lat' dir='ltr'>qnod</span> <span class='ocrx_word' id='word_1_323' title='bbox 1092 2804 1137 2834; x_wconf 90' lang='lat' dir='ltr'>eis</span> <span class='ocrx_word' id='word_1_324' title='bbox 1167 2804 1207 2834; x_wconf 91' lang='lat' dir='ltr'>ab</span> 
     </span>
     <span class='ocr_line' id='line_1_45' title="bbox 201 2853 1206 2895; baseline 0.005 -13"><span class='ocrx_word' id='word_1_325' title='bbox 201 2853 310 2883; x_wconf 87' lang='lat' dir='ltr'>eadem</span> <span class='ocrx_word' id='word_1_326' title='bbox 337 2854 409 2883; x_wconf 83' lang='lat' dir='ltr'>sede</span> <span class='ocrx_word' id='word_1_327' title='bbox 437 2854 600 2885; x_wconf 88' lang='lat' dir='ltr'>indultum</span> <span class='ocrx_word' id='word_1_328' title='bbox 628 2856 751 2892; x_wconf 87' lang='lat' dir='ltr'>existit,</span> <span class='ocrx_word' id='word_1_329' title='bbox 784 2860 818 2886; x_wconf 87' lang='lat' dir='ltr'>ut</span> <span class='ocrx_word' id='word_1_330' title='bbox 845 2856 954 2887; x_wconf 90' lang='lat' dir='ltr'>nullus</span> <span class='ocrx_word' id='word_1_331' title='bbox 980 2856 1206 2895; x_wconf 87' lang='lat' dir='ltr'>parrochianos</span> 
     </span>
     <span class='ocr_line' id='line_1_46' title="bbox 201 2907 1206 2949; baseline 0.004 -13"><span class='ocrx_word' id='word_1_332' title='bbox 201 2915 272 2936; x_wconf 86' lang='lat' dir='ltr'>suos</span> <span class='ocrx_word' id='word_1_333' title='bbox 290 2908 329 2936; x_wconf 87' lang='lat' dir='ltr'>ad</span> <span class='ocrx_word' id='word_1_334' title='bbox 351 2907 545 2946; x_wconf 76' lang='lat' dir='ltr'>sepulturam</span> <span class='ocrx_word' id='word_1_335' title='bbox 569 2909 736 2939; x_wconf 86' lang='lat' dir='ltr'>admittere</span> <span class='ocrx_word' id='word_1_336' title='bbox 758 2910 851 2940; x_wconf 88' lang='lat' dir='ltr'>dictis</span> <span class='ocrx_word' id='word_1_337' title='bbox 876 2910 979 2949; x_wconf 89' lang='lat' dir='ltr'>priore</span> <span class='ocrx_word' id='word_1_338' title='bbox 994 2915 1024 2940; x_wconf 90' lang='lat' dir='ltr'>et</span> <span class='ocrx_word' id='word_1_339' title='bbox 1047 2914 1206 2940; x_wconf 88' lang='lat' dir='ltr'>conventu</span> 
     </span>
     <span class='ocr_line' id='line_1_47' title="bbox 199 2961 1206 3002; baseline 0.004 -13"><span class='ocrx_word' id='word_1_340' title='bbox 199 2965 384 2998; x_wconf 86' lang='lat' dir='ltr'>presumant</span> <span class='ocrx_word' id='word_1_341' title='bbox 406 2961 535 2997; x_wconf 87' lang='lat' dir='ltr'>invitis,</span> <span class='ocrx_word' id='word_1_342' title='bbox 566 2961 618 2991; x_wconf 90' lang='lat' dir='ltr'>tali</span> <span class='ocrx_word' id='word_1_343' title='bbox 642 2966 785 3000; x_wconf 77' lang='lat' dir='ltr'>pretextu</span> <span class='ocrx_word' id='word_1_344' title='bbox 805 2963 967 3001; x_wconf 86' lang='lat' dir='ltr'>quondam</span> <span class='ocrx_word' id='word_1_345' title='bbox 989 2963 1206 3002; x_wconf 89' lang='lat' dir='ltr'>Bouajuutam</span> 
     </span>
     <span class='ocr_line' id='line_1_48' title="bbox 198 3014 1204 3053; baseline 0.003 -10"><span class='ocrx_word' id='word_1_346' title='bbox 198 3014 445 3052; x_wconf 65' lang='lat' dir='ltr'>&#39;I‘ingnosinum,</span> <span class='ocrx_word' id='word_1_347' title='bbox 465 3023 519 3053; x_wconf 87' lang='lat' dir='ltr'>pro</span> <span class='ocrx_word' id='word_1_348' title='bbox 542 3023 578 3044; x_wconf 90' lang='lat' dir='ltr'>eo</span> <span class='ocrx_word' id='word_1_349' title='bbox 599 3015 682 3053; x_wconf 85' lang='lat' dir='ltr'>quod</span> <span class='ocrx_word' id='word_1_350' title='bbox 706 3015 788 3053; x_wconf 88' lang='lat' dir='ltr'>apud</span> <span class='ocrx_word' id='word_1_351' title='bbox 807 3015 937 3046; x_wconf 91' lang='lat' dir='ltr'>domum</span> <span class='ocrx_word' id='word_1_352' title='bbox 963 3016 1120 3046; x_wconf 91' lang='lat' dir='ltr'>dictorum</span> <span class='ocrx_word' id='word_1_353' title='bbox 1137 3016 1204 3046; x_wconf 84' lang='lat' dir='ltr'>fra-</span> 
     </span>
    </p>
   </div>
   <div class='ocr_carea' id='block_1_6' title="bbox 1300 413 2311 1787">
    <p class='ocr_par' dir='ltr' id='par_1_6' title="bbox 1300 413 2311 1787">
     <span class='ocr_line' id='line_1_49' title="bbox 1309 413 2309 456; baseline 0.005 -14"><span class='ocrx_word' id='word_1_354' title='bbox 1309 417 1410 450; x_wconf 84' lang='lat' dir='ltr'>trum,</span> <span class='ocrx_word' id='word_1_355' title='bbox 1428 413 1505 443; x_wconf 90' lang='lat' dir='ltr'>dum</span> <span class='ocrx_word' id='word_1_356' title='bbox 1522 414 1652 451; x_wconf 80' lang='lat' dir='ltr'>viveret,</span> <span class='ocrx_word' id='word_1_357' title='bbox 1672 413 1809 452; x_wconf 84' lang='lat' dir='ltr'>elegerat</span> <span class='ocrx_word' id='word_1_358' title='bbox 1824 415 1961 454; x_wconf 87' lang='lat' dir='ltr'>sepelliri</span> <span class='ocrx_word' id='word_1_359' title='bbox 1979 421 2008 446; x_wconf 90' lang='lat' dir='ltr'>et</span> <span class='ocrx_word' id='word_1_360' title='bbox 2032 417 2152 447; x_wconf 83' lang='lat' dir='ltr'>ibidem</span> <span class='ocrx_word' id='word_1_361' title='bbox 2169 416 2309 456; x_wconf 83' lang='lat' dir='ltr'>sepultu-</span> 
     </span>
     <span class='ocr_line' id='line_1_50' title="bbox 1307 467 2308 508; baseline 0.005 -12"><span class='ocrx_word' id='word_1_362' title='bbox 1307 475 1375 496; x_wconf 86' lang='lat' dir='ltr'>ram</span> <span class='ocrx_word' id='word_1_363' title='bbox 1391 476 1480 496; x_wconf 87' lang='lat' dir='ltr'>suam</span> <span class='ocrx_word' id='word_1_364' title='bbox 1495 467 1635 497; x_wconf 83' lang='lat' dir='ltr'>construi</span> <span class='ocrx_word' id='word_1_365' title='bbox 1652 467 1773 497; x_wconf 74' lang='lat' dir='ltr'>faciens</span> <span class='ocrx_word' id='word_1_366' title='bbox 1788 467 1827 498; x_wconf 89' lang='lat' dir='ltr'>de</span> <span class='ocrx_word' id='word_1_367' title='bbox 1840 470 2005 507; x_wconf 85' lang='lat' dir='ltr'>parrochia</span> <span class='ocrx_word' id='word_1_368' title='bbox 2021 471 2103 501; x_wconf 86' lang='lat' dir='ltr'>dicte</span> <span class='ocrx_word' id='word_1_369' title='bbox 2115 470 2258 508; x_wconf 84' lang='lat' dir='ltr'>ecclesie,</span> <span class='ocrx_word' id='word_1_370' title='bbox 2272 471 2308 501; x_wconf 88' lang='lat' dir='ltr'>in</span> 
     </span>
     <span class='ocr_line' id='line_1_51' title="bbox 1305 521 2310 562; baseline 0.005 -13"><span class='ocrx_word' id='word_1_371' title='bbox 1305 529 1368 559; x_wconf 87' lang='lat' dir='ltr'>qua</span> <span class='ocrx_word' id='word_1_372' title='bbox 1391 525 1466 550; x_wconf 90' lang='lat' dir='ltr'>tuuc</span> <span class='ocrx_word' id='word_1_373' title='bbox 1493 522 1642 559; x_wconf 84' lang='lat' dir='ltr'>temporis</span> <span class='ocrx_word' id='word_1_374' title='bbox 1666 521 1864 559; x_wconf 82' lang='lat' dir='ltr'>morabatur,</span> <span class='ocrx_word' id='word_1_375' title='bbox 1887 522 1925 552; x_wconf 88' lang='lat' dir='ltr'>ad</span> <span class='ocrx_word' id='word_1_376' title='bbox 1941 523 2036 553; x_wconf 87' lang='lat' dir='ltr'>aliam</span> <span class='ocrx_word' id='word_1_377' title='bbox 2058 524 2258 562; x_wconf 87' lang='lat' dir='ltr'>parrochiam</span> <span class='ocrx_word' id='word_1_378' title='bbox 2277 533 2310 554; x_wconf 89' lang='lat' dir='ltr'>se</span> 
     </span>
     <span class='ocr_line' id='line_1_52' title="bbox 1306 573 2308 614; baseline 0.005 -12"><span class='ocrx_word' id='word_1_379' title='bbox 1306 573 1530 610; x_wconf 82' lang='lat' dir='ltr'>transtulerat,</span> <span class='ocrx_word' id='word_1_380' title='bbox 1554 578 1640 604; x_wconf 86' lang='lat' dir='ltr'>motu</span> <span class='ocrx_word' id='word_1_381' title='bbox 1666 576 1791 614; x_wconf 87' lang='lat' dir='ltr'>proprio</span> <span class='ocrx_word' id='word_1_382' title='bbox 1817 577 2154 607; x_wconf 86' lang='lat' dir='ltr'>excommunicationis</span> <span class='ocrx_word' id='word_1_383' title='bbox 2177 582 2308 607; x_wconf 87' lang='lat' dir='ltr'>senten-</span> 
     </span>
     <span class='ocr_line' id='line_1_53' title="bbox 1307 627 2308 669; baseline 0.005 -13"><span class='ocrx_word' id='word_1_384' title='bbox 1307 627 1380 656; x_wconf 88' lang='lat' dir='ltr'>tiam</span> <span class='ocrx_word' id='word_1_385' title='bbox 1398 627 1660 666; x_wconf 83' lang='lat' dir='ltr'>promulgarnnt,</span> <span class='ocrx_word' id='word_1_386' title='bbox 1678 628 1704 657; x_wconf 89' lang='lat' dir='ltr'>si</span> <span class='ocrx_word' id='word_1_387' title='bbox 1727 636 1840 667; x_wconf 90' lang='lat' dir='ltr'>corpus</span> <span class='ocrx_word' id='word_1_388' title='bbox 1855 629 1955 667; x_wconf 88' lang='lat' dir='ltr'>ipsius</span> <span class='ocrx_word' id='word_1_389' title='bbox 1974 630 2057 669; x_wconf 86' lang='lat' dir='ltr'>apud</span> <span class='ocrx_word' id='word_1_390' title='bbox 2074 631 2186 660; x_wconf 84' lang='lat' dir='ltr'>fratres</span> <span class='ocrx_word' id='word_1_391' title='bbox 2206 629 2308 669; x_wconf 87' lang='lat' dir='ltr'>sepel-</span> 
     </span>
     <span class='ocr_line' id='line_1_54' title="bbox 1304 679 2310 720; baseline 0.003 -11"><span class='ocrx_word' id='word_1_392' title='bbox 1304 679 1416 709; x_wconf 83' lang='lat' dir='ltr'>liretur</span> <span class='ocrx_word' id='word_1_393' title='bbox 1443 680 1580 711; x_wconf 90' lang='lat' dir='ltr'>eosdem.</span> <span class='ocrx_word' id='word_1_394' title='bbox 1611 680 1750 719; x_wconf 87' lang='lat' dir='ltr'>Corpora</span> <span class='ocrx_word' id='word_1_395' title='bbox 1779 689 1906 720; x_wconf 87' lang='lat' dir='ltr'>quoque</span> <span class='ocrx_word' id='word_1_396' title='bbox 1935 683 2096 720; x_wconf 87' lang='lat' dir='ltr'>quondam</span> <span class='ocrx_word' id='word_1_397' title='bbox 2124 683 2243 712; x_wconf 77' lang='lat' dir='ltr'>ltaneri</span> <span class='ocrx_word' id='word_1_398' title='bbox 2270 682 2310 713; x_wconf 88' lang='lat' dir='ltr'>de</span> 
     </span>
     <span class='ocr_line' id='line_1_55' title="bbox 1305 729 2310 774; baseline 0.004 -12"><span class='ocrx_word' id='word_1_399' title='bbox 1305 733 1547 763; x_wconf 87' lang='lat' dir='ltr'>Buzanensibus</span> <span class='ocrx_word' id='word_1_400' title='bbox 1563 734 1634 764; x_wconf 89' lang='lat' dir='ltr'>laici</span> <span class='ocrx_word' id='word_1_401' title='bbox 1645 739 1674 764; x_wconf 90' lang='lat' dir='ltr'>et</span> <span class='ocrx_word' id='word_1_402' title='bbox 1689 734 1853 773; x_wconf 79' lang='lat' dir='ltr'>cujusdam</span> <span class='ocrx_word' id='word_1_403' title='bbox 1866 734 2010 765; x_wconf 91' lang='lat' dir='ltr'>mulieris</span> <span class='ocrx_word' id='word_1_404' title='bbox 2026 729 2310 774; x_wconf 87' lang='lat' dir='ltr'>parrochianorum</span> 
     </span>
     <span class='ocr_line' id='line_1_56' title="bbox 1305 786 2309 829; baseline 0.004 -13"><span class='ocrx_word' id='word_1_405' title='bbox 1305 786 1386 816; x_wconf 89' lang='lat' dir='ltr'>dicte</span> <span class='ocrx_word' id='word_1_406' title='bbox 1402 786 1533 817; x_wconf 89' lang='lat' dir='ltr'>ecclesie</span> <span class='ocrx_word' id='word_1_407' title='bbox 1549 788 1580 817; x_wconf 87' lang='lat' dir='ltr'>S.</span> <span class='ocrx_word' id='word_1_408' title='bbox 1597 787 1752 824; x_wconf 86' lang='lat' dir='ltr'>Fridiani,</span> <span class='ocrx_word' id='word_1_409' title='bbox 1770 788 1825 826; x_wconf 88' lang='lat' dir='ltr'>qui</span> <span class='ocrx_word' id='word_1_410' title='bbox 1841 796 1877 817; x_wconf 88' lang='lat' dir='ltr'>ex</span> <span class='ocrx_word' id='word_1_411' title='bbox 1894 788 2059 819; x_wconf 87' lang='lat' dir='ltr'>devotione</span> <span class='ocrx_word' id='word_1_412' title='bbox 2083 790 2164 829; x_wconf 86' lang='lat' dir='ltr'>apud</span> <span class='ocrx_word' id='word_1_413' title='bbox 2189 789 2309 828; x_wconf 89' lang='lat' dir='ltr'>predic—</span> 
     </span>
     <span class='ocr_line' id='line_1_57' title="bbox 1305 839 2309 873; baseline 0.004 -4"><span class='ocrx_word' id='word_1_414' title='bbox 1305 843 1371 869; x_wconf 90' lang='lat' dir='ltr'>tum</span> <span class='ocrx_word' id='word_1_415' title='bbox 1388 839 1493 870; x_wconf 92' lang='lat' dir='ltr'>locum</span> <span class='ocrx_word' id='word_1_416' title='bbox 1509 841 1694 871; x_wconf 88' lang='lat' dir='ltr'>eorumdem</span> <span class='ocrx_word' id='word_1_417' title='bbox 1708 841 1841 871; x_wconf 83' lang='lat' dir='ltr'>fratrum</span> <span class='ocrx_word' id='word_1_418' title='bbox 1856 842 1889 871; x_wconf 89' lang='lat' dir='ltr'>in</span> <span class='ocrx_word' id='word_1_419' title='bbox 1903 850 2013 872; x_wconf 88' lang='lat' dir='ltr'>eorum</span> <span class='ocrx_word' id='word_1_420' title='bbox 2023 842 2182 873; x_wconf 91' lang='lat' dir='ltr'>voluntate</span> <span class='ocrx_word' id='word_1_421' title='bbox 2196 842 2309 873; x_wconf 89' lang='lat' dir='ltr'>ultima</span> 
     </span>
     <span class='ocr_line' id='line_1_58' title="bbox 1303 891 2310 934; baseline 0.005 -13"><span class='ocrx_word' id='word_1_422' title='bbox 1303 891 1468 930; x_wconf 84' lang='lat' dir='ltr'>elegerant</span> <span class='ocrx_word' id='word_1_423' title='bbox 1493 893 1691 932; x_wconf 83' lang='lat' dir='ltr'>sepulturas,</span> <span class='ocrx_word' id='word_1_424' title='bbox 1721 904 1775 934; x_wconf 88' lang='lat' dir='ltr'>per</span> <span class='ocrx_word' id='word_1_425' title='bbox 1803 894 1987 925; x_wconf 86' lang='lat' dir='ltr'>violentiam</span> <span class='ocrx_word' id='word_1_426' title='bbox 2013 904 2123 934; x_wconf 87' lang='lat' dir='ltr'>rapere</span> <span class='ocrx_word' id='word_1_427' title='bbox 2149 905 2184 926; x_wconf 89' lang='lat' dir='ltr'>ac</span> <span class='ocrx_word' id='word_1_428' title='bbox 2213 905 2248 926; x_wconf 87' lang='lat' dir='ltr'>ea</span> <span class='ocrx_word' id='word_1_429' title='bbox 2274 896 2310 926; x_wconf 89' lang='lat' dir='ltr'>in</span> 
     </span>
     <span class='ocr_line' id='line_1_59' title="bbox 1303 945 2306 987; baseline 0.005 -13"><span class='ocrx_word' id='word_1_430' title='bbox 1303 945 1460 976; x_wconf 88' lang='lat' dir='ltr'>cimiterio</span> <span class='ocrx_word' id='word_1_431' title='bbox 1475 946 1557 976; x_wconf 86' lang='lat' dir='ltr'>dicte</span> <span class='ocrx_word' id='word_1_432' title='bbox 1573 947 1705 977; x_wconf 88' lang='lat' dir='ltr'>ecclesie</span> <span class='ocrx_word' id='word_1_433' title='bbox 1727 947 1873 986; x_wconf 89' lang='lat' dir='ltr'>sepellire</span> <span class='ocrx_word' id='word_1_434' title='bbox 1891 952 2009 978; x_wconf 90' lang='lat' dir='ltr'>temere</span> <span class='ocrx_word' id='word_1_435' title='bbox 2027 953 2306 987; x_wconf 83' lang='lat' dir='ltr'>presumpserunt,</span> 
     </span>
     <span class='ocr_line' id='line_1_60' title="bbox 1303 998 2307 1039; baseline 0.002 -11"><span class='ocrx_word' id='word_1_436' title='bbox 1303 1007 1491 1037; x_wconf 87' lang='lat' dir='ltr'>quanquam</span> <span class='ocrx_word' id='word_1_437' title='bbox 1518 998 1622 1029; x_wconf 84' lang='lat' dir='ltr'>eidem</span> <span class='ocrx_word' id='word_1_438' title='bbox 1647 1000 1778 1030; x_wconf 87' lang='lat' dir='ltr'>ecclesie</span> <span class='ocrx_word' id='word_1_439' title='bbox 1800 1000 1953 1030; x_wconf 86' lang='lat' dir='ltr'>canonica</span> <span class='ocrx_word' id='word_1_440' title='bbox 1966 1000 2090 1039; x_wconf 88' lang='lat' dir='ltr'>justitia</span> <span class='ocrx_word' id='word_1_441' title='bbox 2111 1000 2198 1030; x_wconf 87' lang='lat' dir='ltr'>salva</span> <span class='ocrx_word' id='word_1_442' title='bbox 2217 1001 2307 1031; x_wconf 77' lang='lat' dir='ltr'>toret.</span> 
     </span>
     <span class='ocr_line' id='line_1_61' title="bbox 1302 1051 2309 1092; baseline 0.003 -12"><span class='ocrx_word' id='word_1_443' title='bbox 1302 1051 1369 1081; x_wconf 89' lang='lat' dir='ltr'>Nec</span> <span class='ocrx_word' id='word_1_444' title='bbox 1387 1051 1451 1081; x_wconf 88' lang='lat' dir='ltr'>hiis</span> <span class='ocrx_word' id='word_1_445' title='bbox 1465 1052 1631 1082; x_wconf 83' lang='lat' dir='ltr'>contenti..</span> <span class='ocrx_word' id='word_1_446' title='bbox 1651 1053 1734 1092; x_wconf 87' lang='lat' dir='ltr'>prior</span> <span class='ocrx_word' id='word_1_447' title='bbox 1756 1057 1786 1083; x_wconf 89' lang='lat' dir='ltr'>et</span> <span class='ocrx_word' id='word_1_448' title='bbox 1806 1057 1982 1083; x_wconf 87' lang='lat' dir='ltr'>conventus</span> <span class='ocrx_word' id='word_1_449' title='bbox 1998 1053 2217 1091; x_wconf 79' lang='lat' dir='ltr'>Agnestuam‚</span> <span class='ocrx_word' id='word_1_450' title='bbox 2234 1062 2309 1092; x_wconf 85' lang='lat' dir='ltr'>par-</span> 
     </span>
     <span class='ocr_line' id='line_1_62' title="bbox 1301 1104 2310 1146; baseline 0.003 -13"><span class='ocrx_word' id='word_1_451' title='bbox 1301 1104 1488 1134; x_wconf 85' lang='lat' dir='ltr'>rochianam</span> <span class='ocrx_word' id='word_1_452' title='bbox 1512 1104 1643 1135; x_wconf 88' lang='lat' dir='ltr'>ecclesie</span> <span class='ocrx_word' id='word_1_453' title='bbox 1666 1106 1863 1145; x_wconf 88' lang='lat' dir='ltr'>supradicte,</span> <span class='ocrx_word' id='word_1_454' title='bbox 1886 1115 1947 1145; x_wconf 86' lang='lat' dir='ltr'>que</span> <span class='ocrx_word' id='word_1_455' title='bbox 1970 1106 2004 1136; x_wconf 92' lang='lat' dir='ltr'>in</span> <span class='ocrx_word' id='word_1_456' title='bbox 2021 1106 2208 1136; x_wconf 84' lang='lat' dir='ltr'>infirmitate</span> <span class='ocrx_word' id='word_1_457' title='bbox 2230 1115 2310 1146; x_wconf 88' lang='lat' dir='ltr'>qua-</span> 
     </span>
     <span class='ocr_line' id='line_1_63' title="bbox 1302 1157 2311 1198; baseline 0.001 -11"><span class='ocrx_word' id='word_1_458' title='bbox 1302 1157 1376 1188; x_wconf 84' lang='lat' dir='ltr'>dani</span> <span class='ocrx_word' id='word_1_459' title='bbox 1400 1158 1572 1188; x_wconf 85' lang='lat' dir='ltr'>constituta</span> <span class='ocrx_word' id='word_1_460' title='bbox 1597 1158 1745 1188; x_wconf 87' lang='lat' dir='ltr'>similiter</span> <span class='ocrx_word' id='word_1_461' title='bbox 1769 1159 1852 1198; x_wconf 89' lang='lat' dir='ltr'>apud</span> <span class='ocrx_word' id='word_1_462' title='bbox 1877 1158 2004 1189; x_wconf 83' lang='lat' dir='ltr'>eosdem</span> <span class='ocrx_word' id='word_1_463' title='bbox 2034 1159 2145 1188; x_wconf 83' lang='lat' dir='ltr'>fratres</span> <span class='ocrx_word' id='word_1_464' title='bbox 2173 1158 2311 1197; x_wconf 84' lang='lat' dir='ltr'>elegerat</span> 
     </span>
     <span class='ocr_line' id='line_1_64' title="bbox 1302 1210 2308 1252; baseline 0.001 -11"><span class='ocrx_word' id='word_1_465' title='bbox 1302 1210 1441 1250; x_wconf 88' lang='lat' dir='ltr'>sepelliri</span> <span class='ocrx_word' id='word_1_466' title='bbox 1456 1235 1462 1248; x_wconf 94' lang='lat'>,</span> <span class='ocrx_word' id='word_1_467' title='bbox 1479 1211 1543 1241; x_wconf 90' lang='lat' dir='ltr'>nisi</span> <span class='ocrx_word' id='word_1_468' title='bbox 1558 1211 1745 1242; x_wconf 89' lang='lat' dir='ltr'>electionem</span> <span class='ocrx_word' id='word_1_469' title='bbox 1763 1211 1948 1252; x_wconf 84' lang='lat' dir='ltr'>hujusmodi</span> <span class='ocrx_word' id='word_1_470' title='bbox 1964 1217 2144 1249; x_wconf 80' lang='lat' dir='ltr'>revocaret,</span> <span class='ocrx_word' id='word_1_471' title='bbox 2160 1214 2248 1243; x_wconf 89' lang='lat' dir='ltr'>motu</span> <span class='ocrx_word' id='word_1_472' title='bbox 2263 1213 2308 1243; x_wconf 89' lang='lat' dir='ltr'>si-</span> 
     </span>
     <span class='ocr_line' id='line_1_65' title="bbox 1302 1264 2310 1303; baseline 0.003 -9"><span class='ocrx_word' id='word_1_473' title='bbox 1302 1265 1373 1294; x_wconf 89' lang='lat' dir='ltr'>mili</span> <span class='ocrx_word' id='word_1_474' title='bbox 1398 1265 1738 1295; x_wconf 83' lang='lat' dir='ltr'>excommunicationis</span> <span class='ocrx_word' id='word_1_475' title='bbox 1757 1265 1885 1296; x_wconf 89' lang='lat' dir='ltr'>vinculo</span> <span class='ocrx_word' id='word_1_476' title='bbox 1907 1265 2122 1303; x_wconf 88' lang='lat' dir='ltr'>innodarunt,</span> <span class='ocrx_word' id='word_1_477' title='bbox 2147 1265 2182 1294; x_wconf 89' lang='lat' dir='ltr'>in</span> <span class='ocrx_word' id='word_1_478' title='bbox 2209 1264 2310 1297; x_wconf 86' lang='lat' dir='ltr'>dicto-</span> 
     </span>
     <span class='ocr_line' id='line_1_66' title="bbox 1302 1317 2311 1357; baseline 0 -9"><span class='ocrx_word' id='word_1_479' title='bbox 1302 1327 1374 1348; x_wconf 89' lang='lat' dir='ltr'>rum</span> <span class='ocrx_word' id='word_1_480' title='bbox 1393 1318 1562 1357; x_wconf 86' lang='lat' dir='ltr'>guardiani</span> <span class='ocrx_word' id='word_1_481' title='bbox 1578 1323 1608 1348; x_wconf 86' lang='lat' dir='ltr'>et</span> <span class='ocrx_word' id='word_1_482' title='bbox 1630 1319 1765 1348; x_wconf 73' lang='lat' dir='ltr'>fratrum</span> <span class='ocrx_word' id='word_1_483' title='bbox 1781 1327 1846 1349; x_wconf 88' lang='lat' dir='ltr'>non</span> <span class='ocrx_word' id='word_1_484' title='bbox 1861 1318 2023 1349; x_wconf 89' lang='lat' dir='ltr'>modicum</span> <span class='ocrx_word' id='word_1_485' title='bbox 2042 1317 2257 1357; x_wconf 82' lang='lat' dir='ltr'>prejudicium</span> <span class='ocrx_word' id='word_1_486' title='bbox 2279 1322 2311 1349; x_wconf 87' lang='lat' dir='ltr'>et</span> 
     </span>
     <span class='ocr_line' id='line_1_67' title="bbox 1302 1371 2310 1411; baseline 0.002 -11"><span class='ocrx_word' id='word_1_487' title='bbox 1302 1380 1515 1410; x_wconf 83' lang='lat' dir='ltr'>gravamen...</span> <span class='ocrx_word' id='word_1_488' title='bbox 1536 1371 1728 1402; x_wconf 89' lang='lat' dir='ltr'>Discretioni</span> <span class='ocrx_word' id='word_1_489' title='bbox 1746 1377 1797 1402; x_wconf 88' lang='lat' dir='ltr'>tue</span> <span class='ocrx_word' id='word_1_490' title='bbox 1817 1381 1872 1411; x_wconf 89' lang='lat' dir='ltr'>per</span> <span class='ocrx_word' id='word_1_491' title='bbox 1889 1372 2060 1411; x_wconf 85' lang='lat' dir='ltr'>apostolica</span> <span class='ocrx_word' id='word_1_492' title='bbox 2085 1372 2200 1411; x_wconf 88' lang='lat' dir='ltr'>scripta</span> <span class='ocrx_word' id='word_1_493' title='bbox 2217 1380 2310 1402; x_wconf 90' lang='lat' dir='ltr'>man-</span> 
     </span>
     <span class='ocr_line' id='line_1_68' title="bbox 1301 1425 2310 1465; baseline 0.002 -11"><span class='ocrx_word' id='word_1_494' title='bbox 1301 1425 1415 1455; x_wconf 86' lang='lat' dir='ltr'>damus</span> <span class='ocrx_word' id='word_1_495' title='bbox 1428 1428 1586 1463; x_wconf 87' lang='lat' dir='ltr'>quatenus</span> <span class='ocrx_word' id='word_1_496' title='bbox 1602 1425 1756 1464; x_wconf 88' lang='lat' dir='ltr'>predictos</span> <span class='ocrx_word' id='word_1_497' title='bbox 1772 1425 1911 1464; x_wconf 88' lang='lat' dir='ltr'>priorem</span> <span class='ocrx_word' id='word_1_498' title='bbox 1925 1430 1955 1455; x_wconf 91' lang='lat' dir='ltr'>et</span> <span class='ocrx_word' id='word_1_499' title='bbox 1967 1428 2162 1455; x_wconf 88' lang='lat' dir='ltr'>conventum</span> <span class='ocrx_word' id='word_1_500' title='bbox 2175 1434 2210 1455; x_wconf 85' lang='lat' dir='ltr'>ex</span> <span class='ocrx_word' id='word_1_501' title='bbox 2222 1430 2310 1465; x_wconf 86' lang='lat' dir='ltr'>parte</span> 
     </span>
     <span class='ocr_line' id='line_1_69' title="bbox 1302 1478 2310 1518; baseline 0.002 -10"><span class='ocrx_word' id='word_1_502' title='bbox 1302 1483 1410 1509; x_wconf 88' lang='lat' dir='ltr'>nostra</span> <span class='ocrx_word' id='word_1_503' title='bbox 1426 1479 1639 1518; x_wconf 89' lang='lat' dir='ltr'>peremptorie</span> <span class='ocrx_word' id='word_1_504' title='bbox 1663 1479 1760 1509; x_wconf 90' lang='lat' dir='ltr'>citare</span> <span class='ocrx_word' id='word_1_505' title='bbox 1777 1487 1943 1518; x_wconf 85' lang='lat' dir='ltr'>procures,</span> <span class='ocrx_word' id='word_1_506' title='bbox 1968 1482 2002 1508; x_wconf 88' lang='lat' dir='ltr'>ut</span> <span class='ocrx_word' id='word_1_507' title='bbox 2023 1479 2108 1508; x_wconf 79' lang='lat' dir='ltr'>iufra</span> <span class='ocrx_word' id='word_1_508' title='bbox 2123 1478 2310 1518; x_wconf 87' lang='lat' dir='ltr'>quindecim</span> 
     </span>
     <span class='ocr_line' id='line_1_70' title="bbox 1302 1532 2310 1572; baseline 0.002 -10"><span class='ocrx_word' id='word_1_509' title='bbox 1302 1533 1369 1563; x_wconf 90' lang='lat' dir='ltr'>dies</span> <span class='ocrx_word' id='word_1_510' title='bbox 1384 1537 1454 1572; x_wconf 88' lang='lat' dir='ltr'>post</span> <span class='ocrx_word' id='word_1_511' title='bbox 1471 1533 1655 1563; x_wconf 86' lang='lat' dir='ltr'>citationem</span> <span class='ocrx_word' id='word_1_512' title='bbox 1674 1537 1760 1563; x_wconf 90' lang='lat' dir='ltr'>tuam</span> <span class='ocrx_word' id='word_1_513' title='bbox 1782 1532 1868 1562; x_wconf 90' lang='lat' dir='ltr'>idem</span> <span class='ocrx_word' id='word_1_514' title='bbox 1890 1533 1976 1571; x_wconf 90' lang='lat' dir='ltr'>prior</span> <span class='ocrx_word' id='word_1_515' title='bbox 1997 1536 2027 1562; x_wconf 86' lang='lat' dir='ltr'>et</span> <span class='ocrx_word' id='word_1_516' title='bbox 2043 1532 2105 1563; x_wconf 90' lang='lat' dir='ltr'>duo</span> <span class='ocrx_word' id='word_1_517' title='bbox 2121 1532 2171 1563; x_wconf 89' lang='lat' dir='ltr'>vel</span> <span class='ocrx_word' id='word_1_518' title='bbox 2189 1537 2251 1563; x_wconf 88' lang='lat' dir='ltr'>tres</span> <span class='ocrx_word' id='word_1_519' title='bbox 2270 1533 2310 1564; x_wconf 86' lang='lat' dir='ltr'>de</span> 
     </span>
     <span class='ocr_line' id='line_1_71' title="bbox 1301 1586 2310 1626; baseline -0.001 -9"><span class='ocrx_word' id='word_1_520' title='bbox 1301 1586 1384 1617; x_wconf 88' lang='lat' dir='ltr'>dicto</span> <span class='ocrx_word' id='word_1_521' title='bbox 1406 1590 1576 1624; x_wconf 86' lang='lat' dir='ltr'>conventu,</span> <span class='ocrx_word' id='word_1_522' title='bbox 1596 1596 1652 1626; x_wconf 89' lang='lat' dir='ltr'>per</span> <span class='ocrx_word' id='word_1_523' title='bbox 1670 1595 1749 1625; x_wconf 91' lang='lat' dir='ltr'>quos</span> <span class='ocrx_word' id='word_1_524' title='bbox 1767 1586 1883 1616; x_wconf 87' lang='lat' dir='ltr'>melius</span> <span class='ocrx_word' id='word_1_525' title='bbox 1900 1586 2056 1616; x_wconf 85' lang='lat' dir='ltr'>certitudo</span> <span class='ocrx_word' id='word_1_526' title='bbox 2076 1586 2188 1616; x_wconf 88' lang='lat' dir='ltr'>haberi</span> <span class='ocrx_word' id='word_1_527' title='bbox 2205 1586 2310 1617; x_wconf 88' lang='lat' dir='ltr'>valeat</span> 
     </span>
     <span class='ocr_line' id='line_1_72' title="bbox 1301 1639 2311 1679; baseline 0 -9"><span class='ocrx_word' id='word_1_528' title='bbox 1301 1641 1529 1679; x_wconf 87' lang='lat' dir='ltr'>premissorum</span> <span class='ocrx_word' id='word_1_529' title='bbox 1542 1663 1550 1677; x_wconf 93' lang='lat'>,</span> <span class='ocrx_word' id='word_1_530' title='bbox 1566 1640 1795 1679; x_wconf 86' lang='lat' dir='ltr'>personaliter,</span> <span class='ocrx_word' id='word_1_531' title='bbox 1818 1639 1950 1679; x_wconf 76' lang='lat' dir='ltr'>predicti</span> <span class='ocrx_word' id='word_1_532' title='bbox 1969 1647 2044 1669; x_wconf 90' lang='lat' dir='ltr'>vero</span> <span class='ocrx_word' id='word_1_533' title='bbox 2061 1643 2237 1670; x_wconf 83' lang='lat' dir='ltr'>conventus</span> <span class='ocrx_word' id='word_1_534' title='bbox 2254 1648 2311 1679; x_wconf 88' lang='lat' dir='ltr'>per</span> 
     </span>
     <span class='ocr_line' id='line_1_73' title="bbox 1300 1692 2307 1732; baseline -0.001 -9"><span class='ocrx_word' id='word_1_535' title='bbox 1300 1698 1537 1732; x_wconf 87' lang='lat' dir='ltr'>procuratorem</span> <span class='ocrx_word' id='word_1_536' title='bbox 1554 1694 1718 1732; x_wconf 80' lang='lat' dir='ltr'>ydoneum</span> <span class='ocrx_word' id='word_1_537' title='bbox 1737 1696 1943 1732; x_wconf 86' lang='lat' dir='ltr'>compareant</span> <span class='ocrx_word' id='word_1_538' title='bbox 1961 1701 2068 1722; x_wconf 89' lang='lat' dir='ltr'>coram</span> <span class='ocrx_word' id='word_1_539' title='bbox 2089 1692 2218 1723; x_wconf 88' lang='lat' dir='ltr'>nobis...</span> <span class='ocrx_word' id='word_1_540' title='bbox 2235 1692 2307 1723; x_wconf 82' lang='lat' dir='ltr'>Dat.</span> 
     </span>
     <span class='ocr_line' id='line_1_74' title="bbox 1302 1746 2005 1787; baseline -0.003 -10"><span class='ocrx_word' id='word_1_541' title='bbox 1302 1748 1399 1778; x_wconf 84' lang='lat' dir='ltr'>Reate</span> <span class='ocrx_word' id='word_1_542' title='bbox 1410 1772 1417 1785; x_wconf 90' lang='lat'>,</span> <span class='ocrx_word' id='word_1_543' title='bbox 1435 1756 1454 1776; x_wconf 86' lang='lat' dir='ltr'><strong>x</strong></span> <span class='ocrx_word' id='word_1_544' title='bbox 1471 1747 1624 1777; x_wconf 88' lang='lat' dir='ltr'>kalendas</span> <span class='ocrx_word' id='word_1_545' title='bbox 1641 1747 1744 1787; x_wconf 89' lang='lat' dir='ltr'>junii,</span> <span class='ocrx_word' id='word_1_546' title='bbox 1760 1755 1846 1777; x_wconf 88' lang='lat' dir='ltr'>anuo</span> <span class='ocrx_word' id='word_1_547' title='bbox 1859 1746 1971 1786; x_wconf 91' lang='lat' dir='ltr'>primo.</span> <span class='ocrx_word' id='word_1_548' title='bbox 1992 1758 2005 1773; x_wconf 69' lang='lat' dir='ltr'>n</span> 
     </span>
    </p>
   </div>
   <div class='ocr_carea' id='block_1_7' title="bbox 1371 1890 2237 1922">
    <p class='ocr_par' dir='ltr' id='par_1_7' title="bbox 1371 1890 2237 1922">
     <span class='ocr_line' id='line_1_75' title="bbox 1371 1890 2237 1922; baseline 0.001 -4"><span class='ocrx_word' id='word_1_549' title='bbox 1371 1893 1429 1921; x_wconf 79' lang='lat'>84</span> <span class='ocrx_word' id='word_1_550' title='bbox 1827 1890 2036 1922; x_wconf 85' lang='lat' dir='ltr'>Saint-Pierre,</span> <span class='ocrx_word' id='word_1_551' title='bbox 2054 1892 2069 1918; x_wconf 94' lang='lat'><strong>7</strong></span> <span class='ocrx_word' id='word_1_552' title='bbox 2085 1892 2141 1918; x_wconf 85' lang='lat' dir='ltr'>mai</span> <span class='ocrx_word' id='word_1_553' title='bbox 2158 1891 2237 1919; x_wconf 73' lang='lat'>1288.</span> 
     </span>
    </p>
   </div>
   <div class='ocr_carea' id='block_1_8' title="bbox 1297 1953 2308 2040">
    <p class='ocr_par' dir='ltr' id='par_1_8' title="bbox 1297 1953 2308 2040">
     <span class='ocr_line' id='line_1_76' title="bbox 1334 1953 2308 1983; baseline -0.001 -1"><span class='ocrx_word' id='word_1_554' title='bbox 1334 1955 1417 1983; x_wconf 83' lang='lat' dir='ltr'>Prior</span> <span class='ocrx_word' id='word_1_555' title='bbox 1432 1955 1537 1982; x_wconf 84' lang='lat' dir='ltr'>Beatae</span> <span class='ocrx_word' id='word_1_556' title='bbox 1550 1954 1656 1982; x_wconf 89' lang='lat' dir='ltr'>Mariae</span> <span class='ocrx_word' id='word_1_557' title='bbox 1672 1955 1707 1981; x_wconf 89' lang='lat' dir='ltr'>de</span> <span class='ocrx_word' id='word_1_558' title='bbox 1722 1954 1827 1981; x_wconf 89' lang='lat' dir='ltr'>Vantio</span> <span class='ocrx_word' id='word_1_559' title='bbox 1844 1953 1995 1981; x_wconf 76' lang='lat' dir='ltr'>paduanae</span> <span class='ocrx_word' id='word_1_560' title='bbox 2010 1954 2115 1981; x_wconf 84' lang='lat' dir='ltr'>citatur</span> <span class='ocrx_word' id='word_1_561' title='bbox 2127 1961 2222 1981; x_wconf 84' lang='lat' dir='ltr'>coram</span> <span class='ocrx_word' id='word_1_562' title='bbox 2239 1953 2308 1982; x_wconf 85' lang='lat' dir='ltr'>sede</span> 
     </span>
     <span class='ocr_line' id='line_1_77' title="bbox 1297 2004 1890 2040; baseline -0.003 -9"><span class='ocrx_word' id='word_1_563' title='bbox 1297 2005 1464 2040; x_wconf 89' lang='lat' dir='ltr'>apostolica.</span> <span class='ocrx_word' id='word_1_564' title='bbox 1485 2004 1568 2037; x_wconf 70' lang='lat' dir='ltr'>(Rea.</span> <span class='ocrx_word' id='word_1_565' title='bbox 1586 2004 1629 2038; x_wconf 81' lang='lat'>44,</span> <span class='ocrx_word' id='word_1_566' title='bbox 1647 2012 1673 2031; x_wconf 92' lang='lat' dir='ltr'>c.</span> <span class='ocrx_word' id='word_1_567' title='bbox 1691 2004 1734 2038; x_wconf 79' lang='lat'>48,</span> <span class='ocrx_word' id='word_1_568' title='bbox 1751 2004 1769 2030; x_wconf 84' lang='lat' dir='ltr'>s.</span> <span class='ocrx_word' id='word_1_569' title='bbox 1789 2004 1821 2030; x_wconf 71' lang='lat'>¹2</span> <span class='ocrx_word' id='word_1_570' title='bbox 1837 2005 1890 2036; x_wconf 67' lang='grc' dir='ltr'><strong>νο.)</strong></span> 
     </span>
    </p>
   </div>
   <div class='ocr_carea' id='block_1_9' title="bbox 1291 2091 2306 2663">
    <p class='ocr_par' dir='ltr' id='par_1_9' title="bbox 1291 2091 2306 2611">
     <span class='ocr_line' id='line_1_78' title="bbox 1338 2091 2305 2132; baseline -0.001 -9"><span class='ocrx_word' id='word_1_571' title='bbox 1338 2095 1446 2124; x_wconf 65' lang='lat' dir='ltr'>Dilecto</span> <span class='ocrx_word' id='word_1_572' title='bbox 1474 2094 1564 2131; x_wconf 78' lang='lat' dir='ltr'>filio..</span> <span class='ocrx_word' id='word_1_573' title='bbox 1593 2094 1694 2132; x_wconf 77' lang='lat' dir='ltr'>priori</span> <span class='ocrx_word' id='word_1_574' title='bbox 1717 2092 1825 2122; x_wconf 80' lang='lat' dir='ltr'>Sancte</span> <span class='ocrx_word' id='word_1_575' title='bbox 1842 2092 1938 2130; x_wconf 78' lang='lat' dir='ltr'>Susfie</span> <span class='ocrx_word' id='word_1_576' title='bbox 1959 2093 1994 2122; x_wconf 88' lang='lat' dir='ltr'>de</span> <span class='ocrx_word' id='word_1_577' title='bbox 2013 2093 2109 2129; x_wconf 74' lang='lat' dir='ltr'>Burqo</span> <span class='ocrx_word' id='word_1_578' title='bbox 2137 2091 2305 2130; x_wconf 69' lang='lat' dir='ltr'>Padua‘no,</span> 
     </span>
     <span class='ocr_line' id='line_1_79' title="bbox 1296 2145 2305 2184; baseline -0.001 -7"><span class='ocrx_word' id='word_1_579' title='bbox 1296 2148 1415 2177; x_wconf 77' lang='lat' dir='ltr'>ordinis</span> <span class='ocrx_word' id='word_1_580' title='bbox 1432 2147 1538 2177; x_wconf 81' lang='lat' dir='ltr'>Sancte</span> <span class='ocrx_word' id='word_1_581' title='bbox 1553 2147 1648 2177; x_wconf 67' lang='lat' dir='ltr'>Marte</span> <span class='ocrx_word' id='word_1_582' title='bbox 1671 2147 1706 2176; x_wconf 86' lang='lat' dir='ltr'>de</span> <span class='ocrx_word' id='word_1_583' title='bbox 1726 2147 1839 2182; x_wconf 81' lang='lat' dir='ltr'>Portu,</span> <span class='ocrx_word' id='word_1_584' title='bbox 1863 2145 1994 2175; x_wconf 87' lang='lat' dir='ltr'>mandat</span> <span class='ocrx_word' id='word_1_585' title='bbox 2014 2148 2197 2184; x_wconf 89' lang='lat' dir='ltr'>quatenus..</span> <span class='ocrx_word' id='word_1_586' title='bbox 2220 2145 2305 2184; x_wconf 86' lang='lat' dir='ltr'>prio-</span> 
     </span>
     <span class='ocr_line' id='line_1_80' title="bbox 1296 2197 2305 2235; baseline -0.001 -5"><span class='ocrx_word' id='word_1_587' title='bbox 1296 2209 1362 2231; x_wconf 86' lang='lat' dir='ltr'>rem</span> <span class='ocrx_word' id='word_1_588' title='bbox 1381 2201 1495 2230; x_wconf 86' lang='lat' dir='ltr'>Beatae</span> <span class='ocrx_word' id='word_1_589' title='bbox 1513 2200 1630 2230; x_wconf 88' lang='lat' dir='ltr'>Mariae</span> <span class='ocrx_word' id='word_1_590' title='bbox 1645 2200 1684 2230; x_wconf 89' lang='lat' dir='ltr'>de</span> <span class='ocrx_word' id='word_1_591' title='bbox 1700 2199 1816 2229; x_wconf 86' lang='lat' dir='ltr'>Vantio</span> <span class='ocrx_word' id='word_1_592' title='bbox 1833 2199 2025 2235; x_wconf 85' lang='lat' dir='ltr'>Paduanae,</span> <span class='ocrx_word' id='word_1_593' title='bbox 2050 2197 2173 2228; x_wconf 89' lang='lat' dir='ltr'>ordinis</span> <span class='ocrx_word' id='word_1_594' title='bbox 2190 2198 2224 2229; x_wconf 92' lang='lat' dir='ltr'>S.</span> <span class='ocrx_word' id='word_1_595' title='bbox 2244 2198 2305 2229; x_wconf 88' lang='lat' dir='ltr'>Be-</span> 
     </span>
     <span class='ocr_line' id='line_1_81' title="bbox 1295 2251 2305 2291; baseline -0.002 -7"><span class='ocrx_word' id='word_1_596' title='bbox 1295 2254 1426 2291; x_wconf 90' lang='lat' dir='ltr'>nedicti,</span> <span class='ocrx_word' id='word_1_597' title='bbox 1445 2255 1520 2284; x_wconf 89' lang='lat' dir='ltr'>citet</span> <span class='ocrx_word' id='word_1_598' title='bbox 1537 2258 1577 2284; x_wconf 79' lang='lat' dir='ltr'>ut</span> <span class='ocrx_word' id='word_1_599' title='bbox 1596 2254 1681 2283; x_wconf 88' lang='lat' dir='ltr'>infra</span> <span class='ocrx_word' id='word_1_600' title='bbox 1695 2253 1809 2291; x_wconf 87' lang='lat' dir='ltr'>viginti</span> <span class='ocrx_word' id='word_1_601' title='bbox 1829 2251 1975 2291; x_wconf 89' lang='lat' dir='ltr'>quinque</span> <span class='ocrx_word' id='word_1_602' title='bbox 1997 2251 2065 2281; x_wconf 90' lang='lat' dir='ltr'>dies</span> <span class='ocrx_word' id='word_1_603' title='bbox 2088 2255 2156 2290; x_wconf 87' lang='lat' dir='ltr'>post</span> <span class='ocrx_word' id='word_1_604' title='bbox 2179 2251 2305 2282; x_wconf 85' lang='lat' dir='ltr'>citatio-</span> 
     </span>
     <span class='ocr_line' id='line_1_82' title="bbox 1294 2303 2306 2345; baseline -0.004 -8"><span class='ocrx_word' id='word_1_605' title='bbox 1294 2317 1369 2338; x_wconf 88' lang='lat' dir='ltr'>nem</span> <span class='ocrx_word' id='word_1_606' title='bbox 1394 2315 1500 2337; x_wconf 89' lang='lat' dir='ltr'>coram</span> <span class='ocrx_word' id='word_1_607' title='bbox 1526 2307 1599 2337; x_wconf 81' lang='lat' dir='ltr'>sede</span> <span class='ocrx_word' id='word_1_608' title='bbox 1619 2306 1788 2345; x_wconf 88' lang='lat' dir='ltr'>apostolica</span> <span class='ocrx_word' id='word_1_609' title='bbox 1806 2313 1840 2335; x_wconf 87' lang='lat' dir='ltr'>se</span> <span class='ocrx_word' id='word_1_610' title='bbox 1865 2308 2063 2343; x_wconf 79' lang='lat' dir='ltr'>praesentet,</span> <span class='ocrx_word' id='word_1_611' title='bbox 2082 2312 2138 2343; x_wconf 86' lang='lat' dir='ltr'>pro</span> <span class='ocrx_word' id='word_1_612' title='bbox 2161 2312 2198 2334; x_wconf 88' lang='lat' dir='ltr'>eo</span> <span class='ocrx_word' id='word_1_613' title='bbox 2219 2303 2306 2344; x_wconf 88' lang='lat' dir='ltr'>quod</span> 
     </span>
     <span class='ocr_line' id='line_1_83' title="bbox 1293 2357 2305 2399; baseline -0.004 -8"><span class='ocrx_word' id='word_1_614' title='bbox 1293 2370 1359 2391; x_wconf 91' lang='lat' dir='ltr'>non</span> <span class='ocrx_word' id='word_1_615' title='bbox 1375 2361 1482 2391; x_wconf 86' lang='lat' dir='ltr'>citavit</span> <span class='ocrx_word' id='word_1_616' title='bbox 1498 2361 1565 2399; x_wconf 87' lang='lat' dir='ltr'>ipse</span> <span class='ocrx_word' id='word_1_617' title='bbox 1582 2359 1767 2390; x_wconf 86' lang='lat' dir='ltr'>Mathaeum</span> <span class='ocrx_word' id='word_1_618' title='bbox 1782 2358 1902 2388; x_wconf 89' lang='lat' dir='ltr'>dictum</span> <span class='ocrx_word' id='word_1_619' title='bbox 1920 2357 2085 2394; x_wconf 88' lang='lat' dir='ltr'>Veneriis,</span> <span class='ocrx_word' id='word_1_620' title='bbox 2110 2357 2305 2388; x_wconf 89' lang='lat' dir='ltr'>canonicum</span> 
     </span>
     <span class='ocr_line' id='line_1_84' title="bbox 1293 2409 2305 2451; baseline -0.005 -6"><span class='ocrx_word' id='word_1_621' title='bbox 1293 2414 1480 2445; x_wconf 88' lang='lat' dir='ltr'>Cretensem</span> <span class='ocrx_word' id='word_1_622' title='bbox 1492 2437 1501 2451; x_wconf 96' lang='lat'>,</span> <span class='ocrx_word' id='word_1_623' title='bbox 1524 2413 1701 2444; x_wconf 90' lang='lat' dir='ltr'>secundum</span> <span class='ocrx_word' id='word_1_624' title='bbox 1720 2412 1871 2442; x_wconf 85' lang='lat' dir='ltr'>mandata</span> <span class='ocrx_word' id='word_1_625' title='bbox 1886 2412 1920 2441; x_wconf 92' lang='lat' dir='ltr'>in</span> <span class='ocrx_word' id='word_1_626' title='bbox 1939 2411 2054 2441; x_wconf 87' lang='lat' dir='ltr'>litteris</span> <span class='ocrx_word' id='word_1_627' title='bbox 2075 2409 2254 2450; x_wconf 86' lang='lat' dir='ltr'>apostolicis</span> <span class='ocrx_word' id='word_1_628' title='bbox 2274 2411 2305 2440; x_wconf 88' lang='lat' dir='ltr'>ei</span> 
     </span>
     <span class='ocr_line' id='line_1_85' title="bbox 1292 2463 2304 2507; baseline -0.004 -9"><span class='ocrx_word' id='word_1_629' title='bbox 1292 2469 1420 2498; x_wconf 87' lang='lat' dir='ltr'>directis</span> <span class='ocrx_word' id='word_1_630' title='bbox 1440 2476 1599 2507; x_wconf 84' lang='lat' dir='ltr'>expressa.</span> <span class='ocrx_word' id='word_1_631' title='bbox 1624 2466 1750 2497; x_wconf 89' lang='lat' dir='ltr'>Deinde</span> <span class='ocrx_word' id='word_1_632' title='bbox 1771 2465 1838 2504; x_wconf 87' lang='lat' dir='ltr'>ipse</span> <span class='ocrx_word' id='word_1_633' title='bbox 1863 2465 1948 2504; x_wconf 87' lang='lat' dir='ltr'>prior</span> <span class='ocrx_word' id='word_1_634' title='bbox 1969 2464 2104 2495; x_wconf 87' lang='lat' dir='ltr'>Sanctae</span> <span class='ocrx_word' id='word_1_635' title='bbox 2122 2463 2242 2495; x_wconf 77' lang='lat' dir='ltr'>Susfiae</span> <span class='ocrx_word' id='word_1_636' title='bbox 2263 2463 2304 2494; x_wconf 84' lang='lat' dir='ltr'>de</span> 
     </span>
     <span class='ocr_line' id='line_1_86' title="bbox 1293 2516 2304 2560; baseline -0.005 -9"><span class='ocrx_word' id='word_1_637' title='bbox 1293 2522 1400 2560; x_wconf 88' lang='lat' dir='ltr'>Burgo</span> <span class='ocrx_word' id='word_1_638' title='bbox 1419 2521 1595 2560; x_wconf 82' lang='lat' dir='ltr'>praefatum</span> <span class='ocrx_word' id='word_1_639' title='bbox 1611 2519 1808 2556; x_wconf 86' lang='lat' dir='ltr'>Mathaeum,</span> <span class='ocrx_word' id='word_1_640' title='bbox 1825 2517 2002 2548; x_wconf 87' lang='lat' dir='ltr'>secundum</span> <span class='ocrx_word' id='word_1_641' title='bbox 2019 2517 2163 2556; x_wconf 90' lang='lat' dir='ltr'>ipsarum</span> <span class='ocrx_word' id='word_1_642' title='bbox 2179 2516 2304 2547; x_wconf 84' lang='lat' dir='ltr'>littera-</span> 
     </span>
     <span class='ocr_line' id='line_1_87' title="bbox 1291 2574 1825 2611; baseline -0.007 -6"><span class='ocrx_word' id='word_1_643' title='bbox 1291 2583 1363 2605; x_wconf 91' lang='lat' dir='ltr'>rum</span> <span class='ocrx_word' id='word_1_644' title='bbox 1380 2574 1515 2604; x_wconf 80' lang='lat' dir='ltr'>formam</span> <span class='ocrx_word' id='word_1_645' title='bbox 1530 2598 1536 2611; x_wconf 84' lang='lat'>,</span> <span class='ocrx_word' id='word_1_646' title='bbox 1555 2574 1653 2603; x_wconf 86' lang='lat' dir='ltr'>citare</span> <span class='ocrx_word' id='word_1_647' title='bbox 1668 2576 1825 2611; x_wconf 90' lang='lat' dir='ltr'>procuret.</span> 
     </span>
    </p>

    <p class='ocr_par' dir='ltr' id='par_1_10' title="bbox 1332 2619 2300 2663">
     <span class='ocr_line' id='line_1_88' title="bbox 1332 2619 2300 2663; baseline -0.002 -8"><span class='ocrx_word' id='word_1_648' title='bbox 1332 2640 1345 2655; x_wconf 83' lang='grc'><em>«</em></span> <span class='ocrx_word' id='word_1_649' title='bbox 1369 2628 1406 2658; x_wconf 89' lang='lat' dir='ltr'>Et</span> <span class='ocrx_word' id='word_1_650' title='bbox 1431 2627 1458 2657; x_wconf 90' lang='lat' dir='ltr'>si</span> <span class='ocrx_word' id='word_1_651' title='bbox 1485 2619 1728 2657; x_wconf 80' lang='lat' dir='ltr'>ecclesiarum...</span> <span class='ocrx_word' id='word_1_652' title='bbox 1750 2642 1789 2647; x_wconf 89' lang='lat'>——</span> <span class='ocrx_word' id='word_1_653' title='bbox 1817 2625 1888 2655; x_wconf 88' lang='lat' dir='ltr'>Dat.</span> <span class='ocrx_word' id='word_1_654' title='bbox 1907 2625 2024 2662; x_wconf 80' lang='lat' dir='ltr'>Rome,</span> <span class='ocrx_word' id='word_1_655' title='bbox 2043 2623 2128 2663; x_wconf 85' lang='lat' dir='ltr'>apud</span> <span class='ocrx_word' id='word_1_656' title='bbox 2143 2622 2300 2654; x_wconf 86' lang='lat' dir='ltr'>Sanctum</span> 
     </span>
    </p>
   </div>
   <div class='ocr_carea' id='block_1_10' title="bbox 1292 2679 1925 2718">
    <p class='ocr_par' dir='ltr' id='par_1_11' title="bbox 1292 2679 1925 2718">
     <span class='ocr_line' id='line_1_89' title="bbox 1292 2679 1925 2718; baseline -0.006 -7"><span class='ocrx_word' id='word_1_657' title='bbox 1292 2681 1442 2718; x_wconf 86' lang='lat' dir='ltr'>Petrum,</span> <span class='ocrx_word' id='word_1_658' title='bbox 1460 2680 1554 2710; x_wconf 89' lang='lat' dir='ltr'>nonis</span> <span class='ocrx_word' id='word_1_659' title='bbox 1569 2679 1658 2716; x_wconf 64' lang='lat' dir='ltr'>maii,</span> <span class='ocrx_word' id='word_1_660' title='bbox 1679 2687 1766 2709; x_wconf 89' lang='lat' dir='ltr'>anno</span> <span class='ocrx_word' id='word_1_661' title='bbox 1780 2679 1894 2717; x_wconf 88' lang='lat' dir='ltr'>primo.</span> <span class='ocrx_word' id='word_1_662' title='bbox 1912 2690 1925 2705; x_wconf 82' lang='lat'><strong>»</strong></span> 
     </span>
    </p>
   </div>
   <div class='ocr_carea' id='block_1_11' title="bbox 1361 2808 2228 2844">
    <p class='ocr_par' dir='ltr' id='par_1_12' title="bbox 1361 2808 2228 2844">
     <span class='ocr_line' id='line_1_90' title="bbox 1361 2808 2228 2844; baseline -0.009 -2"><span class='ocrx_word' id='word_1_663' title='bbox 1361 2813 1493 2842; x_wconf 71' lang='lat'>85-92</span> <span class='ocrx_word' id='word_1_664' title='bbox 1784 2810 1995 2844; x_wconf 85' lang='lat' dir='ltr'>Saint-Pierre,</span> <span class='ocrx_word' id='word_1_665' title='bbox 2013 2809 2046 2837; x_wconf 90' lang='grc'>30</span> <span class='ocrx_word' id='word_1_666' title='bbox 2061 2809 2132 2835; x_wconf 81' lang='lat' dir='ltr'>avril</span> <span class='ocrx_word' id='word_1_667' title='bbox 2150 2808 2228 2836; x_wconf 70' lang='lat'>1288.</span> 
     </span>
    </p>
   </div>
   <div class='ocr_carea' id='block_1_12' title="bbox 1288 2871 2300 2959">
    <p class='ocr_par' dir='ltr' id='par_1_13' title="bbox 1288 2871 2300 2959">
     <span class='ocr_line' id='line_1_91' title="bbox 1324 2871 2300 2911; baseline -0.007 -7"><span class='ocrx_word' id='word_1_668' title='bbox 1324 2877 1443 2904; x_wconf 89' lang='lat' dir='ltr'>Nicolao</span> <span class='ocrx_word' id='word_1_669' title='bbox 1473 2876 1649 2911; x_wconf 83' lang='lat' dir='ltr'>patriarchae</span> <span class='ocrx_word' id='word_1_670' title='bbox 1683 2875 1700 2902; x_wconf 83' lang='lat' dir='ltr'>J</span> <span class='ocrx_word' id='word_1_671' title='bbox 1704 2875 1918 2902; x_wconf 84' lang='lat' dir='ltr'>erosolimitano</span> <span class='ocrx_word' id='word_1_672' title='bbox 1952 2872 2141 2900; x_wconf 85' lang='lat' dir='ltr'>committitur</span> <span class='ocrx_word' id='word_1_673' title='bbox 2176 2871 2300 2899; x_wconf 79' lang='lat' dir='ltr'>ecclesia</span> 
     </span>
     <span class='ocr_line' id='line_1_92' title="bbox 1288 2919 2209 2959; baseline -0.005 -7"><span class='ocrx_word' id='word_1_674' title='bbox 1288 2926 1471 2953; x_wconf 86' lang='lat' dir='ltr'>Acconensis</span> <span class='ocrx_word' id='word_1_675' title='bbox 1492 2924 1580 2958; x_wconf 71' lang='lat' dir='ltr'>(Rae.</span> <span class='ocrx_word' id='word_1_676' title='bbox 1599 2925 1642 2957; x_wconf 88' lang='lat'>44,</span> <span class='ocrx_word' id='word_1_677' title='bbox 1659 2933 1684 2951; x_wconf 93' lang='lat' dir='ltr'>c.</span> <span class='ocrx_word' id='word_1_678' title='bbox 1703 2924 1746 2959; x_wconf 87' lang='lat'>49,</span> <span class='ocrx_word' id='word_1_679' title='bbox 1764 2925 1783 2951; x_wconf 86' lang='lat' dir='ltr'>t&#39;.</span> <span class='ocrx_word' id='word_1_680' title='bbox 1803 2924 1834 2951; x_wconf 87' lang='grc'><strong>13</strong></span> <span class='ocrx_word' id='word_1_681' title='bbox 1850 2929 1891 2956; x_wconf 83' lang='lat' dir='ltr'>r⁰;</span> <span class='ocrx_word' id='word_1_682' title='bbox 1910 2922 2026 2953; x_wconf 62' lang='lat' dir='ltr'>Pomm„</span> <span class='ocrx_word' id='word_1_683' title='bbox 2044 2920 2144 2954; x_wconf 71' lang='lat'><strong>22693)</strong></span> <span class='ocrx_word' id='word_1_684' title='bbox 2161 2919 2209 2954; x_wconf 89' lang='grc'><strong>(1).</strong></span> 
     </span>
    </p>
   </div>
   <div class='ocr_carea' id='block_1_13' title="bbox 1319 3019 2299 3057">
    <p class='ocr_par' dir='ltr' id='par_1_14' title="bbox 1319 3019 2299 3057">
     <span class='ocr_line' id='line_1_93' title="bbox 1319 3019 2299 3057; baseline -0.007 -7"><span class='ocrx_word' id='word_1_685' title='bbox 1319 3025 1352 3057; x_wconf 89' lang='grc'><strong>(1)</strong></span> <span class='ocrx_word' id='word_1_686' title='bbox 1377 3025 1510 3054; x_wconf 85' lang='lat' dir='ltr'>Potthast‚</span> <span class='ocrx_word' id='word_1_687' title='bbox 1535 3032 1567 3049; x_wconf 86' lang='lat' dir='ltr'>ne</span> <span class='ocrx_word' id='word_1_688' title='bbox 1589 3025 1681 3050; x_wconf 76' lang='lat' dir='ltr'>s&#39;etant</span> <span class='ocrx_word' id='word_1_689' title='bbox 1706 3032 1753 3056; x_wconf 83' lang='lat' dir='ltr'>pas</span> <span class='ocrx_word' id='word_1_690' title='bbox 1771 3031 1866 3057; x_wconf 74' lang='lat' dir='ltr'>apercu</span> <span class='ocrx_word' id='word_1_691' title='bbox 1889 3030 1939 3055; x_wconf 87' lang='lat' dir='ltr'>que</span> <span class='ocrx_word' id='word_1_692' title='bbox 1960 3022 2090 3053; x_wconf 80' lang='lat' dir='ltr'>Raynaldi</span> <span class='ocrx_word' id='word_1_693' title='bbox 2107 3028 2140 3046; x_wconf 90' lang='lat' dir='ltr'>ne</span> <span class='ocrx_word' id='word_1_694' title='bbox 2155 3021 2206 3046; x_wconf 81' lang='lat' dir='ltr'>cite</span> <span class='ocrx_word' id='word_1_695' title='bbox 2219 3019 2299 3051; x_wconf 84' lang='lat' dir='ltr'>qu&#39;un</span> 
     </span>
    </p>
   </div>
   <div class='ocr_carea' id='block_1_14' title="bbox 2399 0 2477 3637">
    <p class='ocr_par' dir='ltr' id='par_1_15' title="bbox 2399 0 2477 3637">
     <span class='ocr_line' id='line_1_94' title="bbox 2399 0 2477 3637; baseline 0 0"><span class='ocrx_word' id='word_1_696' title='bbox 2399 0 2477 3637; x_wconf 95' lang='lat' dir='ltr'> </span> 
     </span>
    </p>
   </div>
  </div>
 </body>
</html>
