2477 3637
304 415 357 446 136
579 428 590 442 ·.
1047 406 1280 436 REGISTRES
1303 406 1357 435 DE
1381 403 1563 434 NICOLAS
1586 402 1641 432 IV.

300 480 446 511 Iohannis
467 480 582 508 Jndiris
602 478 635 506 sle
653 476 814 512 Clausum,
836 475 910 503 rit-is
928 474 1072 509 Romani,
1095 471 1240 510 indulget
1258 476 1302 508 ut,

301 541 486 574 quanquam
502 532 619 569 absque
639 537 736 559 manu
755 528 882 558 dextera
905 530 995 556 uatus
1015 525 1070 563 sit,
1091 530 1208 560 tamen,
1228 525 1303 564 quia

301 588 356 618 diu
380 586 529 615 insistens
545 583 649 613 studio
670 581 847 611 litterarum
869 579 902 609 in
922 578 1214 617 grammaticalibus
1235 581 1303 608 stu-

301 641 361 670 diis
379 639 524 678 profecit,
544 641 705 667 tonsuram
721 633 899 663 clericalem
916 632 1059 662 obtinere
1071 632 1178 670 possit.

343 706 355 719 ιι
375 690 524 729 Exemplo
539 689 641 719 eterni
656 688 774 726 regis...
791 703 831 709 —
848 687 918 716 Dat.
938 687 1037 716 Rome
1053 685 1135 724 apud
1154 684 1303 715 Sanctam

302 746 435 776 Mariam
457 744 626 782 Maiorem.
646 741 737 771 nonis
754 741 856 770 martii
873 763 879 776 ,
897 748 982 769 anno
998 739 1146 769 secundo.
1169 751 1182 765 n

369 910 455 939 863

334 973 464 1004 Ebolum,
482 971 627 1004 Casaedoi,
649 970 836 1003 Bernardum,
850 968 1098 995 Brantholmcnsis
1115 965 1304 993 monasterio-

299 1031 361 1050 rum
378 1022 509 1051 abbatos,
526 1024 554 1047 et
568 1020 722 1047 Geraldum
738 1019 772 1045 de
790 1017 960 1044 Malomontc
972 1038 978 1048 ,
1000 1020 1145 1043 cantorem
1166 1014 1305 1041 ecclesiae

299 1071 502 1101 Bituriccnsis,
525 1078 538 1096 a
558 1069 700 1104 personali
721 1068 854 1095 citatione
869 1066 1002 1094 absolvit.
1027 1065 1110 1098 (Res.
1137 1064 1186 1094 44,
1211 1072 1235 1089 c.
1259 1062 1302 1095 13,

299 1122 318 1148 s-
339 1120 386 1147 109
398 1122 446 1152 ro.)

635 906 995 941 Sainte-Marie-Majeure,
1016 906 1044 932 15
1062 912 1138 931 mars
1157 904 1232 931 1289.

339 1223 454 1252 Dilectis
465 1221 539 1258 filiis
550 1221 652 1256 Ebolo,
668 1220 803 1255 Casadei,
819 1217 1088 1250 claromontensis,
1099 1213 1302 1249 etBernardo,

299 1275 581 1309 ammaon-nensis,
615 1272 865 1309 Petraqoriceusis
887 1271 1021 1305 diocesis,
1051 1268 1305 1297 monasteriorum

300 1329 467 1365 abbatibus,
485 1328 602 1356 ordinis
618 1327 647 1356 S.
666 1325 825 1360 Benedicti,
843 1333 877 1353 ac
895 1324 1038 1361 magistro
1056 1321 1181 1351 Geralclo
1198 1320 1231 1349 (Ie
1248 1320 1307 1348 Ma-

302 1383 448 1417 lonzonte‚
466 1381 582 1410 cantoris
598 1380 713 1408 ecclesie
730 1378 940 1407 Bitia-irensis.
959 1387 973 1402 ι(
992 1375 1106 1404 Petitio
1124 1377 1226 1403 vestra
1252 1380 1306 1402 no-

301 1435 348 1465 bis
367 1433 507 1464 exhibita
531 1432 712 1463 continebat
736 1430 821 1470 qnod
841 1429 917 1460 olim
940 1428 1018 1458 falsa
1039 1427 1098 1456 fnit.
1121 1426 1212 1456 nobis
1229 1425 1304 1454 insi-

303 1488 454 1518 nuatione
471 1489 654 1524 suggestum
674 1484 776 1523 quod,
793 1492 865 1513 cum
887 1486 936 1521 tu,
958 1481 1003 1510 fili
1021 1479 1204 1516 Ber-narde,
1224 1478 1307 1508 bona

304 1540 487 1571 monasterii
518 1536 816 1572 Brantholmensis,
834 1534 1026 1565 venerabilis
1051 1533 1156 1563 fratris
1180 1531 1305 1562 nostri..

304 1593 572 1632 Petragoricensis
591 1591 740 1631 episcopi,
760 1595 793 1620 ut
808 1590 982 1626 dicebatur,
1000 1586 1220 1627 jurisdictioni
1236 1585 1305 1615 sub·

301 1649 377 1688 jecti
392 1672 398 1685 ,
416 1646 606 1685 dilapidares
622 1650 652 1675 et
668 1644 840 1675 enormiter
857 1651 1072 1678 consumeres,
1088 1650 1123 1670 ac
1139 1639 1308 1669 dimidiam

305 1707 424 1741 partem
440 1700 534 1730 castri
552 1699 590 1729 de
607 1697 743 1729 Bardela
758 1701 787 1728 et
806 1695 1074 1736 pertinentiarum
1091 1694 1203 1732 ipsius,
1216 1692 1308 1731 cujus

304 1755 447 1785 redditus
464 1758 492 1783 et
509 1757 678 1792 proventus
694 1751 734 1780 ad
749 1759 923 1789 congruam
940 1747 1205 1779 sustentationem
1222 1745 1308 1776 suffi-

306 1808 431 1839 ciebant
446 1807 542 1837 totins
557 1809 732 1836 conventus
749 1804 933 1834 monasterii
953 1802 1119 1832 memorati
1133 1825 1138 1837 ,
1155 1800 1309 1838 magistro

306 1861 441 1893 Geralde
456 1861 494 1890 de
511 1860 714 1895 Malomonte,
733 1858 858 1894 clerico⁷
874 1857 963 1901 fratri
982 1861 1045 1892 tuo,
1058 1854 1242 1885 consiliario
1258 1862 1308 1883 ca-

306 1916 426 1945 rissimi
441 1915 473 1944 iu
493 1913 618 1943 Christo
636 1912 695 1942 filii
711 1912 809 1942 nostri
828 1899 910 1949 regis
926 1910 1059 1940 Francie
1073 1909 1206 1938 illustris
1218 1931 1226 1945 ‚
1244 1907 1307 1936 mi-

306 1979 367 2000 nus
383 1969 487 2004 licite,
503 1967 574 1997 sine
591 1966 706 2006 prioris
724 1970 754 1995 et
777 1968 952 1995 conventus
972 1962 1157 1993 monasterii
1175 1960 1309 2000 predicti

307 2031 479 2058 consensu,
501 2020 725 2056 concessisses,
746 2022 776 2048 et
800 2018 902 2048 dictus
926 2017 1107 2056 episcopus,
1129 2015 1168 2045 ad
1184 2015 1309 2044 denun-

308 2076 472 2106 tiationem
500 2074 612 2113 prioris
637 2077 667 2103 et
689 2076 865 2102 conventus
897 2071 1058 2110 ipsorum,
1090 2073 1139 2106 te,
1172 2068 1310 2107 predict-e

307 2128 485 2165 Bernarde,
504 2131 629 2167 propter
644 2126 703 2156 hoc
719 2125 839 2156 faciens
861 2124 902 2154 ad
921 2132 1011 2153 suam
1030 2123 1223 2162 presentiam
1241 2129 1310 2151 evo-

307 2183 385 2220 cari,
403 2187 430 2212 te
448 2181 610 2212 caritative
634 2180 810 2209 monuisset
825 2177 1106 2208 utconcessionem
1123 2174 1310 2214 hujusmodi

306 2244 487 2272 revocares;
507 2235 581 2273 quia
604 2238 656 2269 tu,
678 2236 770 2272 prout
788 2231 951 2267 asseritur,
973 2230 1006 2259 id
1022 2229 1148 2259 efficere
1170 2237 1234 2258 non
1252 2236 1309 2257 cu-

307 2291 402 2324 rasti,
422 2289 604 2319 nomiuatus
621 2287 800 2325 episcopuS,
820 2285 888 2321 cui,
907 2289 942 2314 ut
962 2283 1170 2318 asserebatur,
1188 2280 1309 2320 delapi-

307 2344 433 2374 datioue
452 2340 636 2380 hujusmodi
651 2349 706 2379 per
727 2344 769 2377 te,
789 2338 926 2378 predicte
942 2336 1122 2372 Bernarde,
1139 2336 1218 2365 facta
1233 2343 1310 2364 con-

307 2397 388 2427 stitit
424 2395 590 2425 manifeste
606 2418 612 2429 ,
654 2398 682 2423 te
714 2402 731 2422 a
766 2390 981 2430 spiritualium
1020 2394 1050 2419 et
1085 2387 1310 2427 temporalium

307 2449 584 2482 administratione
599 2446 808 2486 suspendens,
825 2442 1108 2482 decrevitpredicti
1122 2440 1310 2471 monasterii

306 2503 481 2534 monachos
498 2499 681 2541 hujusmodi
701 2499 909 2538 suspensione
927 2496 1062 2526 durante
1079 2495 1118 2525 ad
1138 2500 1223 2525 tuam
1241 2495 1311 2524 obe-

307 2557 461 2588 dientiam
478 2564 543 2585 non
561 2554 679 2589 teneri,
703 2557 733 2583 et
749 2551 834 2591 quod
855 2556 903 2585 te,
927 2558 982 2589 pro
1004 2557 1040 2579 eo
1056 2547 1155 2588 quod,
1175 2547 1310 2577 eandem

307 2610 550 2650 suspensionem
573 2606 788 2646 vilipendens,
813 2604 923 2635 divina
945 2603 1051 2633 officia
1073 2601 1269 2637 celebraras,
1293 2608 1311 2629 a

308 2663 493 2694 monasterii
510 2660 675 2691 memorati
693 2659 782 2689 duxit
802 2657 959 2696 regimine
981 2654 1215 2690 amovendum,
1239 2653 1310 2682 data

307 2717 437 2747 licentia
461 2715 631 2746 conventui
656 2712 787 2752 sepefati
808 2710 993 2742 monasterii
1015 2708 1153 2746 eligendi
1169 2707 1230 2737 sibi
1245 2715 1310 2746 per-

309 2778 419 2800 sonam
436 2769 595 2808 ydoneam
608 2768 642 2797 iu
658 2767 820 2803 abbatem,
839 2769 868 2794 et
884 2764 967 2803 quod
983 2762 1115 2802 predicti
1133 2763 1310 2792 conventus

309 2823 447 2861 Helvam
460 2821 497 2851 de
514 2820 642 2860 Fayola,
658 2824 733 2850 tunc
744 2818 886 2857 ejusdem
901 2815 1087 2848 monasterii
1105 2814 1309 2850 monachum,

309 2876 343 2906 in
370 2875 515 2905 abbatem
541 2875 639 2913 ipsius
666 2872 853 2903 monasterii
880 2871 1033 2901 canonice
1058 2874 1088 2899 et
1113 2867 1311 2899 concorditer

311 2929 490 2967 elegerunt,
516 2928 681 2966 dictusque
711 2927 876 2966 episcopus
905 2924 1092 2954 electionem
1125 2920 1310 2960 hujusmodi

310 2981 492 3012 auctoritate
509 2980 672 3009 ordinaria
696 2978 915 3014 confirmavit,
939 2977 1088 3016 qnodque
1110 2981 1157 3011 tu,
1178 2974 1224 3004 fili
1249 2973 1309 3004 Ge-

310 3035 413 3071 ralde,
433 3033 598 3063 attendens
613 3033 697 3071 quod
712 3033 795 3062 inter
810 3031 947 3061 eundem
964 3031 1146 3069 episcopum
1163 3032 1192 3058 et
1209 3031 1247 3064 te,
1264 3027 1311 3056 fili

311 3088 418 3124 Ebole,
438 3096 532 3126 super
547 3095 582 3116 eo
597 3086 679 3125 qnod
696 3086 923 3125 subjectionem
939 3085 972 3114 in
991 3083 1100 3114 eodem
1117 3081 1311 3112 monasterio

1387 468 1647 500 Brantbolmensi
1667 472 1694 497 tc
1712 466 1827 496 habere
1843 465 2019 499 contendis,
2047 464 2171 503 questio
2195 464 2383 503 vertebatur,

1385 523 1495 562 prefati
1513 522 1596 560 regis
1611 520 1733 550 litteras
1747 544 1753 553 ,
1772 524 1806 548 nt
1823 519 2036 557 provisionem
2052 518 2091 548 de
2107 518 2190 547 dicto
2208 516 2310 556 Helya
2324 517 2386 548 fao·

1387 581 1450 606 tam
1466 575 1649 614 impedires,
1668 578 1730 610 tuo,
1747 572 1876 611 predicti
1893 572 2015 602 abbatis
2026 571 2170 607 Casadei,
2189 570 2330 605 nomine,
2347 570 2385 602 ad
2419 582 2421 586 ⁴

1386 628 1597 659 senescallum
1621 626 1914 664 Petragoricensem
1938 625 2062 662 regium
2085 623 2252 654 obtinuisti
2277 623 2335 653 sub
2352 631 2394 654 ea>
2416 640 2424 648 «ι

1387 683 1488 713 forma
1511 682 1631 712 litteras
1655 680 1823 716 destinari,
1853 682 1886 708 ut
1913 687 1967 717 per
1992 687 2024 708 se
2045 677 2094 707 vel
2118 677 2218 708 alium
2239 681 2293 706 aut
2311 676 2412 709 alios„

1387 736 1505 766 dictum
1517 735 1662 765 abbatem
1676 733 1808 763 Casadei
1825 733 1859 761 iu
1874 732 2012 771 J'uribus,
2030 731 2124 761 rebus
2140 735 2170 761 et
2188 731 2389 770 ροεεθεείοιῗζ
2417 733 2418 737 ’

1388 789 1445 819 bns
1461 789 1527 818 suis
1545 797 1562 818 a
1576 787 1831 827 quibuscumque
1847 784 2102 815 molestatoribus
2119 788 2149 814 et
2165 783 2313 814 violentis
2328 787 2359 815 tu
2383 793 2390 799 ⁴

1388 842 1549 872 batoribns
1561 845 1713 877 tueretur,
1727 839 1876 878 quodque
1894 838 2051 877 predictus
2063 836 2258 867 senescallus
2271 835 2379 872 Johanj

1390 900 1497 925 netum
1517 895 1554 924 de
1571 894 1728 929 Parisins,
1746 893 1938 923 servientem
1960 900 2071 928 suum,
2092 892 2181 929 juxta
2204 890 2391 930 petitione

1389 953 1486 982 tuam,
1505 947 1638 978 Geralde
1652 947 1803 987 predicte,
1817 946 1856 975 ad
1868 945 2053 984 exequenda
2069 954 2106 974 ea
2121 944 2227 983 quein
2245 943 2349 983 predic
2358 953 2389 970 πυ

1387 1001 1632 1032 continebantur
1644 1001 1769 1037 litteris,
1778 1000 1950 1039 deputavit,
1962 1003 1991 1029 et
2003 998 2086 1038 qnod
2098 998 2183 1028 idem
2191 997 2392 1028 Johannetu-

1389 1064 1453 1084 nna
1470 1055 1643 1089 vobiscum,
1661 1054 1789 1084 abbates
1803 1059 1832 1084 et
1846 1053 1997 1091 magister
2012 1051 2148 1082 Geralde
2161 1050 2308 1090 predicti,
2329 1063 2335 1077 ι

1388 1116 1450 1138 non
1486 1111 1515 1137 et
1544 1117 1660 1146 magna
1690 1107 1895 1137 multitudine
1922 1110 2116 1135 armatorum
2130 1127 2138 1141 ,
2169 1103 2209 1134 ad
2237 1103 2394 1145 profatu}

1388 1161 1617 1190 monasterium
1639 1160 1906 1190 Brantholmense
1932 1159 2085 1189 accedens
2101 1182 2108 1195 ,
2135 1157 2397 1198 prenominatum

1390 1213 1546 1252 Helyam,
1575 1214 1652 1244 duni
1674 1215 1706 1243 in
1734 1213 1865 1243 ecclesia
1890 1213 1990 1252 ipsius
2014 1211 2203 1242 monasterii
2223 1207 2395 1242 Branthol'

1388 1267 1524 1303 mensis,
1541 1267 1640 1297 sacris
1658 1267 1790 1297 indutus
1811 1267 1967 1303 vestibus,
1987 1274 2082 1305 super
2099 1264 2196 1295 altare
2222 1264 2392 1295 missarum

1388 1319 1578 1358 sollempnia
1597 1320 1778 1350 intenderet
1800 1320 1975 1356 celebrare,
1999 1318 2153 1349 violenter
2177 1318 2325 1357 capiens,
2348 1317 2395 1348 ii.

1389 1382 1460 1403 sum
1477 1373 1621 1403 vinctum
1638 1374 1737 1411 vobis,
1755 1374 1859 1404 abbati
1883 1373 2015 1403 Casadei
2037 1377 2067 1402 et
2087 1371 2240 1410 magistro
2259 1369 2395 1403 Gerald

1389 1427 1552 1466 predictis,
1575 1436 1629 1457 seu
1646 1427 1718 1457 aliis
1735 1427 1774 1457 de
1792 1427 1941 1457 mandato
1964 1431 2068 1457 vestro
2091 1425 2234 1463 tradidit,
2255 1447 2274 1455 ..
2291 1424 2361 1464 prio
2384 1438 2393 1459 :,

1391 1484 1421 1510 et
1445 1485 1603 1510 conventu
1629 1480 1704 1510 dicti
1727 1481 1912 1511 monasterii
1940 1479 2219 1510 Brantholmensis
2241 1487 2296 1518 per
2318 1485 2394 1512 vos.

1390 1533 1518 1563 abbates
1535 1537 1565 1563 et
1582 1533 1801 1564 Johannetum
1819 1534 1953 1572 prefatos
1967 1557 1974 1570 ‚
1992 1533 2030 1563 dc
2045 1532 2240 1563 monasterio
2255 1533 2325 1571 ipso
2344 1531 2359 1562 f
2391 1540 2393 1542 ·

1390 1586 1487 1624 gatis,
1508 1586 1657 1625 quodque
1678 1595 1752 1624 vos,
1777 1587 1872 1617 abbas
1892 1586 2023 1616 Casedei
2043 1590 2073 1616 et
2089 1585 2246 1616 Geraldus
2263 1583 2375 1625 prefati
2394 1609 2395 1612 ι

1391 1639 1529 1668 eundem
1558 1639 1696 1678 Helyam
1728 1643 1757 1669 et
1784 1639 1945 1679 quendam
1976 1639 2052 1669 dicti
2075 1638 2262 1669 monasterii
2288 1626 2389 1674 mon,

1391 1693 1500 1729 chum,
1520 1694 1576 1732 qui
1590 1699 1699 1733 captus
1720 1694 1821 1723 extitit
1842 1702 1915 1723 cum
1934 1693 2063 1730 eodem,
2080 1693 2119 1723 de
2134 1692 2274 1732 predicto
2292 1692 2378 1723 Bran

1393 1746 1565 1776 tholmensi
1577 1747 1770 1777 monasterio
1783 1747 1964 1784 educentes,
1982 1747 2066 1786 ipsos
2082 1746 2219 1777 detineri
2235 1745 2398 1777 faciebat·÷·e
2448 1750 2450 1755 ’

1391 1801 1424 1830 in
1448 1801 1585 1839 quodam
1611 1805 1712 1831 castro
1738 1805 1790 1830 tuo
1805 1824 1812 1836 ,
1842 1800 1981 1840 predicte
2007 1800 2159 1838 magister
2183 1799 2338 1837 Geralde,
2361 1799 2387 1830 i

1391 1854 1598 1893 compedibus
1614 1854 1683 1884 diro
1698 1854 1817 1884 carceri
1835 1855 2030 1893 mancipatos
2042 1877 2050 1891 ‚
2065 1857 2095 1883 et
2109 1853 2192 1893 quod
2211 1852 2359 1884 nichilon
2374 1885 2408 1890 ,,

1394 1917 1453 1937 nus
1474 1907 1611 1946 prefatus
1629 1907 1850 1944 ,IohannetuS,
1873 1911 2016 1946 pretextu
2040 1906 2197 1937 dictarum
2218 1904 2397 1937 litteraru=z³

1394 1960 1554 1998 regiarum
1568 1983 1575 1997 ,
1597 1964 1627 1990 et
1649 1965 1679 1990 tu
1702 1950 1819 1996 etiam,
1842 1960 1980 1999 predicte
2001 1960 2098 1990 abbas
2120 1959 2266 1998 Casedei,
2294 1955 2386 2000 pref}

1393 2017 1461 2044 tum
1490 2014 1717 2043 monasterium
1748 2013 2016 2044 Brautholmeuse
2043 2013 2182 2053 predicto
2210 2012 2398 2053 Bernardo,

1393 2076 1448 2106 pro
1465 2071 1566 2097 vestre
1584 2066 1756 2097 voluntatis
1772 2066 1875 2103 libito,
1892 2067 2090 2104 assignastis,
2112 2071 2219 2105 tuque,
2237 2066 2381 2097 Bernar·

1393 2120 1549 2160 predicte,
1569 2129 1680 2150 omnes
1701 2124 1731 2149 et
1751 2119 1895 2158 singulos
1918 2120 1994 2150 dicti
2017 2120 2202 2150 monasterii
2229 2111 2385 2152 Brantlfio
2418 2139 2420 2141 -
2441 2149 2444 2155 ,

1394 2175 1516 2205 mensis
1539 2174 1732 2212 monachos,
1756 2175 1811 2213 qui
1832 2174 1870 2204 de
1894 2174 2043 2204 mandato
2070 2173 2212 2214 ejusdem
2241 2173 2343 2214 Helye
2365 2167 2383 2180 “

1393 2228 1584 2268 prioratibus
1601 2232 1630 2257 et
1643 2227 1848 2266 preposituris
1861 2226 1999 2266 aliisque
2016 2227 2205 2258 obedientiis
2217 2227 2318 2267 ipsius
2333 2235 2391 2259 muz

1394 2281 1526 2312 nasterii
1544 2281 1721 2311 existebant
1735 2285 1843 2311 contra
1859 2285 1899 2317 te,
1916 2281 2017 2311 fecisti
2034 2290 2089 2320 per
2103 2281 2278 2312 servientes
2294 2288 2338 2311 re
2353 2279 2390 2318 ’.ἦ

1393 2334 1541 2374 spoliari,
1571 2343 1606 2364 ac
1633 2334 1788 2372 asportari
1812 2334 1927 2364 exinde
1954 2334 2036 2364 bona
2064 2334 2186 2364 ibidem
2212 2334 2346 2364 inventa
2374 2330 2395 2360 ι”

1393 2441 1531 2471 adventu
1546 2441 1724 2471 Johaiiiieti
1740 2441 1872 2479 predicti
1888 2440 1928 2470 ad
1944 2441 2176 2472 monasterium
2190 2441 2297 2480 ipsum
2312 2440 2362 2471 'i1'
2374 2453 2387 2465 ιι

1394 2494 1633 2534 permanebant,
1649 2502 1684 2524 eo
1702 2498 1844 2533 pretextu
1860 2494 1945 2533 quod
1960 2494 2060 2525 iidem
2075 2494 2227 2525 monachi
2241 2494 2318 2525 dicti
2339 2504 2390 2520 ιιι·Ἰν

1394 2548 1525 2578 nasterii
1539 2550 1642 2587 portas
1653 2547 1686 2577 in
1705 2548 1845 2578 adventu
1861 2547 2042 2579 clauserant
2057 2547 2250 2588 supradicto,
2267 2555 2309 2578 ne
2321 2545 2378 2578 iun

1393 2601 1477 2632 idem
1492 2601 1693 2632 Johannetus
1710 2610 1820 2632 eorum
1836 2602 2051 2633 introduceret
2066 2601 2231 2638 inimicam,
2250 2601 2323 2632 fecit
2350 2591 2389 2634 ¹23⁴*

1394 2654 1605 2686 senescallum
1625 2655 1804 2694 predictum
1823 2655 1857 2685 in
1876 2655 1964 2686 mille
1980 2655 2071 2686 libris
2089 2655 2312 2686 turonensium
2325 2646 2384 2685 ωζ,

1394 2709 1572 2747 dempnari,
1590 2709 1739 2748 quodque
1758 2713 1800 2747 tn,
1821 2709 1983 2740 Bernarde
1998 2709 2148 2748 predicte,
2169 2709 2213 2740 sic
2226 2715 2389 2748 suspensa

1393 2766 1424 2792 et
1439 2763 1619 2801 deposituS,
1638 2762 1746 2792 divina
1764 2763 1869 2793 officia
1892 2763 1926 2792 in
1950 2763 2060 2793 eodem
2079 2762 2271 2793 monasterio
2295 2761 2378 2796 Bran

1394 2815 1578 2852 tholmensi,
1594 2825 1648 2854 per
1660 2817 1728 2855 jam
1742 2816 1864 2847 dictum
1880 2817 2061 2856 episcopum
2077 2815 2260 2846 auctoritate
2274 2823 2321 2846 or·
2333 2813 2340 2820 “
2352 2826 2398 2842 vz«
2436 2814 2437 2817 ’

1394 2870 1457 2907 ria,
1488 2874 1522 2899 ut
1549 2869 1731 2907 dicebatur,
1760 2870 1929 2901 interdicto
1957 2869 2135 2909 supposito,
2166 2868 2342 2900 celebraras
2374 2880 2385 2893 :1

1394 2923 1530 2953 faciebas
1546 2932 1600 2961 per
1614 2922 1692 2953 alios
1704 2922 1869 2960 celebrari,
1885 2932 1920 2953 ac
1933 2923 2125 2953 habitatores
2141 2921 2217 2953 ville
2232 2920 2379 2954 erant&

1394 2976 1513 3005 mensis
1533 2985 1585 3015 per
1607 2977 1783 3015 captionem
1801 2977 1959 3007 bonorum
1980 2985 2111 3006 suornm
2133 2980 2162 3006 et
2182 2976 2278 3006 etiam
2293 2980 2382 3014 pei

1394 3037 1510 3058 narum
1523 3033 1557 3058 ut
1572 3029 1680 3058 divina
1694 3029 1799 3060 officia
1810 3029 1961 3060 audirent
1976 3033 2007 3060 et
2021 3029 2222 3068 perciperent
2240 3026 2358 3059 eccles*
2375 3063 2380 3067 .
2415 3047 2419 3052 -

1395 3081 1453 3112 tica
1478 3087 1675 3112 sacramenta
1699 3083 1860 3122 compelli.
1883 3083 1977 3114 Unde
2000 3091 2076 3120 nos,
2096 3083 2135 3113 ad
2160 3079 2393 3121 suggestione?

2391 3190 2406 3230 ,⁴
