2477 3637
245 376 301 406 51⁴
991 367 1227 400 REGISTRES
1249 367 1305 398 DE
1326 366 1511 398 NICOLAS
1533 366 1591 397 IV.

244 449 317 471 rum
332 439 472 470 dotalicii
489 437 655 473 Yolensae,
670 437 796 474 reginae
812 435 967 466 Castellae
983 439 1011 465 et
1028 434 1191 473 Legionis,
1209 433 1249 464 ad

245 494 355 525 eadem
372 491 566 522 restituenda
581 494 718 520 moneat.

287 558 300 573 α
322 545 438 575 Meruit
454 544 577 573 sincera
593 543 752 572 devotio..
772 557 810 563 —
829 541 900 570 Dat.
918 545 1074 580 utsupra.
1095 553 1108 567 ι

316 756 433 785 :32¹⁷

280 824 384 851 Contra
393 823 593 858 usurpationes
603 822 755 857 primicerii
763 822 902 849 ecclesiae
910 821 1199 856 Vir-dunensis.(Rt:o.
1208 822 1252 856 45,

246 883 270 900 c.
289 874 349 904 395,
366 874 382 899 f.
403 874 433 899 77
451 874 501 904 vu.)

731 752 858 786 Orvieto,
877 753 907 780 12
923 753 1087 788 septembre
1102 753 1180 780 1290.

289 1038 308 1045 ..
328 1016 429 1044 abbati
447 1015 624 1044 monasterii
640 1014 747 1044 Sancti
773 1014 862 1042 Pauli
889 1014 1084 1042 Virdunensis
1106 1018 1132 1042 et
1159 1036 1178 1042 ..
1201 1022 1254 1042 ar-

247 1071 423 1100 chidsacnno
442 1069 630 1106 tinqonensi.
653 1081 665 1095 α
689 1068 801 1098 Petitio
818 1068 1009 1097 venerabilis
1027 1068 1134 1097 fratris
1154 1067 1254 1096 nostri

246 1123 370 1158 Jacobi,
389 1123 524 1162 episcopi
546 1122 780 1157 Vir-dunensis,
808 1122 900 1152 nobis
916 1122 1057 1151 exhibita
1073 1121 1256 1151 continebat

249 1176 350 1214 quod,
370 1175 490 1205 dudum
512 1176 594 1205 bone
616 1175 768 1205 memorie
794 1175 846 1210 H„
870 1175 1015 1213 episcopo
1036 1174 1252 1211 Virduneusi,

249 1229 470 1267 predecessore
495 1229 570 1257 dicti
596 1229 751 1267 episcopi,
770 1228 972 1266 significante
990 1228 1090 1257 felicis
1109 1228 1254 1258 recorda-

248 1282 343 1312 tionis
364 1281 508 1311 Honorio
529 1291 615 1319 papc,
636 1281 847 1318 predecessori
866 1286 982 1318 nostro,
1002 1281 1087 1320 quod
1103 1281 1253 1317 Thomas,

247 1335 448 1374 primicerius
477 1334 607 1363 ecclesie
636 1334 865 1370 Vir-dunensis,
896 1333 993 1369 olim,
1021 1334 1098 1363 dum
1124 1333 1256 1363 ecclesia

247 1389 314 1427 ipsa
340 1392 460 1425 pastore
484 1387 627 1420 vacabat,
653 1387 691 1416 ad
715 1388 796 1417 bona
821 1387 1008 1426 episcopalis
1030 1387 1114 1417 sedis
1135 1386 1256 1416 Virdu-

249 1442 358 1470 nensis
380 1441 491 1470 avidas
511 1450 624 1469 manus
645 1440 835 1476 extendeus,
859 1449 921 1470 non
942 1440 1044 1470 solnm
1064 1440 1257 1479 episcopales

248 1494 389 1523 redditus
403 1498 431 1522 rt
443 1493 690 1531 proventus,qui
707 1499 768 1522 tam
785 1494 909 1531 dejure
923 1502 1018 1532 quam
1035 1494 1073 1523 de
1087 1498 1257 1523 cousuetu-

248 1547 323 1576 dine
340 1548 437 1585 ipsius
454 1546 586 1576 ecclesie
603 1546 750 1576 servandi
767 1550 858 1575 eraut
875 1547 981 1576 futuro
996 1548 1152 1585 episcopo,
1164 1551 1258 1576 teme-

250 1600 341 1629 ritate
359 1600 495 1638 propria,
511 1600 647 1638 capitulo
664 1600 774 1629 invitis
791 1606 820 1629 et
836 1600 1060 1635 renitentibus,
1077 1604 1256 1638 occuparat,

249 1658 279 1682 et
295 1653 373 1683 alias
388 1654 490 1682 eidem
505 1654 584 1689 sedi,
599 1664 651 1691 per
664 1654 857 1683 ablationem
876 1654 1009 1692 piscium
1027 1659 1212 1691 stagnorum
1229 1657 1260 1683 et

250 1708 283 1736 iu
299 1706 372 1736 aliis
391 1707 482 1736 rebus
499 1712 525 1735 et
547 1708 648 1737 honis.
662 1707 799 1745 dampna
816 1708 935 1745 gravia,
955 1717 1055 1746 usque
1073 1708 1113 1737 ad
1126 1708 1259 1736 extima-

252 1761 368 1790 tionem
387 1766 505 1799 septem
523 1760 645 1790 milium
660 1760 813 1790 librarum
830 1762 1052 1790 turonensium
1064 1766 1094 1791 et
1106 1761 1255 1801 amplius,

252 1815 421 1851 irrogarat.
444 1814 590 1851 quodque
612 1815 750 1852 prefatus
769 1815 969 1852 primicerius
992 1815 1194 1844 nominatum
1216 1814 1256 1844 H.

252 1866 433 1904 episcopum
452 1867 623 1904 quominus
641 1867 849 1905 episcopalem
865 1867 1123 1905 jurisdictionem
1136 1867 1170 1896 in
1184 1867 1260 1897 civi-

251 1925 311 1949 tate
330 1929 365 1949 uc
381 1920 496 1949 diocesi
510 1920 703 1949 Vix-dunensi
720 1920 829 1956 libere,
845 1926 935 1958 prout
947 1921 984 1950 ad
1001 1930 1074 1950 eum
1088 1921 1258 1959 spectabat,

250 1982 395 2003 exercere
411 1978 514 2012 posset
530 1974 695 2012 impedire,
714 1979 822 2004 contra
844 1975 1016 2013 justitiam,
1036 1975 1256 2014 presumebat3

251 2035 285 2056 ac
301 2026 409 2056 eodem
429 2027 469 2057 H.
488 2027 631 2065 episcopo
648 2029 819 2058 asserendo
833 2028 929 2067 quod,
946 2029 970 2058 si
989 2029 1173 2066 hujusmodi
1188 2038 1259 2058 cau-

252 2089 317 2109 sum
348 2080 381 2108 iu
410 2080 473 2108 illis
503 2081 642 2118 partibus
672 2081 821 2110 ventilari
854 2082 1069 2119 contingeret,
1101 2082 1259 2119 gravioris

252 2140 353 2173 posset
366 2135 451 2164 inter
463 2141 565 2173 partes
577 2136 788 2166 dissensionis
801 2138 932 2166 materia
946 2137 1090 2167 suscitari
1104 2142 1133 2166 et
1146 2138 1260 2168 exinde

253 2188 391 2227 pericula
409 2190 585 2226 provenire,
605 2190 803 2228 supplicante
822 2190 905 2220 dicto
923 2191 1135 2229 predecessori
1153 2198 1260 2222 nostro

254 2242 394 2271 Honorio
412 2242 578 2271 humiliter
597 2247 629 2271 ut
649 2243 812 2281 providero
830 2244 861 2273 iu
884 2244 942 2273 liae
958 2250 1044 2282 parte
1063 2245 1167 2274 sibiet
1188 2255 1261 2283 pre-

252 2295 333 2324 dicte
351 2295 414 2324 sedi
434 2295 471 2324 de
484 2300 638 2334 oportuno
655 2297 796 2325 remedio
813 2297 1011 2334 dignaretur,
1031 2298 1132 2327 dictus
1150 2299 1261 2336 prede-

253 2357 372 2383 cessor,
394 2348 503 2378 voleus
525 2349 707 2386 hujusmodi
735 2350 885 2388 periculis
910 2360 963 2389 per
985 2360 1041 2381 suc
1065 2352 1263 2389 providentie

254 2401 396 2430 studium
413 2402 552 2446 eliciat-e,
568 2403 655 2431 vobis
669 2404 728 2431 sub
744 2413 777 2432 ea
799 2404 898 2433 forma
915 2405 981 2434 suis
997 2405 1082 2434 dedit
1099 2405 1212 2434 litteris
1229 2406 1262 2434 iu

254 2454 411 2483 mandatis
429 2460 471 2489 ut,
496 2456 521 2485 si
546 2466 639 2494 super
657 2456 821 2494 premissis
842 2462 950 2487 contra
972 2458 1126 2497 prefatum
1147 2459 1262 2496 primi-

253 2507 375 2537 cerium
392 2508 475 2537 sama
493 2508 659 2545 laboraret,
679 2518 732 2539 vos
748 2511 851 2549 ipsum
868 2520 903 2541 ex
920 2515 1005 2550 parte
1017 2521 1072 2542 sua
1090 2512 1263 2550 diligenter

253 2561 426 2591 moneretis
443 2566 475 2590 ut
494 2562 578 2591 iutra
593 2562 728 2592 duorum
747 2565 906 2594 meusium
925 2565 1061 2603 spatium
1077 2570 1143 2604 post
1159 2567 1263 2596 moni-

256 2613 372 2643 tionem
393 2619 526 2643 vestram
544 2621 718 2646 memorato
735 2617 882 2656 episcopo
898 2618 936 2647 de
953 2618 1137 2657 hujusmodi
1153 2620 1263 2649 fructi-

256 2666 314 2695 bus
331 2672 360 2695 et
379 2667 584 2705 proventibus
602 2678 636 2697 ar
657 2669 805 2709 dampnis
821 2670 951 2709 plenam
967 2676 997 2701 et
1014 2672 1153 2702 debitam
1170 2674 1264 2703 satis-

256 2719 426 2749 factionem
461 2721 663 2759 impenderet
691 2727 721 2752 et
749 2723 788 2753 ab
820 2723 1005 2763 hujusmodi
1034 2726 1264 2764 impedimento

256 2773 389 2803 oumiuo
418 2778 574 2811 cessaret,
607 2774 750 2814 alioquin
785 2785 838 2807 vos
875 2778 1015 2808 cundem
1043 2779 1265 2818 primicerium

258 2830 353 2855 citare
374 2827 580 2866 peremptorie
603 2829 758 2859 curaretis
782 2834 816 2859 ut
839 2831 924 2860 inl'ra
941 2831 1079 2862 duorum
1106 2833 1266 2863 meusium

258 2878 394 2916 spatium
422 2880 575 2917 predictos
597 2881 676 2912 duos
701 2891 829 2913 menses
852 2884 1039 2915 immediate
1062 2887 1267 2925 sequentium

261 2931 464 2968 personaliter
481 2934 650 2971 apostolico
673 2944 706 2965 se
725 2938 908 2975 conspectui
934 2943 1140 2977 presentaret,
1163 2940 1267 2970 eidem

261 2983 403 3022 episcopo
426 2994 520 3024 super
541 2987 706 3025 premissis
724 2989 762 3018 de
776 2990 901 3027 justitia
922 3000 1134 3030 responsurus
1150 2997 1180 3023 et
1200 2993 1267 3024 sac-

262 3038 348 3064 turus
371 3046 406 3066 ac
429 3041 611 3076 recepturus
636 3049 730 3079 super
756 3041 817 3072 hoc
843 3043 929 3081 quod
954 3044 1080 3083 justitia
1109 3045 1265 3076 suaderet.

1331 433 1453 462 Verum
1471 431 1582 462 eodem
1601 431 1656 469 H„
1673 432 1818 471 episcopo
1833 430 2047 467 Virduneusi,
2067 435 2180 462 nature
2196 431 2340 464 debitum

1332 485 1542 525 persolvente,
1564 484 1748 515 nominatus
1764 483 1978 523 primicerius,
2001 483 2158 523 prioribus
2180 493 2245 516 non
2262 493 2340 516 con-

1335 542 1440 568 tentus
1461 537 1603 577 injuriis,
1627 537 1750 568 fructus
1772 541 1803 567 et
1824 541 1996 576 proventus
2019 536 2102 567 dicte
2123 537 2207 568 sedis
2225 537 2343 570 Virdu-
2369 538 2375 547 '

1334 591 1444 622 nensis
1464 590 1570 621 adhuc
1598 591 1740 620 vacantis
1760 590 1822 620 sibi
1845 590 1988 620 indebite
2010 590 2175 630 usurpavit
2196 594 2227 622 et
2249 599 2342 622 occu-

1335 644 1422 684 pavit
1445 644 1557 681 etiarn,
1577 647 1607 673 et
1629 643 1734 673 adhuc
1757 642 1879 673 detinet
1898 647 2081 682 occupatos,
2100 643 2137 673 in
2158 643 2266 674 anime
2287 647 2372 677 sue·-

1335 697 1533 737 periculum,
1564 696 1779 736 plurimorum
1807 695 2011 731 scandalum,
2037 699 2069 726 et
2093 697 2125 727 J.
2151 696 2292 737 episcopi
2314 700 2354 729 st·-

1335 751 1419 782 sedis
1435 750 1653 781 virdunensis
1667 749 1882 789 predictorum
1892 748 2105 788 preJudicium
2117 753 2148 780 et
2159 758 2330 788 gravamen
2339 756 2360 782 ”.

1334 813 1371 835 ae
1387 805 1505 835 dictum
1521 804 1540 834 J
1544 804 1678 834 acobum
1696 803 1878 842 episcopum
1891 803 2065 842 quominus
2082 803 2118 833 in
2134 803 2254 834 eisdem
2271 796 2367 847 civ‘ij

1336 862 1397 888 tate
1415 862 1445 888 et
1458 857 1577 888 diocesi
1594 857 1852 897 jurisdictionem
1869 856 2092 896 episcopalem,
2110 861 2202 896 prout
2217 856 2257 887 ad
2273 855 2362 888 ιιιιι’

1335 911 1489 950 pertinet,
1507 911 1606 941 libere
1622 919 1769 940 exercere
1787 910 1884 949 possit
1904 911 2098 949 presumpsit
2112 914 2143 940 et
2155 909 2262 940 adhuc
2277 919 2297 950 p
2320 924 2353 938 ι,-

1336 966 1447 1006 sumit,
1462 969 1573 995 contra
1590 964 1761 1002 justitiam,
1779 963 1948 1003 impedire.
1966 963 2070 1002 Super
2085 972 2149 1003 quo
2165 963 2312 995 nominat
2335 955 2358 998 ,ζ

1335 1019 1384 1054 3.,
1410 1019 1578 1058 episcopus
1605 1017 1842 1054 Vir-dunensis,
1867 1016 2017 1047 adhiberi
2041 1017 2102 1048 sibi
2123 1021 2155 1048 et
2174 1017 2259 1048 dicte
2281 1026 2326 1048 sm

1337 1080 1516 1110 congruum
1538 1070 1719 1102 remedium
1743 1080 1798 1109 per
1819 1070 1988 1109 apostolice
2009 1070 2094 1100 sedis
2114 1059 2358 1110 providentia&

1338 1126 1507 1156 humiliter
1524 1125 1704 1165 postulavit.
1723 1125 1789 1155 Nos
1803 1125 1913 1163 igitur,
1931 1124 2076 1154 nolentes
2088 1124 2123 1154 in
2137 1123 2197 1154 hac
2213 1127 2300 1163 parte
2312 1111 2355 1162 iit:

1337 1188 1395 1210 suo
1417 1181 1490 1219 Jure
1512 1179 1638 1216 deesse,
1664 1179 1719 1217 qui
1737 1187 1850 1208 sumus
1874 1179 1906 1207 iu
1932 1177 1987 1208 illo
2005 1177 2158 1208 omnibus
2175 1174 2357 1216 debitores}

1337 1232 1523 1263 discretioni
1539 1237 1641 1262 vestre
1661 1241 1716 1271 per
1734 1230 1906 1270 apostolica
1924 1230 2042 1270 scripta
2060 1229 2252 1274 mandamus
2271 1224 2361 1269 quast*

1340 1291 1448 1323 tenus,
1466 1286 1493 1315 si
1515 1295 1610 1325 super
1632 1285 1800 1324 premissis
1823 1289 1933 1315 coutra
1956 1284 2112 1323 prefatum
2130 1282 2358 1327 primicerium

1339 1340 1424 1369 fama
1438 1339 1573 1375 laborat,
1592 1338 1712 1368 dictum
1733 1338 1955 1377 primicerium
1971 1346 2007 1367 ex
2024 1341 2111 1376 parte
2127 1340 2236 1367 nostra
2249 1335 2352 1367 effic

1338 1393 1416 1423 citer
1443 1389 1575 1422 monere
1596 1400 1633 1422 ac
1659 1391 1813 1421 inducere
1839 1391 2014 1430 procuretis
2033 1394 2082 1428 ut,
2104 1389 2190 1420 infra
2213 1389 2294 1420 duor
2325 1395 2358 1430 ιιι·

1338 1447 1499 1477 meusium
1520 1445 1659 1484 spatium
1678 1450 1746 1483 post
1763 1444 1972 1475 monitionem
1991 1442 2314 1478 vestram‚deomnib
2327 1443 2330 1445 ’

1339 1499 1494 1530 fructibus
1510 1503 1540 1529 et
1556 1498 1763 1538 proventibus
1778 1498 1817 1528 de
1831 1497 1924 1528 bouis
1936 1497 2020 1527 dicte
2035 1496 2120 1526 sedis
2138 1491 2356 1526 Virdunen'

1339 1554 1499 1592 occupatis
1521 1552 1624 1582 taliter
1643 1561 1679 1581 ac
1697 1551 1847 1590 dampnis
1871 1551 1906 1580 in
1930 1549 2114 1588 hujusmodi
2136 1547 2356 1580 subtractio-,³

1341 1607 1478 1647 piscium
1497 1610 1528 1636 et
1542 1605 1613 1635 aliis
1630 1605 1722 1635 bouis
1739 1604 1888 1643 predictis
1908 1603 1990 1633 dicte
2005 1603 2073 1633 sedi
2088 1603 2186 1633 etiam
2201 1602 2311 1640 irroga
2325 1596 2363 1635 '⁵5³⁸

1341 1660 1482 1704 predicto
1501 1659 1529 1689 J.
1555 1659 1699 1697 episcopo
1718 1662 1748 1687 et
1769 1657 1852 1687 dicte
1870 1657 1937 1686 sedi
1960 1655 2159 1686 Virdunensi
2180 1654 2308 1694 plenam

1342 1714 1480 1744 debitam
1499 1713 1747 1742 satisfactionem
1763 1711 1929 1751 impendat
1945 1714 1975 1740 et
1986 1710 2026 1740 ab
2041 1709 2274 1749 impedimento
2290 1707 2356 1739 hus.-

1339 1767 1481 1807 jusmodi
1501 1767 1634 1796 omuino
1652 1765 1793 1795 desistat.
1818 1764 1910 1801 Quod
1928 1764 1954 1793 si
1974 1763 2134 1802 predictus
2154 1761 2356 1802 primiceri'

1342 1820 1529 1860 hujusmodi
1546 1819 1717 1850 monitioni
1737 1823 1838 1848 vestre
1853 1817 1938 1847 iufra
1961 1816 2138 1856 predictum
2157 1819 2350 1858 tempus.p

1344 1885 1412 1906 rere
1430 1875 1509 1905 sorte
1529 1873 1765 1912 contempserit,
1786 1881 1840 1903 vos
1862 1871 1968 1910 ipsum
1989 1880 2024 1900 ex
2046 1875 2121 1900 tuuc
2145 1867 2359 1909 perempto

1343 1929 1440 1959 citare
1455 1929 1571 1958 curetis
1588 1932 1621 1957 ut
1637 1927 1720 1956 iufra
1738 1926 1874 1955 duorum
1892 1924 2054 1954 mensium
2076 1923 2215 1963 spatium
2232 1915 2359 1962 predi-

1345 1987 1390 2013 tos
1413 1982 1492 2012 duos
1515 1980 1701 2012 immediate
1724 1978 1928 2017 sequentium
1952 1977 2162 2015 personaliter
2185 1979 2294 2015 aposto
2309 1964 2360 2022 ἰ ἰ

1344 2045 1378 2067 se
1395 2035 1577 2074 conspectui
1594 2037 1800 2073 representet,
1819 2032 1904 2062 dicto
1919 2032 2065 2071 episcopo
2079 2039 2175 2070 super
2192 2025 2357 2069 premis?

1345 2091 1383 2120 de
1404 2089 1526 2129 justitia
1550 2096 1762 2127 responsurus
1786 2095 1821 2116 ac
1842 2086 1984 2115 facturus
2007 2089 2037 2114 et
2058 2087 2242 2123 recepturus
2262 2091 2361 2123 sup.

1344 2144 1405 2174 hoc
1425 2143 1508 2182 quod
1524 2142 1650 2181 justitia
1668 2141 1824 2171 suadebit.
1843 2140 1938 2170 Diem
1959 2148 2034 2169 vero
2056 2138 2218 2169 citationis
2239 2140 2270 2168 et
2286 2131 2357 2179 ’Ῑιεᾈ

1344 2206 1431 2227 mam
1449 2202 1479 2226 et
1491 2195 1643 2235 quicquid
1659 2204 1754 2234 super
1770 2194 1830 2224 hoc
1846 2193 1984 2223 feceritis
2000 2192 2093 2223 nobis
2107 2201 2162 2230 per
2175 2194 2295 2222 vestras
2326 2201 2354 2220 ...τε

1347 2256 1440 2288 teras,
1458 2251 1572 2280 harum
1592 2249 1706 2278 seriem
1725 2248 1938 2286 continentes,
1955 2245 2110 2276 studeatis
2125 2243 2263 2275 fideliter
2275 2243 2358 2290 im*

1345 2313 1445 2334 mare.
1458 2304 1528 2333 Dat.
1543 2302 1625 2342 apud
1641 2302 1915 2337 Urbemveterem,
1932 2309 1952 2329 11
1967 2299 2041 2329 idus
2057 2297 2259 2338 septembris,
2270 2301 2362 2342 angis,-

1348 2358 1450 2388 tertio.
1474 2369 1487 2384 n

1853 2539 1980 2571 Orvieto¹
1997 2539 2012 2566 3
2027 2538 2191 2574 septembre
2207 2537 2287 2565 1290.
2357 2551 2361 2554 -

1420 2543 1543 2573 3218
2312 2584 2315 2589 Α

1384 2613 1517 2640 Facultas
1532 2611 1655 2647 eligendi
1672 2611 1870 2637 confessorem
1893 2609 2052 2644 proprium.
2077 2607 2162 2642 (ΒΛ-ιο.
2179 2607 2212 2634 45
2225 2629 2231 2638 ‚
2246 2613 2273 2633 ο.
2289 2604 2359 2651 3⁴³?

1348 2663 1367 2690 f.
1386 2663 1419 2690 78
1436 2669 1480 2696 r⁰;
1502 2661 1621 2695 Poma„
1637 2659 1746 2692 23378.)
1917 2665 1927 2675 ⁵
2321 2663 2354 2673 ν

1392 2801 1412 2808 ..
1443 2778 1591 2808 abbatisse
1617 2777 1826 2805 etconvencui
1853 2774 2032 2804 monasterii
2060 2765 2360 2813 Romartinensis‚'‘'sgfiv

1349 2841 1514 2862 romanam
1533 2831 1687 2861 ecclesiam
1701 2830 1788 2859 nullo
1804 2829 1902 2858 medio
1915 2827 2108 2866 pertinentis,
2125 2823 2290 2856 ordini-³8.
2304 2827 2360 2865 ‘'213,

1351 2885 1475 2924 nediu-ti,
1496 2883 1643 2915 Tuttensis
1659 2884 1783 2913 diocesis
1795 2906 1802 2919 ,
1819 2882 1965 2913 concedit
1981 2884 2014 2911 ut
2029 2889 2065 2910 ex
2082 2877 2278 2918 presbyteris
2311 2890 2315 2902 ι
2331 2869 2358 2904 {ff-¹

1351 2939 1484 2970 nasterii
1499 2938 1698 2969 beneficiatis
1713 2937 1910 2967 consessores
1925 2935 1988 2966 sibi
2003 2934 2122 2973 eligere
2138 2931 2270 2973 possint.
2355 2926 2358 2932 ’

1394 3004 1408 3020 <1
1430 2992 1495 3029 Qui
1517 2991 1653 3022 salutem
1674 2995 1742 3022 et...
1761 3006 1801 3012 -—
1825 2990 1897 3019 Dat.
1924 2988 2009 3028 apud
2025 2983 2304 3023 Urbemveterem,

1353 3055 1455 3077 nonas
1472 3045 1673 3085 septembris,
1689 3052 1777 3075 anno
1793 3043 1896 3074 tertio.
1916 3054 1930 3070 n
