2342 3652
628 332 845 372 PREMIERE
867 331 1023 371 ANNnE.
1047 357 1085 362 -
1108 340 1293 370 LETTRES
1316 340 1540 371 0111111115.
2076 340 2128 369 1‘23

50 411 213 453 expressis,
229 410 331 440 eidem
348 409 414 439 sedi
430 413 502 438 ante
517 408 753 446 impositionem
769 407 954 446 hujusmodi
970 406 1045 435 assi-

49 464 193 505 gnandis.
212 462 313 501 Super
328 462 491 500 premissis
505 461 602 498 igitur
618 460 733 498 regalis
749 460 945 499 providentie
962 468 1046 497 mag-

49 517 159 549 nitudo
174 515 317 546 consulte
332 514 498 550 deliberet,
517 523 572 543 sue
586 523 680 552 super
695 514 755 543 hoc
768 513 858 543 nobis
875 512 1047 542 voluntatis

49 571 184 604 libitum,
204 576 267 597 non
283 577 338 606 per
354 567 473 596 litteras
489 567 653 604 generales
668 566 706 595 de
719 565 890 602 credentia,
909 565 961 594 sed
977 574 1046 602 spe-

49 622 179 655 cialibus
194 620 307 650 litteris
322 620 417 658 regiis
433 619 629 658 explicando,
646 628 718 648 cum
735 623 841 648 nostre
857 618 1046 647 intentionis

50 677 158 717 existat
179 674 212 703 in
231 673 294 702 11115
310 682 403 711 super
418 673 534 711 quibus
551 672 657 701 sedem
678 673 778 710 ipsam
794 680 940 701 successu
965 676 1043 700 tem-

49 729 130 769 poris
148 726 274 757 duxeris
297 726 542 764 requirendam,
562 729 652 763 prout
675 733 747 753 cum
770 724 836 753 Deo
854 724 1044 762 poterimus,

49 779 262 812 favorabiliter
281 784 310 808 et
332 779 469 816 benigne
492 786 634 807 annuere
654 777 733 806 votis
751 777 820 806 tuis.
845 776 914 805 Dat.
936 777 1044 814 Reate,

50 844 85 866 111
99 833 170 864 idus
185 831 388 870 septembris,
406 839 490 860 anno
507 830 620 869 primo.
641 841 654 855 n

118 985 204 1015 614

85 1048 186 1076 Contra
201 1046 371 1073 haereticos.
389 1045 472 1078 (Rea.
491 1046 532 1076 44,
550 1053 576 1071 0.
593 1046 636 1076 47,
653 1045 671 1071 f.
690 1044 722 1072 96
737 1052 780 1075 νος
799 1045 920 1076 Ροττῌ..
936 1046 1046 1078 22811.)

565 982 651 1013 Rieti,
672 983 701 1009 17
718 983 880 1017 septembre
899 982 973 1009 1288.

88 1150 205 1180 Dilectis
222 1149 296 1186 filiis
312 1148 406 1177 nobili
420 1149 487 1177 viro
503 1170 522 1176 ..
540 1148 626 1184 duci,
643 1148 831 1177 consiliariis
852 1153 878 1177 et
892 1150 1046 1177 communi

57 1205 229 1235 Venetorum
245 1202 375 1231 mandat
391 1206 546 1240 quatenus
564 1201 805 1230 constitutiones
821 1202 853 1230 in
871 1201 1045 1232 haereticos

51 1256 146 1288 editas
158 1256 191 1285 in
207 1254 436 1294 capitularibus
451 1254 517 1283 suis
534 1254 651 1283 faciant
663 1255 821 1291 annotari,
840 1258 869 1284 et
884 1254 945 1285 dux
959 1256 1045 1294 jura-

50 1313 192 1340 mentum
207 1307 410 1347 corporaliter
427 1311 563 1346 praestet
581 1307 730 1336 servandi
755 1316 805 1337 eas
823 1307 1045 1347 auxiliumque

50 1360 218 1402 praebendi
244 1360 487 1399 inquisitoribus
512 1360 596 1389 fidei.
623 1360 690 1390 Hoc
708 1361 796 1390 enim
820 1362 885 1399 jam
904 1362 1046 1391 fecerunt

51 1415 133 1446 cives
150 1419 179 1444 et
193 1418 326 1444 rectores
344 1413 479 1443 aliarum
496 1414 658 1443 civitatum
673 1414 923 1444 Tervisinarum.

89 1477 104 1497 ι
120 1467 206 1498 Inter
221 1471 338 1496 ceteras
348 1466 609 1497 sollicitudinis...
624 1484 661 1488 -—
674 1467 744 1496 Dat.
763 1467 869 1503 Reate,
882 1477 922 1497 xv
933 1468 1045 1498 kalen-

51 1520 104 1551 das
118 1520 263 1558 octobris,
279 1528 364 1550 anno
380 1520 494 1558 primo.
514 1532 527 1546 n

118 1679 200 1708 0¹5

85 1739 216 1767 Decimae
227 1743 311 1767 trium
323 1749 463 1768 annorum
474 1749 562 1776 regno
578 1741 714 1769 Franciae
726 1751 891 1769 concessae.
906 1743 987 1776 (Rau.
1001 1744 1044 1775 44,

53 1797 78 1816 c.
93 1788 133 1820 48,
147 1788 166 1817 f.
182 1789 214 1816 97
229 1790 276 1822 ro.)

569 1678 656 1712 Rieu,
670 1679 704 1706 ‘25
719 1680 880 1714 septembre
900 1680 973 1707 1‘288.

92 1891 251 1922 Carissimo
284 1894 318 1922 in
355 1893 472 1923 Christo
503 1894 568 1930 filio
607 1917 626 1923 ..
662 1897 726 1933 reqi
760 1895 885 1925 Francie
918 1896 1042 1926 illustri.

55 1955 68 1972 ι
99 1944 207 1983 Nuper
231 1945 339 1976 dilecti
370 1945 430 1975 filii
457 1947 603 1985 magistri
629 1947 751 1986 Symon
776 1948 878 1978 dictus
905 1949 1042 1986 Matisas,

53 1997 288 2029 archidiaconus
302 2000 336 2029 in
353 1999 485 2030 ecclesia
502 2000 669 2039 Remensi,
688 2006 718 2031 et
738 2002 894 2032 Rohertus
910 2003 948 2033 de
968 2004 1044 2033 Ari—

0 2077 4 2080 ,
53 2051 148 2089 curia,
164 2053 333 2083 canonicus
349 2053 556 2090 Parisiensis‚
577 2054 753 2093 cappellani
769 2056 879 2092 nostri,
899 2065 934 2086 ac
950 2057 1045 2087 frater

54 2104 246 2144 Arnulphus‚
263 2106 386 2136 ordinis
402 2107 517 2137 militie
527 2108 650 2146 Templi
663 2109 925 2147 Jerosolimitani,
939 2111 1046 2140 nuntii

55 2158 110 2196 tui,
127 2158 238 2189 latores
253 2161 461 2199 presentium,
481 2170 554 2191 cum
569 2161 681 2192 litteris
701 2163 762 2193 tuis
778 2163 816 2192 ad
832 2163 939 2193 sedem
955 2173 1044 2203 apos-

55 2210 175 2242 tolicam
193 2213 366 2250 venientes,
383 2223 401 2243 a
416 2215 507 2244 nobis
522 2223 558 2245 ex
571 2219 657 2254 parte
671 2220 734 2252 tua,
754 2224 808 2255 pro
820 2217 946 2254 negotio
963 2219 1045 2247 Ara-

55 2264 144 2302 gonie
160 2266 394 2304 prosequendo,
415 2266 612 2297 decimarum
627 2268 808 2298 subsidium
826 2269 1044 2308 postularunt,

55 2316 178 2355 quihus,
193 2326 265 2348 cum
279 2318 428 2349 fratribus
445 2321 562 2350 nostris
577 2321 805 2352 deliberatione
817 2324 992 2361 prehabita,
1007 2324 1045 2354 de

55 2368 192 2408 ipsorum
216 2372 347 2402 consilio
370 2377 490 2403 certum
513 2374 662 2405 dedimus
685 2385 778 2414 super
802 2376 870 2416 ipsa
896 2378 1045 2416 petitione

55 2429 255 2463 responsum,
271 2429 363 2464 prout
386 2425 419 2455 in
437 2427 553 2457 nostris
571 2436 626 2466 per
648 2428 774 2458 eosdem
800 2429 837 2458 ad
863 2433 890 2459 te
916 2430 1046 2460 directis

54 2473 165 2506 litteris
179 2478 356 2516 expressius
371 2479 560 2510 continetur.
578 2480 708 2518 Verum,
725 2482 800 2521 quia
814 2482 911 2512 iidem
926 2483 1044 2521 nuntii,

55 2533 121 2567 post
135 2534 273 2569 receptas
296 2540 315 2561 a
336 2532 429 2561 nobis
453 2532 573 2563 litteras
597 2535 838 2573 responsionem
859 2535 1047 2575 hujusmodi

56 2581 259 2620 continentes,
279 2584 319 2614 ob
335 2584 491 2614 nonnulla
507 2595 568 2624 que
586 2587 830 2619 continebantur
845 2590 878 2618 in
896 2590 952 2626 eis,
971 2598 1045 2619 cum

56 2633 241 2672 quibusdam
258 2645 294 2666 ex
310 2637 387 2676 ipsis
402 2638 549 2669 fratribus
569 2641 789 2678 contulerunt,
813 2643 994 2673 subsidium
1012 2644 1047 2673 in

57 2685 169 2717 eisdem
186 2692 370 2719 contentum
390 2689 504 2721 litteris
525 2692 560 2721 in
576 2694 724 2724 universo
748 2695 928 2732 modicum,
955 2700 985 2725 et
1010 2705 1047 2726 ex

23 2746 25 2749 ⁴
56 2738 210 2778 aliquibus
235 2742 469 2773 conditionibus
499 2748 529 2774 et
560 2748 794 2785 exceptionibus
823 2749 1047 2780 subtractioni-

56 2791 175 2832 husque
189 2794 329 2825 locorum
346 2796 483 2826 nimium
503 2803 675 2830 coartatum
690 2802 785 2831 variis
806 2802 1048 2833 inductionibus

56 2846 293 2884 pretendentes,
311 2849 408 2878 iidem
427 2849 536 2880 fratres
561 2853 661 2882 nostri
682 2857 772 2884 tuum
792 2855 975 2893 negotium,
997 2856 1048 2886 cui

57 2895 160 2929 deesse
177 2900 344 2937 nolumus,
369 2910 405 2932 ac
427 2907 581 2940 nostrum,
607 2905 752 2936 videlicet
767 2907 893 2945 Sicilie,
917 2913 948 2938 et
968 2908 1048 2938 alias

57 2957 258 2990 perurgentes
273 2954 477 2985 necessitates
490 2956 630 2994 ecclesie,
645 2959 758 2996 quibus
774 2960 882 2991 deesse
898 2969 961 2991 non
977 2970 1047 3000 pos-

58 3009 175 3039 sumus,
190 3005 430 3045 complectentes
446 3009 479 3038 in
493 3017 594 3039 unum
613 3019 685 3040 cum
698 3012 774 3050 ipsis
789 3014 851 3043 tuis
864 3015 996 3051 nuntiis,
1013 3023 1049 3044 ac

1127 406 1238 444 prefati
1250 407 1355 435 nuntii
1371 416 1442 436 cnm
1456 407 1576 436 eisdem
1594 414 1712 435 novum
1724 404 1864 439 modum,
1878 413 1931 442 per
1948 413 2042 442 quem
2060 406 2127 442 tibi,

1127 462 1162 487 ut
1185 458 1266 494 filio,
1284 458 1417 496 amplior
1438 458 1601 496 perveniat
1617 466 1635 486 a
1655 460 1758 486 matre
1779 456 1964 492 subventio,
1982 464 2040 485 nec
2062 456 2130 494 ipsa

1127 510 1256 540 ecclesia
1278 516 1378 541 mater
1402 516 1472 547 tua,
1498 511 1593 540 tantis
1614 510 1725 540 afflicta
1748 508 1921 545 1110Ιο51115,
1940 513 1982 538 101
2000 509 2130 547 injuriis

1128 564 1273 594 lacescita
1287 588 1294 601 ‚
1313 566 1409 594 tantis
1431 564 1669 594 inevitabilibus
1688 562 1921 602 quodammodo
1940 563 2131 592 necessitati·

1128 617 1187 646 bus
1201 621 1346 650 coartata.
1366 627 1397 647 se
1413 618 1513 656 ipsam
1529 617 1587 646 sub
1602 616 1722 647 crudeli
1737 616 1875 654 quodam
1890 615 2130 654 negligentique

1129 670 1254 700 silentio
1274 671 1449 710 preteriret,
1468 671 1501 699 in
1519 670 1729 700 subventione
1746 669 1933 708 hujusmodi
1950 678 2129 708 assumpse-

1128 727 1214 752 runt.
1232 723 1388 758 Profecto,
1408 723 1451 752 fili
1468 723 1643 759 carissime,
1661 722 1863 751 serenitatem
1881 726 1966 751 tuam
1984 721 2130 751 volumus

1129 784 1192 805 non
1210 776 1307 805 latere
1325 776 1422 814 quod,
1438 780 1504 805 tum
1524 780 1649 814 propter
1665 776 1828 812 negotium
1843 775 1934 811 regni
1950 774 2057 804 Sicilie
2071 797 2078 811 ,
2095 775 2130 804 in

1129 837 1191 868 quo
1206 838 1260 867 per
1273 829 1473 858 invasionem
1488 828 1649 866 quondam
1663 827 1748 856 Petri
1761 827 1838 856 olim
1850 827 1935 864 regis
1947 827 2130 865 Aragonum

1129 887 1159 912 et
1179 883 1366 921 injuriosam
1391 881 1672 919 detemptationem
1691 880 1800 910 Jacobi
1820 880 1885 909 nati
1903 880 1964 916 sui,
1982 883 2025 909 tot
2040 880 2129 918 inju-

1129 936 1191 965 rias
1208 941 1236 965 et
1252 935 1414 965 molestias
1429 934 1473 964 ibi
1492 939 1522 963 et
1536 934 1611 963 alibi
1627 934 1662 963 111
1679 934 1770 963 101115
1786 933 1927 969 ecclesie,
1944 937 2060 972 totque,
2077 942 2129 963 oc-

1128 989 1254 1019 casione
1272 987 1458 1026 hujusmodi
1474 995 1696 1025 expensarum,
1713 986 1801 1025 quasi
1820 986 1972 1024 profluvia
1986 986 2085 1015 invita
2100 991 2131 1016 et

1128 1042 1289 1072 immerita
1305 1041 1432 1071 sustulit
1446 1045 1476 1070 et
1491 1040 1627 1078 portavit
1643 1039 1786 1076 ecclesia,
1802 1044 1868 1068 tum
1885 1043 2009 1078 propter
2020 1038 2130 1069 defen-

1129 1096 1252 1125 sionem
1274 1094 1487 1124 necessariam
1509 1097 1591 1122 terre
1612 1101 1687 1128 sue,
1706 1096 1735 1121 et
1754 1091 1834 1121 alias
1855 1092 2058 1122 necessitates
2079 1101 2129 1122 ec—

1128 1148 1235 1184 clesie,
1249 1157 1267 1177 a
1277 1152 1417 1186 tempore
1427 1146 1530 1176 felicis
1540 1145 1766 1175 recordationis
1779 1145 1909 1174 Martini
1921 1153 2007 1184 pape,
2023 1145 2130 1184 prede-

1128 1202 1260 1232 cessoris
1282 1201 1403 1236 nostri,
1421 1200 1490 1239 ipsa
1513 1199 1645 1229 ecclesia
1667 1199 1831 1228 invenitur
1854 1199 2046 1237 importabili
2064 1199 2129 1229 sere

1127 1256 1306 1285 debitorum
1326 1263 1422 1283 onere
1445 1257 1639 1291 pregravata.
1666 1252 1796 1289 Cogitur
1821 1253 1951 1290 insuper
1976 1256 2006 1280 et
2026 1251 2130 1281 adhuc

1128 1310 1165 1339 de
1181 1310 1300 1348 prefata
1317 1313 1398 1337 terra
1414 1307 1521 1337 Sicilie
1537 1308 1674 1345 cogitare
1691 1306 1842 1342 sollicite,
1860 1306 1970 1344 injusti
1987 1305 2128 1344 detemp-

1129 1362 1205 1393 toris
1221 1361 1363 1400 ejusdem
1381 1361 1501 1399 injuria
1517 1360 1718 1398 perdurante.
1736 1358 1910 1388 Considera
1925 1359 2030 1396 itaque
2045 1357 2129 1387 filia-

1127 1416 1210 1451 liter,
1224 1415 1269 1444 1111
1285 1414 1461 1450 carissime,
1476 1413 1503 1442 si
1519 1413 1554 1442 in
1569 1417 1611 1442 tot
1627 1412 1797 1450 angustiis,
1810 1416 1852 1441 tot
1865 1411 2019 1450 pressuris
2030 1410 2128 1448 negli-

1127 1478 1201 1506 gere
1231 1477 1264 1498 se
1294 1467 1391 1506 possit
1420 1466 1552 1497 ecclesia
1569 1477 1575 1501 ς
1610 1465 1735 1495 attende
1771 1465 1797 1494 si
1832 1465 1980 1494 decenter
2018 1464 2055 1493 ad
2087 1468 2130 1493 tot

1128 1521 1361 1556 incumbentia,
1396 1519 1589 1549 removenda
1618 1522 1712 1556 atque
1739 1517 1935 1547 sublevanda
1961 1516 2129 1555 dispendia

1128 1575 1255 1605 oculum
1271 1578 1388 1603 attente
1404 1571 1620 1601 meditationis
1633 1570 1800 1605 adhibeat3
1817 1578 1912 1608 pensa
1927 1570 2011 1608 quod
2025 1570 2127 1608 ajuro

1128 1629 1187 1659 hoc
1213 1628 1307 1657 habet
1331 1627 1425 1656 etiam
1444 1629 1542 1655 status
1558 1624 1690 1654 inferior
1707 1623 1919 1662 prelatorum,
1940 1627 1974 1652 ut
2001 1631 2055 1661 pro
2077 1622 2126 1652 in·

1128 1682 1315 1720 gruentibns
1331 1679 1569 1710 necessitatibus
1585 1679 1706 1716 possint
1719 1686 1737 1707 a
1758 1677 1823 1706 suis
1838 1676 1972 1706 subditis
1987 1675 2129 1705 subsidia

1128 1734 1304 1774 postulare3
1330 1732 1455 1763 revolve
1476 1736 1528 1761 tue
1545 1731 1661 1760 mentis
1685 1735 1801 1768 tueque
1817 1728 1924 1758 filialis
1950 1728 2129 1758 dilectionis

1128 1788 1284 1825 archana,
1302 1787 1330 1817 si
1348 1786 1478 1816 ecclesie
1497 1784 1590 1814 matri
1607 1788 1677 1819 1110,
1694 1783 1732 1812 (10
1750 1787 1801 1812 1110
1817 1782 1942 1821 proprio
1958 1782 1992 1811 in
2011 1785 2053 1811 tot
2068 1789 2127 1810 an-

1127 1842 1261 1880 gustiis,
1280 1841 1313 1870 in
1339 1843 1381 1869 tot
1401 1837 1642 1868 necessitatibus
1660 1836 1856 1865 subvenires.
1877 1835 1979 1864 Habet
1994 1834 2052 1865 hoc
2074 1841 2129 1872 pro

1128 1899 1211 1925 certo
1235 1892 1388 1923 naturalis
1413 1901 1515 1922 nexus
1537 1890 1654 1920 amoris
1676 1889 1786 1918 matris
1811 1888 1849 1917 ad
1870 1887 1991 1924 filium,
2012 1887 2070 1917 filii
2089 1887 2129 1917 ad

1126 1952 1302 1987 parentem,
1320 1950 1355 1976 ut
1371 1944 1549 1976 necessitati
1566 1943 1626 1973 filii
1643 1946 1789 1972 materna
1807 1941 1940 1971 dulcedo
1955 1950 2018 1971 non
2034 1940 2127 1977 desit,

1127 2006 1156 2032 et
1171 2002 1205 2031 in
1221 2000 1333 2030 matris
1350 1998 1539 2037 indigentia,
1560 1998 1659 2035 pietas
1677 1995 1786 2025 filialis
1803 1999 1945 2024 materne
1964 2002 2029 2024 non
2055 1993 2129 2023 defi-

1127 2055 1188 2084 ciat
1206 2054 1338 2085 caritati.
1361 2053 1456 2082 Nunc
1474 2055 1593 2087 autem,
1609 2049 1668 2086 fili,
1685 2049 1724 2078 ad
1740 2049 1896 2087 prefatum
1912 2047 2042 2077 modum
2058 2047 2128 2076 des-

1127 2108 1312 2143 cendimus,
1337 2106 1391 2144 qui
1413 2109 1459 2134 est
1477 2104 1547 2134 talis
1566 2113 1572 2132 :
1591 2101 1738 2132 videlicet
1757 2101 1851 2139 quod,
1875 2101 1901 2130 si
1927 2100 1964 2130 de
1989 2099 2129 2138 predicta

1128 2160 1333 2200 responsione
1354 2159 1387 2188 in
1408 2157 1574 2197 premissis
1600 2156 1716 2185 nostris
1736 2159 1884 2184 contenta
1902 2153 2015 2183 litteris
2038 2152 2127 2182 celsi-

1128 2214 1202 2244 tudo
1217 2214 1305 2251 regia
1316 2216 1462 2242 contenta
1479 2219 1542 2240 non
1559 2213 1650 2245 esset,
1668 2207 1938 2242 concertaturum,
1958 2215 2012 2245 pro
2028 2207 2128 2245 ipsius

1128 2268 1287 2305 Aragonie
1300 2265 1425 2304 negotio
1432 2262 1662 2303 prosequendo,
1675 2262 1797 2291 decima
1811 2261 1907 2290 trium
1919 2267 2078 2289 annorum
2092 2259 2126 2288 in

1129 2329 1227 2359 regno
1242 2320 1388 2354 Francis,
1406 2327 1441 2347 ac
1456 2318 1489 2347 in
1507 2314 1927 2354 Lugdunensi‚Viennensi,
1946 2312 2126 2348 Bisuntina,

1128 2373 1366 2405 Tarentasiensi
1388 2375 1417 2401 et
1437 2369 1658 2400 Eberdunensi
1680 2367 1858 2397 civitatibus
1879 2370 1909 2396 et
1928 2365 2124 2399 diocesibuS,

1129 2435 1303 2465 earumque
1319 2424 1508 2464 provintiis,
1525 2423 1558 2452 in
1576 2431 1611 2452 ea
1627 2425 1714 2460 parte
1729 2420 1876 2449 videlicet
1897 2418 2040 2457 ejusdem
2057 2424 2126 2455 pro-

1129 2481 1230 2511 vintie
1249 2477 1487 2510 Eberdunensis
1508 2485 1570 2515 que
1593 2479 1640 2504 est
1657 2478 1743 2504 extra
1763 2472 1947 2503 comitatum
1964 2469 2127 2501 Provintie

1129 2539 1159 2565 et
1184 2532 1379 2568 Folkalkeri,
1405 2539 1463 2560 nec
1485 2537 1549 2559 non
1571 2529 1605 2557 in
1627 2526 1814 2562 Leodiensi,
1837 2523 1993 2559 Metensi,
2012 2521 2127 2552 Virdu-

1129 2588 1233 2622 nensi,
1250 2591 1280 2616 et
1293 2584 1438 2616 Tullensi
1455 2582 1637 2613 civitatibus
1655 2584 1685 2610 et
1699 2578 1896 2613 diocesibuS,
1917 2577 1985 2615 ejus
1999 2575 2126 2614 imposi-

1130 2642 1173 2671 tio
1193 2640 1358 2670 differatur
1380 2645 1480 2676 usque
1505 2635 1544 2666 ad
1570 2635 1686 2664 festum
1705 2632 1786 2662 beati
1806 2629 1960 2660 Johannis
1986 2627 2127 2667 Baptista

1128 2694 1271 2734 proximo
1291 2695 1489 2722 secuturum.
1507 2689 1555 2718 Ita
1576 2691 1683 2717 tamen
1702 2684 1787 2724 quod
1803 2684 1841 2713 de
1858 2682 1977 2722 prefata
1992 2681 2125 2717 decima,

1128 2756 1184 2787 pro
1200 2746 1266 2776 suis
1286 2743 1439 2775 oneribus
1457 2746 1487 2772 et
1503 2739 1756 2775 necessitatibus,
1776 2737 1910 2766 ducenta
1926 2734 2017 2764 milia
2030 2733 2127 2763 libra-

1129 2809 1202 2831 rum
1232 2796 1454 2828 turonensium
1486 2801 1617 2824 romana
1646 2790 1776 2821 habebit
1807 2788 1949 2819 ecclesia.
1981 2786 2032 2817 Ad
2062 2794 2126 2826 que

1129 2852 1290 2889 solvenda,
1303 2849 1446 2880 Parisius
1458 2847 1508 2878 vel
1524 2848 1557 2877 in
1570 2846 1670 2883 curia,
1680 2845 1712 2874 in
1724 2843 1858 2883 pecunia
1870 2844 2049 2880 numerata,
2058 2848 2126 2870 me-

1130 2907 1279 2937 dietatem
1298 2903 1443 2933 videlicet
1457 2899 1641 2931 eorumdem
1656 2898 1865 2928 ducentorum
1883 2894 2012 2925 milium
2028 2893 2126 2923 libra-

1129 2968 1202 2990 rum
1231 2956 1455 2988 turonensium
1490 2954 1525 2983 in
1560 2953 1640 2982 festo
1674 2948 1930 2981 Resurrectionis
1967 2945 2126 2977 dominice

1131 3013 1273 3052 proximo
1296 3010 1413 3045 futuro,
1434 3011 1600 3047 postquam
1621 3003 1805 3043 hujusmodi
1830 3000 1991 3040 impositio
2008 2997 2126 3038 prefate
