2342 3652
962 323 1180 363 PREMIERE
1197 323 1354 362 ANNE'JE.
2185 337 2202 367 9

158 413 171 429 «
184 403 221 431 In
238 410 263 430 e.
281 410 324 430 m.
337 401 502 430 carissimo
512 401 546 430 in
561 400 687 431 Christo
698 401 766 439 regi
777 401 971 430 Francorum
987 398 1116 436 illustri,

117 459 174 484 etc.
198 462 297 492 usque
315 453 534 483 incrementis.
553 453 658 489 Quare
679 452 901 483 celsitudinem
922 451 1044 489 regiam
1063 460 1117 489 pa-

117 511 207 537 terno
218 515 367 544 rogamus
376 510 406 535 et
419 506 584 536 hortamur
594 506 707 536 affectu
717 509 872 544 quatenus
886 503 1024 533 eundem
1038 503 1117 542 epis-

116 569 230 599 copum
251 564 281 589 et
301 559 467 589 ecclesiam
490 559 687 589 Meldensem
707 559 858 598 prefatam
878 566 934 595 pro
957 561 1063 586 nostra
1088 561 1117 586 et

116 613 284 652 apostolice
303 612 387 642 sedis
403 613 581 642 reverentia
602 613 721 642 habens
741 611 929 649 propensius
950 618 1115 639 commen-

116 667 219 703 datOS,
244 667 288 696 sic
306 670 332 695 te
348 666 454 696 eidem
470 667 612 704 episcopo
627 664 830 695 favorabilem
848 663 999 693 exhibeas
1017 668 1046 692 et
1061 663 1117 692 be-

117 719 266 757 nignum,
284 728 319 748 ac
332 719 436 757 ipsum
454 724 484 749 et
499 719 632 748 eandem
649 717 813 748 ecclesiam
830 716 1048 746 benevolentie
1064 720 1116 746 tue

115 772 216 809 gratia
230 772 448 810 prosequaris,
467 771 550 810 quod
564 772 630 809 ipse
645 770 740 808 regiis
756 769 854 798 fultus
870 769 1016 808 presidiis
1035 777 1116 798 com-

116 825 248 854 missum
263 825 322 854 sihi
336 825 480 862 regimen
496 824 620 854 facilius
637 827 667 852 et
682 822 835 852 efficatius
852 826 1072 860 prosequatur,
1088 825 1118 851 et

116 885 173 907 nos
197 878 472 915 magnificentiam
500 882 584 907 tuam
612 875 720 913 dignis
748 874 896 904 laudibus
923 875 957 904 in
978 875 1117 904 Domino

115 929 308 960 attollamus.
327 931 397 961 Dat.
416 935 450 961 ut
466 938 568 968 supra.
588 940 600 955 n

185 1090 311 1117 4245
605 1085 815 1119 Saint-Pierre,
834 1086 863 1112 17
880 1087 950 1112 avril
969 1086 1044 1113 1288.

149 1151 176 1177 J.
195 1151 358 1185 praeficitur
372 1151 400 1177 in
416 1150 583 1184 episcopum
606 1148 745 1175 ecclesiae
764 1148 932 1175 Perusinae.
957 1148 1047 1181 (Rae.
1065 1150 1114 1181 44,

115 1208 140 1226 c.
157 1199 200 1230 20,
218 1200 238 1226 f.
254 1201 268 1226 (ἃ
283 1202 332 1230 vo.)

154 1323 259 1352 Dilecto
277 1322 342 1359 filio
357 1321 385 1350 J.
404 1321 491 1349 electo
514 1321 673 1349 Perusino.
694 1319 794 1356 Eum,
818 1324 893 1350 tunc
915 1320 1112 1350 archidiaco-

114 1383 193 1404 num
208 1373 471 1413 Aquilegensem,
490 1372 692 1412 capellanum
712 1373 813 1411 ipsius
832 1382 948 1412 papae,
974 1373 1116 1413 praeficit

114 1427 263 1458 ecclesiae
278 1426 452 1456 Perusinae
470 1426 504 1455 in
520 1426 713 1465 episcopum.

153 1481 227 1510 Post
254 1479 374 1509 obitum
404 1479 561 1509 Bernardi
590 1479 753 1517 quondam
776 1480 927 1510 Perusini
957 1481 1112 1519 episcopi,

113 1533 244 1570 contigit
270 1532 348 1561 duas
374 1532 544 1562 electiones
574 1532 608 1561 in
641 1532 752 1562 eadem
779 1533 922 1570 ecclesia,
953 1543 1049 1563 unam
1076 1534 1115 1564 de

113 1585 256 1616 Libriaco
268 1585 543 1624 archipresbytero
559 1585 659 1624 ipsius
677 1585 841 1622 ecclesiae,
855 1586 987 1616 alteram
1001 1587 1039 1616 de
1054 1588 1114 1617 Ra-

113 1639 212 1675 nerio,
231 1638 339 1668 abbate
355 1639 540 1668 monasterii
557 1638 588 1668 S.
610 1639 696 1668 Petri
713 1639 874 1677 Perusini,
894 1649 912 1668 a
927 1640 1064 1679 capitulo
1079 1641 1113 1669 in

113 1691 267 1721 discordia
281 1690 449 1728 celebrari,
479 1700 615 1730 quarum
636 1691 828 1722 electionum
852 1701 927 1722 suae
951 1694 1114 1722 consensit

112 1743 213 1773 dictus
233 1743 527 1782 archipresbyterus
550 1745 683 1783 ejusque
699 1745 978 1775 confirmationem
995 1745 1113 1775 sollici-

112 1797 205 1833 tavit,
230 1797 285 1827 sed
304 1797 505 1836 postmodum
534 1798 638 1827 eidem
663 1798 878 1836 renuntiavit,
905 1799 1009 1828 dictus
1039 1808 1113 1829 vero

111 1849 205 1879 abbas
225 1859 283 1880 nec
303 1850 460 1889 praefatae
481 1850 629 1880 electioni
648 1851 686 1880 de
703 1860 736 1881 se
756 1851 855 1881 factae
878 1853 1040 1882 consensit
1056 1861 1112 1882 nec

112 1911 166 1942 pro
180 1903 278 1941 ipsius
293 1902 456 1933 electionis
474 1903 717 1934 confirmatione
735 1904 871 1943 petenda
887 1905 972 1934 infra
987 1909 1113 1944 tempus

111 1956 149 1986 ad
165 1956 223 1987 hoc
239 1965 257 1986 a
269 1957 341 1996 jure
359 1961 512 1987 statutum
537 1957 577 1987 ad
599 1957 707 1987 sedem
731 1958 925 1996 praedictam
949 1959 1038 1988 venit
1057 1968 1113 1989 seu

111 2009 248 2048 aliquem
263 2009 443 2040 destinavit.

152 2074 165 2089 ι
183 2063 221 2092 [n
237 2071 382 2102 supreme
397 2063 599 2101 dignitatis...
619 2081 651 2085 -
675 2064 746 2094 Dat.
765 2065 882 2101 Rome,
900 2065 983 2104 apud
1002 2065 1034 2095 S.
1052 2066 1112 2095 Pe-

110 2119 195 2144 trum
208 2139 215 2152 ,
231 2124 270 2144 xv
285 2115 437 2146 kalendas
455 2117 532 2146 maii
546 2141 553 2154 ‚
569 2125 655 2147 anno
671 2118 782 2155 primo.
802 2129 814 2143 n

150 2168 188 2197 In
205 2177 232 2197 e.
249 2177 291 2198 m.
311 2192 330 2199 ..
347 2169 624 2209 archipresbytero
643 2174 673 2200 et
692 2171 829 2209 capitulo
849 2171 1000 2202 ecclesiae
1015 2173 1113 2202 Peru-

111 2221 199 2251 sinae
223 2222 353 2252 mandat
370 2227 526 2261 quatenus
547 2224 649 2254 eidem
670 2224 768 2254 electo
793 2225 931 2254 debitam
957 2226 1110 2256 obedien-

112 2276 186 2304 tiam
204 2275 383 2314 praebeant.

152 2329 187 2358 [n
203 2337 230 2358 e.
251 2338 293 2358 m.
311 2329 394 2360 clero
409 2330 544 2361 civitatis
561 2335 591 2361 et
606 2331 759 2361 dioecesis
774 2332 961 2362 Perusinae.

149 2381 187 2410 In
204 2390 230 2411 e.
248 2391 292 2411 m.
310 2382 423 2421 populo
437 2384 572 2414 civitatis
587 2388 618 2414 et
633 2385 785 2415 dioecesis
802 2386 988 2416 Perusinae.

178 2540 308 2582 ane-413

143 2601 292 2629 Mathaeus
309 2603 471 2637 praeficitur
486 2603 513 2630 in
529 2604 658 2631 abbatem
674 2606 847 2632 monasterio
863 2605 915 2632 SS.
932 2606 1066 2633 Andreae
1082 2610 1110 2633 et

107 2650 239 2685 Gregorii
255 2651 283 2677 in
301 2650 379 2677 Clivo
396 2650 497 2677 Scauri
513 2651 547 2678 de
562 2651 651 2679 Urbe.
668 2653 756 2687 (Rae.
775 2654 817 2685 44,
836 2662 861 2680 c.
878 2654 922 2685 21,
939 2654 958 2680 f.
976 2655 991 2680 7
1009 2656 1056 2689 r0.)

590 2542 785 2570 Saint-Pierre
797 2566 803 2575 ‚
826 2545 855 2570 11
872 2545 942 2571 avril
959 2544 1037 2572 1288.

147 2772 256 2802 Dilecto
270 2773 335 2809 filio
353 2773 448 2809 fratri
465 2773 579 2803 Matheo
590 2797 597 2811 ‚
613 2775 714 2805 abbati
729 2777 908 2805 monasterii
925 2777 977 2806 SS.
994 2777 1109 2806 Amlree

106 2831 132 2855 et
148 2826 284 2863 Greqorii
301 2828 332 2855 ιή
352 2827 434 2856 Clivo
451 2827 560 2856 Scauri
576 2828 609 2856 de
633 2828 704 2857 Urbe
723 2830 762 2858 ad
777 2838 939 2859 romanam
955 2831 1108 2859 ecclesiam

106 2878 190 2908 nullo
206 2880 303 2908 medio
314 2881 506 2918 pertinentis,
522 2881 641 2909 ordinis
653 2881 683 2910 S.
698 2881 857 2912 Benedicti.
874 2882 956 2912 Eum
967 2883 1109 2921 praeficit

103 2931 138 2960 in
155 2931 297 2961 abbatem
315 2932 474 2970 praedicto
493 2933 694 2962 monasterio.

146 2984 218 3013 Post
236 2989 369 3015 mortem
389 2985 569 3023 Octaviani,
588 2985 729 3024 ejusdem
746 2987 928 3018 monasterii
946 2988 1107 3027 quondam

245 3051 317 3078 Rae.
338 3051 462 3079 Nicoms
481 3051 534 3078 IV.

1200 398 1321 427 abbatis
1336 423 1341 435 ,
1369 421 1387 427 ..
1408 399 1493 438 prior
1509 404 1538 429 et
1554 405 1730 430 conventus
1744 425 1751 437 ,
1779 401 1852 430 sede
1877 401 2045 439 apostolica
2068 411 2121 440 per
2135 403 2202 433 obi—

1202 455 1268 480 tum
1286 452 1419 481 Honorii
1438 453 1504 482 IIII
1524 458 1672 490 vacante,
1695 463 1713 483 a
1731 454 1863 492 collegio
1879 454 2091 484 cardinalium
2107 456 2203 486 licen—

1200 504 1277 533 tiam
1294 505 1507 542 postularant,
1527 516 1623 545 quam
1643 508 1790 537 obtinere
1807 512 2005 546 nequerunt,
2023 513 2056 537 ut
2073 508 2106 537 hi
2122 509 2204 540 dicto

1200 558 1391 587 monasterio
1410 559 1574 596 providere
1592 560 1817 598 dignarentur.

1242 622 1253 636 u
1274 610 1359 640 Dum
1375 615 1492 641 attente
1509 613 1813 643 considerationis...
1832 629 1872 635 —-
1894 614 1965 643 Dat.
1984 614 2084 644 Rome
2099 639 2104 650 ,
2121 616 2204 654 apud

1200 662 1231 692 S.
1250 663 1381 692 Petrum
1394 688 1401 701 ,
1420 674 1454 693 111
1471 665 1542 694 idus
1558 666 1682 704 aprilis,
1704 675 1789 696 anno
1808 666 1920 705 primo.
1937 679 1949 693 ›

1239 715 1278 744 In
1300 725 1328 745 e.
1352 726 1394 745 in.
1421 740 1441 746 ..
1466 718 1562 756 priori
1588 723 1618 748 et
1642 720 1814 749 conventui
1838 719 1990 758 praedicti
2017 723 2203 752 monasterii

1200 769 1330 798 mandat
1344 773 1500 808 quatenus
1513 771 1616 801 eidem
1630 773 1734 802 abbati
1746 773 1886 802 debitam
1896 773 2107 804 obedientiam
2118 784 2202 814 prae-

1199 821 1305 851 beant.

1240 875 1277 904 In
1295 885 1322 905 e.
1339 885 1383 906 m.
1402 878 1559 907 universis
1575 878 1719 908 vassallis
1735 879 1886 917 praedicti
1906 881 2090 910 monasterii
2112 891 2202 911 man-

1202 928 1255 958 dat
1278 934 1437 967 quatenus
1453 930 1557 959 eidem
1574 931 1677 960 abbati
1694 931 1785 961 solita
1800 931 1960 961 fidelitatis
1973 934 2155 971 juramenta
2175 939 2205 964 et

1202 982 1331 1011 servitia
1346 983 1526 1021 praebeant.

1269 1185 1324 1212 49
1693 1187 1902 1220 Saint-Pierre‚
1921 1189 1952 1216 13
1968 1190 2036 1216 avril
2058 1190 2131 1217 1288.

1233 1248 1407 1283 Raginaldo,
1425 1249 1520 1275 abbati
1537 1250 1702 1276 monasterii
1723 1250 1753 1277 S.
1773 1250 1909 1277 Florentii
1925 1251 2142 1285 Salmuriensis,
2160 1254 2204 1281 fa-

1198 1297 1333 1324 cultatem
1357 1298 1489 1324 concedit
1515 1298 1655 1325 retinendi
1678 1307 1770 1334 usque
1795 1299 1830 1326 ad
1851 1301 2079 1335 quinquennium
2096 1305 2153 1329 tres
2168 1311 2203 1330 ex

1197 1346 1370 1380 prioratibus
1385 1347 1530 1381 praedicto
1548 1349 1720 1374 monasterio
1735 1349 1876 1383 subjectis
1891 1353 1919 1376 et
1934 1358 2032 1376 eorum
2047 1355 2203 1385 proventus

1197 1395 1381 1421 convertendi
1406 1395 1439 1421 ad
1465 1397 1713 1422 constructionem
1739 1398 1835 1431 pontis
1860 1398 1961 1432 lapidei
1985 1406 2072 1433 super
2096 1399 2203 1427 flumen

1196 1443 1324 1477 Ligeris,
1347 1444 1429 1477 juxta
1456 1444 1644 1471 Salmurium.
1670 1445 1756 1478 (Rae.
1775 1446 1821 1479 44,
1846 1454 1870 1472 c.
1887 1445 1936 1477 ⁶2⁵2,
1960 1446 1978 1472 f.
1996 1448 2010 1472 Τ
2026 1454 2064 1479 r⁰;
2084 1447 2149 1474 Lm.
2168 1457 2203 1475 nu

1196 1491 1296 1523 Tam,
1316 1491 1345 1522 I,
1364 1492 1401 1525 7.)

1235 1615 1403 1652 Rayinaldo
1422 1639 1428 1651 ,
1464 1616 1564 1644 abbati
1602 1618 1783 1645 monasterii
1816 1616 1920 1646 Sancti
1951 1619 2098 1647 Florentii
2133 1620 2201 1649 Sal-

1197 1668 1362 1697 mariensis
1379 1689 1388 1704 ‚
1418 1669 1534 1697 ordinis
1560 1668 1589 1697 S.
1619 1669 1794 1706 Benedicti,
1822 1671 2042 1709 Andeyavensts
2065 1673 2199 1702 diocesis.

1198 1732 1211 1746 (ι
1285 1720 1369 1750 Sane
1386 1721 1495 1758 petitio
1515 1725 1566 1750 tua
1582 1721 1674 1750 nobis
1693 1722 1833 1751 exhibita
1848 1723 2032 1753 continebat
2047 1725 2130 1762 quod
2146 1734 2202 1763 pro

1195 1774 1420 1803 constitutione
1442 1775 1545 1812 pontis
1567 1773 1683 1813 lapidei
1702 1784 1799 1813 quem
1819 1776 1940 1805 dudum
1963 1777 2200 1815 predecessores

1197 1826 1258 1862 tui,
1278 1826 1405 1856 abbates
1423 1826 1498 1856 dicti
1523 1829 1727 1864 monasterii,
1745 1829 1835 1867 juxta
1860 1829 2058 1860 Salmurium
2072 1854 2079 1864 ,
2107 1840 2201 1870 super

1196 1879 1316 1909 flumen
1344 1880 1466 1918 Ligeris
1489 1885 1673 1911 construere
1696 1881 1887 1921 inceperunt
1909 1892 2001 1921 opere
2025 1883 2201 1922 plurimum

1195 1937 1396 1971 sumptuoso,
1422 1933 1504 1972 quod
1528 1934 1620 1964 debet
1638 1935 1713 1964 dicti
1729 1936 1914 1965 monasterii
1932 1937 2111 1975 sumptibus
2127 1946 2201 1967 con-

1195 1987 1315 2015 sumari
1327 2009 1334 2023 ,
1355 1986 1470 2016 teneris
1486 1987 1680 2025 quingentas
1696 1988 1793 2018 libras
1810 1989 2049 2019 Turonensium
2065 1999 2120 2019 seu
2137 1991 2201 2019 An-

1194 2039 1424 2076 degavensium
1438 2040 1616 2079 expendere
1629 2041 1808 2071 annuatim.
1824 2042 1890 2071 Nos
1903 2043 2011 2081 itaque
2022 2051 2201 2080 congruum

1196 2092 1385 2122 extimantes
1419 2093 1549 2132 aliquod
1579 2094 1638 2123 tihi
1665 2095 1704 2124 ab
1728 2095 1898 2133 apostolica
1922 2096 1995 2125 sede
2023 2092 2200 2126 subsidium

1194 2145 1381 2183 provenire,
1402 2154 1457 2184 per
1473 2146 1556 2184 quod
1574 2155 1727 2185 expensas
1752 2147 1937 2186 hujusmodi
1954 2148 2078 2178 facilius
2096 2149 2201 2179 valeas

1195 2202 1393 2236 supportare,
1413 2198 1476 2228 tuis
1494 2199 1778 2237 supplicationibus
1796 2200 1961 2237 inclinati,
1982 2202 2142 2231 retinendi
2161 2202 2200 2232 ad

1194 2259 1309 2280 manus
1326 2255 1394 2280 tuas
1415 2261 1515 2290 usque
1536 2252 1575 2281 ad
1596 2253 1857 2291 quinquennium
1876 2258 1937 2283 tres
1954 2264 1990 2284 ex
2011 2255 2201 2293 prioratibus

1194 2304 1387 2334 monasterio
1401 2305 1540 2343 predicto
1553 2306 1713 2344 subjectis,
1729 2307 1763 2336 in
1778 2307 1893 2345 quibus
1910 2308 2006 2337 abbas
2022 2309 2120 2347 ipsius
2137 2318 2200 2339 mo-

1193 2358 1345 2395 nasterii,
1364 2359 1419 2397 qui
1444 2364 1490 2388 est
1514 2368 1569 2397 pro
1595 2363 1750 2399 tempore,
1773 2361 1894 2399 priores
1920 2364 2007 2400 ponit
2033 2366 2063 2392 et
2086 2363 2199 2392 exinde

1192 2415 1316 2441 amovet
1331 2420 1386 2450 pro
1403 2421 1457 2441 sue
1475 2412 1566 2442 libito
1583 2413 1752 2443 voluntatis
1764 2437 1772 2450 ‚
1788 2414 1990 2453 fructusque,
2009 2415 2150 2444 redditus
2170 2420 2199 2444 et

1191 2468 1363 2502 proventus
1392 2465 1590 2503 prioratuum
1620 2466 1804 2496 eorumdem
1836 2467 1870 2496 in
1906 2476 1983 2507 opus
2013 2468 2197 2506 hujusmodi

1192 2517 1414 2555 convertendi,
1430 2518 1475 2548 ita
1493 2523 1598 2548 tamen
1616 2519 1700 2558 quod
1716 2520 1815 2549 iidem
1832 2521 1989 2559 prioratus
2008 2521 2121 2550 debitis
2140 2522 2196 2551 oh-

1191 2570 1309 2608 sequiis
1324 2579 1389 2601 non
1403 2571 1591 2601 fraudentur
1606 2581 1663 2602 nec
1676 2577 1849 2602 consuetus
1864 2582 2017 2603 numerus
2029 2574 2198 2604 monacho-

1190 2631 1264 2652 rum
1281 2622 1314 2651 in
1332 2623 1410 2662 ipsis
1426 2624 1565 2654 Domino
1584 2625 1812 2655 famulantium
1830 2629 1993 2664 propterea
2014 2627 2196 2662 minuatur,

1192 2675 1247 2705 sed
1262 2675 1496 2706 nichilominus
1513 2677 1639 2715 integer
1654 2682 1875 2714 conservetur,
1897 2682 1927 2707 et
1941 2679 2018 2716 ipsis
2034 2679 2199 2708 monachis

1190 2727 1254 2757 vite
1269 2729 1446 2758 necessaria
1463 2737 1551 2758 more
1568 2729 1658 2759 solito
1676 2729 1910 2767 ministrentur,
1928 2739 2053 2761 necnon
2069 2736 2196 2761 contra-

1191 2780 1326 2810 dictores
1351 2790 1407 2819 per
1431 2790 1604 2811 censuram
1631 2781 1876 2812 ecclesiasticam
1892 2783 2102 2822 appellatione
2120 2787 2199 2822 post-

1190 2834 1291 2872 posita
1316 2834 1541 2872 compescendi
1562 2834 1690 2872 plenam
1713 2839 1743 2864 et
1765 2835 1898 2865 liberam
1921 2836 1975 2866 tibi
1995 2837 2198 2867 concedimus

1191 2890 1302 2916 tenore
1318 2887 1515 2925 presentium
1533 2887 1755 2917 facultatem...
1780 2900 1793 2915 n

1232 2951 1245 2966 α
1263 2939 1451 2969 Inducimur
1468 2940 1591 2969 meritis
1609 2940 1813 2978 religionis...
1831 2959 1870 2963 -—
1887 2942 1957 2971 Dat.
1978 2943 2095 2979 Home,
2114 2943 2197 2981 apud

1191 2992 1344 3023 Sanctum
1362 2993 1509 3030 Petrum,
1530 2993 1637 3023 idibus
1653 2994 1762 3032 aprilis
1775 3017 1783 3031 ,
1801 3003 1886 3024 anno
1902 2995 2013 3033 primo.
2036 3007 2048 3021 ι)

2040 3061 2054 3086 ‘2
