2477 3637
206 382 262 411 ‘24⁶2
547 387 550 389 ’
955 370 1191 402 REGISTRES
1213 369 1267 399 DE
1290 365 1473 398 NICOLAS
1496 366 1552 396 IV.

201 447 324 479 ordinis
337 446 471 475 fratrum
488 443 649 472 minorum
668 439 888 479 professorem,
903 430 1057 468 ecclesiae
1072 436 1208 466 Triden-

206 501 309 535 tinae,
327 497 450 529 vacanti
469 506 522 535 per
546 495 669 525 obitum
688 493 836 528 Henrici,
856 491 940 531 apud
959 490 1066 521 sedem
1085 494 1212 530 aposto-

204 554 296 584 licam
313 551 466 587 defuncti,
485 549 670 587 episcopum
688 545 842 585 praeficit.

246 620 260 635 u
276 605 412 636 Romani
427 602 584 643 pontificis
598 609 734 640 quem...
748 616 787 622 —
804 599 876 629 Dat.
898 599 1011 635 Reate,
1024 607 1045 627 11
1058 597 1213 628 kalendas

205 659 353 698 augusti,
369 666 454 687 anno
471 655 621 686 seeundo.
640 666 652 681 ι

245 714 283 743 In
307 722 333 743 e.
352 721 394 741 ni.
413 709 551 749 capitulo
566 708 754 738 Tridentino
778 706 910 736 mandat
931 709 1087 745 quatenus
1106 704 1213 734 eidem

204 767 349 806 episcopo
364 765 502 794 debitam
519 762 738 793 obedientiam
754 761 912 800 praebeat.

247 821 281 850 In
299 830 327 850 e.
347 829 388 848 m.
408 818 493 848 clero
510 817 651 847 civitatis
670 820 699 846 et
717 815 869 846 dioecesis
885 813 1105 844 Tridentinae.

245 875 284 904 In
301 883 328 904 e.
347 882 390 902 m.
411 871 525 911 populo
541 870 681 901 civitatis
699 873 728 899 et
744 868 898 899 dioecesis
913 867 1132 897 Tridentinae.

248 929 283 958 In
304 937 331 958 e.
349 936 391 956 ui.
410 924 555 955 vassallis
571 923 782 954 Tridentinae
797 921 959 952 ecclesiae.

282 1075 302 1102 Ι
315 1073 442 1102 iss-1
455 1071 540 1101 153
818 1067 904 1101 Rieu,
923 1068 937 1093 5
954 1067 1049 1101 juillet
1068 1065 1143 1092 1289.

244 1136 286 1162 De
302 1135 485 1163 contentione
506 1135 580 1160 inter
595 1140 749 1159 commune
766 1130 932 1157 paduanum
949 1133 976 1156 et
991 1128 1131 1164 quaedam
1155 1135 1217 1154 mo-

208 1185 342 1212 nasteria.
361 1184 444 1217 (Rau.
463 1183 505 1214 44,
523 1190 547 1209 c.
569 1182 628 1212 35⁵2.
645 1181 664 1208 s.
682 1180 732 1208 182
749 1180 799 1214 vo.)

248 1290 366 1319 Dilectis
387 1288 487 1325 filiis..
511 1284 663 1322 potestati,
686 1283 812 1312 consitio
827 1285 853 1310 et
869 1281 1025 1310 commum?
1039 1279 1196 1308 Paduam's
1210 1301 1218 1315 ‚

207 1343 264 1382 qui
279 1342 406 1372 diversa
421 1337 614 1369 monasteria
624 1336 791 1374 utriusque
807 1343 911 1370 sexus,
924 1334 957 1363 in
973 1332 1127 1367 Venetiis,
1146 1331 1220 1362 Cas-

208 1395 345 1428 tellanae
361 1392 532 1428 dioecesis,
546 1394 575 1421 et
591 1388 782 1424 Castellana,
800 1387 970 1425 Clugiensi
987 1390 1017 1416 et
1031 1384 1220 1416 Torcellana

208 1448 389 1481 civitatibus
409 1450 439 1476 et
457 1444 654 1475 dioecesibus
676 1441 882 1472 consistentia
895 1463 904 1478 ,
921 1439 1159 1478 impediverunt
1179 1447 1220 1468 ne

206 1503 248 1534 ad
269 1510 326 1532 sua
347 1499 499 1531 coenobia
525 1498 633 1535 fruges
654 1505 691 1526 ex
713 1494 965 1534 possessionibus
991 1501 1070 1532 quas
1092 1493 1126 1522 in
1150 1491 1220 1521 dis—

209 1557 303 1587 trictu
329 1555 368 1584 de
396 1551 542 1583 Venetiis
556 1550 677 1580 habent
695 1549 775 1580 ferre
795 1551 940 1587 possent,
958 1546 1090 1576 mandat
1104 1550 1142 1576 ut
1164 1546 1220 1575 bas

208 1611 318 1648 fruges
330 1608 430 1638 libere
439 1605 592 1645 asportari
606 1604 734 1640 sinant;
751 1602 894 1642 alioquin
907 1601 1048 1641 Symeon
1067 1601 1218 1637 Maurus,

209 1661 415 1704 primicerius
439 1659 592 1690 ecclesiae
612 1657 720 1689 Sancti
740 1656 839 1686 Marci
855 1655 894 1686 de
914 1654 1078 1691 Venetiis,
1103 1653 1144 1684 ad
1162 1653 1221 1684 boc

210 1726 263 1748 eos
284 1725 338 1756 per
351 1722 522 1745 censuram
540 1711 744 1751 apostolicam
762 1713 948 1749 compescet.

252 1783 267 1799 «
284 1768 431 1801 Occurrit
443 1768 502 1798 hoc
519 1771 697 1805 tempore...
715 1782 753 1787 —
769 1765 840 1794 Dat.
856 1765 967 1799 Reate,
982 1772 1016 1792 111
1031 1770 1133 1792 nonas
1144 1761 1223 1801 julii

213 1833 300 1856 anno
315 1822 467 1854 secundo.
485 1832 500 1848 n

256 1878 333 1908 Ine.
350 1886 394 1907 m.
419 1875 574 1915 Symeoni
592 1874 714 1909 Mauro,
744 1871 927 1911 primicerio
946 1869 1096 1900 ecclesiae
1113 1869 1222 1900 Sancti

216 1931 315 1962 Marci
339 1931 377 1960 de
398 1929 560 1966 VenetiiS‚
579 1927 711 1957 mandat
734 1930 892 1965 quatenus
910 1924 1069 1963 praedicta
1084 1928 1222 1963 potesta-

216 1990 292 2022 tem,
309 1983 481 2015 consilium
498 1986 527 2011 et
542 1989 713 2011 commune
729 1989 784 2019 per
795 1987 963 2009 censuram
976 1977 1223 2008 ecclesiasticam

215 2039 255 2070 ad
281 2037 484 2077 implendum
509 2035 687 2075 praefatum
711 2033 915 2069 mandatum,
940 2031 969 2062 si
991 2031 1023 2061 id
1047 2030 1224 2070 adimplere

218 2085 427 2124 neglexerint,
446 2086 634 2122 compescat.
653 2082 724 2112 Dat.
744 2085 898 2118 utsupra.

293 2231 315 2259 ἱ
327 2230 454 2260 mod
465 2229 546 2259 161
837 2226 923 2258 Rieti,
936 2225 952 2253 6
964 2226 1060 2261 juillet
1076 2224 1154 2252 1289.

254 2292 296 2320 De
312 2292 496 2320 contentione
510 2291 585 2318 inter
600 2297 754 2317 commune
769 2288 953 2315 Tervisinum
968 2291 997 2314 et
1007 2287 1148 2323 quaedam
1165 2295 1227 2314 mo-

219 2343 356 2370 nasteria.
372 2342 455 2377 (Rso.
473 2341 517 2372 44,
533 2348 559 2367 c.
578 2337 650 2373 3522,
668 2339 687 2366 f.
705 2338 755 2366 183
769 2339 818 2370 ro.)

260 2434 383 2476 Dilectts'
396 2445 503 2482 filiis..
520 2444 669 2481 potestati,
687 2442 814 2472 consilio
830 2447 855 2471 et
871 2441 1028 2471 communi
1050 2440 1226 2477 Tervt'st'nis,

221 2505 375 2538 utsupra.
1164 2529 1168 2533 ,

263 2566 276 2581 α
307 2552 456 2584 Occurrit
484 2547 755 2589 hoc'tempore...
782 2567 820 2571 -
851 2549 922 2579 Dat.
954 2549 1062 2583 Reate,
1083 2557 1106 2577 11
1127 2556 1230 2578 nonas

219 2607 306 2647 julii,
323 2615 409 2637 auno
425 2605 576 2635 secundo.
595 2616 610 2632 ι)

262 2661 300 2691 Ιι]
319 2670 346 2691 e.
367 2669 410 2691 m.
428 2659 582 2698 Symeoni
608 2658 738 2695 Mauro,
755 2657 939 2696 primicerio
954 2655 1105 2686 ecclesiae
1122 2655 1230 2686 Sancti

225 2707 321 2737 Marci
339 2707 377 2737 de
394 2706 550 2737 Venetiis.

300 2852 319 2879 ι
333 2853 352 2880 1
361 2852 417 2880 oz
820 2849 909 2882 meti,
927 2848 956 2876 31
971 2849 1066 2884 juillet
1082 2826 1168 2876 1289.v

261 2913 420 2940 Translatio
437 2914 602 2940 monasterii
615 2913 650 2940 de
664 2912 812 2940 Gandavo.
826 2911 910 2946 (Rae.
927 2912 970 2944 44,
983 2919 1009 2938 c.
1022 2911 1082 2943 353,
1098 2911 1118 2938 f.
1136 2910 1186 2938 183
1198 2915 1233 2941 r⁰;

227 2962 292 2989 Lm».
309 2971 342 2990 ou
358 2962 507 2993 Tann..11‚
523 2962 590 2995 2083
611 2962 728 2996 Porus,
745 2961 854 2996 ε23026.)

275 3057 440 3087 Venerabili
463 3058 581 3093 fratri..
599 3058 730 3096 episcopo
757 3057 964 3087 camaracensi
980 3055 1110 3086 mandat
1124 3058 1234 3094 quate-

1301 443 1363 464 nus
1390 432 1552 463 sororibus
1578 430 1764 461 monasterii
1786 429 1825 460 de
1849 428 2018 466 Gandav0‚
2037 429 2159 460 ordinis
2175 429 2307 462 Sanctae

1299 488 1427 521 Clarae,
1446 484 1688 516 Cameracensis
1704 483 1874 520 dioecesis,
1897 483 2028 522 petitam
2046 482 2210 513 licentiam
2231 491 2305 514 con-

1299 541 1389 571 cedat
1408 538 1625 570 transferendi
1644 536 1876 568 monasterium
1897 545 1991 566 suum
2013 535 2052 566 de
2069 535 2137 566 loco
2155 535 2305 575 solitario,

1298 595 1353 626 ubi
1372 595 1555 633 frequenter
1577 592 1738 622 latronum
1755 589 1978 620 invasionibus
2004 593 2251 629 conquassatur,
2267 589 2308 621 ad
2327 622 2330 630 ,
2356 574 2362 580 ’

1298 649 1398 679 alium
1428 647 1531 678 locuni
1561 645 1663 683 magis
1691 643 1948 681 accomodatum,
1975 651 2073 682 quern
2102 644 2190 683 justo
2216 643 2308 676 titulo

1298 702 1456 733 obtinent.
2312 728 2315 733 ,

1341 769 1353 783 α
1376 756 1415 785 Ex
1432 759 1518 794 parte
1533 752 1761 783 dilectarum...
1779 767 1816 772 —
1829 750 1900 780 Dat.
1919 751 2029 787 Reate,
2047 759 2070 781 11
2085 749 2239 780 kalendas
2253 756 2314 783 ati-‘—

1299 810 1401 849 gusti,
1421 817 1507 838 anuo
1524 806 1674 837 secundo.
1699 817 1712 832 n

2465 514 2477 814 ἐξεῖπε-ς.

1375 955 1396 983 Ι
1409 955 1428 983 Ι
1437 955 1495 983 (33
1936 950 2025 982 Rieu,
2043 949 2060 976 2
2074 950 2143 977 aout
2157 948 2237 978 1289.

1337 1018 1520 1053 Dispensatio
1529 1016 1738 1052 supet-defectu
1751 1013 1993 1048 natalium.(Rao.
2004 1013 2048 1045 44,
2057 1021 2084 1040 c.
2097 1012 2158 1044 354,
2171 993 2325 1048 5183130)

1342 1143 1362 1150 ..
1381 1121 1483 1150 abbati
1499 1119 1678 1149 monaster—it
1695 1118 1852 1153 Casenove,
1873 1115 2222 1156 cisterciensisstrdtnis,
2235 1115 2315 1155 Perti-5

1301 1175 1403 1204 nensis
1429 1175 1568 1210 diocesis,
1597 1172 1727 1202 mandat
1742 1175 1900 1211 qnatenus
1918 1178 1992 1200 curn
2007 1169 2146 1208 Georgio
2161 1168 2201 1198 de
2215 1167 2319 1207 Ocrea

1301 1228 1507 1266 presbytero,
1526 1225 1684 1257 monacho
1703 1225 1845 1264 ejusdem
1869 1222 2067 1260 monasterii,
2087 1222 2250 1261 dispenset
2264 1219 2317 1260 utss,

1301 1289 1366 1311 non
1382 1281 1526 1311 obstante
1547 1280 1670 1310 defectu
1694 1278 1850 1309 natalium
1871 1286 1967 1316 quem
1987 1276 2115 1315 patitur,
2137 1283 2154 1306 e
2178 1275 2312 1315 presby<

1302 1339 1368 1365 tero
1383 1334 1511 1377 genitus
1528 1337 1558 1363 et
1573 1333 1685 1369 soluta,
1703 1332 1736 1361 in
1757 1332 1910 1370 susceptis
1927 1329 2107 1367 ordinibus,
2124 1337 2180 1369 pro
2194 1329 2311 1369 quibu

1300 1388 1365 1427 jam
1392 1387 1665 1426 dispensationem
1681 1386 1830 1425 obtinuit,
1848 1384 2034 1414 ministrare
2049 1387 2080 1414 et
2094 1383 2134 1414 ad
2149 1382 2261 1422 regula
2283 1396 2313 1409 ’.ε

1301 1440 1597 1472 administrationes
1613 1441 1662 1470 sni
1679 1439 1803 1470 ordinis
1818 1438 1939 1468 assumi
1956 1426 2070 1468 valeat.

1345 1507 1358 1522 α
1379 1493 1548 1532 Regularis
1579 1493 1704 1523 ordinis
1731 1491 2002 1531 professoribus...
2023 1507 2063 1513 —
2091 1489 2166 1522 Dat.
2198 1489 2297 1526 Reate
2316 1523 2319 1526 ,

1303 1558 1349 1578 nn
1367 1556 1470 1577 nonas
1487 1547 1631 1586 augusti,
1649 1555 1735 1577 anno
1751 1545 1902 1576 secundo.
1926 1557 1938 1571 n
2306 1532 2309 1534 ³

2299 1658 2305 1674 v

1379 1694 1399 1722 Ι
1412 1693 1539 1723 164-1
1552 1693 1571 1721 Ι
1581 1692 1636 1722 ⁴3³2
1900 1691 1986 1724 Rieti,
2003 1690 2038 1718 23
2052 1689 2148 1725 juillet
2164 1688 2242 1717 1289.

1339 1756 1548 1791 Indulgentiae.
1567 1755 1649 1789 (Rue.
1668 1755 1711 1788 44,
1725 1763 1752 1782 c.
1769 1754 1830 1788 355,
1848 1754 1866 1780 f.
1885 1753 1934 1781 183
1955 1754 2003 1786 το.)

1348 1859 1500 1889 Universis
1517 1858 1632 1887 Gltrtstt
1646 1858 1787 1894 fidelibus
1810 1861 1962 1895 presentes
1981 1856 2099 1886 litteras
2122 1847 2317 1893 inspeotwm‘s

1305 1912 1547 1950 Indulgentiam
1564 1921 1601 1941 xx,
1619 1911 1744 1941 dierum
1758 1910 1905 1941 concedit
1928 1908 2079 1940 omnibus
2102 1915 2177 1938 vere
2204 1905 2298 1946 poeni
2316 1927 2318 1930 v

1307 1967 1447 1996 tentibus
1463 1971 1493 1995 et
1510 1965 1664 1995 confessis
1682 1964 1737 2003 qui
1760 1963 1914 2002 capellam
1939 1970 2035 2002 quam
2061 1961 2255 1992 Laurentius
2282 1955 2322 1986 π’(

1308 2019 1451 2050 Monosle
1483 2024 1514 2048 et
1541 2018 1688 2054 pacifica,
1719 2026 1796 2047 uxor
1824 2017 1909 2055 ejus,
1936 2014 2171 2046 Worwicensis
2195 2014 2260 2046 dio
2284 2024 2319 2042 ι·

1307 2074 1361 2108 sis,
1377 2074 1470 2110 juxta
1486 2081 1594 2102 muros
1609 2071 1762 2101 ecelesiae
1781 2070 1869 2099 Beati
1893 2068 2017 2099 Nicolai
2042 2068 2082 2098 de
2107 2068 2271 2098 Gernemn
2371 2088 2374 2091 Δ

1308 2126 1451 2167 ejusdem
1467 2125 1633 2162 dioecesis,
1651 2125 1684 2153 in
1702 2124 1856 2153 honorem
1876 2122 1991 2153 Beatae
2019 2121 2157 2158 Mariae,
2183 2114 2322 2161 propri‘'‘

1308 2179 1488 2218 sumptibus
1504 2181 1766 2214 construxerunt,
1783 2178 1816 2206 in
1845 2175 2103 2213 Purificationis,
2130 2171 2307 2205 Annunti-⁴

1310 2233 1416 2267 tionis,
1434 2231 1674 2270 Assumptionis
1692 2235 1721 2261 et
1740 2230 1924 2260 Nativitatis
1940 2229 2051 2260 beatae
2069 2229 2190 2259 Mariae
2202 2226 2285 2259 testi
2308 2225 2318 2241 >¹

1309 2287 1425 2317 tatibus
1442 2285 1654 2315 visitaverint.

1352 2351 1365 2368 ι(
1384 2339 1457 2370 Vite
1474 2339 1656 2378 perempnis
1672 2337 1812 2375 gloria...
1830 2353 1870 2359 —
1887 2336 1957 2367 Dat.
1980 2336 2096 2374 Reate,
2121 2345 2139 2366 x
2164 2331 2318 2368 kalenda

1309 2393 1447 2432 augusti,
1465 2400 1551 2422 anno
1569 2390 1722 2421 secundo.
1743 2402 1756 2417 »
2303 2375 2317 2394 Ψ

1906 2470 1994 2503 Rieti.
2012 2469 2046 2498 30
2057 2470 2154 2506 juillet
2169 2469 2248 2498 1289.
2300 2469 2321 2512 J

1311 2600 1350 2621 xi,
1365 2590 1490 2620 dierum
1509 2590 1554 2619 eis
1573 2589 1629 2628 qui
1645 2589 1682 2618 ad
1708 2587 1874 2619 ecclesiam
1895 2587 2093 2627 Uticensem,
2115 2587 2150 2617 in
2165 2568 2319 2616 honore'

1313 2642 1374 2673 Dei
1390 2646 1420 2672 et
1429 2641 1511 2672 beati
1523 2640 1708 2671 'I'hcodoriti
1719 2639 1860 2670 martiris
1869 2643 2095 2676 constructam,
2106 2638 2140 2668 in
2152 2637 2231 2668 festo
2240 2627 2308 2677 ejii·

1909 2825 1997 2860 Rieti,
2017 2825 2050 2853 15
2061 2824 2157 2860 Juillet
2171 2823 2250 2852 1289.
2296 2842 2298 2852 >

1355 2891 1393 2922 In
1403 2900 1430 2921 e.
1444 2900 1487 2921 m.
1499 2889 1630 2919 eisdem.
1644 2888 1885 2927 Indulgentiam
1900 2888 1998 2919 unius
2009 2887 2087 2917 anni
2099 2890 2130 2918 et
2143 2895 2182 2917 xi,
2195 2885 2247 2916 die
2274 2900 2275 2905 =
2297 2897 2319 2909 w

1315 2943 1459 2976 concedit
1475 2943 1519 2973 eis
1537 2943 1591 2981 qui
1608 2942 1823 2973 cathedralem
1842 2941 2007 2973 ecclesiam
2030 2939 2266 2971 Massiliensem
2280 2931 2322 2968 ἶ

1316 2997 1539 3029 festivitatibus
1553 2997 1661 3027 beatae
1679 2996 1800 3027 Mariae
1816 2999 1846 3027 et
1864 3005 1919 3035 per
1933 2999 2002 3026 octo
2013 2994 2081 3025 dies
2094 2995 2262 3033 sequentes
2273 2988 2317 3027 vi

1317 3051 1493 3082 sitaverint.
1509 3051 1579 3080 Dat.
1601 3051 1708 3087 Reate,
1726 3050 1833 3080 idibus
1847 3049 1935 3090 julii,
1951 3056 2038 3079 anno
2053 3046 2203 3079 secundo.
2215 3043 2326 3086 (thia.
