2342 3652
925 361 1146 401 PREMH'RRE
1167 361 1333 402 ANNliEj
2135 378 2171 409 37

85 442 285 480 Gresignane
314 441 425 471 Pirani
455 441 581 478 Insule,
613 440 742 478 Mugle,
773 439 898 477 aliaque
929 436 1085 467 nonnulla

85 498 197 531 castra,
217 499 325 531 terras,
343 493 434 523 villas
451 498 480 523 et
498 494 564 524 loca
579 493 613 523 in
630 493 724 523 Istrie
739 491 879 531 partibus
893 490 1063 520 constituta
1075 513 1083 526 ,

84 555 146 584 que
163 547 202 576 ad
220 547 355 576 eandem
371 547 537 577 ecclesiam
552 546 711 585 pertinere
727 545 876 575 dicuntur
900 546 929 572 et
954 543 988 572 in
1009 542 1083 581 qui-

85 599 143 629 bus
170 599 361 629 venerabilis
390 600 488 630 frater
519 604 625 630 noster
650 597 826 638 patriarcha
856 595 1085 634 Aquilegensis

83 651 339 690 jurisdictionem
355 653 573 683 omnimodam
595 652 737 682 obtinere
759 650 943 688 proponitur
962 653 1084 687 tempo-

85 705 200 740 ralem,
221 715 275 744 per
291 706 477 736 violentiam
493 705 683 744 occupastiS‚
703 712 800 742 eaque
815 702 964 732 detinetis
982 702 1085 732 taliter

84 762 251 797 occupata,
270 760 427 789 nonnulla
445 764 617 789 castrorum
633 762 662 788 et
676 757 824 786 villarum
839 756 980 794 ipsorum
993 779 1001 792 ,
1020 755 1084 785 illi-

84 812 154 841 citis
179 813 309 842 ausibus
334 813 406 842 data
428 813 573 848 licentia,
595 810 742 849 nequiter
763 809 981 845 destruentes3
1006 808 1085 838 alias

84 865 261 904 patriarche
283 865 478 904 ecclesieque
492 864 639 904 predictis
657 872 692 893 ac
709 861 884 892 venerabili
901 862 991 891 fratri
1012 871 1084 892 nos-

85 922 155 948 tro..
179 919 322 957 episcopo
345 923 374 949 et
395 919 516 948 civibus
537 916 730 954 Tergestinis
747 924 783 945 ac
803 915 876 944 aliis
894 915 959 944 suis
984 915 1083 945 adhe-

84 971 227 1001 rentibus
238 995 245 1008 ,
263 972 494 1009 coadjutoribus
507 994 514 1007 ,
533 969 708 999 fautoribus
725 972 756 997 et
770 968 958 1007 sequacibus
974 968 1009 997 in
1026 968 1084 998 hac

86 1029 188 1063 parte,
207 1034 261 1063 per
276 1025 426 1054 incendia
441 1029 471 1054 et
486 1023 628 1062 rapinas,
651 1022 789 1060 dampna
811 1022 950 1051 maxima
966 1025 996 1051 et
1011 1030 1084 1059 gra-

84 1086 137 1107 ves
154 1078 290 1116 injurias
306 1077 483 1113 inferendo,
499 1077 531 1105 in
548 1074 731 1105 eorumdem
747 1074 925 1113 patriarche
941 1079 971 1103 et
988 1073 1085 1103 eccle-

85 1131 129 1160 sie
151 1139 187 1160 ac
206 1131 342 1161 aliorum
360 1130 569 1169 predictorum
593 1136 657 1157 non
680 1127 842 1157 modicum
869 1127 1083 1166 prejudicium

84 1189 114 1213 et
135 1193 318 1222 gravamen.
343 1182 572 1220 Quamobrem,
596 1181 770 1218 instigante
798 1181 933 1211 humani
957 1181 1084 1218 generis

85 1237 232 1274 inimico,
252 1238 335 1267 inter
355 1228 563 1276 patriarcham
585 1239 615 1264 et
636 1234 842 1273 quamplures
862 1234 992 1264 illarum
1013 1243 1082 1273 par-

86 1291 166 1320 tium
183 1290 305 1320 nobiles
326 1298 361 1319 ac
377 1289 454 1319 alios
469 1288 599 1318 ecclesie
616 1288 755 1326 predicte
772 1287 922 1318 vassallos
941 1292 970 1317 et
984 1287 1083 1317 adhe—

86 1348 189 1373 rentes
205 1343 340 1379 eisdem,
357 1351 392 1372 ex
410 1345 495 1380 parte
512 1349 591 1379 una,
609 1344 639 1370 et
657 1349 727 1377 vos,
745 1350 782 1370 ex
802 1341 917 1377 altera,
935 1340 1083 1379 gravium

85 1396 312 1426 discordiarum
334 1400 364 1426 et
380 1403 566 1433 guerrarum
583 1394 774 1424 discrimina
789 1399 881 1431 sunt,
901 1399 934 1424 ut
949 1394 1081 1431 dicitur,

85 1451 267 1480 suscitata...
294 1450 356 1479 Nos
383 1448 516 1486 igitur...
547 1448 788 1478 universitatem
820 1452 957 1478 vestram
987 1457 1082 1486 roga-

87 1512 168 1539 mus,
185 1511 348 1533 monemus
365 1506 395 1531 et
409 1501 574 1531 hortamur
598 1505 715 1531 attente
738 1506 894 1540 quatenus
917 1510 953 1531 ea
968 1510 1029 1540 que
1047 1502 1082 1530 iu

86 1556 145 1586 hac
166 1560 250 1594 parte
268 1555 460 1594 patriarche,
478 1555 625 1591 ecclesie,
647 1555 808 1594 episcopo,
827 1556 949 1585 civibus
966 1559 995 1585 et
1010 1555 1082 1585 aliis

85 1608 327 1644 adherentibus,
357 1608 531 1638 fautoribus
554 1613 584 1638 et
605 1609 794 1647 sequacibus
819 1610 1003 1639 memoratis
1027 1618 1082 1647 per

86 1670 138 1691 vos
153 1661 202 1692 vel
217 1671 271 1700 per
284 1661 383 1691 alium
398 1667 453 1692 aut
466 1662 545 1692 alios
566 1667 641 1692 sunt
658 1662 761 1692 ablata
776 1687 781 1698 ,
798 1663 861 1699 eis,
879 1662 1002 1692 sublato
1018 1662 1081 1692 dif-

84 1715 227 1744 ficultatis
252 1715 428 1751 obstaculo,
455 1716 622 1745 restituere
651 1716 846 1754 procuretis,
875 1725 892 1745 a
915 1715 1081 1754 quibusvis

84 1767 287 1803 novitatibus,
310 1768 528 1798 invasionibus
548 1772 578 1798 et
601 1768 793 1806 insultibus,
820 1778 875 1808 per
897 1777 952 1798 vos
975 1773 1005 1798 et
1026 1778 1082 1807 per

82 1825 198 1850 vestros
222 1821 316 1850 etiam
342 1821 562 1860 stipendiarios
587 1825 617 1851 et
635 1822 825 1852 adherentes
852 1822 886 1850 in
914 1822 973 1851 hac
994 1826 1081 1860 parte

82 1873 170 1902 vobis
186 1882 221 1903 ac
236 1874 381 1914 fautores,
396 1875 590 1914 coadjutores
604 1880 635 1905 et
650 1884 800 1914 sequaces
821 1880 951 1909 vestros,
972 1880 1082 1905 contra

84 1925 154 1956 illos
172 1931 226 1957 aut
243 1927 365 1966 aliquos
385 1928 433 1958 vel
453 1929 592 1967 aliquem
614 1929 799 1959 eorumdem
823 1933 853 1958 et
877 1933 974 1958 terras
995 1929 1080 1967 ipso-

85 1988 154 2008 rum
167 1981 289 2018 penitus
300 1981 504 2017 abstinendo3
520 1990 555 2011 ac
569 1982 745 2012 revocando
758 1982 986 2012 nichilominus
1002 1982 1081 2012 alios

85 2037 201 2062 vestros
216 2034 431 2072 stipendiarios
453 2035 503 2065 vel
523 2040 661 2065 armatos
682 2036 736 2074 qui
753 2036 947 2074 provintiam
967 2035 1079 2071 lstrie,

86 2085 115 2112 in
133 2084 304 2124 dampnum
328 2088 519 2125 patriarche,
544 2089 682 2127 episcopi
703 2093 733 2118 et
750 2089 869 2118 civium
889 2098 925 2118 ac
943 2089 1080 2119 aliorum

84 2138 310 2176 predictorum,
327 2141 366 2170 ad
382 2145 495 2171 statum
515 2143 615 2181 ipsius
631 2142 790 2181 provintie
807 2142 1079 2181 perturbandum,

84 2192 164 2220 sicut
178 2193 337 2230 asseritur,
351 2198 424 2223 sunt
438 2195 611 2233 ingressi...
629 2195 784 2234 Alioquin
800 2195 977 2225 venerabili
992 2196 1082 2225 fratri

83 2249 213 2274 nostro..
237 2245 466 2286 archiepiscopo
486 2248 667 2286 Ragusino,
687 2258 742 2288 per
764 2248 842 2278 alias
866 2248 985 2278 litteras
1005 2256 1085 2278 nos-

85 2302 161 2334 tras,
180 2298 378 2336 injungimus
395 2304 429 2329 ut
448 2309 501 2330 vos
523 2301 563 2331 ad
586 2301 773 2341 hujusmodi
794 2302 1027 2332 restitutionem
1046 2310 1081 2332 ac

83 2350 358 2389 stipendiariorum
380 2361 434 2382 seu
457 2358 651 2385 armatorum
672 2355 886 2394 predictorum
906 2355 1079 2385 revocatio-

84 2412 156 2432 nem
180 2403 354 2434 saciendam
376 2406 584 2445 compellere,
606 2408 755 2447 quodque
781 2417 836 2438 vos
861 2409 1000 2447 dictique
1023 2409 1080 2438 sti—

83 2457 238 2494 pendiarii
250 2481 258 2494 ,
275 2457 478 2497 adherentes,
494 2461 646 2498 fautores,
666 2462 863 2501 coadjutores
884 2466 914 2492 et
931 2471 1081 2501 sequaces

82 2509 179 2539 vestri
196 2518 214 2539 a
230 2510 438 2548 novitatibus,
461 2513 680 2545 invasionibus
704 2519 734 2545 et
754 2515 928 2545 insultibus
948 2515 1080 2554 quibus—

81 2571 217 2601 cumque
241 2563 443 2601 abstineatis,
480 2570 510 2595 et
537 2570 571 2596 ut
592 2568 723 2599 omnino
751 2569 849 2599 iidem
881 2569 1081 2607 stipendiarii

81 2624 136 2646 seu
151 2618 264 2646 armati
281 2617 319 2647 de
334 2619 491 2656 provintia
504 2620 572 2658 ipsa
586 2622 750 2660 recedant,
770 2632 824 2661 per
839 2631 1006 2653 censuram
1028 2631 1080 2652 ec-

81 2668 300 2709 clesiasticam,
314 2671 524 2709 appellatione
537 2679 687 2712 cessante,
700 2684 898 2714 compescere
912 2683 977 2705 non
989 2675 1080 2704 omit-

82 2726 133 2751 tat.
152 2722 186 2752 Si
203 2732 277 2753 vero
294 2724 329 2753 in
355 2725 552 2763 civitatibus,
574 2728 699 2766 castris,
718 2728 818 2766 villis,
842 2729 933 2759 terris
953 2732 983 2758 et
1004 2728 1081 2759 locis

81 2775 200 2806 eisdem
213 2777 266 2815 jus
281 2777 410 2816 aliquod
428 2779 554 2809 creditis
571 2789 624 2810 vos
638 2781 770 2819 habere,
788 2791 893 2813 coram
909 2783 1011 2818 nobis,
1028 2782 1081 2811 in-

81 2829 127 2858 fra
149 2828 284 2860 duorum
306 2831 468 2860 mensium
489 2832 625 2870 spatium
644 2842 662 2863 a
682 2836 861 2874 receptione
883 2835 1081 2874 presentium

82 2881 315 2920 inchoandum,
339 2893 394 2922 per
413 2885 584 2923 syndicum
601 2895 655 2916 seu
672 2893 904 2926 procuratorem
920 2889 1081 2928 ydoneum

80 2933 119 2962 ad
135 2934 194 2964 boc
210 2943 228 2964 a
244 2936 331 2965 vobis
354 2937 531 2975 specialiter
550 2939 770 2979 constitutum,
786 2950 968 2981 comparere
990 2946 1092 2972 cure-⁷

82 2987 130 3015 tis.
151 2987 215 3018 Nos
232 2989 334 3026 enirn,
354 2991 408 3028 qui
426 3000 537 3021 sumus
552 2993 700 3023 omnibus
716 2994 887 3034 injustitia
901 2995 1059 3026 debitores
1071 3019 1080 3033 ‚

82 3041 179 3077 parati
207 3050 318 3072 snmus
346 3044 449 3074 facere
476 3045 563 3075 vobis
588 3054 681 3084 super
704 3046 767 3077 hiis
793 3048 936 3079 exhiberi
960 3048 1084 3088 justitie

1166 438 1448 476 complementum.
1477 439 1549 470 Dat.
1578 439 1692 477 Reate,
1721 450 1761 470 xv
1784 440 1937 471 kalendas
1966 444 2170 481 septembris,

1166 499 1252 521 anno
1269 500 1383 530 primo.
1400 504 1413 519 ι

1238 665 1325 694 238
1782 667 1872 701 Rieu,
1892 668 1923 695 18
1939 670 2007 696 aont
2023 669 2100 697 1288.

1203 725 1245 752 De
1261 727 1361 753 eodem
1378 729 1492 761 negotio
1508 728 1590 761 (Res.
1609 730 1652 761 44,
1668 738 1693 756 c.
1713 729 1773 763 123,
1791 730 1810 757 f.
1824 730 1856 757 30
1874 736 1913 763 νος
1931 730 2048 763 ΡοΤΤΗ.,
2060 732 2170 762 22779).

1212 828 1379 857 Venerabili
1393 830 1512 865 fratri..
1530 831 1750 869 archiepiscopo
1764 833 1926 869 Rayusino.
1947 833 2078 862 Mandat
2092 842 2170 871 qua-

1167 884 1260 910 tenus
1283 882 1492 919 personaliter
1518 891 1551 912 se
1580 883 1730 913 Venetias
1755 885 1938 921 conterens,
1963 886 2103 916 Venetos
2132 887 2172 916 ad

1166 933 1317 963 mandata
1342 935 1513 972 apostolica
1536 935 1570 964 in
1595 936 1856 974 praecedentibus
1883 937 1997 967 litteris
2024 943 2172 968 contenta

1167 988 1370 1025 exsequenda
1388 988 1519 1018 inducat
1535 993 1566 1019 et
1589 990 1685 1019 etiam
1703 1000 1758 1028 per
1777 999 1927 1020 censuras
1943 991 2172 1022 ecclesiasticas

1166 1040 1343 1079 compellat.

1208 1105 1222 1120 ιι
1243 1094 1346 1124 Habet
1363 1095 1480 1124 nostris
1495 1095 1664 1126 auribus...
1686 1112 1721 1118 —
1742 1096 1812 1126 Dat.
1831 1101 1865 1126 ut
1881 1106 1985 1136 supra.
2007 1111 2019 1125 n

1238 1252 1324 1280 239
1779 1255 1872 1290 Rieu,
1889 1256 1922 1284 ‘26
1938 1258 2005 1284 aont
2021 1258 2099 1285 1288.

1201 1314 1337 1342 Definitio
1359 1315 1547 1350 quarumdam
1566 1316 1726 1344 litterarum
1748 1318 1906 1345 Alexandri
1922 1318 1988 1346 IIII.
2010 1320 2096 1353 (Rae.
2123 1322 2170 1355 44,

1166 1372 1190 1391 c.
1210 1364 1271 1395 1⁵24,
1288 1365 1307 1390 f.
1327 1365 1358 1391 30
1375 1371 1418 1396 r⁰;
1437 1364 1606 1399 Summus,
1623 1367 1682 1392 Bul.
1702 1368 1810 1400 Franc„
1828 1367 1880 1401 IV,
1897 1377 1926 1402 p.
1944 1368 1986 1400 32,
2004 1376 2035 1396 n⁰
2050 1370 2105 1402 45.)
2123 1370 2169 1403 (l).

1209 1489 1225 1495 ..
1247 1467 1394 1496 abbatisse
1409 1473 1433 1496 el
1451 1470 1611 1497 conventui
1629 1471 1810 1498 'monasterii
1831 1472 2016 1500 monialium
2036 1473 2170 1501 incluso-

1165 1529 1237 1549 rum
1262 1521 1369 1550 Sancte
1394 1522 1516 1558 Agnetis
1542 1523 1689 1557 Ascensz's,
1711 1524 1829 1552 ordinis
1855 1524 1966 1554 Sancte
1995 1526 2081 1555 Clare
2106 1526 2171 1565 (2),

1165 1573 1325 1611 significat
1348 1579 1505 1612 quatenus
1531 1584 1595 1605 non
1618 1576 1655 1604 ad
1679 1576 1785 1606 futura
1809 1577 1864 1606 sed
1888 1580 2108 1609 tantummodo
2132 1581 2170 1609 ad

1166 1627 1334 1665 praeterita
1343 1637 1374 1657 se
1383 1628 1557 1657 extendunt
1566 1628 1688 1657 litterae
1700 1630 1815 1667 quibus
1824 1630 2006 1660 Alexander
2017 1642 2093 1670 papa
2104 1634 2169 1662 1111

1163 1701 1186 1709 ..
1207 1680 1383 1717 guardiano
1401 1680 1535 1710 fratrum
1554 1682 1715 1711 minorum
1732 1683 1919 1712 Astensium
1941 1686 2111 1715 mandabat
2139 1692 2171 1716 ut

1163 1733 1340 1763 absolveret
1361 1733 1433 1763 illos
1461 1734 1516 1772 qui
1543 1734 1626 1763 bona
1651 1735 1763 1764 illicite
1787 1742 1954 1765 consecuta,
1982 1739 2171 1776 supradictis

1164 1787 1340 1816 abbatissae
1360 1791 1390 1816 et
1411 1788 1582 1817 conventui
1600 1788 1791 1817 monialium
1812 1790 2039 1827 contulissent,
2057 1792 2082 1821 si
2098 1794 2170 1830 qui-

1164 1839 1223 1869 bus
1247 1839 1445 1869 restituenda
1471 1844 1577 1869 essent
1602 1840 1751 1870 invenire
1776 1850 1838 1871 non
1866 1831 2003 1880 possent.
2031 1844 2172 1880 Quarum

1164 1892 1343 1922 litterarum
1362 1897 1450 1923 tenor
1467 1893 1539 1922 talis
1555 1898 1602 1923 est
1621 1903 1627 1923 z
1653 1906 1666 1920 α
1685 1894 1864 1924 Alexander
1882 1897 2044 1934 episcopus
2063 1907 2173 1927 servus

1167 1959 1180 1973 υ
1205 1954 1370 1976 servorum
1388 1947 1458 1976 Dei.
1476 1947 1601 1976 Dilecto
1615 1947 1707 1977 filio..
1724 1949 1900 1985 gual-diano
1917 1950 2051 1980 fratrum
2069 1953 2172 1981 mino-

1168 2011 1179 2025 n
1204 2009 1275 2029 rum
1286 2001 1485 2035 Astensium,
1497 2000 1633 2030 salutem
1645 2002 1887 2039 etapostolicani
1899 2003 2170 2035 benedictionem.

1166 2066 1179 2080 x)
1204 2054 1285 2084 Cum
1310 2054 1422 2083 dilecte
1447 2055 1519 2083 in...
1548 2071 1586 2075 —
1613 2055 1681 2084 Dat.
1712 2055 1879 2091 Laterani,
1908 2066 1924 2085 x
1950 2057 2100 2088 kalendas
2127 2060 2172 2089 se—

1166 2119 1179 2134 »
1204 2107 1343 2143 bruarii,
1365 2116 1451 2138 anno
1467 2108 1618 2138 secundo.
1637 2121 1649 2134 m

1206 2172 1219 2187 ιι
1239 2161 1403 2190 ⁴Tenorem
1430 2162 1641 2200 quarumdam
1669 2162 1885 2193 litterarum...
1903 2180 1941 2186 ——
1958 2165 2028 2195 Dat.
2059 2167 2170 2203 Reate,

1164 2223 1208 2243 vn
1226 2213 1380 2244 kalendas
1396 2215 1602 2254 septembris,
1619 2224 1706 2246 anno
1721 2216 1833 2254 primo.
1854 2230 1867 2244 ι»

1237 2374 1328 2402 241)

1199 2435 1363 2472 Episcopus
1379 2436 1565 2463 Catharensis
1586 2437 1622 2463 ob
1638 2437 1761 2472 injurias
1776 2438 1912 2466 fratribus
1928 2440 2172 2474 praedicatoribus

1164 2485 1257 2511 illatas
1272 2493 1368 2511 coram
1381 2485 1451 2512 sede
1461 2485 1619 2520 apostolica
1630 2487 1744 2513 citatur.
1761 2486 1844 2520 (REG.
1860 2488 1903 2521 44,
1921 2497 1945 2515 c.
1966 2489 2025 2523 1⁶25,
2042 2490 2062 2516 f.
2078 2490 2110 2517 30
2126 2496 2169 2522 νας

1164 2533 1282 2566 ΡοΤΤΗ.,
1299 2534 1413 2569 22794.)

1684 2374 1774 2404 Rieti.
1793 2377 1808 2402 5
1824 2377 1987 2414 septembre
2004 2378 2081 2405 1288.

1206 2659 1226 2666 ..
1243 2637 1345 2666 abbati
1362 2638 1542 2666 monasterii
1555 2637 1664 2667 Sancti
1681 2638 1835 2668 Michaelis
1848 2639 1881 2668 de
1895 2639 2047 2677 Pecelz'na,
2069 2642 2169 2680 Baqu-

1163 2690 1228 2718 sine
1244 2689 1377 2718 diocesis.
1397 2702 1409 2715 ι
1423 2689 1539 2719 Petitio
1551 2689 1742 2720 dilectorum
1757 2690 1922 2722 filiorum..
1939 2693 2054 2731 prioris
2067 2698 2097 2724 et
2108 2694 2170 2725 fra-

1165 2746 1251 2771 trum
1266 2741 1390 2772 ordinis
1407 2742 1640 2780 predicatorum
1656 2743 1904 2774 Catharensium
1920 2746 2013 2776 nobis
2029 2747 2171 2778 exhibita

1164 2795 1347 2824 continebat
1363 2795 1466 2833 quod,
1489 2804 1562 2825 cum
1582 2796 1643 2834 ipsi
1665 2805 1701 2825 ac
1716 2797 1879 2835 quondam
1901 2798 2070 2835 Urbanus,
2095 2804 2171 2830 tunc

1164 2856 1276 2877 eorum
1290 2848 1394 2886 prior,
1419 2847 1540 2877 dudum
1560 2848 1595 2877 in
1612 2848 1745 2878 ecclesia
1765 2849 1797 2879 S.
1817 2850 2034 2882 Bai-tholomei
2051 2852 2168 2883 Catha-

1197 2966 1229 2996 (1)
1244 2952 1363 2989 Potthast
1378 2973 1392 2989 a
1407 2966 1494 2990 oubne
1509 2968 1578 2990 cette
1593 2967 1669 2991 hune.

1194 3010 1227 3041 (9)
1243 3009 1314 3034 Dans
1332 3010 1357 3033 la
1375 3011 1452 3034 lettre
1470 3010 1646 3035 d’Alexandre
1662 3011 1698 3035 lv
1719 3013 1742 3036 le
1758 3014 1903 3038 monastere
1917 3017 1956 3038 est
1973 3014 2011 3038 dit
2026 3015 2058 3039 de
2075 3015 2168 3040 l'ordre

1163 3055 1196 3080 de
1210 3053 1235 3077 S.
1253 3053 1373 3078 Damien.
