2477 3637
275 373 332 404 510
1023 362 1260 396 REGISTRES
1282 363 1337 393 DE
1358 361 1543 393 NICOLAS
1566 363 1623 393 lv.

345 438 462 468 8128
781 434 908 465 Orvieto,
921 433 937 460 9
951 431 1114 467 septembre
1130 430 1209 458 1290.

310 501 443 528 Facultas
462 499 628 527 conserendi
648 497 830 525 beneficium.
854 495 935 528 (Rae.
957 495 1005 525 45,
1027 502 1052 521 c.
1071 493 1131 525 373,
1149 493 1168 520 f.
1186 493 1218 520 74
1239 499 1278 525 r⁰;

276 550 392 581 Porru..
410 548 519 582 23390.)

321 650 486 681 Venerabili
499 650 593 687 fratri
610 671 630 679 ..
654 648 876 684 archiepiscopo
901 646 1078 675 Dnblinensi
1098 643 1231 674 mandat
1248 646 1282 673 ut

273 703 569 734 archidiaconatum
596 700 814 731 Glandensem
844 699 878 728 in
908 698 1041 729 ecclesia
1070 696 1278 733 Dublinensi,

273 766 327 796 per
344 756 574 795 promotionem
591 753 745 792 Stephani
761 752 800 782 ad
819 751 1053 782 Cassellensem
1069 750 1281 788 archiepisco-

273 814 380 849 patum
390 813 566 844 vacantem,
577 807 673 837 alicui
687 807 754 837 viro
764 806 803 836 de
818 805 960 844 partibus
972 804 1134 834 Yberniae
1143 803 1282 833 oriundo

273 863 423 893 conferat.

315 928 327 942 ιι
355 914 436 945 Cum
463 914 742 945 archidiaconatus
769 912 1003 943 Glandensis...
1030 929 1068 934 -
1097 911 1167 941 Dat.
1197 911 1282 950 apud

275 969 548 1004 Urbemveterem,
567 978 585 996 v
604 968 676 997 idus
693 967 893 1006 septembris,
910 973 997 995 anno
1015 965 1115 995 tertio.
1139 977 1152 991 r>

343 1142 394 1170 31
404 1141 459 1170 ἵθ
851 1140 978 1172 Orviet0‚
997 1139 1030 1168 30
1046 1141 1114 1166 aont
1133 1138 1208 1166 1290.

309 1204 435 1231 Licentia
451 1203 582 1230 testandi.
605 1202 686 1235 (Rea.
703 1203 748 1233 45,
764 1210 789 1228 c.
807 1202 880 1233 3732,
895 1202 914 1228 f.
932 1201 964 1228 74
981 1202 1033 1235 νυ.)

312 1305 460 1342 .ΙοΙιαιιηι“,
485 1306 586 1335 abbati
613 1306 797 1334 'monasterii
820 1303 928 1335 Sancti
950 1305 1101 1334 Benedicti
1123 1305 1156 1334 de
1180 1305 1280 1334 Pado-

273 1363 387 1397 tyrone,
405 1360 524 1388 ordinis
542 1359 573 1389 S.
595 1360 754 1395 Benedicti,
775 1360 939 1388 Mantuam
955 1359 1089 1388 diocesis.

313 1424 324 1438 u
339 1413 416 1441 'l'uis
428 1412 550 1442 devotis
565 1412 889 1451 supplicationibus...
905 1429 942 1433 —
960 1412 1029 1441 Dat.
1046 1412 1128 1450 apud
1144 1412 1281 1442 Urbem-

272 1470 421 1502 veterem,
441 1475 473 1495 111
493 1465 647 1496 kalendas
663 1466 862 1505 septembris,
880 1474 966 1496 anno
983 1466 1084 1496 tertio.
1104 1478 1117 1492 n

341 1639 462 1667 3180

306 1701 468 1737 Episcopus
486 1702 661 1728 Faventinus
681 1710 777 1729 coram
803 1702 872 1729 sede
892 1703 1051 1738 apostolica
1066 1704 1181 1731 citatur.
1199 1704 1282 1739 (Rno'

272 1752 315 1783 45,
334 1760 360 1778 c.
379 1752 438 1782 374,
458 1752 474 1778 f.
494 1753 525 1778 74
542 1754 593 1784 v0.)

853 1640 979 1673 (Ji-vieto,
998 1640 1032 1666 ‘23
1047 1641 1114 1667 aodt
1134 1639 1209 1667 1290.

320 1855 487 1884 Venerabili
508 1856 601 1891 fratri
622 1877 641 1884 ..
663 1856 794 1892 episcopo
819 1854 992 1892 Vicentino,
1012 1858 1045 1886 in
1067 1858 1284 1895 spiritualibus

272 1906 426 1944 provintie
444 1906 619 1936 Romaniole
635 1908 762 1944 rectori,
779 1907 910 1937 mandat
929 1913 961 1937 ut
981 1932 1000 1938 ..
1019 1908 1202 1948 episcopum
1223 1909 1282 1940 Fa-

274 1960 454 1995 ventinum,
472 1959 527 1999 qui
547 1959 743 1992 Guidonem,
762 1961 998 2000 presbyterum,
1018 1963 1156 2001 priorem
1174 1963 1284 2002 hospi-

275 2012 347 2042 talis
363 2016 393 2042 et
411 2011 562 2042 eeclesiae
578 2012 687 2043 Sancti
704 2013 812 2042 Lazari
838 2014 1047 2052 Lepi-osorum
1069 2015 1106 2045 de
1128 2016 1281 2053 Miscino‚

275 2065 313 2095 ad
327 2074 493 2095 romanam
505 2065 673 2096 ecclesiam
687 2066 776 2096 nullo
789 2067 893 2098 medio
907 2069 1148 2106 pertinentium,
1166 2070 1284 2100 Faven-

277 2120 361 2149 tinae
378 2120 542 2157 dioecesis,
561 2120 602 2149 ab
619 2120 729 2150 eodem
747 2121 886 2159 prioratu
905 2122 1042 2160 privavit
1059 2132 1197 2162 eumque
1215 2125 1284 2163 capi

276 2179 306 2203 et
321 2174 470 2203 manibus
484 2174 659 2213 etpedibus
675 2174 786 2204 ferreis
802 2174 935 2213 ligatum
953 2176 1090 2207 vinculis
1107 2178 1140 2207 in
1158 2186 1284 2208 carcere

276 2226 411 2255 detineri
429 2226 618 2265 aliquandiu
638 2227 728 2264 fecit,
747 2228 822 2258 citet
841 2233 874 2258 ut
895 2238 1000 2260 coram
1021 2230 1096 2261 sede
1113 2231 1284 2270 apostolica

275 2286 463 2319 compareat.

318 2346 330 2360 a
349 2334 412 2363 Sua
429 2334 520 2363 nobis
536 2334 677 2365 Guido...
696 2352 735 2357 —
750 2335 822 2365 Dat.
841 2340 996 2376 utsupra,
1014 2347 1031 2366 x
1047 2337 1200 2368 kalendas
1216 2348 1284 2378 sep-

278 2388 419 2424 tembris,
436 2396 521 2418 anno
541 2388 643 2419 tertio.
661 2400 674 2414 n

346 2555 452 2583 3181
854 2556 980 2589 Orvieto,
999 2558 1032 2585 28
1048 2559 1115 2585 aont
1134 2559 1210 2587 1290.

311 2617 522 2645 'l‘abellionatus
537 2618 672 2645 officium.
688 2618 769 2651 (Res.
784 2619 826 2653 45,
844 2628 870 2646 c.
889 2620 948 2652 375,
967 2621 985 2648 f.
1004 2622 1036 2648 74
1052 2623 1104 2655 vo.)

317 2721 362 2756 Ρ.,
388 2725 520 2760 episcopo
549 2722 712 2759 Vicentino‚
741 2724 859 2753 vicario
879 2724 1054 2754 Romaniole
1078 2728 1111 2755 in
1131 2728 1282 2764 spiritua-

280 2775 370 2809 (ibus,
398 2774 527 2804 mandat
554 2779 600 2808 ut,
629 2775 885 2807 consideratione
908 2777 958 2814 P„
981 2777 1091 2808 Sancti
1117 2779 1283 2811 Eustachii

277 2827 400 2857 diaconi
419 2827 605 2865 cardinalis,
630 2829 761 2859 Petrum
783 2829 901 2860 dictum
924 2830 1095 2861 Budellum
1117 2832 1156 2862 de
1177 2833 1280 2872 Setia,

277 2881 516 2911 'terracinensis
535 2881 707 2918 dioecesis,
725 2883 885 2913 examinet
905 2884 1014 2923 eique,
1032 2885 1059 2914 si
1081 2885 1198 2916 viderit
1211 2887 1282 2918 ido-

279 2941 386 2963 neum.
406 2933 627 2964 tabellionatus
642 2936 783 2966 officium
799 2938 961 2968 concedat.

321 2998 333 3011 «
361 2986 442 3015 Cum
466 2987 571 3016 emula
591 2988 712 3026 juris...
737 3006 774 3011 —
798 2990 870 3020 Dat.
896 2991 979 3030 apud
1002 2992 1280 3033 Urhemveterem,

279 3050 295 3068 v
316 3038 466 3069 kalendas
482 3041 680 3078 septembris,
699 3050 785 3072 anno
802 3048 904 3073 tertio.
929 3056 939 3071 u

1437 428 1489 457 31
1496 428 1556 457 82
1950 427 2078 458 orvieto,
2094 426 2129 454 28
2139 427 2207 454 aeut
2222 425 2300 454 1290.

1401 489 1587 524 Dispensatio
1604 489 1788 517 matrimonii.
1806 489 1891 523 (Rae.
1908 489 1952 520 45.
1969 498 1995 516 c.
2013 489 2088 523 375¹,
2105 489 2124 516 s.
2143 488 2174 516 74
2190 490 2243 522 vo.)

1412 591 1580 622 Venerabili
1595 593 1689 629 fratri
1711 613 1731 621 ..
1754 593 1902 622 Feltrensi
1917 595 1945 623 et
1960 591 2120 622 Belunensi
2137 593 2270 630 episcopo
2284 599 2370 624 eom-

1364 645 1463 675 mittit
1479 649 1513 675 ut
1527 653 1600 675 cum
1620 645 1774 683 Antonio,
1793 649 1867 676 nato
1882 645 2047 684 quondam
2063 644 2227 675 Valdineli
2243 645 2282 676 de
2297 645 2389 686 Cas-4

1365 698 1488 735 mione,
1505 702 1536 728 et
1550 698 1663 735 Saura,
1681 703 1755 728 nata
1770 698 1934 737 quondam
1949 697 2086 738 Ayroldi
2102 697 2142 728 de
2160 698 2264 736 nudo,
2283 707 2373 738 praee

1364 751 1466 781 dictae
1481 751 1653 789 dioecesis,
1670 751 1834 791 dispenset
1849 756 1883 782 ut
1898 752 1930 781 in
1951 752 2157 783 matrimonio
2171 751 2256 791 quod
2273 751 2361 785 olim.

1364 804 1551 843 ignorantes
1573 814 1606 835 se
1627 810 1739 844 quarto
1760 805 2050 843 consanguinitatis
2070 805 2171 844 gradu
2187 807 2379 849 conjunctos.

1365 867 1448 894 esse,
1473 862 1702 889 contraxerunt
1728 863 1758 888 et
1778 859 1812 888 in
1837 866 1900 898 quo
1929 858 2036 897 plures
2057 858 2142 889 filios
2168 864 2375 899 procrearunt

1364 920 1532 942 remanere
1547 911 1684 942 valeant.

1406 978 1421 992 «ι
1440 966 1555 996 Petitio
1568 965 1676 996 dilecti
1690 965 1787 995 filii...
1803 981 1844 989 —
1856 966 1928 996 Dat.
1945 966 2030 1005 apud
2048 966 2324 1004 Urbemveterem‚
2338 964 2382 1012 nt}

1365 1027 1470 1058 supra.
1494 1032 1507 1045 »ι

1436 1193 1558 1222 3183

1402 1255 1587 1290 Dispensatio
1598 1263 1687 1291 super
1698 1256 1858 1291 pluralitate
1871 1256 2090 1284 beneficiorum.
2107 1257 2195 1291 (Reor
2210 1257 2253 1290 ⁴5,
2269 1265 2296 1285 c.
2313 1246 2382 1293 maj

1364 1305 1384 1331 f.
1403 1306 1435 1332 75
1452 1308 1499 1339 νο.)

1870 1193 1996 1225 Orvieto‚
2014 1194 2029 1220 5
2045 1193 2209 1228 septembre
2225 1193 2304 1222 ¹290.

1411 1407 1556 1438 Willelmo
1575 1409 1608 1438 de
1623 1409 1779 1446 Ameldon,
1794 1410 2010 1439 archidiacono
2024 1410 2216 1440 Ebot-acensi.
2230 1409 2314 1441 Cum
2326 1418 2374 1449 eo,

1366 1461 1622 1492 consideratione
1649 1462 1684 1492 E.
1701 1486 1708 1499 ,
1741 1462 1826 1501 regis
1854 1462 2009 1501 Angliae,
2038 1464 2130 1503 cujus
2153 1463 2314 1503 obsequiis
2339 1459 2382 1507 in}>

1366 1515 1576 1546 cancellariae
1587 1516 1691 1546 officio
1702 1525 1757 1555 per
1769 1525 1834 1547 non
1848 1516 1967 1547 modici
1984 1517 2134 1556 temporis
2147 1517 2288 1557 spatium
2302 1517 2376 1558 hao-

1366 1573 1460 1600 tenus
1471 1570 1600 1607 institit,
1608 1570 1771 1609 dispensat
1783 1575 1816 1600 ut
1826 1570 2121 1601 archidiaconatum
2130 1571 2375 1611 Eboracensem;

1367 1623 1518 1653 ecclesias
1538 1623 1577 1653 de
1600 1623 1768 1660 Emefflon,
1786 1623 2041 1654 Micheldensem
2064 1629 2095 1654 et
2116 1624 2156 1654 de
2180 1615 2386 1656 Samnitas-s

1368 1676 1475 1713 worh,
1507 1682 1536 1707 et
1568 1677 1774 1707 medietatem
1805 1677 1955 1708 ecclesiae
1985 1678 2023 1708 de
2058 1677 2192 1709 Kirkebi
2222 1679 2256 1708 in
2285 1679 2377 1720 Rea-j

1368 1731 1450 1767 dale,
1469 1731 1711 1768 Dunelmensis,
1730 1731 1982 1768 Wintoniensis,
2002 1732 2236 1763 Londoniensis
2253 1737 2285 1763 et
2299 1731 2380 1769 Ebot

1367 1785 1510 1814 racensis
1533 1784 1745 1823 dioecesium,
1768 1794 1850 1823 quae
1871 1785 1941 1815 sine
1961 1785 2201 1825 dispensatione
2222 1785 2381 1818 detinuit⁴

1367 1837 1454 1868 licite
1469 1838 1609 1868 retinere
1627 1838 1740 1868 valeat.
2368 1838 2375 1875 f

1410 1904 1424 1919 <t
1443 1892 1591 1931 Exposita
1613 1892 1704 1922 nobis
1727 1893 1826 1924 tua...'
1841 1908 1882 1915 —
1897 1892 1968 1922 Dat.
1990 1893 2075 1932 apud
2099 1893 2381 1934 Urbemveteremf

1368 1947 1462 1976 nonis
1477 1946 1679 1985 septembris,
1698 1954 1784 1976 anno
1801 1946 1903 1977 tertio.
1922 1959 1935 1974 ι)

1438 2121 1559 2150 3184
1966 2120 2094 2155 Orvieto,
2112 2121 2128 2148 4
2142 2122 2211 2148 nont
2227 2121 2306 2150 1290.

1404 2183 1594 2210 Donationem
1625 2183 1765 2210 ecclesiae
1795 2182 1891 2210 Sancti
1922 2183 2022 2211 Basilii
2051 2184 2190 2211 fratribus
2217 2183 2360 2213 minoribu

1368 2233 1534 2268 Anagninis
1547 2233 1649 2260 factam
1665 2232 1824 2259 confirmat.
1843 2232 1926 2266 (Rea.
1944 2233 1988 2268 45,
2000 2241 2026 2260 c.
2039 2233 2101 2266 377,
2117 2234 2137 2260 s.
2153 2234 2187 2262 75
2203 2240 2241 2266 r0;
2258 2233 2378 2274 Pomp-j

1367 2282 1477 2315 23348).

1410 2408 1430 2416 ..
1453 2386 1628 2423 guardiam
1652 2390 1678 2414 et
1702 2386 1853 2421 fratribus
1877 2386 2048 2415 minoribus
2073 2385 2253 2424 Anaqnim's
2277 2385 2380 2418 dona--

1369 2439 1490 2469 tionem
1506 2437 1659 2468 ecclesiae
1672 2437 1781 2469 Sancti
1796 2437 1908 2468 Basilii
1925 2438 1972 2468 eis
1985 2438 2025 2469 ab
2039 2461 2059 2468 ..
2073 2438 2235 2469 abbatissa
2249 2442 2281 2470 et
2295 2446 2382 2481 soros

1368 2492 1455 2522 ribus
1473 2491 1661 2522 monasterii
1676 2491 1785 2521 Sancti
1801 2491 1889 2521 Petri
1904 2491 1943 2522 de
1960 2491 2073 2522 Vineis
2088 2491 2278 2530 Anagnini,
2294 2490 2370 2523 ordi

1369 2545 1419 2576 nis
1435 2545 1572 2576 Sanctae
1586 2544 1711 2581 Clarae,
1728 2545 1845 2575 factam
1860 2544 2044 2575 confirmat.

1409 2612 1423 2628 ι
1440 2599 1521 2630 Cum
1533 2608 1551 2629 a
1567 2598 1696 2629 nohis...
1711 2616 1750 2620 —
1764 2599 1837 2629 Dat.
1850 2598 1935 2638 apud
1951 2598 2229 2638 Urbemveterem,
2243 2608 2265 2630 ιι
2275 2604 2390 2630 ηοιηιε-

1367 2653 1508 2692 augusti,
1528 2661 1613 2683 anno
1630 2653 1730 2683 tertio.
1752 2665 1766 2680 n

1402 2896 1536 2924 Facultas
1551 2895 1718 2923 absolvendi
1734 2904 1749 2923 a
1764 2895 1912 2923 canonicis
1928 2895 2090 2923 sententiis.
2107 2894 2192 2929 (Rau.
2208 2894 2254 2930 45,
2269 2902 2296 2922 c.
2311 2887 2382 2927 378}

1366 2946 1385 2973 ι.
1402 2946 1435 2973 75
1451 2945 1499 2980 ι-ο.)

1883 2832 2009 2864 Orvieto.
2023 2833 2038 2860 6
2049 2832 2214 2868 septembre
2227 2831 2304 2861 1290.

1413 3049 1635 3078 Vener-abimus
1656 3049 1806 3085 fratribus
1831 3070 1850 3078 ..
1871 3049 2094 3086 archiepiscopo
2116 3045 2329 3078 Ter-raconem
2346 3046 2391 3075 αι’
