2477 3637
291 396 346 426 536
1040 389 1274 421 REGISTRES
1296 390 1351 420 DE
1372 388 1556 419 NICOLAS
1581 391 1635 420 IV.

815 458 941 490 Orricto,
959 457 992 484 ‘23
1007 457 1123 484 octobre
1140 456 1218 483 1290.

331 524 366 553 In
381 532 407 553 e.
422 532 463 552 m.
482 522 614 558 eisdem,
632 529 687 560 pro
699 520 828 550 ecclesia
844 543 863 549 ..
882 519 1058 549 abbatissae
1072 524 1101 548 et
1114 522 1291 549 conventus

290 576 471 606 monasterii
494 575 532 604 de
559 575 716 610 Estrneni,
743 573 866 603 ordinis
890 572 922 602 S.
950 571 1127 607 Benedicti,
1153 571 1289 601 Atreba-

290 629 385 658 teusis
405 627 569 657 dioecesis.
597 627 666 655 Dat.
690 625 773 664 apud
795 625 1074 656 Urbemveterein.
1098 633 1114 653 x
1135 623 1290 654 kalendas

288 680 481 716 novembris,
496 689 581 709 anno
600 680 699 709 tertio.
719 679 818 718 (Ibid.)

327 735 364 764 In
381 744 408 764 e.
427 743 469 764 m.
487 733 619 769 eisdem,
635 741 690 771 pro
707 732 840 762 ecclesia
856 731 989 761 Sanctae
1006 731 1125 760 Mariae
1143 731 1182 760 de
1197 730 1289 760 Cres-

287 787 413 823 sevelle,
431 786 636 817 Lexoviensis
649 786 812 816 dioecesis
827 785 897 814 Dat.
913 784 996 823 apud
1014 784 1287 820 Urbemveterem,

287 841 432 871 kalendis
449 840 642 876 novembris,
659 848 745 870 auno
762 839 863 869 tertio.
882 839 983 876 (Ibid.)

767 919 893 952 Orvicto,
911 919 942 945 ‘27
959 918 1121 953 septembre
1142 918 1216 945 1290.

326 984 361 1013 ln
395 994 420 1012 e.
454 993 496 1013 in.
531 983 651 1013 eisdem
667 1007 672 1017 .,
705 991 760 1021 pro
790 981 920 1012 ecclesia
952 981 1138 1011 monasterii
1172 980 1288 1010 Beatae

286 1037 403 1066 Mariae
422 1037 674 1074 Andegarensis.
690 1036 759 1066 Dat.
780 1041 928 1074 utsupra,
942 1044 958 1064 v
972 1033 1124 1064 kalendas
1139 1034 1285 1070 octobris,

284 1098 369 1120 anno
385 1090 484 1119 tertio.
501 1090 603 1128 (Ibitl.)

810 1154 935 1185 Orvieto,
955 1155 982 1181 ll
1002 1154 1118 1181 octobre
1138 1154 1213 1181 ¹290.

325 1218 359 1247 In
377 1227 404 1248 e.
422 1227 463 1247 m.
483 1218 614 1254 eisdem,
632 1227 686 1257 pro
701 1217 831 1248 ecclesia
843 1217 951 1247 Sancti
967 1217 1095 1247 Martini
1107 1217 1146 1247 de
1158 1217 1283 1254 Poirus,

285 1271 452 1300 Remensis
473 1271 638 1301 dioecesis.
665 1272 735 1300 Dat.
759 1271 842 1310 apud
867 1270 1145 1308 Urbemveterem,
1168 1280 1187 1300 v
1213 1270 1285 1301 idus

281 1324 426 1361 octobris,
443 1333 527 1353 anno
545 1325 643 1354 tertio.
661 1324 767 1362 (lbicl.)

800 1403 934 1437 Orrieto,
954 1403 982 1429 11
1000 1403 1117 1430 octobre
1135 1404 1213 1431 1290.

321 1465 357 1494 In
375 1474 402 1494 e.
421 1475 463 1495 rn.
483 1466 618 1503 eisdem,
644 1475 698 1506 pro
715 1467 847 1497 ecclesia
861 1467 900 1497 de
915 1467 1136 1504 Thelchuche,
1156 1468 1284 1498 Londo-

281 1518 402 1547 niensis
416 1518 582 1555 dioecesis,
601 1521 633 1549 in
656 1521 810 1551 honorem
827 1521 984 1551 Omnium
1002 1521 1191 1551 Sanctorum
1208 1530 1284 1552 con-

281 1575 408 1602 structa.
427 1573 497 1602 Dat.
515 1578 549 1602 nt
566 1583 671 1612 snpra.
690 1575 793 1613 (IbidA

828 1656 953 1687 (ji-vieto,
972 1656 985 1682 ἵ
1001 1656 1117 1682 octobre
1135 1656 1211 1684 1‘290.

319 1715 356 1744 In
371 1724 398 1744 e.
416 1724 458 1745 m.
475 1716 606 1751 eisdem,
620 1725 677 1755 pro
689 1717 808 1756 capella
819 1717 857 1747 de
869 1717 1058 1754 Chasselles,
1070 1718 1104 1748 in
1117 1718 1285 1757 parrochia

278 1768 316 1797 de
336 1767 495 1805 Berziaco,
513 1770 753 1800 suessionensis
771 1770 938 1808 dioecesis,
956 1772 1065 1801 beatae
1082 1772 1204 1802 Mariae
1219 1772 1284 1802 vir-

281 1821 365 1858 ginis
380 1821 532 1852 vocabulo
550 1824 714 1862 insignita.

322 1886 334 1901 a
349 1875 447 1914 Virga
460 1877 683 1906 venustissima
694 1882 761 1907 et...
773 1895 811 1899 —
824 1878 893 1908 Dat.
910 1879 992 1918 apud
1008 1879 1281 1917 Urbemveteiem,

283 1928 377 1958 nonis
392 1929 539 1966 octobris,
553 1939 639 1960 anno
659 1932 759 1962 tertio.
781 1943 793 1957 n

349 2083 603 2113 3450-3452
802 2085 928 2121 Orvieto,
945 2086 978 2113 ‘23
997 2087 1113 2114 octobre
1133 2087 1209 2115 1290.

314 2144 497 2179 privilegium
514 2146 663 2173 ordinibus
678 2146 920 2175 Jerosolimitanis
935 2156 1118 2176 concessum.
1136 2149 1219 2182 (Rae.
1237 2150 1279 2182 45,

279 2202 303 2220 c.
326 2194 386 2226 462²,
406 2195 425 2220 f.
442 2195 475 2221 03
493 2197 544 2227 vo.)

318 2305 338 2313 ..
368 2284 512 2320 mayistro
535 2289 561 2312 et
583 2286 733 2321 fratribus
757 2286 917 2323 hospitalis
942 2286 1048 2316 Sancte
1072 2289 1166 2317 illarie
1191 2290 1281 2318 Theo-

279 2337 447 2365 tonicorum
469 2337 709 2367 Jerosolimitans
731 2339 876 2369 concedit
896 2344 929 2369 ut
953 2340 1118 2379 privilegio
1141 2342 1280 2372 crucesi-

278 2390 380 2427 gnatis
396 2398 413 2418 a
429 2389 501 2419 sede
515 2390 684 2428 apostolica
699 2400 848 2422 concesso
867 2392 1037 2430 gaudeant.

318 2454 330 2468 α
350 2442 491 2480 Dignum
511 2443 706 2473 arbitramur
726 2449 793 2474 et...
813 2463 851 2466 —
872 2446 943 2475 Dat.
967 2446 1052 2485 apud
1069 2447 1279 2479 Urhemvete-

276 2504 355 2532 rem,
372 2505 388 2524 x
404 2495 555 2526 kalendas
571 2498 764 2535 novembris,
780 2507 865 2528 anno
882 2500 983 2530 tertio.
1001 2512 1013 2527 ι

315 2548 352 2577 In
364 2557 391 2578 e.
405 2558 447 2578 m.
468 2572 486 2578 ..
504 2551 656 2588 magistro
667 2555 697 2581 et
711 2552 861 2583 fratribus
873 2553 985 2584 domus
1002 2554 1138 2586 militiae
1153 2556 1277 2595 Templi

274 2601 535 2632 Jerosolimitani.

315 2655 351 2684 In
377 2664 403 2685 e.
434 2665 476 2686 m.
513 2681 532 2686 ..
561 2658 714 2696 magistro
740 2663 769 2689 et
793 2660 945 2691 fratribus
975 2662 1141 2701 hospitalis
1169 2663 1276 2695 Sancti

275 2707 433 2739 Johannis
447 2710 711 2741 Jerosolimitani.

343 2860 458 2889 3453
791 2866 917 2900 Orvieto,
939 2868 972 2895 23
988 2869 1105 2896 octobre
1126 2869 1201 2897 1290.

312 2921 364 2947 Pro
388 2923 520 2950 fratribus
543 2926 576 2951 ad
602 2931 698 2961 partes
722 2928 918 2956 ultramarinas
943 2931 1088 2959 euntibus.
1115 2932 1196 2967 (Rae.
1223 2934 1272 2965 45,

275 2978 299 2995 c.
320 2970 390 3001 4622,
411 2971 428 2998 s.
445 2972 477 2999 93
496 2981 540 3006 v⁰;
560 2974 674 3008 Domi„
692 2976 800 3006 23440.)

317 3059 417 3087 Fratri
433 3061 516 3090 Petro
536 3063 674 3094 Bardulii
690 3066 724 3095 cle
740 3068 844 3096 ordine
860 3069 1032 3107 minorum,
1049 3070 1088 3100 ad
1104 3075 1208 3110 partes
1223 3071 1272 3102 ul—

1330 455 1337 496 Ι
1376 456 1567 486 tramarinas
1589 465 1646 495 pro
1671 457 1745 488 fidei
1770 458 1898 497 negotio
1921 458 2026 495 eunti,
2049 458 2195 489 concedit
2218 463 2253 490 ut
2273 468 2380 491 secum

1374 512 1511 547 quatuor
1527 509 1576 539 vel
1593 518 1645 540 sex
1662 511 1774 541 fratres
1790 512 1839 541 sui
1854 511 1978 541 ordinis
1994 511 2111 542 ducere
2126 511 2239 542 valeat.

1417 573 1430 587 u
1450 561 1531 591 Cum
1549 566 1579 592 te
1594 562 1672 592 ad...
1693 579 1731 584 -
1748 563 1819 592 Dat.
1840 567 1874 593 ut
1889 572 1996 603 supra.
2018 576 2029 589 υ

1444 735 1561 763 3454
1852 735 1984 770 Orvieto,
1999 735 2032 763 ‘27
2051 737 2213 772 septembre
2230 736 2308 765 1290.

1409 798 1593 833 Dispensatio
1613 799 1795 826 matrimonii.
1814 799 1897 832 (Res.
1916 799 1959 832 45,
1975 807 2001 826 c.
2019 799 2080 830 ⁴63.
2096 799 2116 826 f.
2133 799 2167 827 93
2186 801 2237 833 vo.)

1419 902 1585 930 Venerabili
1597 902 1692 937 fratri
1708 923 1728 930 ..
1743 903 1877 940 episcopo
1895 902 2104 932 Camerinensi
2119 901 2290 933 committit
2304 911 2380 942 quaa-

1373 959 1465 984 tenus
1492 963 1565 984 curn
1595 955 1760 985 Jacobutio
1793 954 1983 985 Deutesalve
2010 959 2041 985 et
2077 955 2261 986 Marsebilia
2292 955 2378 987 Bon-

1370 1006 1483 1037 villani
1507 1007 1545 1037 de
1566 1007 1741 1045 Fabi-iano,
1760 1008 2001 1039 Camerinensis
2022 1009 2176 1039 dioecesis
2190 1033 2197 1047 ‚
2219 1008 2380 1048 dispenset

1370 1065 1406 1091 ut
1424 1061 1457 1090 in
1479 1061 1686 1092 matrimonio
1705 1061 1783 1092 olim
1803 1062 1843 1092 ab
1864 1062 1942 1101 ipsis
1960 1065 2137 1099 contracto,
2155 1070 2230 1092 cum
2251 1061 2379 1101 ignora·
2424 1088 2428 1092 .

1370 1119 1442 1144 rent
1470 1114 1633 1153 quondam
1661 1115 1882 1150 Jacobutium,
1907 1115 2046 1154 priorem
2075 1115 2246 1155 conjugem
2275 1114 2380 1146 dictae

1370 1166 1590 1205 Marsebiliae,
1607 1167 1766 1206 praedicto
1779 1168 1946 1199 Jacobutio
1961 1172 2073 1207 quarto
2092 1168 2379 1207 consanguinitatis

1369 1221 1482 1259 gradu,
1500 1221 1577 1251 dum
1594 1221 1728 1256 viveret,
1745 1222 1926 1257 attinuisse,
1944 1231 2112 1253 remanere
2129 1221 2266 1252 valeant.

1409 1283 1424 1304 ‹
1450 1274 1565 1305 Petitio
1586 1274 1693 1305 dilecti
1713 1274 1812 1304 filii...
1838 1292 1875 1297 —
1897 1275 1968 1305 Dat.
1990 1275 2074 1314 apud
2095 1275 2378 1314 Urbemveterem,

1368 1338 1387 1357 v
1403 1327 1558 1358 kalendas
1573 1327 1719 1366 octobris}
1736 1337 1823 1359 anno
1839 1330 1943 1359 tertio.
1963 1343 1975 1354 n

1438 1502 1556 1532 3455
1899 1500 2025 1529 Orvieto.
2045 1501 2074 1528 11
2093 1501 2210 1529 octobre
2227 1501 2306 1530 ¹290.

1404 1564 1522 1591 Liberae
1538 1565 1704 1599 sepulturae
1719 1565 1880 1591 concessio.
1902 1564 1983 1597 (Rae.
2001 1564 2045 1595 45,
2063 1572 2088 1591 c.
2106 1564 2168 1596 464,
2185 1564 2204 1592 f.
2221 1563 2255 1592 93
2271 1566 2322 1598 vo.)

1410 1690 1430 1698 ..
1451 1668 1602 1706 preposito
1624 1671 1651 1696 et
1669 1668 1804 1705 capitulo
1827 1668 1944 1697 ecclesie
1968 1666 2074 1698 Sancti·
2095 1667 2228 1697 Adriani
2249 1667 2285 1697 de
2310 1667 2379 1697 Tri-
2408 1663 2412 1666 ’

1367 1722 1492 1759 gaudio,
1509 1721 1674 1750 Januensis
1689 1721 1823 1750 diocesis.
1839 1732 1852 1747 α
1873 1719 2026 1750 Volentes
2041 1718 2210 1750 ecclesiam
2225 1723 2376 1758 vestram,

1368 1773 1623 1805 consideratione
1640 1773 1741 1804 felicis
1756 1773 1985 1804 recordationis
2001 1772 2141 1803 Adriani
2157 1781 2247 1812 pape,
2266 1771 2377 1811 prede—

1368 1827 1502 1857 cessoris
1519 1827 1631 1863 nostri,
1652 1827 1707 1865 qui
1723 1835 1794 1856 eam
1811 1827 1849 1857 de
1865 1835 1946 1856 novo
1962 1825 2110 1856 fundavit
2127 1829 2156 1856 et
2171 1824 2315 1856 edificari
2330 1824 2377 1856 fe·
2408 1863 2410 1866 y

1367 1881 1411 1911 cit
1430 1881 1585 1917 eandem,
1605 1880 1804 1919 prerogativa
1823 1880 1945 1910 ⁴favoris
1967 1884 1997 1910 et
2019 1880 2121 1918 gratie
2139 1879 2284 1919 prosequi
2304 1887 2377 1918 spe-

1367 1934 1468 1971 cialis,
1480 1933 1675 1973 sepulturam
1685 1934 1787 1973 ipsius
1797 1933 1929 1964 ecclesie
1939 1933 2074 1964 liberam
2084 1941 2152 1963 esse
2159 1932 2374 1970 decernimus,

1325 1985 1326 1990 ’
1367 1992 1402 2018 ut.
1421 1996 1531 2018 eorum
1550 1987 1714 2017 devotioni
1730 1991 1759 2016 et
1774 1992 1914 2017 extreme
1930 1986 2085 2017 voluntati
2102 1986 2157 2025 qui
2175 1995 2209 2016 se
2226 1984 2310 2016 inibi
2327 1993 2376 2016 se-

1366 2041 1459 2081 peliri
1476 2040 1734 2077 deliberaverint,
1752 2040 1816 2069 nisi
1833 2040 2101 2071 excommunicati
2115 2039 2166 2070 vel
2181 2038 2375 2070 nominatim

1365 2095 1528 2125 interdicti
1545 2098 1600 2124 aut
1615 2094 1709 2124 etiam
1730 2093 1855 2133 publice
1873 2093 2015 2124 usurarii
2035 2093 2176 2129 suerint,
2194 2092 2304 2124 nullus
2318 2091 2374 2123 ob-

1366 2149 1471 2185 sistat,
1486 2147 1573 2178 salva
1590 2152 1695 2177 tamen
1711 2146 1841 2177 illarum
1857 2146 2065 2177 ecclesiarum
2079 2145 2232 2177 canonica
2249 2145 2376 2185 justitia

1364 2212 1383 2233 a
1407 2202 1523 2241 quibus
1547 2205 1748 2231 mortuorum
1773 2209 1904 2239 corpora
1923 2204 2140 2230 assumentur.
2169 2198 2261 2230 Nulli
2282 2207 2373 2238 ergo,

1365 2261 1436 2293 etc,
1451 2260 1557 2286 nostre
1572 2254 1821 2289 constitutionis,
1835 2258 1893 2284 etc.
1910 2254 1982 2284 Dat.
1997 2253 2081 2293 apud
2098 2253 2374 2291 Urbemveterem,

1363 2321 1383 2340 v
1399 2310 1470 2340 idus
1485 2309 1631 2346 octobris,
1648 2317 1734 2338 anno
1750 2308 1850 2338 tertio.
1870 2319 1885 2335 n

1434 2482 1552 2512 3456
1891 2480 2018 2511 Orvieto,
2035 2479 2069 2508 ‘23
2088 2479 2205 2507 octobre
2222 2479 2301 2508 1290.

1400 2545 1586 2581 Dispensatio
1601 2551 1688 2578 super
1704 2542 1865 2578 pluralitate
1881 2541 2096 2569 beneficiorum.
2112 2541 2197 2574 (Rae.
2211 2541 2254 2576 45,
2267 2548 2293 2568 c.
2310 2539 2371 2571 465.
2400 2550 2404 2555 ³

1362 2595 1381 2621 f.
1398 2594 1431 2622 93
1447 2600 1496 2624 νῦ.)

1401 2698 1544 2735 Magistro
1559 2696 1695 2725 Iohanni
1710 2695 1743 2724 de
1761 2695 1913 2730 Penestre,
1933 2702 2047 2723 camere
2062 2698 2164 2722 nostre
2182 2693 2298 2729 clerico,
2315 2700 2370 2722 ιιν-ὁ
2396 2708 2399 2711 -

1360 2752 1538 2781 chidiacono
1553 2750 1586 2779 de
1602 2750 1722 2787 Disesya
1738 2749 1772 2778 in
1787 2749 1907 2778 eeclesia
1923 2747 2113 2777 Nivernensi.
2133 2758 2146 2773 α
2165 2745 2296 2776 Dudum
2313 2753 2369 2776 vo-

1359 2804 1462 2834 lentes
1480 2802 1537 2833 tibi
1555 2802 1692 2840 gratiam
1708 2801 1811 2832 facere
1825 2799 2003 2840 spetialem,
2019 2798 2315 2830 archidiaconatum
2328 2797 2369 2828 de

1360 2858 1498 2897 Disesya
1515 2857 1550 2886 in
1570 2855 1703 2886 ecclesia
1725 2854 1921 2885 Nivernensi
1943 2862 1980 2884 ac
1998 2853 2223 2884 canonicatum
2243 2855 2274 2883 et
2294 2859 2367 2892 pre·
2398 2888 2403 2893 ,
2441 2879 2445 2885 ,

1358 2911 1497 2942 bendam
1515 2914 1662 2940 vacantes
1675 2909 1796 2939 ibidem
1812 2917 1868 2948 per
1882 2907 2017 2938 liberam
2034 2906 2283 2945 resignationem
2299 2913 2366 2936 ma-

1358 2965 1450 3004 gistri
1465 2963 1627 2994 Johannis
1649 2963 1688 2992 de
1708 2963 1815 3001 Haya,
1833 2961 1984 3001 prepositi
2005 2959 2193 2999 Andegavie
2214 2959 2249 2989 in
2271 2957 2366 2989 eccle-
2394 2991 2397 2995 ,
2431 2990 2435 2994 ,
2475 2972 2477 2997 2

1358 3019 1404 3049 sia
1436 3018 1544 3048 Sancti
1579 3016 1710 3046 Martini
1739 3015 1938 3051 Turonensi,
1969 3013 2046 3044 olim
2077 3012 2295 3044 archidiaconi
2325 3010 2366 3042 de

1358 3072 1495 3111 Disesya
1517 3071 1549 3100 in
1572 3070 1684 3100 eadem
1703 3069 1835 3100 ecclesia
1856 3067 2067 3104 Nivernensi,
2086 3066 2121 3096 in
2144 3065 2292 3096 manibus
2313 3063 2363 3094 di·
2414 3092 2421 3099 ,
2474 3082 2477 3090 2
