2342 3652
905 356 1132 397 1111οΧ111113
1154 356 1310 395 ANMin.
2091 371 2143 400 179

46 435 266 472 ·Lugdunensis
278 435 473 467 usuipatione.
495 433 575 465 (Rae
595 434 638 466 44,
654 441 679 460 0.
701 434 757 464 ll5,
775 433 793 459 f.
815 433 861 460 135
883 438 930 461 νο·
947 432 1012 460 Lse.
1029 440 1064 458 nu

65 483 289 516 Tnm‚11‚59.)

105 580 210 611 Dilecto
229 578 294 615 fil1'o
321 599 342 608 ..
365 577 491 615 officiali
519 577 751 606 Tarantasiensi.
777 587 790 602 «
813 575 954 605 Dilectus
980 574 1066 603 filins

67 631 244 666 Bonifatius
266 630 305 660 de
326 633 490 668 Augusta,
516 629 698 667 capellanus
723 633 847 664 noster,
870 627 1065 657 archidiaco-

66 696 127 718 nus
141 689 172 716 et
187 684 360 715 canonicus
382 683 628 721 Lugdunensis,
650 682 740 711 nobis
761 681 902 718 graviter
923 684 969 709 est
988 688 1065 709 con-

67 743 194 780 questus
213 737 295 776 qnod
314 737 489 767 Lodovicus
507 736 546 765 de
566 735 725 770 Villariis,
746 734 919 764 canonicus
937 733 1066 770 Lugdu-

65 792 192 828 nensis,
225 791 283 830 qui
317 790 461 820 nondum
491 788 681 818 vicesimum
717 788 856 826 primum
888 787 979 816 etatis
1010 794 1067 815 sue

66 836 187 878 annum
199 844 314 882 attigit,
329 844 367 873 ad
380 843 677 873 archidiaconatum
695 841 955 879 Lugdunensem,
970 848 1067 878 quem

67 900 168 950 dictus
187 898 367 929 Bonifatius
391 896 494 926 fuerat
519 896 672 925 canonice
697 899 859 924 assecutus
881 898 911 923 et
936 893 1067 931 pacifice

66 941 254 997 possidebat,
271 950 439 980 ambitiose
454 949 612 988 aspirans,
634 948 710 978 dum
727 948 779 977 die
794 947 931 986 quadam
946 947 980 976 in
996 955 1067 976 ves-

66 1005 148 1046 peris
162 1005 246 1035 idem
265 1003 466 1034 Bonifatius'
458 1012 492 1032 13
510 1001 760 1032 archidiaconali
775 1001 843 1031 loco
859 1000 949 1030 011011
967 993 1066 1029 00010-

39 1054 41 1059 ⁴
66 1059 112 1091 sie
131 1057 366 1096 Lugdunensis,
387 1056 508 1086 divinis
531 1056 645 1085 officiis
666 1063 740 1084 cum
757 1054 829 1084 aliis
845 1053 1009 1083 canonicis
1038 1056 1068 1082 et

65 1099 187 1144 clericis
201 1110 391 1146 insistendo,
409 1113 565 1145 maneret,
583 1118 657 1138 eum
674 1118 729 1146 per
745 1107 918 1138 nonnullos
934 1115 1068 1136 consan-

65 1161 218 1209 guineos,
245 1164 436 1199 servientes,
466 1167 496 1192 et
520 1162 599 1192 alios
626 1162 763 1191 fautores
789 1170 862 1191 51105
889 1161 929 1190 ab
955 1160 1068 1190 eodem

31 1219 36 1227 “
65 1219 154 1256 loco,
174 1226 236 1247 non
253 1217 322 1246 sine
339 1217 510 1254 injectione
527 1224 683 1244 manuum
699 1215 733 1244 in
747 1215 864 1253 ipsum,
884 1213 943 1243 Dei
955 1213 1068 1243 timore

47 1270 431 1314 ιρο511105110,1110101113,
455 1278 532 1304 ausu
559 1269 711 1306 sacrilego
738 1268 798 1298 eici
820 1268 1016 1313 procuravit,
1039 1271 1070 1296 et

42 1338 43 1344 ¹
65 1326 101 1357 in
117 1325 254 1356 eundem
270 1324 394 1358 locum,
414 1323 562 1362 predictis
579 1322 741 1360 saciilegis
757 1322 817 1351 51111
834 1321 1066 1357 355151031111115,

39 1373 50 1383 “’
65 1387 99 1410 se
113 1378 262 1413 intrusit,
279 1386 315 1406 30
332 1385 387 1415 pro
405 1376 634 1406 archidiacono
656 1375 866 1413 Lugdunensi
884 1384 916 1404 se
937 1383 1066 1412 gemus,

65 1433 220 1474 prefatum
242 1430 348 1461 locum
364 1435 395 1460 et
410 1431 563 1469 quosdam
581 1430 702 1459 fructus
721 1433 750 1459 et
768 1433 940 1467 proventus
961 1428 1067 1458 archi-

66 1486 249 1518 diaconatus
271 1484 404 1523 predicti
428 1484 548 1513 detinet
573 1487 759 1521 occupatos‚
784 1488 814 1512 et
838 1481 1069 1512 nichilominus

48 1538 403 1572 *excommunicationis
435 1538 646 1571 sententiam,
668 1545 764 1575 quam
794 1545 849 1574 pro
877 1533 1069 1574 'hujusmodi

66 1592 205 1624 violenta
229 1591 405 1631 injectione
434 1599 610 1626 manuum,
634 1598 729 1627 quam
760 1589 845 1618 idem
872 1589 1066 1626 Lodovicus,

66 1651 102 1686 nt
113 1646 242 1682 dicitur,
260 1644 453 1684 procuravit,
470 1648 500 1673 et
514 1652 611 1682 quam
628 1642 757 1682 quidem
770 1643 976 1680 injectionem
991 1646 1070 1680 post-

66 1701 195 1732 modum
210 1703 312 1729 ratam
330 1699 452 1734 habuit,
470 1697 630 1727 incurisse
647 1697 836 1732 dinoscitur,
854 1695 1068 1734 dampnabili-

67 1759 114 1798 ter
131 1753 357 1792 vilipendens,
377 1751 499 1781 divinis
521 1750 640 1781 officiis
658 1755 775 1779 temere
793 1759 827 1779 se
846 1750 1017 1785 immiscet,
1034 1751 1068 1779 in

67 1807 172 1838 anime
197 1815 253 1836 sue
280 1804 496 1844 periculum...
527 1804 633 1840 Quare
657 1803 743 1833 idem
774 1795 952 1833 Bonifatius
977 1803 1069 1833 1101115

67 1860 231 1892 humiliter
250 1859 443 1898 supplicavit
461 1863 510 1895 ut,
530 1867 603 1888 cum
626 1867 684 1888 nos
703 1858 737 1887 in
754 1866 848 1887 causa
863 1866 960 1896 quam
982 1857 1069 1886 idem

66 1913 245 1946 Bonifatius
260 1922 355 1952 super
370 1913 481 1943 eodem
492 1912 750 1942 archidiaconatu
767 1915 873 1941 movet
883 1915 992 1940 contra
1006 1911 1068 1940 dic-

66 1971 133 2000 tum
146 1967 352 2003 Lodovicum,
370 1975 424 2005 per
440 1965 686 2010 appellationem
705 1965 781 1995 dicti
798 1965 951 1994 Bonifatii
967 1965 1006 1994 ad
1018 1973 1069 1994 se-

67 2021 138 2054 dem
154 2021 357 2061 apostolicam
375 2020 519 2058 legitime
537 2019 695 2055 devoluta,
715 2019 866 2049 dilectum
883 2019 987 2048 filium
1001 2028 1068 2048 ma-

67 2075 200 2115 gistrum
233 2075 392 2112 Rogerum
427 2074 465 2103 de
498 2073 650 2110 Salern0‚
679 2073 880 2112 capellanum
910 2077 1067 2110 nostrum,

66 2128 247 2160 dederimus
267 2129 463 2162 auditorem,
482 2132 511 2157 et
532 2136 586 2166 per
603 2127 744 2166 ejusdem
769 2126 918 2156 Ludovici
939 2135 1069 2166 presen-

67 2176 154 2219 tiain,
170 2191 205 2211 ex
222 2186 349 2220 aspectu
364 2181 515 2219 corporis,
535 2181 573 2210 de
591 2181 714 2210 defectu
723 2179 814 2209 etatis
831 2184 860 2209 et
875 2179 955 2209 alias
973 2180 1011 2210 de
1021 2181 1069 2219 ip-

67 2235 132 2266 sius
152 2235 300 2265 Lodovici
317 2234 550 2264 insufficientia
569 2233 693 2263 facilius
708 2234 822 2272 poterit
836 2234 920 2272 apud
935 2234 1069 2263 eandem
1117 2232 1120 2234 ’

27 2329 31 2334 ἡ
67 2288 173 2320 sedem
193 2288 334 2328 liquere,
354 2297 413 2318 nec
429 2292 571 2326 speretur
593 2286 677 2325 quod
693 2286 731 2316 de
747 2286 833 2316 facili
852 2287 951 2325 possit
968 2287 1069 2316 dictus

71 2341 249 2373 Bonifatius
264 2341 303 2371 de
318 2346 494 2371 memorato
512 2341 679 2377 Lodovico‚
696 2341 749 2379 qui
764 2340 868 2370 laicali
884 2340 981 2370 fultus
999 2340 1071 2380 (est)

67 2396 221 2436 potentia,
243 2395 349 2425 locum
377 2399 407 2424 et
429 2395 551 2424 fructus
580 2394 738 2433 predictos
758 2395 802 2423 sic
829 2399 1070 2433 presumptuose

69 2447 187 2479 detinet
207 2452 392 2486 occupatos,
414 2457 509 2486 super
530 2448 659 2486 injuriis
679 2447 867 2486 hujusmodi
892 2448 950 2477 51111
971 2448 1009 2477 ab
1035 2456 1070 2478 eo

69 2500 180 2539 illatis,
197 2502 317 2541 absque
343 2501 433 2539 gravi
455 2501 604 2531 scandalo
631 2505 660 2530 et
680 2509 888 2539 personarum
910 2500 1068 2540 periculo,

61 2555 186 2596 rjustitie
213 2555 447 2594 plenitudinem
473 2555 637 2586 obtinere.
672 2555 737 2584 nisi
766 2555 869 2584 dictus
895 2555 1070 2585 Lodovicus

62 2601 192 2648 'propter
205 2609 265 2639 hoc
280 2609 319 2638 ad
339 2608 446 2638 sedem
462 2608 667 2647 apostolicam
686 2607 894 2647 personaliter
910 2613 1068 2645 evocetur,

69 2662 230 2702 providere
248 2662 310 2692 sihi
332 2671 428 2700 super
444 2662 516 2698 hoc,
538 2670 577 2691 ne
596 2662 649 2700 jus
665 2670 758 2691 suum
775 2662 940 2691 occasione
958 2661 1072 2700 hujus-

69 2715 154 2748 modi
185 2715 289 2746 valeat
316 2715 474 2753 deperire,
503 2720 633 2753 paterna
665 2714 831 2752 diligentia
851 2715 1069 2752 dignaremur.

69 2767 220 2805 Quocirca
241 2768 432 2798 discretioni
451 2773 502 2797 tue
526 2777 581 2806 per
604 2767 776 2806 apostolica
800 2768 916 2806 scripta
937 2768 1070 2797 manda-

69 2829 140 2852 mus
155 2826 322 2860 quatenus,
339 2821 376 2857 si.
395 2830 450 2859 per
464 2821 584 2850 famam
598 2820 646 2849 vel
662 2830 717 2858 per
730 2821 917 2858 indaginem
933 2830 995 2851 303
1009 2821 1070 2851 501-

69 2866 240 2915 lempnem,
257 2875 295 2906 de
311 2874 497 2914 hujusmodi
512 2874 664 2912 ejectione
679 2883 714 2903 30
725 2874 878 2904 violentia
892 2874 948 2904 tihi
959 2875 1072 2905 consti-

72 2929 162 2966 terit,
184 2930 342 2968 prefatum
368 2928 575 2963 Lodovicum,
607 2936 661 2966 per
689 2931 717 2957 te
746 2927 796 2957 vel
823 2936 878 2966 per
895 2928 996 2957 alium
1014 2937 1071 2958 seu

70 2979 157 3020 alios,
173 2992 209 3013 ex
222 2987 309 3022 parte
318 2987 437 3019 nostra,
452 2981 765 3021 peremptoriecitare
775 2990 935 3019 procures,
946 2982 1072 3012 utinfra

60 3033 203 3078 *duorum
225 3037 388 3066 mensium
411 3035 549 3074 spatium
574 3036 643 3073 post
671 3034 856 3064 citationem
871 3034 1069 3074 hujusmodi,

1147 432 1356 469 personaliter
1372 433 1540 471 apostolico
1558 443 1589 463 se
1606 434 1786 472 conspectui
1809 439 2021 472 representet,
2044 436 2143 466 sactu—

1146 493 1200 512 rus
1221 489 1250 513 et
1271 490 1452 523 recepturus
1477 496 1570 525 super
1592 487 1754 525 premissis
1778 487 1863 525 quod
1885 487 1960 517 ordo
1982 488 2146 518 dictaverit

1146 537 1288 566 rationis.
1316 538 1408 567 Diem
1437 549 1509 569 vero
1534 540 1692 569 citationis
1720 545 1749 569 et
1777 540 1920 573 formam,
1941 545 1971 569 et
1995 542 2146 579 quicquid

1146 590 1223 619 inde
1243 591 1364 627 feceris,
1392 593 1481 622 uobis
1504 602 1556 630 per
1578 598 1645 622 tuas
1665 593 1786 623 litteras
1803 593 1926 622 harum*
1939 595 2052 622 seriem
2069 602 2144 623 con-

1149 643 1286 673 tinentes
1309 645 1443 674 fideliter
1464 646 1615 675 intimare
1638 655 1795 684 procures,
1821 647 1893 677 Dat.
1921 647 2039 683 Rome,
2063 647 2147 685 apud

1149 695 1298 726 Sanctam
1317 698 1453 727 Mariam
1479 699 1651 737 Majorem,
1674 709 1718 728 1111
1739 700 1892 729 kalendas
1914 700 2037 735 martii,
2061 709 2146 731 anno

1149 751 1298 780 secundo.
1327 763 1338 776 n

1219 916 1306 943 812

1183 977 1299 1003 Mandat
1314 981 1455 1011 quatenus
1471 977 1616 1003 Bet-nardo
1627 978 1661 1003 de
1681 978 1849 1012 Laguscello
1861 980 2048 1013 praebendam
2066 989 2147 1007 suam

1451 916 1809 950 Sainte-Marie-Majcure,
1830 918 1858 943 17
1878 918 1948 944 avril
1967 918 2041 944 1289.

1149 1026 1183 1052 de
1200 1026 1290 1052 Rians
1305 1027 1540 1060 archiepiscopus
1556 1031 1583 1052 et
1598 1027 1753 1061 capitulum
1770 1027 1923 1061 Aquenses
1934 1033 1960 1054 et
1976 1028 2103 1056 Jaco'nus
2115 1030 2148 1057 de

1148 1075 1337 1101 Tarentliesio
1354 1076 1505 1101 restituant
1521 1076 1564 1101 vel
1584 1084 1678 1101 corani
1703 1076 1770 1102 sede
1791 1082 1980 1111 compareant.
2000 1078 2081 1111 (Rea.
2098 1079 2147 1110 44,

1150 1132 1174 1150 o.
1200 1124 1295 1156 116‚f.
1315 1124 1362 1150 136
1379 1123 1506 1154 1-0;L.ip,
1522 1132 1558 1150 1111
1572 1123 1678 1155 ΤΗΕιι,
1695 1123 1739 1156 ΙΙ,
1757 1124 1812 1157 61.)

1196 1225 1364 1255 Venerabili
1387 1227 1483 1262 fratri
1509 1248 1528 1255 ..
1553 1227 1772 1263 archiepiscopo
1791 1226 1963 1256 Arelatensi
1988 1233 2012 1256 el
2037 1229 2151 1258 dilectis

1149 1277 1225 1316 filiis
1254 1301 1274 1307 ..
1303 1279 1337 1307 cle
1366 1279 1490 1307 Auriolo
1512 1282 1538 1306 et
1564 1300 1583 1308 ..
1607 1278 1640 1306 de
1657 1278 1747 1306 Leuco
1769 1279 1966 1315 prioratuum
1980 1280 2149 1316 prioribus,

1151 1332 1346 1360 Massiliensis
1358 1336 1382 1359 el
1394 1331 1606 1359 Nemausensi-5
1622 1331 1796 1359 cliocesium.
1814 1343 1827 1357 (ι
1843 1331 1955 1360 Petitio
1972 1331 2077 1361 dilecti
2091 1332 2152 1362 filii

1152 1385 1309 1414 Bernardi
1322 1384 1360 1413 de
1375 1383 1561 1421 Laguscello
1577 1408 1582 1420 ,
1600 1383 1756 1421 capellani
1770 1384 1887 1420 nostri,
1900 1386 2044 1414 canonici
2057 1386 2152 1415 eccle-

1151 1439 1196 1468 sie
1212 1439 1384 1477 Aquensis,
1396 1438 1486 1467 nohis
1498 1437 1637 1467 exhibita
1651 1438 1832 1467 continebat
1847 1438 1930 1476 quod
1943 1447 2000 1468 nos
2015 1439 2149 1476 dudum,

1151 1500 1319 1530 personam
1336 1500 1439 1527 snam,
1456 1492 1644 1520 meritorum
1660 1499 1791 1520 snorum
1809 1490 1951 1527 obtentu,
1966 1497 1995 1520 et
2009 1497 2150 1521 contem-

1151 1545 1290 1583 platione
1309 1543 1500 1573 venerabilis
1518 1544 1623 1572 fratris
1646 1544 1743 1572 nostri
1765 1544 1815 1579 B„
1839 1545 1975 1582 episcopi
1993 1545 2151 1574 Portuen-

1151 1600 1213 1634 515,
1237 1599 1328 1637 cujus
1352 1598 1439 1627 idem
1464 1597 1648 1636 capellanus
1673 1598 1881 1627 consobrinus
1905 1598 2025 1633 existit,
2045 1606 2152 1636 prero-

1150 1653 1256 1690 gativa
1282 1652 1398 1682 favoris
1422 1656 1452 1680 et
1477 1651 1576 1688 gratie
1603 1655 1848 1688 prosequentes,
1874 1651 2094 1680 canonicatum
2122 1655 2152 1680 et

1151 1706 1344 1745 prebendam
1359 1709 1436 1734 tunc
1450 1704 1484 1733 in
1500 1704 1646 1741 Aquensi
1660 1709 1806 1733 vacantes
1820 1704 1950 1733 ecclesia
1963 1713 2018 1742 per
2029 1705 2151 1734 obitum

1151 1759 1252 1789 felicis
1272 1758 1500 1788 recordationis
1524 1757 1658 1786 Honorii
1681 1766 1757 1795 pape
1780 1757 1902 1795 quarti,
1924 1757 2151 1796 predecessoris

1151 1812 1268 1848 nostri,
1292 1815 1416 1850 pastore
1437 1815 1585 1846 vacante,
1614 1810 1756 1839 debitum
1779 1814 1892 1839 nature
1915 1810 2062 1848 persolvit
2088 1809 2150 1849 (1),

1151 1875 1224 1896 cum
1243 1865 1352 1895 nullus
1369 1869 1471 1903 preter
1488 1873 1546 1894 nos
1564 1868 1645 1893 esset
1660 1864 1716 1902 qui
1732 1864 1953 1893 canonicatum
1970 1868 1998 1892 et
2019 1864 2151 1901 preben-

1151 1920 1223 1950 dam
1235 1919 1377 1949 conferre
1389 1919 1542 1957 potuisset
1554 1917 1692 1953 eosdem,
1704 1917 1927 1947 constitutione
1942 1917 1988 1955 pie
1999 1918 2153 1947 memorie

1157 1973 1333 2003 Clementis
1354 1981 1433 2010 pape
1455 1971 1536 2006 IIII,
1553 1971 1784 2009 predecessoris
1805 1970 1923 2006 nostri,
1949 1979 2043 2008 super
2063 1979 2154 2000 cano-

1150 2026 1321 2060 nicatibus,
1334 2025 1502 2064 prebendis
1510 2029 1540 2054 et
1549 2024 1712 2054 beneficiis
1724 2023 1943 2053 ecclesiasticis
1952 2023 2034 2061 apud
2046 2023 2153 2053 sedem

1150 2082 1252 2120 ipsam
1264 2079 1460 2113 vacantibus,
1472 2088 1526 2117 per
1536 2087 1706 2108 romanum
1719 2078 1881 2107 dumtaxat
1890 2077 2071 2115 pontificem
2082 2085 2152 2106 con-

1151 2135 1302 2169 ferendis,
1315 2133 1407 2167 edita,
1424 2133 1608 2169 obsistente,
1626 2137 1687 2161 eta
1705 2131 1755 2160 die
1769 2140 1831 2170 qua
1847 2131 1966 2160 fuimus
1979 2131 2018 2160 ad
2031 2132 2153 2169 apicem

1151 2189 1268 2218 summi
1295 2186 1489 2225 apostolatus
1511 2185 1665 2223 assumpti
1691 2184 1831 2214 nondum
1864 2183 1987 2213 mensis
2016 2183 2153 2222 spatium

1151 2241 1326 2272 effluxisset
1342 2244 1494 2269 statutum
1514 2248 1568 2277 per
1585 2238 1834 2267 moderationem
1851 2237 1952 2266 felicis
1970 2236 2153 2266 recordatio-

1152 2295 1203 2324 nis
1219 2294 1364 2332 Gregorii
1381 2301 1459 2331 pape
1474 2292 1521 2327 X,
1540 2291 1769 2330 predecessoris
1785 2291 1901 2326 nostri,
1920 2299 2013 2328 super
2028 2289 2087 2318 hoc
2101 2289 2152 2318 ad-

1152 2348 1288 2378 hibitam
1305 2347 1340 2376 in
1356 2345 1492 2376 concilio
1513 2345 1719 2382 Lugdunensi
1737 2368 1742 2380 ‚
1763 2352 1834 2373 cum
1856 2342 2055 2382 plenitudiue
2070 2342 2153 2380 juris

1151 2401 1298 2432 canonici
1319 2404 1349 2429 et
1362 2399 1492 2438 juribus
1508 2402 1538 2428 et
1554 2397 1757 2436 pertinentiis
1777 2396 1855 2432 suis,
1873 2395 1976 2425 eidem
1993 2394 2153 2432 capellano

1151 2454 1321 2493 apostolica
1342 2450 1532 2482 auctoritate
1557 2449 1750 2480 contulimus
1769 2453 1798 2478 et
1818 2448 2014 2487 providimus
2034 2447 2093 2476 sibi
2114 2447 2152 2476 (10

1152 2508 1218 2537 11115
1232 2531 1238 2543 ,
1255 2515 1393 2544 eumque
1409 2514 1464 2543 per
1480 2509 1623 2534 nostrum
1640 2502 1864 2532 investivimus
1879 2500 2012 2531 anulum
2025 2508 2152 2538 presen-

1152 2563 1268 2593 tialiter
1289 2562 1327 2591 de
1348 2560 1485 2597 eisdem,
1506 2559 1729 2593 decernentes,
1749 2562 1843 2596 prout
1866 2561 1953 2591 erat,
1971 2555 2099 2584 irritum
2124 2558 2154 2583 et

1152 2618 1261 2652 inane,
1279 2615 1308 2644 51
1321 2623 1410 2644 secus
1426 2622 1521 2652 super
1538 2612 1701 2651 premissis
1717 2610 1886 2649 apostolica
1901 2609 1951 2638 vel
1964 2608 2025 2637 3113
2042 2608 2152 2646 quavis

1151 2669 1339 2701 anctoritate
1351 2677 1368 2697 a
1382 2675 1542 2705 quoquam
1561 2665 1709 2695 existeret
1724 2667 1955 2701 attemptatum,
1971 2661 2019 2691 vel
2035 2662 2066 2690 in
2083 2669 2153 2700 pos-

1152 2729 1255 2755 terum
1268 2722 1468 2759 contingeret
1479 2719 1669 2757 attemptari.
1683 2717 1849 2747 Volninins
1859 2724 1984 2754 quoque
1996 2715 2153 2753 prefatum

1152 2776 1352 2816 capellanum
1369 2773 1517 2804 omnihus
1534 2777 1608 2801 tunc
1623 2770 1757 2808 receptis
1770 2771 1801 2798 in
1814 2769 1923 2798 eadem
1940 2767 2086 2803 ecclesia,
2103 2767 2154 2796 vel

1153 2836 1186 2861 ut
1201 2830 1419 2867 reciperentur
1433 2825 1641 2855 instantibus,
1656 2824 1687 2852 in
1702 2822 1898 2851 assecutione
1908 2821 2112 2850 canonicatus
2123 2824 2154 2850 et.

1153 2881 1311 2923 prebende
1329 2879 1542 2918 predictorum
1558 2875 1789 2906 nichilominus
1801 2874 1963 2909 anteferri,
1982 2873 2035 2903 sed
2050 2872 2154 2911 quoad

1153 2936 1231 2967 31105
1248 2933 1454 2964 canonicatus
1476 2935 1506 2961 et
1522 2929 1697 2969 prehendas
1717 2927 1843 2957 nullum
1864 2936 1918 2965 per
1933 2926 1993 2956 hoc
2010 2925 2153 2965 prejudi-

1184 3042 1215 3072 (1)
1229 3041 1250 3064 Il
1264 3047 1283 3071 y
1298 3047 1313 3062 a
1331 3038 1514 3063 evidemment
1528 3042 1582 3059 une
1596 3035 1693 3058 lacune
1709 3033 1776 3057 dans
1792 3032 1948 3056 l'incidente
1964 3033 2009 3062 qui
2027 3031 2151 3062 precede.
