2342 3652
920 366 1148 404 DEUXOEME
1170 366 1328 404 ANNnn.
2109 382 2167 413 375

84 442 178 468 tatem
199 437 344 467 concedit
364 438 522 476 largiendi
543 437 782 476 indulgentiam
804 442 934 468 centum
960 439 1088 468 dierum

82 490 231 522 omnibus
245 500 320 520 vere
334 491 573 529 poenitentibus
588 495 619 520 et
635 492 788 520 confessis
811 492 868 530 qui
892 491 927 521 in
947 492 1088 530 partibus

83 543 255 574 Marrochji
269 543 309 572 ad
325 543 595 582 praedicationem
611 543 714 582 ipsius
729 544 942 580 accesserint,
964 544 1011 573 eis
1031 544 1087 582 qui

81 596 200 627 ibidem
215 595 466 625 christianorum
478 595 642 633 obsequiis
656 595 863 625 interfuerint
875 601 905 625 et
920 596 966 626 eis
980 597 1035 634 qui
1048 596 1088 625 ad

81 648 333 687 redemptionem
348 649 558 687 captivorum,
577 648 809 678 construendas
825 653 855 678 et
870 649 1030 678 ornandas
1042 657 1087 678 ec-

82 701 192 732 clesias
208 705 239 730 et
253 709 422 731 conversos
438 701 476 730 de
493 709 576 731 novo
598 701 638 731 ad
655 701 753 730 fidem
771 702 994 731 sustentandos
1011 701 1086 731 sub-

82 754 201 786 sidium
215 754 390 792 erogarint.

121 819 137 835 α
153 807 253 837 Tanto
276 807 359 837 circa
379 807 518 836 divini...
537 824 576 828 —
594 807 664 836 Dat.
690 808 810 842 Rome,
828 808 911 846 apud
935 807 1085 837 Sanctam

81 860 214 890 Mariam
230 859 403 898 Mnjorem,
421 869 442 889 v
457 859 529 889 idus
544 860 716 896 februarii,
734 868 821 890 anno
838 860 987 890 secundo.
1010 872 1023 886 n

149 1033 176 1061 2
183 1032 203 1059 1
213 1033 268 1061 18

113 1093 270 1121 Concessio
281 1093 505 1129 jurisdictionis.
523 1093 607 1127 (Rae.
625 1094 668 1127 44,
687 1102 712 1120 c.
730 1094 790 1126 84-2,
808 1094 828 1121 f.
844 1094 895 1121 293
912 1095 964 1126 vo.)

390 1031 747 1066 Sainte-Marie-Majeure‚
768 1032 798 1059 15
814 1032 917 1059 sevrier
935 1032 1012 1060 1290.

117 1196 222 1225 Eidem
237 1195 372 1225 eandem
389 1195 648 1234 jurisdictionem
663 1196 697 1225 in
715 1204 767 1226 eos
785 1196 840 1235 qui
854 1195 1013 1233 Africam,
1032 1196 1085 1226 hic

80 1248 256 1284 moraturi,
273 1248 452 1278 adveniunt
466 1257 563 1287 quam
581 1248 616 1277 in
635 1257 688 1279 eos
710 1249 767 1287 qui
788 1249 823 1278 in
843 1249 964 1279 eisdem
986 1249 1085 1288 parti-

79 1301 138 1332 bus
151 1302 303 1332 continue
315 1303 555 1332 commorantur
573 1302 728 1332 concedit.

120 1366 134 1382 ι
150 1354 198 1384 De
213 1354 348 1384 diversis
366 1354 574 1394 provintiis...
597 1372 636 1375 —
654 1354 726 1386 Dat.
746 1355 848 1385 Rome
861 1380 869 1394 ‚
886 1355 969 1393 apud
985 1354 1085 1384 Sanc—

79 1412 144 1439 tam
166 1408 303 1438 Mariam
328 1409 502 1447 Majorem,
529 1417 569 1437 xv
591 1408 745 1438 kalendas
769 1409 894 1445 martii,
920 1417 1005 1438 anno
1032 1417 1084 1438 se-

80 1461 194 1492 cundo.
213 1474 227 1488 2

149 1633 268 1676 2119

112 1695 245 1722 Facultas
264 1696 441 1723 absolvendi.
461 1695 542 1728 (Rae.
561 1696 603 1727 44,
621 1704 646 1722 c.
663 1696 724 1729 843,
743 1696 762 1722 f.
780 1695 829 1723 293
846 1698 898 1729 vo.)

403 1633 762 1668 Sainte-Marie-Majeure,
781 1634 796 1661 9
812 1635 916 1661 fex-rier
934 1634 1010 1662 1290.

122 1798 287 1827 Venerabili
300 1799 397 1834 fratri
417 1820 436 1826 ..
454 1800 587 1836 episcopo
602 1795 828 1827 Marrochilano
850 1798 995 1828 concedit
1016 1811 1029 1825 u
1049 1802 1084 1828 ut

75 1849 206 1881 clericos
222 1854 252 1880 et
266 1850 374 1886 laicos,
391 1850 550 1880 seculares
566 1855 596 1880 et
610 1850 784 1889 regulares,
801 1851 855 1889 qui
871 1856 1031 1882 morantes
1048 1852 1083 1881 in

75 1903 194 1940 Africa,
213 1902 264 1932 vel
279 1902 361 1932 illuc
371 1903 528 1933 moraturi
543 1907 667 1939 euntes,
684 1912 740 1942 pro
757 1903 894 1933 violenta
910 1905 1084 1943 injectione

73 1963 231 1986 manuum
247 1955 282 1985 in
299 1955 430 1985 clericos
448 1955 499 1985 vel
519 1955 684 1994 religiosas
701 1964 851 1995 personas
868 1956 919 1986 vel
939 1966 996 1995 pro
1020 1957 1082 1987 cle-

74 2008 213 2038 ricorum
237 2012 268 2038 et
291 2008 429 2038 aliarum
454 2009 740 2039 ecclesiasticarum
763 2018 974 2048 personarum
998 2011 1082 2040 occi-

75 2061 183 2098 sione,
207 2065 263 2091 aut
288 2070 344 2100 pro
376 2062 536 2092 incendiis
563 2067 594 2092 et
621 2062 829 2092 ecclesiarum
854 2063 1081 2100 fractionibus,

75 2122 204 2144 necnon
219 2118 250 2144 et
265 2114 302 2143 in
319 2115 455 2144 crimine
470 2115 698 2154 participantes
710 2115 829 2145 eisdem
847 2116 882 2145 in
899 2125 1082 2146 excommu-

76 2167 278 2198 nicationum
292 2168 446 2206 laqueum
462 2168 648 2198 inciderunt
664 2181 677 2195 n
695 2169 794 2207 possit
811 2169 985 2205 absolvere,
1005 2170 1083 2200 dum

77 2221 113 2251 hi
127 2221 174 2251 eis
188 2222 304 2260 quibus
322 2222 461 2261 dampna
476 2222 649 2252 intulerint
661 2223 870 2259 satisfaciant,
886 2227 1001 2253 etcum
1018 2223 1083 2254 cle-

77 2275 151 2305 ricis
165 2276 220 2314 qui
236 2275 282 2306 sic
295 2275 388 2313 legati
404 2275 514 2305 divina
525 2275 629 2305 officia
642 2275 835 2305 celebrarint
849 2280 904 2306 aut
916 2285 1019 2306 sacros
1031 2286 1084 2307 or-

48 2323 52 2325 *
78 2327 168 2358 dines
182 2330 363 2367 receperint
380 2329 568 2367 dispensare
587 2329 695 2367 possit.

119 2392 133 2408 ι
151 2381 244 2411 Utin
259 2381 437 2412 adventu...
454 2397 493 2403 —
510 2382 581 2411 Dat.
603 2382 705 2411 Rome
718 2405 725 2417 ‚
743 2381 826 2420 apud
847 2382 996 2412 Sanctam
1015 2384 1084 2412 Ma-

79 2433 160 2463 riam
175 2434 343 2473 Majorem,
359 2444 380 2464 v
396 2435 468 2464 idus
483 2435 658 2471 februarii,
675 2443 760 2464 anno
780 2435 930 2465 secundo.
949 2448 962 2462 n

149 2606 271 2637 2120

115 2668 276 2696 Rodericus
298 2671 326 2696 in
349 2670 478 2696 Africam
501 2671 614 2705 legatus
638 2672 769 2698 mittitur.
792 2672 874 2704 (Res.
900 2672 948 2703 44,
973 2680 998 2699 e.
1022 2673 1084 2707 844,

81 2725 107 2744 c.
121 2717 173 2745 294
187 2724 231 2749 1·⁰;
249 2718 366 2750 Porrfl„
382 2719 493 2753 23183.)

388 2607 750 2643 Sainte-Marie-Majeure,
766 2610 798 2636 15
813 2609 916 2636 fevrier
935 2609 1012 2636 1290.

124 2820 275 2850 Universis
290 2821 403 2850 Christi
417 2822 556 2858 fidelibus
573 2831 627 2859 per
649 2824 784 2859 Africam
805 2825 977 2853 constitutis
1000 2824 1085 2853 salu-

85 2876 140 2902 tem
154 2878 207 2903 etc.
225 2873 280 2902 Eis
298 2873 429 2903 mandat
445 2878 478 2904 ut
496 2875 662 2911 Roderici‚
680 2875 909 2905 Marrochitani
927 2877 1084 2915 episcopi,

84 2925 118 2954 in
133 2925 241 2956 Africa
255 2926 366 2964 legati,
387 2927 518 2957 monitis
533 2927 712 2957 intendant.

125 2990 139 3005 ι
154 2978 246 3008 Illius
259 2979 335 3009 licet
350 2980 541 3010 immeriti...
560 2996 601 3003 —
615 2981 686 3011 Dat.
704 2982 814 3017 Rome,
835 2982 918 3020 apud
936 2982 1087 3012 Sanctam

87 3029 221 3061 Mariam
236 3032 392 3070 MaJ'orem
407 3056 412 3067 ,
430 3042 470 3061 xv
487 3032 641 3062 kalendas
658 3034 763 3063 martii
778 3057 783 3068 ,
801 3043 886 3064 anno
902 3036 1051 3066 secundo.
1072 3049 1084 3061 υ

1240 440 1355 468 2121

1204 499 1365 527 Rodericus
1386 503 1415 528 in
1437 503 1565 531 Africam
1587 505 1699 539 legatus
1721 507 1853 533 mittitur.
1875 507 1958 540 (Rso.
1983 507 2028 539 44.
2053 517 2079 535 c.
2103 508 2166 544 845,

1168 548 1188 573 f.
1204 548 1255 574 -294
1271 556 1308 581 r⁰;
1327 548 1443 582 Poma,
1460 552 1565 583 23180;
1581 553 1774 586 Mis-Luam,
1791 556 1895 581 Traites
1908 556 1940 582 de
1955 556 2033 590 Paioe,
2045 557 2076 582 de
2091 557 2168 584 Gom-

1168 604 1287 623 merce...
1304 597 1342 628 11,
1363 599 1402 629 17,
1417 606 1448 625 nn
1457 603 1547 633 xvnt.)

1499 443 1852 479 Sainte-Marie-MaJeure.
1869 446 1885 473 9
1899 446 2002 473 sevrier
2018 447 2095 474 1290.

1208 698 1327 728 Dilectis
1341 699 1416 736 filiis
1432 703 1582 731 nobilibus
1595 705 1674 732 viris
1690 705 1863 741 baronibus,
1881 707 2064 743 proceribus,
2080 707 2167 736 mili-

1169 752 1246 780 tibus
1261 755 1289 781 εἰ
1301 755 1405 782 ceteris
1424 756 1635 791 stipendiariis
1650 757 1829 786 christian&
1847 759 2066 788 „Uarrochitani
2076 783 2082 795 ,
2108 761 2167 789 Tu-

1167 806 1243 833 nz'tz‘i
1257 811 1283 833 et
1302 807 1458 836 Tremiscii
1479 817 1582 845 reyum
1605 811 1725 839 servitio
1743 812 1923 840 constitutis.
1950 812 2009 841 Eos
2024 812 2167 842 hortatur

1168 861 1201 886 ut
1216 857 1422 896 Rodericnm,
1441 860 1714 891 Marrochitanum
1729 863 1929 901 episcopum,
1947 864 1981 893 in
2000 865 2108 894 Africa
2121 864 2167 894 le-

1166 914 1296 947 gatum,
1319 911 1430 942 devote
1450 913 1622 951 recipiant,
1650 915 1742 953 eique
1766 915 1935 945 consilium
1956 921 1986 946 et
2011 917 2167 947 auxilium

1166 965 1349 1002 praebeant.

1212 1030 1225 1044 ι
1247 1018 1312 1047 Etsi
1339 1027 1450 1048 omnes
1475 1020 1568 1058 qui...
1594 1037 1630 1042 —
1661 1021 1730 1050 Dat.
1759 1022 1860 1051 Rome
1874 1046 1881 1059 ,
1909 1023 1991 1061 apud
2019 1023 2167 1054 Sanctam

1167 1070 1302 1099 Mariam
1320 1071 1486 1110 MaJorem,
1501 1082 1521 1102 v
1537 1073 1608 1102 idus
1624 1074 1793 1111 februarii,
1810 1084 1895 1105 anno
1909 1075 2057 1106 secundo.
2076 1088 2091 1102 »

1237 1245 1353 1272 2122
1478 1244 1836 1281 831ηῐε-Μ3νίε-λ1338υνε,
1855 1247 1886 1274 13
1902 1247 2005 1274 sevrier
2021 1248 2099 1275 1290.

1202 1306 1410 1341 Indulgentiae.
1428 1305 1510 1341 (Rm.
1529 1307 1572 1342 44,
1589 1316 1614 1334 c.
1631 1307 1692 1339 846,
1709 1308 1728 1334 f.
1743 1307 1794 1335 294
1808 1311 1853 1339 r⁰.)

1216 1408 1384 1438 Venerabili
1410 1411 1504 1446 fratri
1530 1432 1550 1440 ..
1578 1412 1711 1448 episcopo
1743 1416 1767 1439 et
1793 1411 1910 1440 dilectis
1934 1412 2009 1448 filiis
2035 1413 2167 1449 capitul)

1166 1463 1376 1500 Dz'ynensibus.
1413 1462 1654 1499 Indulgentiam
1683 1463 1780 1492 unius
1811 1463 1890 1492 anni
1917 1468 1947 1492 et
1976 1473 2015 1493 xi.
2041 1463 2169 1493 dierum

1166 1515 1309 1544 concedit
1326 1515 1372 1544 eis
1389 1515 1444 1553 qui
1460 1514 1625 1544 ecclesiam
1641 1515 1852 1552 Dignensem,
1869 1516 1904 1544 in
1919 1516 2074 1546 honorem
2090 1516 2165 1546 hea-

1167 1572 1215 1597 tae
1233 1569 1353 1598 Mariae
1370 1573 1594 1605 constructam,
1613 1568 1648 1597 in
1666 1568 1763 1607 hujus
1780 1568 1916 1606 virginis
1931 1568 2163 1607 festivitatibus,

1165 1630 1220 1660 per
1233 1626 1300 1651 octo
1316 1621 1383 1651 dies
1400 1626 1568 1660 sequentes
1590 1625 1620 1651 et
1637 1622 1671 1650 in
1686 1621 1908 1652 anniversario
1925 1622 1975 1652 die
1991 1622 2164 1652 dedicatio-

1165 1674 1217 1703 nis
1235 1674 1376 1713 ejusdem
1395 1674 1544 1704 ecclesiae
1560 1674 1773 1704 visitaverint.

1207 1740 1222 1754 «
1239 1728 1325 1757 Licet
1341 1728 1369 1758 is
1385 1728 1458 1758 de...
1477 1745 1516 1749 —
1531 1728 1602 1757 Dat.
1622 1728 1740 1763 Rome,
1764 1728 1847 1766 apud
1864 1727 2013 1757 Sanctam
2031 1728 2166 1758 Mariam

1166 1781 1333 1819 Maiorem,
1353 1781 1461 1810 idibus
1476 1781 1644 1816 februarii,
1661 1789 1747 1810 anno
1765 1780 1915 1810 secundo.
1935 1792 1947 1806 n

1237 1953 1353 1982 2123

1202 2016 1244 2043 De
1259 2017 1422 2051 receptione
1441 2016 1656 2042 monachorum.
1674 2015 1756 2048 (Rae.
1774 2015 1818 2049 44,
1833 2023 1859 2041 c.
1877 2015 1937 2046 847,
1959 2015 1978 2041 f.
1995 2015 2046 2042 ‘294
2063 2016 2114 2047 vv.)

1462 1952 1820 1986 sainte-Matie-Majeura
1839 1953 1870 1979 15
1886 1952 1990 1978 fevrier
2008 1952 2096 1984 1290.)

1209 2142 1228 2148 ..
1245 2120 1345 2148 abbaci
1361 2123 1386 2147 et
1402 2119 1564 2147 conventui
1587 2119 1765 2146 monasterii
1783 2118 1816 2146 de
1834 2116 2028 2155 Gemqebach,
2050 2115 2168 2145 ordinis

1165 2173 1195 2202 S.
1218 2173 1385 2208 Benedicti,
1408 2172 1638 2208 Aryenlinensis
1661 2171 1804 2205 diocesis,
1825 2170 1972 2207 indulget
1995 2174 2029 2199 ut
2054 2169 2089 2198 in
2112 2177 2168 2199 suo

1165 2225 1371 2260 monasterio,
1389 2224 1536 2262 quotiens
1553 2223 1736 2261 expedierit,
1756 2231 1908 2261 personas
1924 2222 2066 2259 idoneas,
2086 2222 2113 2251 si
2129 2222 2169 2252 ad

1165 2278 1225 2308 hoc
1240 2278 1342 2316 maj0r
1362 2282 1392 2307 et
1409 2276 1517 2306 sanior
1538 2285 1609 2315 pars
1627 2277 1677 2306 sui
1697 2276 1833 2309 accedat,
1852 2275 1887 2304 in
1903 2275 2074 2305 monachos
2091 2279 2120 2304 et
2134 2274 2169 2304 in

1165 2332 1278 2361 fratres
1296 2331 1434 2369 recipere
1449 2329 1586 2363 valeant,
1601 2338 1666 2358 non
1682 2329 1827 2359 Obstante
1842 2328 2072 2358 consuetudine
2087 2336 2168 2366 quae

1165 2386 1200 2414 in
1216 2385 1328 2415 eodem
1344 2383 1545 2419 monasterio,
1564 2383 1646 2412 sicut
1661 2383 1696 2411 in
1707 2382 1853 2420 pluribus
1865 2381 1936 2411 aliis
1953 2381 2081 2410 illarum
2097 2389 2168 2419 par-

1166 2438 1247 2468 tium
1257 2438 1347 2472 locis,
1362 2441 1417 2472 est,
1431 2436 1526 2474 quod,
1540 2436 1603 2465 nisi
1615 2444 1727 2465 omnes
1737 2444 1772 2464 ex
1782 2434 1947 2464 monachis
1957 2433 2166 2469 consentiant,

1166 2500 1261 2521 nemo
1275 2492 1309 2520 in
1326 2489 1520 2519 monachum
1537 2489 1637 2527 recipi
1653 2488 1765 2527 possit;
1785 2487 1980 2526 praedictum
1995 2486 2082 2516 enim
2098 2494 2167 2515 mo-

1167 2545 1341 2574 nasterium
1358 2543 1434 2572 inde
1449 2542 1607 2572 defectum
1624 2541 1846 2571 ministrorum
1861 2549 1953 2578 saepe
1968 2548 2094 2578 passum
2109 2542 2165 2567 est.

1208 2610 1222 2624 «
1241 2598 1285 2627 Ex
1301 2601 1388 2635 parte
1404 2600 1546 2625 vestra...
1564 2611 1602 2616 -
1616 2595 1686 2624 Dat.
1706 2595 1816 2629 Rome,
1837 2593 1920 2632 apud
1936 2593 2084 2623 Sanctam
2099 2592 2166 2621 Ma-

1166 2652 1249 2681 riam
1266 2651 1430 2688 Majorem,
1448 2658 1488 2677 xv
1506 2648 1659 2677 kalendas
1674 2647 1791 2683 martii,
1808 2655 1893 2676 anno
1909 2646 2058 2676 secundo.
2078 2657 2091 2671 n

1203 2821 1449 2850 2124-2125
1513 2818 1867 2853 Salute-Marie-Majeure‚
1886 2818 1918 2844 20
1934 2818 2038 2844 sevrier
2054 2817 2130 2844 1290.

1203 2884 1308 2910 Contra
1318 2883 1489 2910 christianos
1500 2882 1548 2915 qui
1559 2881 1749 2915 adjudaicum
1761 2881 1846 2907 ritum
1857 2883 2017 2907 recurrunt.
2028 2879 2112 2913 (Rae.
2122 2879 2166 2910 44,

1169 2942 1194 2960 c.
1212 2933 1272 2963 ste,
1290 2933 1308 2958 f.
1327 2932 1376 2958 294
1392 2936 1437 2963 v0;
1455 2930 1571 2963 roua„
1588 2929 1697 2961 23185.)

1210 3035 1329 3064 Dileclis
1350 3033 1425 3069 filiis
1452 3032 1685 3069 inquisitoribus
1708 3032 1825 3060 ordinis
1846 3033 1984 3068 fratrum
2012 3032 2170 3060 minorum
