2477 3637
266 398 303 427 62
1012 385 1249 418 REGISTRES
1271 386 1325 416 DE
1347 384 1531 416 NICOLAS
1555 383 1610 413 IV.

266 464 326 494 riis
340 461 467 498 vestris,
479 460 534 499 qui
552 467 614 489 una
631 457 793 488 vobiscum
808 456 840 486 in
853 453 1073 494 prosecutione
1083 452 1270 492 hujusmodi

266 516 386 555 negotii
404 513 637 548 laboraverint,
657 515 686 541 et
706 510 856 540 omnibus
878 508 934 547 qui
954 506 1163 547 personaliter
1182 506 1270 536 vobis

267 570 424 601 astiterint
451 569 483 597 in
518 566 628 596 eodem
656 564 780 601 negotio
808 567 838 592 et
863 561 919 602 qni
945 561 984 591 ad
1011 560 1269 599 impugnandum

266 623 437 658 hereticos,
465 620 622 653 fautores*
652 620 859 655 receptatores
884 620 914 645 et
947 614 1130 645 defensores
1159 622 1269 643 eorum

265 674 488 717 quoquomodo
525 672 612 702 vobis
639 681 674 701 ex
704 670 813 700 auimo
844 668 1041 708 prestiterim
1075 666 1246 698 consilium
1259 689 1267 703 ‚

264 729 418 760 auxilium
441 726 490 756 vel
515 726 664 760 favorem,
681 723 720 753 de
737 721 965 761 omnipotentis
980 721 1036 751 Dei
1052 719 1269 750 misericordia

265 787 295 814 et
312 783 477 812 beatorum
498 779 583 808 Petri
603 783 631 808 et
652 776 743 807 Pauli
760 775 975 815 apostolorum
998 775 1066 814 ejus
1084 773 1269 804 auctoritate

263 834 376 866 confisi
391 837 453 863 tres
467 840 569 862 annos
584 831 621 861 de
634 830 788 869 injunctis
803 829 862 859 sihi
877 828 1063 868 penitentiis
1075 827 1266 857 relaxamus

263 888 302 919 Et
314 889 342 918 si
360 887 416 927 qui
435 896 469 916 ex
488 885 551 915 hiis
568 885 602 914 in
620 883 837 923 prosecutione
852 881 1036 922 hujusmodi
1053 880 1173 919 negotii
1190 879 1270 909 forte

262 941 472 978 decesserint,
499 940 544 969 eis
570 943 768 978 peccatorum
792 937 939 967 omnium
961 936 999 966 de
1030 935 1147 975 quibus
1176 933 1269 964 corde

263 995 390 1027 contriti
414 999 443 1024 et
463 1002 517 1023 ore
532 992 668 1022 confessi
692 991 809 1021 fuerint
830 990 958 1029 plenam
974 989 1101 1018 veniam
1124 985 1269 1024 indulge-

261 1059 345 1081 mus.
371 1046 602 1086 Compescendi
627 1049 786 1085 preterea,
810 1043 990 1073 monitione
1015 1041 1189 1081 premissa,
1215 1048 1270 1078 per

261 1110 432 1134 censuram
451 1099 712 1134 ecclesiasticam,
730 1096 941 1136 appellatione
958 1094 1147 1134 postposita,
1168 1091 1271 1131 predi-

261 1161 382 1188 catores
400 1153 598 1194 questnarios
613 1176 619 1189 ,
637 1152 690 1182 uhi
713 1150 882 1188 contigerit
898 1158 954 1188 pro
972 1146 1194 1188 inquisitionis
1215 1154 1270 1175 seu

260 1210 336 1240 fidei
352 1208 479 1246 negotio
495 1205 776 1244 congregationem
795 1203 877 1239 fieri,
895 1202 945 1232 vel
959 1201 1038 1231 alias
1055 1200 1160 1230 eidem
1176 1206 1272 1236 nego-

260 1263 304 1294 tio
319 1259 555 1302 quomodolibet
570 1268 606 1288 ex
626 1257 686 1287 hoc
704 1256 976 1294 impedimentum
994 1253 1113 1288 afferri,
1131 1261 1149 1281 a
1166 1251 1270 1290 predi-

259 1315 395 1348 cationis
413 1314 534 1348 officio,
554 1311 639 1350 quod
654 1310 693 1340 ad
712 1310 796 1348 ipsos
814 1308 999 1338 nullatenus
1019 1306 1175 1345 pertinet,
1194 1313 1272 1343 quo-

258 1379 331 1400 rum
350 1369 484 1398 interest
501 1370 607 1395 tamen
625 1363 790 1393 caritativa
805 1361 950 1391 subsidia
965 1359 1156 1398 simpliciter
1167 1362 1273 1396 petere

257 1432 294 1454 ac
309 1419 545 1458 indulgentiam
561 1418 588 1447 si
606 1425 703 1456 quam
715 1416 794 1445 forte
810 1414 933 1444 habent
949 1421 1119 1452 exponere,
1138 1410 1273 1440 liberam

258 1477 348 1507 vobis
364 1479 394 1504 et
409 1472 545 1511 singulis
562 1476 703 1501 vestrum
721 1467 928 1499 concedimus
944 1465 1132 1496 auctoritate
1147 1472 1274 1502 presen-

261 1533 340 1561 tium
359 1527 551 1558 facultatem.
570 1525 723 1555 Ceterum
747 1522 772 1551 si
793 1522 895 1558 sorte,
915 1520 1001 1559 quod
1020 1527 1085 1549 non
1104 1517 1266 1548 credimus

255 1584 356 1623 aliqui
372 1583 605 1621 cujuscumque
619 1576 816 1608 conditionis
835 1575 912 1605 huic
930 1574 1057 1612 negotio
1072 1571 1162 1602 vobis
1178 1580 1265 1602 com-

255 1638 355 1668 misso
374 1645 407 1666 se
429 1642 587 1673 opponere
609 1641 662 1661 seu
686 1630 767 1660 illud
789 1627 1043 1668 presumpserint
1065 1625 1270 1664 aliquatenus

256 1690 425 1730 impedire,
443 1693 477 1718 ut
503 1696 568 1717 non
586 1685 685 1725 possit
705 1683 833 1723 procedi
849 1682 949 1712 libere
964 1682 998 1711 in
1018 1680 1146 1715 eodem,
1164 1683 1276 1709 contra

256 1754 310 1776 eos
326 1749 477 1782 tanquam
494 1744 604 1770 contra
627 1738 846 1767 hereticorum
870 1736 1010 1765 fautores
1029 1738 1059 1763 et
1074 1732 1275 1768 defensores3

257 1802 367 1828 contra
385 1795 456 1825 illos
481 1802 553 1823 vero
571 1792 627 1831 qui
643 1792 728 1821 idem
748 1789 911 1827 negotium
928 1787 1079 1826 requisiti
1093 1786 1184 1825 juxta
1201 1784 1272 1814 offi-

256 1852 344 1882 cium
363 1854 392 1879 et
410 1857 499 1888 posse
518 1855 613 1876 suum
634 1853 697 1875 non
711 1843 857 1883 juverint
877 1851 933 1872 seu
952 1841 1091 1871 foverint
1112 1838 1271 1875 studiose,

258 1904 332 1935 freti
355 1902 465 1933 eadem
489 1900 674 1930 auctoritate
695 1896 855 1936 intrepide
882 1894 1077 1934 procedatis,
1095 1891 1272 1922 secundum

257 1957 426 1988 canonicas
447 1953 638 1984 sanctiones.
662 1951 821 1989 Denique,
839 1954 874 1979 ut
892 1946 976 1979 circa
1001 1947 1155 1986 premissa
1178 1944 1272 1984 plene

257 2011 348 2042 vobis
364 2015 394 2039 et
409 2007 547 2046 singulis
562 2011 703 2036 vestrum
719 2002 918 2034 cobet-tionis
934 2000 1079 2040 expedita
1093 2004 1123 2029 et
1137 1997 1272 2028 inviola-

258 2065 332 2095 bilis
355 2062 439 2093 adsit
467 2060 649 2096 auctoritas,
683 2057 831 2088 volumus
865 2060 898 2085 nt
927 2064 963 2084 ea
993 2054 1102 2084 onmia
1136 2051 1272 2082 viriliter

259 2115 482 2156 exequainini,
509 2115 653 2144 invocato
675 2112 701 2141 si
725 2120 804 2149 opus
828 2109 923 2139 suerit
940 2107 1064 2148 {auxilio
1083 2105 1205 2136 brachii
1226 2114 1272 2134 se-

259 2171 379 2202 cularis
391 2194 399 2207 ‚
418 2168 666 2199 contradictores
684 2175 737 2204 per
755 2172 926 2195 censuram
942 2161 1199 2197 ecclesiasticam,
1219 2167 1269 2197 ap-

259 2225 430 2265 pellatione
467 2221 658 2261 postposita,
688 2216 930 2257 compescendo.
962 2215 1035 2245 Non
1072 2212 1271 2244 obstantibus

259 2278 422 2318 aliquibus
440 2275 617 2316 privilegiis
636 2278 666 2303 et
685 2271 897 2309 indulgentiis
921 2269 1178 2308 quibuscumque
1200 2274 1270 2304 per-

261 2332 349 2363 sonis
359 2332 590 2370 cujuscumque
606 2325 815 2361 conditionis,
834 2323 1000 2361 dignitatis
1016 2319 1202 2358 wig-radus,
1221 2328 1269 2348 re-

260 2384 389 2424 ligionis
404 2382 453 2412 vel
468 2381 612 2416 ordinis,
628 2384 658 2409 et
673 2377 840 2418 presertim
858 2374 1082 2409 cisterciensis,
1101 2372 1271 2411 predicato-

260 2447 353 2474 rum,
371 2438 535 2466 minorum
553 2443 608 2463 seu
627 2432 858 2462 heremitarum
872 2452 880 2466 ‚
898 2430 964 2458 sive
983 2425 1271 2457 communitatibus

260 2491 312 2522 vel
329 2488 592 2521 universitatibus
609 2485 772 2515 civitatum
793 2487 823 2512 et
846 2482 1007 2516 locorum,
1025 2478 1205 2518 specialiter
1221 2476 1270 2507 vel

261 2544 472 2585 generaliter,
494 2542 552 2571 snb
578 2547 780 2579 quacumque
803 2536 973 2566 verborum
992 2533 1195 2572 expressione
1220 2530 1270 2561 vel

260 2600 364 2630 forma
378 2607 396 2627 a
413 2598 587 2626 memorata
605 2592 679 2622 sede
692 2590 851 2621 concessis
870 2588 918 2618 vel
935 2588 967 2617 in
984 2591 1143 2626 posterum
1160 2593 1270 2615 conce-

262 2651 389 2687 dendis,
406 2649 502 2680 etiam
527 2648 555 2677 si
575 2647 700 2676 dicatur
715 2645 748 2674 in
764 2643 829 2673 illis
848 2641 933 2682 qnod
949 2641 994 2671 eis
1010 2649 1064 2679 per
1078 2639 1201 2677 aliquas
1218 2637 1271 2666 lit-

262 2710 344 2736 teras
358 2708 457 2734 totum
468 2702 506 2732 de
518 2701 614 2731 verbo
629 2699 669 2729 ad
685 2698 817 2728 verbum
833 2700 975 2725 tenorem
992 2702 1054 2723 nou
1071 2692 1271 2722 continentes

262 2758 505 2799 privilegiorum
520 2754 569 2784 vel
584 2751 862 2790 indulgentiarum
878 2749 1019 2786 ipsarum
1041 2747 1200 2783 nequeant
1215 2743 1270 2772 de-

262 2813 384 2850 rogari3
401 2815 431 2840 et
454 2808 517 2838 illis
533 2807 672 2837 maxime
689 2803 863 2844 privilegiis
881 2807 911 2831 et
927 2799 1140 2837 indulgentiis
1154 2797 1270 2836 quibus

263 2865 303 2896 ab
328 2865 395 2903 ipsa
421 2862 493 2892 sede
518 2868 705 2891 concessum
731 2862 776 2887 est
803 2855 963 2894 aliquibus
996 2863 1049 2883 sen
1080 2850 1272 2881 concedetur

265 2919 414 2956 deinceps
430 2916 512 2954 qnod
527 2911 797 2944 excommunicari
815 2909 862 2939 vel
880 2911 1020 2948 ipsorum
1040 2911 1120 2935 terre
1135 2902 1273 2943 supponi

264 2980 329 3002 non
351 2969 474 3010 possint
494 2966 705 2997 ecclesiastico
728 2963 918 2997 interdict03
936 2965 990 2990 aut
1010 2958 1094 2998 quod
1121 2956 1272 2996 predicto-

264 3034 336 3055 rum
354 3023 402 3052 vcl
418 3022 552 3051 alioruin
570 3018 785 3058 quorumlibet
800 3016 950 3046 ordinum
971 3014 1081 3043 fratres
1100 3011 1138 3040 ad
1155 3017 1270 3039 execu-

266 3079 368 3109 tiones
394 3074 591 3113 ncgotiornni
619 3076 674 3101 aut
701 3071 738 3100 ad
763 3070 928 3100 citationes
957 3064 1174 3106 quorumlibet
1203 3062 1270 3091 sive

1351 450 1613 482 denuntiationes
1625 447 1857 478 sententiarum
1867 445 2220 481 excommunicationis
2230 453 2358 484 suspen-

1351 505 1449 534 sionis
1467 503 1514 533 vel
1532 501 1692 533 interdicti
1708 500 1893 530 auctoritate
1909 499 2087 530 litterarum
2110 498 2357 538 apostolicarum

1352 557 1488 587 minime
1504 557 1572 594 cogi
1591 555 1723 594 possint,
1742 553 1804 583 nisi
1818 553 1856 582 de
1872 553 2014 592 ipsorum
2031 553 2199 583 ordinibus
2212 556 2241 582 et
2260 552 2357 591 privi-

1351 609 1444 648 legiis
1461 609 1509 639 vel
1526 607 1739 646 indulgentiis
1757 608 1803 636 eis
1819 615 1912 645 super
1928 606 1988 636 hoc
2007 616 2025 636 a
2043 607 2116 636 sede
2133 606 2290 636 concessis
2306 614 2357 636 ea-

1351 663 1423 692 dem
1450 662 1604 692 habeatur
1626 661 1658 690 in
1684 660 1806 690 eisdem
1833 659 1946 690 litteris
1962 660 2083 690 mentio
2103 659 2266 699 specialis,
2284 668 2358 689 cum

1352 726 1388 746 ex
1405 715 1591 754 hujusmodi
1608 714 1656 744 vel
1673 714 1744 743 aliis
1762 713 1938 752 privilegiis
1955 718 1985 743 et
2001 713 2211 751 indulgentiis
2231 712 2358 743 nullum

1351 771 1440 801 vobis
1456 771 1490 800 in
1507 775 1590 801 tante
1606 769 1732 810 pietatis
1746 769 1872 807 negotio
1888 768 2026 798 velimus
2040 767 2238 799 obstaculum
2256 768 2358 798 inter-

1351 825 1444 863 poui;
1463 829 1493 854 et
1507 824 1732 854 constitutione
1757 822 1795 853 de
1811 822 1936 852 duabus
1958 822 2053 851 dietis
2069 821 2152 852 edita
2166 822 2199 851 in
2223 820 2361 851 concilio

1352 877 1503 916 generali.
1525 877 1596 908 Dat.
1615 881 1765 915 utsupra.

1423 1036 1505 1064 321

1389 1098 1581 1133 Inquisitores
1597 1098 1769 1133 deputantur
1785 1099 1813 1124 in
1833 1097 1987 1132 provinciis
2003 1097 2202 1132 infrascriptis.
2217 1096 2299 1130 (Rae.
2316 1097 2360 1130 44,

1353 1154 1379 1173 c.
1397 1146 1456 1177 193,
1475 1147 1493 1173 f.
1514 1147 1546 1173 47
1563 1153 1611 1180 v⁰;
1630 1146 1747 1178 Porru..
1764 1146 1872 1181 ‘2279-2.)

1885 1034 1976 1064 Rieti,
1994 1035 2009 1061 5
2025 1034 2188 1069 septembre
2210 1034 2288 1062 1288.

1394 1249 1503 1278 Dilecto
1517 1249 1587 1286 'filio
1609 1271 1628 1278 ..
1650 1250 1793 1278 ministro
1809 1249 1995 1286 provintiati
2010 1249 2129 1278 ordinis
2147 1249 2307 1278 minorum
2326 1250 2362 1279 in

1355 1302 1623 1331 administratione
1638 1302 1794 1332 Provt'ntie
1810 1302 1941 1332 mandat
1961 1306 2118 1340 quatenus
2138 1301 2234 1340 eligat
2251 1301 2363 1332 fratres

1356 1354 1405 1383 sui
1423 1354 1559 1391 ordinis,
1584 1355 1639 1393 qui
1660 1355 1881 1394 inquisitionis
1896 1356 2038 1385 officium
2050 1359 2218 1384 exerceant
2235 1354 2270 1384 in
2288 1355 2364 1386 Pro-

1355 1407 1482 1439 vinciae
1498 1417 1533 1437 ac
1549 1399 1787 1437 Forcbalcherii
1798 1409 2000 1438 comitatibus
2013 1412 2042 1437 et
2053 1408 2311 1447 quibuscumque
2322 1408 2364 1439 ci-

1356 1461 1509 1491 vitatibus
1534 1465 1565 1491 et
1585 1461 1663 1491 locis
1683 1462 1750 1491 sive
1768 1462 1861 1491 terris
1880 1461 2007 1501 imperii
2033 1461 2117 1491 infra
2142 1461 2362 1500 Arelatensis,

1355 1514 1518 1553 Aquensis
1534 1519 1564 1544 et
1578 1514 1819 1545 Ebredunensis
1838 1516 2074 1554 provinciarum
2091 1514 2246 1545 terminos
2261 1514 2363 1545 inclu-

1356 1567 1416 1604 sis,
1439 1567 1612 1597 heredibus
1640 1568 1744 1598 clarae
1768 1568 1943 1598 memoriae
1965 1567 2095 1605 Caroli,
2120 1569 2205 1607 regis
2232 1567 2364 1599 Siciliae

1356 1621 1493 1651 mediate
1508 1620 1558 1651 vel
1576 1621 1761 1651 immediate
1780 1630 1844 1651 non
1863 1622 2034 1660 subjectiS,
2061 1626 2092 1651 et
2112 1622 2208 1652 etiam
2225 1621 2260 1651 in
2284 1621 2362 1652 civi-

1358 1679 1418 1705 tate
1437 1675 1670 1705 Avenionensi.

1398 1740 1411 1755 α
1437 1728 1497 1758 Pre
1513 1728 1637 1758 cunctis
1656 1732 1800 1759 nostre...
1818 1744 1858 1751 —
1873 1728 1944 1758 Dat.
1966 1733 1999 1758 ut
2015 1737 2120 1767 supra.
2147 1740 2160 1755 n

1426 1888 1512 1916 322

1390 1950 1539 1977 Fratribus
1553 1950 1776 1985 inquisitoribus
1792 1950 1906 1977 mandat
1920 1954 2062 1985 quatenus
2077 1954 2176 1976 contra
2190 1950 2364 1978 christianos

1353 2000 1388 2027 ad
1408 2000 1493 2027 ritum
1506 2000 1679 2034 judaeorum
1697 2004 1895 2030 transeuntes.
1916 1999 2040 2033 judaeos
2059 2007 2218 2026 conversos
2238 1999 2364 2034 rejudai-

1353 2054 1451 2076 zantes
1481 2050 1524 2076 vel
1547 2050 1720 2076 christianos
1745 2049 1780 2076 ad
1805 2057 1890 2075 suum
1917 2049 2001 2076 ritum
2024 2049 2171 2076 trahentes
2197 2049 2362 2084 procedant.

1357 2099 1436 2132 (Rae.
1457 2099 1497 2129 44,
1517 2107 1542 2126 c.
1561 2099 1626 2130 194,
1644 2099 1663 2125 f.
1681 2099 1712 2125 47
1731 2106 1778 2131 v⁰;
1798 2097 1914 2129 Poim,
1931 2098 2042 2130 22795.)

1892 1886 1985 1917 Rieti,
2003 1888 2017 1913 5
2033 1887 2196 1922 septembre
2214 1887 2291 1915 1288.

1395 2202 1512 2231 Dilectz's
1533 2201 1607 2239 filiis
1625 2202 1775 2238 fratribus
1791 2201 2019 2239 predicatorum
2038 2205 2063 2229 et
2090 2201 2249 2230 minorum
2276 2200 2363 2230 ordi-

1352 2265 1427 2285 num
1444 2279 1452 2292 ,
1482 2256 1715 2293 inquisitoribus
1743 2256 1870 2284 heretice
1888 2255 2054 2292 pravitatis
2081 2255 2260 2285 auctoritate
2284 2254 2363 2284 sedis

1353 2309 1510 2346 apostolice
1534 2309 1683 2346 deputatis
1704 2314 1731 2337 et
1757 2309 1790 2337 in
1806 2313 1958 2346 posterum
1981 2308 2171 2345 deputandis,
2191 2318 2204 2335 α
2223 2307 2362 2338 Turbato

1353 2362 1446 2392 corde
1479 2361 1663 2392 audivimus
1692 2365 1723 2391 et
1750 2370 1918 2391 narramus
2014 2361 2099 2400 quod
2128 2359 2362 2399 quamplurimi

1353 2415 1544 2450 christiani,
1587 2415 1753 2444 veritatem
1783 2413 1938 2444 catholice
1965 2413 2037 2443 fidei
2075 2413 2296 2451 abnegantes,
2329 2421 2362 2444 se

1353 2467 1599 2507 dampnabiliter
1625 2467 1664 2497 ad
1691 2467 1790 2497 ritum
1813 2467 1979 2505 judaicum
2001 2466 2245 2504 transtulerunt,
2277 2465 2363 2506 quod

1355 2526 1440 2552 tanto
1460 2521 1561 2559 magis
1577 2520 1747 2560 reprobum
1772 2520 1837 2551 fore
1853 2520 2071 2558 cognoscitur,
2098 2524 2218 2559 quanto
2238 2528 2277 2550 ex
2302 2519 2362 2550 hoc

1354 2584 1471 2605 noinen
1482 2574 1720 2605 sanctissimum
1732 2574 1853 2604 Christi
1870 2574 2007 2613 quadam
2019 2573 2173 2604 familiari
2188 2572 2363 2604 obstilitate

1354 2629 1496 2659 securius
1506 2627 1781 2666 blasphematur...
1797 2627 2006 2658 Universttati
2014 2631 2117 2657 vestre
2125 2636 2182 2666 per
2189 2626 2362 2666 apostolica

1354 2682 1468 2720 scripta
1484 2681 1675 2710 mandamus
1696 2685 1853 2719 quatenus
1880 2681 1964 2710 infra
1981 2681 2133 2710 terminos
2150 2679 2242 2710 vobis
2259 2679 2299 2709 ad
2314 2679 2362 2709 in-

1353 2735 1545 2775 quirendum
1573 2739 1682 2764 contra
1699 2734 1854 2764 hereticos
1878 2734 2063 2764 atictoritate
2087 2732 2170 2763 sedis
2190 2732 2362 2772 apostolice

1354 2790 1553 2827 designatos,
1579 2797 1673 2826 super
1693 2788 1857 2826 premissis
1887 2792 1950 2818 tam
1969 2797 2025 2827 per
2048 2787 2240 2817 christianos
2263 2793 2360 2825 quam

1354 2843 1448 2873 etiani
1468 2851 1521 2881 per
1533 2841 1646 2880 judeos
1662 2841 1815 2880 inquisita
1832 2842 2003 2879 diligenter
2018 2845 2049 2871 et
2065 2840 2198 2871 sollicite
2217 2839 2358 2876 veritate,

1353 2900 1462 2927 contra
1477 2904 1588 2925 omncs
1601 2904 1679 2933 quos
1699 2895 1772 2925 talia
1789 2896 1978 2925 inveneritis
1990 2895 2144 2924 hactenus
2159 2893 2360 2924 commisisse

1352 2959 1387 2980 ac
1403 2948 1603 2979 committere
1626 2948 1721 2978 ctiam
1743 2949 1776 2977 in
1796 2949 1940 2978 futurum
1965 2953 2115 2987 tanquam
2132 2951 2243 2977 contra
2264 2945 2359 2976 here-

1354 3003 1468 3032 ticos...
1494 3001 1662 3040 procedere
1694 3002 1859 3032 studeatis.
1889 3001 2009 3031 Judeos
2040 3005 2146 3030 antem
2176 2999 2230 3038 qui
2255 2997 2358 3029 chris·

1354 3057 1455 3086 tianos
1473 3056 1639 3094 utriusque
1655 3065 1748 3085 sexus
1764 3056 1802 3085 ad
1819 3065 1929 3087 eorum
1948 3055 2044 3085 ritum
2071 3052 2281 3084 execrabilem
2305 3052 2358 3082 in-
