2477 3637
235 385 294 416 200
986 377 1222 409 REGISTRES
1244 378 1298 408 DE
1320 374 1504 407 NICOLAS
1527 375 1584 405 IV.

236 452 304 482 dies
322 449 505 481 immediate
528 453 714 486 sequentes,
733 450 763 476 et
786 446 819 475 in
837 445 1062 475 anniversario
1081 444 1132 474 die
1150 444 1242 474 dedi-

236 504 372 535 cationis
388 502 529 541 ejusdem
551 499 711 535 ecclesiae,
729 498 930 528 visitaverint
944 497 1126 528 annuatim.

278 570 291 583 u
311 557 397 586 Licet
419 556 445 584 is
466 554 543 583 de...
561 569 599 574 —
622 553 691 582 Dat.
716 552 834 587 Reate,
861 550 1007 580 kalendis
1028 551 1132 588 junii,
1157 558 1242 580 anno

235 609 384 640 secundo.
404 620 418 635 »

859 671 953 703 Rieu,
971 671 1002 698 27
1022 671 1077 697 mai
1094 670 1168 697 ¹289.

277 740 311 768 ln
325 747 351 767 e.
370 747 412 766 m.
429 759 449 766 ..
468 736 565 775 priori
582 740 612 765 et
628 735 779 765 fratribus
792 735 908 765 domus
919 733 1055 764 Sanctae
1072 733 1240 764 Trinitatis

234 792 272 822 de
291 791 400 825 Atino,
417 792 557 821 Soranae
573 789 736 819 dioecesis.
758 788 898 818 Eandem
917 787 1155 825 indulgentiam
1166 795 1240 817 con-

233 845 313 876 cedit
346 844 548 874 visitantibus
578 842 743 873 ecclesiam
779 842 956 881 praedictae
983 841 1098 871 domus
1129 841 1161 869 in
1189 839 1239 869 die

234 899 441 928 Pentecosten
465 902 495 926 et
511 898 588 926 sesto
603 897 782 926 Trinitatis.
802 896 872 926 Dat.
903 896 1017 931 Reate,
1037 904 1068 924 vl
1086 893 1240 924 kalendas

236 953 315 991 junii
329 975 336 988 ,
354 960 439 981 anno
457 950 606 981 secundo.

303 1132 390 1160 914
617 1131 627 1143 ⁹
854 1129 963 1160 vRieti,
981 1130 995 1156 3
1007 1130 1072 1164 juin
1090 1128 1167 1156 1289.

269 1193 425 1221 Concessio
458 1201 549 1228 aquae
578 1193 658 1219 fluvii
679 1192 753 1219 intra
778 1193 901 1219 claustra
924 1196 1085 1218 conventus
1104 1190 1240 1217 Camera-

232 1244 339 1270 censis.
357 1243 440 1275 (Rau.
459 1243 501 1276 44,
518 1250 543 1268 e.
566 1242 622 1275 197,
640 1242 658 1268 s.
677 1241 727 1268 ⁴152
744 1248 790 1272 νος
808 1241 874 1267 Lar.
892 1249 928 1268 nu
943 1240 1042 1272 Tame.
1059 1239 1105 1272 ΙΙς
1133 1239 1236 1266 Porri-1.

232 1291 340 1324 22977.)

277 1393 444 1422 Venerabili
467 1393 564 1428 fratri
580 1415 599 1421 ..
624 1393 757 1430 episcopo
781 1391 998 1422 Cameracensi.
1019 1402 1034 1418 «
1052 1391 1102 1420 Ad
1121 1399 1157 1420 ea
1178 1399 1240 1429 que

228 1446 371 1476 favorem
400 1448 429 1475 et
452 1445 621 1475 comodum
651 1444 875 1482 religiosarum
904 1453 1111 1484 personarum
1140 1444 1239 1483 respi-

231 1500 319 1529 ciunt
337 1507 373 1528 eo
391 1502 420 1528 te
436 1498 612 1527 fidutialius
629 1499 744 1528 nostris
758 1498 906 1537 precibus
920 1498 1094 1527 invitamus
1108 1506 1170 1536 quo
1187 1498 1238 1527 de-

232 1552 390 1582 votionem
413 1556 498 1581 tuam
519 1551 549 1580 in
575 1551 640 1581 hiis
658 1556 689 1581 et
703 1550 775 1581 aliis
787 1552 911 1590 pietatis
926 1552 1074 1590 operibus
1090 1551 1238 1582 invenire

231 1605 391 1636 credimus
417 1606 659 1644 promptiorem.
688 1605 731 1634 Ex
754 1610 840 1643 parte
861 1605 1021 1643 siquidem
1049 1604 1239 1635 dilectorum

231 1659 371 1690 filiorum
392 1683 411 1688 ..
430 1659 599 1697 guardiani
617 1663 647 1689 et
662 1659 796 1688 fratrum
809 1659 931 1689 ordinis
947 1659 1110 1689 minorum
1128 1659 1239 1690 Came-

231 1713 410 1742 racensium
429 1712 490 1741 fuit
506 1712 700 1750 propositum
717 1721 823 1742 coram
846 1712 936 1742 nobis
961 1712 1044 1751 quod
1063 1712 1139 1742 olim
1157 1712 1236 1751 ipsi,

231 1770 372 1804 tempore
387 1765 470 1795 bone
489 1766 642 1795 memorie
659 1765 800 1803 Nicolai,
817 1764 1057 1796 Cameracensis
1076 1765 1214 1804 episcopi
1229 1790 1236 1803 ,

232 1818 460 1857 predecessoris
485 1818 548 1854 tui,
573 1818 676 1848 locum
697 1827 809 1849 eornm
825 1819 960 1848 civitatis
977 1818 1237 1857 Cameracensis,

232 1872 265 1900 in
282 1881 345 1911 quo
365 1871 487 1909 degunt
504 1871 542 1901 ad
570 1880 715 1910 presenS,
733 1871 771 1901 ad
790 1871 1052 1902 Cameracensem
1070 1872 1238 1903 ecclesiam

233 1929 307 1955 tune
323 1929 534 1963 spectantem,
559 1925 644 1955 licite
659 1925 867 1964 acquisivisse
892 1929 1080 1961 noscuntur,
1097 1935 1238 1965 congrua

231 1978 523 2017 recompensatione
542 1979 621 2008 sacta
633 1978 671 2008 de
688 1978 755 2008 loco
770 1979 838 2017 ipso
852 2001 872 2010 ..
889 1980 1047 2018 preposito
1060 1984 1090 2009 et
1101 1980 1238 2018 capitulo

231 2032 363 2062 ecclesie
380 2031 573 2070 supradicte,
594 2036 687 2071 prout
702 2041 737 2061 ex
754 2032 914 2062 amicabili
930 2033 1160 2072 compositione
1175 2042 1237 2072 que

232 2085 405 2115 intervenit
422 2095 516 2124 super
534 2085 593 2115 hoc
618 2086 703 2115 inter
728 2090 831 2125 partes
853 2086 1018 2115 evidenter
1043 2086 1159 2116 dicitnr
1183 2095 1236 2126 ap-

232 2148 360 2178 parere,
379 2140 411 2168 in
428 2148 490 2178 qua
507 2139 601 2169 etiam
620 2140 704 2169 iuter
728 2139 791 2169 alia
814 2140 1022 2169 continentur
1038 2141 1122 2179 quod
1139 2141 1236 2171 iidem

232 2193 406 2231 prepositus
425 2197 455 2221 et
470 2193 643 2230 capitulum
666 2192 766 2223 dictos
789 2193 901 2223 fratres
922 2203 1018 2232 super
1039 2194 1150 2224 eodem
1171 2194 1238 2225 loco

232 2245 414 2274 nullatenus
430 2245 651 2282 molestarent,
671 2246 774 2276 dictus
786 2255 912 2286 quoque
927 2236 1091 2286 episcopus
1107 2256 1236 2286 compo-

231 2299 380 2328 sitionem
397 2299 581 2338 hujusmodi
597 2309 652 2338 per
665 2309 738 2330 suas
748 2304 891 2338 patentes
903 2300 1023 2331 litteras
1035 2302 1236 2340 approbavit,

231 2355 260 2380 et
276 2351 369 2381 etiam
386 2352 599 2382 confirmavit.
614 2351 707 2383 Cives
719 2353 853 2392 insuper
867 2353 1113 2384 Cameracenses
1130 2355 1169 2385 ad
1187 2364 1237 2394 pe-

231 2404 376 2434 titionem
407 2406 544 2443 partium
578 2407 793 2445 promiserunt
825 2408 1088 2446 compositionem
1113 2409 1235 2447 ipsam,

231 2464 385 2496 quantum
400 2459 432 2488 in
452 2459 500 2488 eis
516 2463 593 2495 erat,
611 2459 712 2490 facere
727 2460 889 2490 observari
903 2472 909 2498 ς
931 2465 961 2490 et
976 2462 1051 2500 quia
1069 2462 1237 2501 piscatores

229 2512 346 2550 quibus
361 2512 561 2550 postmodum
580 2513 661 2543 bone
680 2514 833 2544 memorie
849 2515 1066 2552 luget-andus,
1082 2515 1236 2547 Camera-

229 2565 333 2594 censis
346 2566 521 2605 episeopus,
538 2567 669 2605 predicti
687 2567 811 2597 Nicolai
833 2576 1005 2604 successor,
1028 2569 1235 2608 piseationem

230 2628 383 2657 aquarum
401 2619 440 2648 ad
455 2619 619 2650 ecclesiam
638 2620 809 2658 predictam
827 2622 1037 2659 spectantium
1052 2623 1089 2652 ad
1108 2622 1236 2653 firmam

230 2677 425 2702 concesserat
436 2673 470 2702 in
480 2682 562 2712 aqna
574 2674 663 2704 ssuvii
676 2675 880 2713 permedium
892 2675 965 2705 dicti
977 2675 1035 2706 loci
1048 2677 1235 2707 eorumdem

232 2726 398 2758 curn-diani
416 2731 444 2756 et
474 2728 606 2757 fratrum
627 2727 814 2759 decurrente
830 2729 936 2767 sepius
952 2729 1174 2768 piscabantur,
1207 2736 1237 2761 et

231 2778 344 2807 exind·-
362 2780 547 2810 scandalum
566 2785 596 2810 et
611 2781 779 2819 religionis
796 2782 932 2812 turbatio
948 2783 1066 2813 eisdem
1086 2784 1236 2815 fratribus

232 2831 452 2870 imminebant,
466 2833 569 2863 dictus
586 2835 787 2872 Inger-andus
802 2836 982 2875 episcopus,
1003 2836 1042 2866 ad
1058 2846 1153 2876 quem
1170 2838 1235 2867 sra-

233 2888 293 2912 tres
311 2885 370 2923 ipsi
389 2886 550 2923 supet-hoc
570 2887 708 2918 habuere
726 2897 1042 2926 recursum,omnem
1054 2899 1169 2929 aquam
1188 2891 1235 2920 in-

232 2936 279 2966 fra
290 2937 469 2968 clausuram
480 2940 552 2969 dicti
569 2940 628 2971 loci
637 2946 819 2971 contentam
832 2942 980 2980 liberam,
989 2944 1094 2981 quoad
1104 2945 1232 2982 viveret,

231 2989 380 3019 fratribus
390 2993 543 3022 concessit
558 2994 689 3031 eisdem,
708 3000 803 3034 tuque
812 2999 930 3034 postea,
949 2997 1104 3035 predictos
1123 2998 1235 3029 fratres

229 3043 343 3073 affectu
366 3053 556 3083 prosequens
571 3047 708 3084 spetiali,
730 3049 966 3079 concessionem
986 3050 1032 3080 eis
1051 3050 1171 3081 duxisti
1192 3051 1234 3082 si-

1324 442 1433 472 milem
1446 440 1787 479 saciendan1‚quandiu
1800 440 1928 477 vixeris,
1938 439 2137 472 duraturam.
2151 442 2256 478 Quare
2267 451 2333 481 pre-

1323 495 1396 525 dicti
1409 494 1608 531 guardianus
1617 497 1647 523 et
1656 493 1766 523 fratres
1778 493 1868 523 nobis
1877 492 2046 523 humiliter
2055 493 2275 533 supplicarunt
2286 499 2330 533 ut,

1324 557 1378 587 pro
1397 547 1581 586 hujusmodi
1599 546 1749 576 scandalo
1769 550 1799 576 et
1816 546 2046 586 turbatione-in
2065 551 2223 585 posterum
2237 547 2332 586 peni-

1325 606 1373 631 tus
1385 600 1558 635 evitandis,
1575 599 1615 629 ad
1634 600 1884 639 perpetuandam
1900 590 2341 638 concessionerffpredictam·

1323 652 1502 692 apostolicis
1519 651 1796 682 exhortationibus
1814 655 1842 681 te
1858 651 2023 688 inducere,
2041 656 2226 690 potestatem
2239 661 2333 692 super

1323 706 1382 736 boc
1413 706 1467 735 tibi
1496 705 1629 734 liberam
1661 704 1847 740 tribuendo,
1881 704 1920 733 de
1942 704 2139 742 benignitate
2163 705 2321 744 apostol*
2338 708 2343 719 ⁴

1322 759 1541 797 dignaremur.
1561 758 1626 788 Nos
1646 759 1773 796 itaque,
1791 757 1956 796 cupientes
1972 766 2081 796 pacem
2100 761 2130 788 et
2149 757 2334 798 tranquilli&

1324 815 1416 842 tatem
1436 812 1592 842 dictorum
1604 811 1775 849 guardiam
1792 815 1823 840 et
1839 810 1986 847 fratrum,
2004 819 2059 849 per
2076 819 2155 850 quas
2167 811 2207 841 ab
2222 811 2313 852 huju
2331 819 2335 831 ³

1323 866 1406 896 modi
1423 865 1565 895 scandali
1581 870 1611 894 et
1631 865 1820 894 turbationis
1838 869 2064 902 preservetttur
2080 864 2268 904 dispendiis,
2281 874 2337 905 pa:

1323 923 1411 948 terna
1440 919 1610 956 diligentia
1638 926 1823 956 procurare,
1853 918 2045 947 fraternitati
2076 922 2127 948 tue
2154 918 2343 949 innovano's·

1321 972 1494 1010 predictam
1514 972 1755 1002 concessionem
1782 970 1904 1001 eisdem
1929 970 2107 1009 gum-diano
2130 975 2161 1002 et
2182 971 2332 1010 ἲτὸιτὶῂιι·,

1322 1025 1482 1064 perpetuis
1516 1025 1634 1055 futuris
1677 1025 1874 1064 temporibus
1911 1024 2099 1055 duraturam
2113 1049 2120 1063 ,
2149 1025 2343 1064 ⁸juramen-14,

1321 1079 1404 1118 quod
1433 1079 1472 1108 de
1500 1087 1563 1109 non
1592 1079 1774 1108 alienandis
1801 1078 1892 1108 bonis
1920 1077 1959 1108 ad
1986 1078 2139 1117 prefatam
2167 1078 2322 1110 ecclesia

1321 1133 1536 1171 spectantibus
1567 1132 1740 1171 prestitisse
1775 1132 1892 1162 diceris
1919 1140 1986 1162 non
2011 1132 2174 1169 obstante,
2205 1130 2332 1172 plena·⁸

1321 1185 1484 1215 licentiam
1502 1185 1687 1215 auctoritate
1703 1186 1903 1224 presentium
1922 1184 2108 1224 elargimur.
2125 1185 2197 1217 Dat.
2216 1186 2318 1218 Reate*

1323 1248 1356 1268 111
1375 1246 1476 1268 nonas
1489 1239 1589 1277 junii,
1606 1247 1691 1269 anno
1706 1239 1856 1269 secundo.
1876 1251 1888 1265 n

1391 1377 1442 1418 ’91
1451 1391 1480 1419 5
1961 1391 2054 1424 Rieti,
2073 1391 2088 1419 4
2099 1391 2166 1427 juin
2183 1391 2261 1420 1289.
2323 1407 2327 1421 .

1357 1452 1490 1479 Facultas
1520 1453 1723 1480 reconciliandi
1750 1453 1813 1481 loca
1842 1455 2004 1489 inquinata.
2022 1454 2106 1488 (Rae.
2136 1455 2181 1487 44,
2210 1463 2237 1482 e.
2262 1454 2317 1488 1982
2328 1457 2334 1487 ,ἶ

1320 1501 1341 1528 f.
1360 1501 1409 1528 153
1425 1508 1470 1536 r⁰;
1487 1501 1553 1528 Lar.
1571 1510 1607 1528 nu
1621 1501 1720 1534 Tasta,
1737 1502 1779 1535 11,
1797 1503 1853 1536 99.)

1361 1605 1541 1642 Rayz'naldo,
1555 1605 1655 1634 abbati
1671 1606 1852 1635 monasterii
1865 1605 1976 1636 Sancti
1992 1607 2123 1636 Dionisii
2139 1607 2174 1637 in
2185 1607 2248 1637 Fra
2292 1607 2299 1614 ”

1321 1658 1360 1687 ad
1375 1667 1537 1687 romanam
1557 1659 1714 1688 ecclesiam
1730 1659 1816 1688 nullo
1833 1659 1930 1688 medio
1946 1660 2147 1698 pertinentis,
2165 1660 2287 1690 ordinis·

1319 1711 1480 1747 Benedicti,
1498 1710 1686 1742 parisiensis
1704 1712 1840 1749 diocesis,
1860 1712 2007 1752 indulget
2024 1717 2060 1743 ut
2075 1712 2223 1744 ecclesias
2234 1712 2322 1744 viil

1321 1763 1351 1794 S.
1372 1764 1513 1794 Dionisii
1527 1769 1558 1794 et
1572 1764 1709 1795 aliorum
1728 1764 1870 1796 locorum
1888 1765 1922 1795 in
1942 1765 2059 1804 quibus
2071 1765 2328 1804 Jurisdictione

1320 1817 1519 1856 spiritualem
1537 1817 1660 1848 obtinet
1675 1826 1748 1848 cum
1771 1827 1854 1857 aqua
1878 1818 1918 1849 ab
1933 1818 2080 1858 episcopo
2095 1818 2262 1851 benedicta
2301 1832 2307 1845 2
2346 1816 2350 1821 “

1320 1871 1492 1901 conciliare
1511 1871 1624 1901 valeat.
2173 1913 2175 1915 Ι

1324 1914 1328 1915 ⁷
1362 1936 1376 1951 ιι
1403 1924 1567 1954 Desideria
1596 1929 1648 1954 tua
1673 1925 1855 1956 vacantia...
1878 1941 1918 1948 —
1946 1925 2017 1956 Dat.
2045 1925 2161 1963 Reate,
2185 1935 2207 1956 ιι
2228 1933 2313 1957 non

1317 1978 1414 2017 junii,
1431 1986 1517 2008 anno
1534 1978 1685 2009 secundo.
1705 1990 1719 2006 »
2327 1971 2332 1974 ’

1391 2145 1479 2174 916
1956 2145 2052 2179 Rieu,
2069 2146 2085 2173 4
2096 2146 2162 2181 juin
2179 2145 2258 2174 1289.

1355 2208 1563 2243 Indulgentiae.
1580 2208 1662 2242 (Rea.
1679 2208 1728 2242 44,
1745 2217 1770 2235 c.
1792 2209 1851 2243 199,
1869 2209 1887 2236 f.
1907 2209 1956 2237 t53
1973 2216 2012 2243 r⁰;
2030 2209 2098 2236 Lar.
2114 2218 2151 2237 nu
2165 2208 2264 2242 Tasta,

1321 2258 1392 2289 100.)

1359 2361 1476 2390 Eidem.
1489 2359 1729 2397 Indulgentiam
1743 2360 1861 2398 viginti
1875 2360 2002 2391 dierum
2014 2360 2160 2392 concedit
2174 2361 2242 2401 ejus
2254 2369 2270 2393 s

1319 2413 1395 2444 ditis
1410 2413 1465 2453 qni
1482 2412 1589 2442 missis
1610 2412 1650 2442 ab
1671 2421 1706 2444 eo
1730 2413 1764 2443 in
1789 2413 2028 2452 pontificalibus
2045 2414 2214 2446 celebratis
2227 2415 2261 2444 in
2275 2427 2322 2446 ,mc

1320 2467 1451 2496 fuerint.

1360 2531 1375 2547 «
1393 2519 1437 2550 Ut
1453 2519 1587 2558 populus
1605 2524 1695 2548 tue...
1712 2537 1750 2541 —
1770 2519 1840 2550 Dat.
1860 2524 1893 2549 ut
1912 2529 2018 2559 supra.
2039 2532 2053 2548 n

1407 2679 1492 2708 9η
1945 2679 2038 2712 Rieu,
2055 2679 2089 2708 25
2105 2679 2160 2707 mai
2175 2679 2254 2708 1289.
2280 2659 2315 2671 ’”

1354 2741 1487 2768 Facultas
1516 2741 1681 2768 absolvendi
1716 2743 1992 2770 excommunicatos.
2029 2742 2111 2785 (Rau.
2143 2742 2186 2774 Η.
2210 2749 2236 2770 c.
2265 2744 2270 2754 '
2301 2743 2323 2770 is.

1317 2791 1337 2817 f.
1356 2790 1405 2818 153
1422 2792 1468 2823 ro.)
2299 2791 2309 2804 ⁴

1365 2893 1529 2923 Venerabili
1539 2894 1634 2929 fratri
1646 2893 1691 2930 8.,
1704 2895 1927 2933 archiepiscopo
1942 2893 2126 2932 Treverensi,
2143 2893 2258 2925 faculta

1318 2946 1461 2977 concedit
1475 2946 1659 2976 absolvendi
1673 2946 1804 2978 clericos
1817 2950 1848 2977 et
1861 2946 1959 2977 laicos
1975 2947 2077 2986 ipsius
2089 2947 2240 2979 dioecesis
2268 2938 2288 2953 ”
2372 2951 2373 2954 ’

1316 3008 1373 3038 pro
1387 2998 1525 3029 violenta
1542 2999 1574 3028 in
1592 3008 1742 3038 personas
1759 2999 1990 3031 ecclesiasticas
2005 3009 2162 3032 manuum
2177 2998 2322 3040 injecw'

1317 3062 1369 3090 ne,
1388 3053 1752 3084 excommunicationem
1766 3053 1973 3084 incurrerint.
2318 3045 2322 3051 ’
