2342 3652
915 319 1139 359 PREMIERE
1155 319 1313 358 ANNrin.
2123 329 2160 358 225

69 403 107 432 ad
123 402 182 431 hec
200 405 339 439 tempora
355 398 529 434 consuevit,
541 398 596 436 qui
612 397 719 433 etiam,
733 397 810 426 dum
826 395 1074 433 Lugdunensem

69 454 236 485 ecclesiam
251 451 530 491 Metropolitanam
545 458 635 480 suam
647 453 771 488 pastore
782 457 893 478 vacare
906 447 1073 484 contingit,

69 508 104 537 in
133 507 274 542 civitate,
303 505 422 535 diocesi
449 508 480 533 et
505 503 667 543 provincia
695 500 920 539 Lugdunensi,
948 504 1012 529 tam
1038 509 1075 529 ex

70 560 169 591 simili
185 559 351 598 privilegio
368 566 464 597 quam
480 557 519 587 de
535 557 667 595 antiqua
682 559 712 585 et
726 554 894 593 approbata
910 557 1076 582 consuetu-

71 614 162 650 dine,
180 617 213 642 ut
229 612 326 642 iidem
343 611 450 640 nuntii
466 610 664 645 asserebant,
682 617 718 638 ea
732 616 793 645 que
809 606 848 636 ad
866 606 1007 636 officium
1022 615 1074 635 ar-

71 665 302 705 chiepiscopale
327 668 486 703 spectant,
508 666 646 697 exercet,
666 660 812 699 quodque
835 663 885 695 tn,
910 667 946 688 ex
974 660 1077 688 causis

70 720 164 759 justis
179 728 214 748 ac
230 717 444 757 probabilibus
460 715 652 755 prepeditus,
671 713 859 752 nequiveras
876 712 1006 742 comode
1024 721 1078 751 pro

73 772 208 812 petendo
227 772 309 801 dicto
325 771 426 809 palleo
441 768 609 808 apostolico
627 772 654 797 te
671 766 851 804 conspectui
869 765 1078 804 personaliter

74 830 293 865 presentare‚a
308 825 398 855 nobis
411 832 483 853 cum
498 831 533 852 ea
549 829 611 860 qua
624 820 713 849 decet
726 819 879 848 instantia
895 818 1079 857 suppliciter

75 878 285 918 postularunt,
299 881 331 907 ut
347 877 466 907 dictum
483 874 619 914 palleum
635 873 669 902 iu
686 871 751 901 illis
766 872 908 910 partibus
924 872 980 901 tibi
999 872 1079 902 tradi

75 932 114 961 de
132 931 330 969 benignitate
347 928 515 968 apostolica
532 927 718 956 faceremus.
736 925 823 954 Licet
838 929 944 954 autem
960 925 999 954 de
1014 925 1076 954 hu-

73 984 214 1024 jusmodi
231 983 400 1022 privilegio
416 986 446 1012 et
462 980 524 1010 alio
535 981 622 1019 J'ure‚
641 987 702 1016 que
721 987 814 1016 super
831 978 888 1008 hoc
904 978 979 1008 dicti
996 987 1079 1008 nun-

78 1038 123 1075 tii,
141 1043 173 1067 ut
190 1037 373 1076 predicitur,
389 1034 567 1072 allegabant
582 1032 683 1068 nobiS,
698 1032 779 1061 facta
794 1040 859 1061 uon
875 1032 971 1061 fuerit
985 1032 1079 1070 plena

77 1091 166 1126 fides,
183 1089 382 1120 attendentes
399 1091 504 1117 tamen
520 1085 614 1124 quod,
632 1085 714 1114 sicut
730 1094 765 1114 ex
782 1084 1018 1122 fidedignorum
1033 1094 1076 1115 re-

76 1143 195 1173 latione
217 1142 415 1181 amepimus,
442 1148 497 1178 per
519 1137 672 1177 quosdam
698 1138 932 1176 predecessores
957 1142 1079 1168 nostros

77 1204 225 1226 romanos
249 1194 411 1234 pontifices
437 1191 597 1231 aliquibus
621 1191 897 1229 predecessoribus
924 1191 1000 1228 tuis,
1024 1192 1079 1230 qui

80 1249 219 1279 Eduensi
243 1247 372 1278 ecclesie
390 1245 576 1285 prefuerunt
601 1253 656 1282 pro
682 1247 835 1282 tempore,
863 1244 922 1274 fuit
941 1244 1079 1284 palleum

77 1303 183 1341 ipsum
197 1326 204 1339 ,
225 1309 354 1331 suarum
374 1307 581 1338 personarum
599 1297 718 1327 iutuitu
746 1298 779 1326 in
808 1306 918 1327 earum
942 1299 1080 1328 novitate

77 1363 275 1391 concessum,
291 1362 327 1383 ac
342 1351 482 1382 volentes
498 1359 630 1390 persone
649 1355 701 1380 tue
715 1351 748 1380 in
766 1351 824 1380 hac
842 1356 928 1390 parte
944 1352 1081 1390 gratiam

78 1408 180 1438 facere
206 1406 390 1446 specialem,
413 1404 589 1444 predictum
616 1404 755 1443 palleum
780 1404 818 1433 de
845 1413 973 1443 corpore
998 1405 1081 1435 beati

80 1461 164 1491 Petri
181 1463 340 1499 sumptum
358 1467 413 1497 per
430 1458 565 1497 prefatos
587 1458 727 1497 priorem
747 1462 777 1487 et
798 1458 986 1495 magistrum
1003 1458 1080 1488 Gal·

80 1519 180 1544 terum
207 1512 438 1543 venerabilibus
466 1511 617 1541 fratribus
643 1511 760 1541 nostris
789 1534 807 1540 ..
843 1512 1081 1551 archiepiscopo

81 1566 255 1596 Viennensi
273 1569 303 1595 et
321 1589 340 1594 ..
362 1565 505 1603 episcopo
523 1564 748 1594 Matiscoueusi
769 1565 1002 1602 assignandum
1027 1567 1083 1596 tibi

84 1629 136 1660 per
149 1620 247 1658 ipsos,
266 1618 315 1648 vel
331 1627 440 1648 eorum
456 1618 604 1654 alterum,
622 1618 771 1647 duximus
787 1618 1032 1655 destinandum,
1050 1624 1082 1649 ut

80 1672 159 1702 illud
176 1672 231 1702 tibi
248 1672 413 1710 assignent
430 1671 488 1701 suh
506 1671 608 1701 forma
626 1680 722 1709 quam
739 1671 783 1700 eis
799 1671 857 1701 sub
874 1672 960 1702 bulla
977 1677 1083 1703 nostra

80 1725 235 1755 mittimus
255 1724 461 1754 interclusam
478 1729 509 1753 et
530 1732 548 1753 a
567 1728 612 1761 te,
629 1728 737 1753 nostro
753 1729 783 1753 et
800 1724 931 1754 ecclesie
952 1734 1083 1756 romane

81 1779 226 1815 nomine,
251 1778 309 1807 sub
333 1778 434 1807 forma
451 1786 547 1816 quam
573 1778 632 1807 sub
654 1777 763 1808 eadem
786 1777 874 1808 bulla
896 1778 1082 1817 dirigimus,

80 1831 238 1861 fidelitatis
267 1831 420 1870 recipiant
446 1831 680 1870 jurameutum.
706 1831 861 1861 Volumus
893 1836 998 1862 tamen
1028 1842 1084 1872 per

81 1884 265 1922 hujusmodi
288 1884 536 1922 assignationem
560 1884 660 1922 ipsius
688 1884 799 1922 pallei,
820 1894 917 1923 quam
944 1886 988 1915 sic
1014 1886 1083 1916 fieri

83 1937 136 1966 tibi
161 1936 367 1975 mandamus,
382 1937 434 1975 jus
455 1946 574 1967 novum
594 1937 650 1967 tibi
669 1946 724 1967 seu
744 1939 979 1968 successoribus
1003 1940 1083 1978 luis,

82 1994 135 2019 aut
149 1989 251 2019 eidem
267 1990 407 2020 Eduensi
425 1990 556 2020 ecclesie
578 1998 642 2020 non
665 1991 804 2029 acquiri,
823 1991 877 2020 sed
895 1992 1082 2031 antiquum,

83 2043 108 2072 si
125 2043 207 2081 quod
223 2042 310 2072 vobis
325 2043 489 2082 competit,
509 2043 730 2073 tantummodo
746 2045 966 2074 conservari...
986 2057 998 2072 ι

128 2107 140 2121 ιι
167 2095 275 2134 Nuper
302 2095 408 2125 dilecti
434 2095 533 2126 filii...
556 2113 595 2117 —
614 2096 685 2126 Dat.
710 2096 824 2133 Reate,
849 2098 954 2128 idibus
977 2100 1082 2138 junii,

83 2157 168 2178 auno
184 2149 295 2187 primo.
315 2162 327 2175 ι

158 2321 242 2349 153
695 2323 790 2357 Rieu,
810 2324 840 2351 13
854 2325 918 2359 juin
937 2326 1013 2354 1288.

120 2383 236 2418 Hugoni
252 2383 387 2419 episcopo
397 2384 523 2412 Eduensi
534 2386 650 2420 pallium
664 2387 839 2422 assignatur.
852 2387 933 2421 (Rea.
948 2389 990 2420 44,
1003 2398 1028 2416 c.
1042 2390 1084 2422 77,

85 2433 104 2459 f.
120 2432 154 2459 ‘30
171 2439 210 2463 r⁰;
228 2432 295 2459 Lu».
311 2441 347 2460 nu
361 2432 464 2467 Tuam,
480 2434 507 2466 Ι,
523 2435 578 2466 25.)

130 2534 351 2563 Venerabilibus
387 2537 556 2571 fratribus..
590 2539 810 2577 archiepiscopo
842 2540 1001 2570 Viennensi
1035 2547 1085 2571 et..

86 2588 218 2626 episcopo
243 2579 453 2617 Μάιίεοοηεηεί
473 2590 602 2620 mandat
620 2595 777 2630 quatenus
799 2592 934 2630 pallium
957 2594 1089 2632 Hugoui

87 2641 232 2680 episcopo
249 2641 390 2671 Eduensi
405 2641 578 2680 assignent.

128 2705 141 2720 α
167 2694 278 2733 Nuper
294 2693 401 2724 dilecti
416 2694 511 2725 filii...
528 2712 566 2717 —
580 2697 651 2727 Dat.
669 2702 703 2728 ut
723 2708 826 2738 supra.
850 2711 863 2727 ι)

396 2787 506 2817 Forma
523 2789 616 2819 dandi
633 2792 778 2829 palleum.

133 2892 145 2906 ‹
168 2879 219 2909 Ad
234 2879 388 2909 honorem
406 2880 466 2909 Dei
481 2881 706 2920 omnipotentis
721 2889 751 2914 et
765 2886 854 2916 beate
870 2888 970 2917 Marie
984 2888 1091 2926 Virgi-

90 2932 152 2969 nis,
170 2932 334 2963 beatorum
350 2933 563 2972 apostolorum
578 2934 664 2965 Petri
680 2941 710 2966 et
724 2938 814 2968 Pauli
832 2944 862 2969 et
877 2940 999 2970 domini
1015 2950 1092 2980 pape

93 2984 216 3015 Nicolai
242 2989 272 3015 et
287 2985 402 3015 Sancte
420 2986 564 3016 Romane
584 2987 729 3027 ecclesie,
748 3000 871 3022 necnon
890 2997 921 3022 et
937 2993 1093 3024 Eduensis

230 3051 302 3078 Rea.
324 3051 446 3078 Niconas
465 3051 518 3078 IV.

1157 394 1287 424 ecclesie
1305 395 1360 424 tibi
1376 394 1559 431 commisse,
1578 394 1733 424 tradimus
1752 394 1808 423 tibi
1824 393 1963 432 palleum
1981 394 2018 423 de
2034 402 2161 433 corpore

1156 447 1240 477 beati
1256 448 1342 478 Petri
1358 453 1537 487 sumptum,
1554 447 1789 486 plenitudinem
1809 446 1954 476 videlicet
1972 447 2161 485 pontificalis

1157 501 1270 536 officii,
1289 505 1322 530 ut
1340 510 1375 531 eo
1393 501 1457 530 illis
1475 501 1639 530 dumtaxat
1656 500 1768 530 diebus
1787 499 1903 535 utaris,
1921 499 2038 537 quihus
2058 509 2076 530 a
2093 501 2162 538 jure

1159 554 1353 591 permittitur
1368 559 1397 583 et
1414 554 1525 592 prefati
1541 553 1778 592 predecessores
1794 553 1838 583 tui
1850 552 2014 583 Eduenses
2027 553 2162 593 episcopi

1159 611 1396 636 consueverunt
1411 607 1566 637 hacteuus
1581 607 1636 637 illo
1654 607 1708 637 uti.
1731 619 1743 633 »

1235 792 1320 819 154
1780 791 1872 822 Rieu,
1892 793 1922 819 15
1934 793 1998 826 juin
2016 793 2093 820 ηδε.

1196 853 1300 880 Curam
1326 858 1353 880 et
1375 854 1572 882 defensionem
1597 854 1681 888 primi
1705 858 1733 881 et
1757 855 1876 881 secundi
1893 855 2024 881 ordinum
2048 856 2164 882 fratrum

1161 902 1384 929 Humiliatorum
1400 903 1584 937 omniumque
1602 903 1794 929 membrorum
1810 911 1908 929 eorum
1924 904 1953 930 in
1969 904 2166 938 spiritualibus

1161 955 1189 978 et
1204 951 1410 985 temporalibus
1426 951 1511 978 Petro
1529 951 1559 977 S.
1577 951 1694 985 Georgii
1713 951 1746 977 ad
1769 951 1873 977 Velum
1896 952 2025 978 Aureum
2046 952 2166 979 diacono

1161 1000 1297 1026 cardinali
1312 1000 1474 1026 committit.
1500 1000 1581 1033 (Ra-0.
1601 1000 1649 1032 44,
1666 1008 1691 1026 c.
1710 1000 1752 1026 78.
1770 1000 1789 1026 f.
1807 1000 1840 1027 ‘20
1857 1007 1897 1033 r⁰;
1924 1000 2040 1031 Por‘rn„
2057 1000 2165 1032 ‘227444

1201 1103 1310 1131 Dilecto
1330 1103 1394 1139 filio
1410 1103 1497 1131 Petro
1512 1102 1615 1132 Sancti
1632 1103 1750 1139 Georyz'i
1768 1103 1807 1131 ad
1828 1103 1929 1132 Velum
1946 1104 2082 1132 Aureum
2104 1104 2167 1132 dia-

1162 1164 1235 1185 cono
1252 1156 1417 1185 cardinali.

1205 1220 1218 1235 α
1243 1209 1328 1237 Dum
1344 1216 1511 1246 operosum
1527 1217 1644 1238 onus..⁴
1662 1225 1699 1230 —
1716 1209 1786 1238 Dat.
1807 1209 1916 1244 Reate,
1932 1218 1997 1238 xvn
2014 1208 2170 1239 kalendas

1160 1261 1250 1299 julii,
1269 1270 1354 1291 anuo
1370 1262 1484 1299 primo.
1508 1273 1521 1288 n

1238 1441 1425 1469 155-157

1201 1504 1232 1530 Β.
1252 1505 1390 1531 ecclesiae
1406 1503 1634 1530 Bai-chinonensi
1653 1504 1680 1530 in
1698 1505 1865 1539 episcopum
1882 1504 2054 1539 praeficitur.
2080 1505 2157 1538 (Res

1166 1554 1216 1584 44,
1234 1562 1260 1580 c.
1278 1554 1325 1584 79,
1348 1554 1366 1579 f.
1383 1553 1416 1579 ‘20
1432 1553 1483 1587 vo.)

1785 1439 1875 1471 Rieti,
1893 1440 1925 1466 22
1939 1441 2002 1475 juin
2022 1441 2098 1468 1288.

1211 1656 1380 1685 Venerabili
1395 1655 1490 1691 fratri
1504 1653 1539 1683 B.
1554 1655 1685 1692 episcopo
1699 1654 1947 1685 Barchinonensi.
1962 1655 2036 1684 Post
2049 1656 2170 1686 obitum

1167 1708 1303 1738 Arnaldi
1331 1706 1604 1737 Barchinoueusis
1639 1706 1774 1744 episcopi
1809 1707 1967 1737 Martinus
1998 1717 2076 1746 papa
2104 1709 2171 1739 IIII

1166 1761 1381 1800 provisionem
1406 1760 1547 1798 ejusdem
1573 1759 1724 1789 ecclesiae
1750 1759 1938 1798 apostolicae
1966 1761 2049 1790 sedis
2065 1761 2171 1800 dispo-

1168 1814 1276 1843 sitioni
1301 1813 1496 1849 reservavit,
1522 1824 1534 1839 ι(
1564 1812 1619 1842 sed
1650 1813 1794 1842 canonici
1822 1813 1964 1851 ejusdem
1983 1814 2113 1844 ecclesie
2132 1815 2172 1844 ad

1169 1866 1370 1897 tractandum
1401 1867 1439 1896 de
1473 1866 1572 1895 futuri
1605 1866 1829 1895 substitutione
1862 1867 1995 1905 pastoris
2026 1867 2063 1897 de
2094 1868 2173 1898 facto

1169 1920 1401 1950 nichilominus
1422 1919 1638 1958 procedentes,
1653 1923 1719 1957 post
1736 1919 1876 1949 diversos
1894 1924 2040 1950 tractatus
2057 1925 2087 1950 et
2103 1930 2173 1960 pro-

1167 1984 1274 2004 cessus
1306 1973 1486 2012 superbiis
1515 1973 1657 2009 habitos,
1685 1973 1812 2002 tandem
1839 1973 1870 2002 in
1900 1973 1977 2003 duas
1996 1978 2099 2013 partes
2127 1975 2174 2004 di-

1167 2029 1245 2064 visi,
1264 2037 1327 2057 uua
1349 2028 1490 2066 ipsarum
1514 2027 1651 2065 partium
1669 2026 1770 2065 primo
1786 2026 1960 2056 Geraldum
1977 2027 2015 2056 de
2033 2027 2172 2065 Gualba‚

1167 2081 1427 2112 archidiaconum
1451 2080 1550 2119 ipsius
1578 2079 1726 2116 ecclesie,
1749 2084 1778 2108 et
1805 2088 1840 2109 eo
1866 2080 2066 2118 postmodum
2089 2081 2173 2110 viam

1170 2136 1318 2166 universe
1333 2134 1438 2164 caruis
1453 2134 1609 2171 ingresso,
1623 2137 1662 2169 te,
1676 2132 1799 2171 reliqua
1815 2141 1888 2162 vero
1904 2133 2053 2163 dilectum
2071 2133 2173 2162 filium

1170 2188 1398 2221 Bertrandum,
1432 2187 1646 2216 camerarium
1681 2186 1813 2216 ecclesie
1848 2176 2108 2222 Terraconensis,
2140 2187 2173 2215 iu

1168 2243 1328 2280 episcopos
1357 2240 1474 2279 prefate
1505 2239 1777 2268 Barchiuouensis
1809 2238 1939 2268 ecclesie
1970 2238 2088 2276 eligere
2119 2248 2173 2269 seu

1169 2294 1336 2324 nominare
1372 2297 1489 2322 temere
1522 2295 1803 2330 presumpserunt,
1835 2291 1943 2330 sicque
1976 2292 2173 2330 postmodum

1168 2351 1296 2387 propter
1320 2347 1378 2376 hoc
1402 2350 1430 2376 te
1452 2354 1488 2375 ac
1512 2345 1595 2375 dicto
1613 2345 1786 2374 camerario
1807 2344 1847 2374 ad
1871 2345 1978 2374 sedem
1996 2345 2174 2374 accedenti-

1169 2402 1228 2431 bus
1252 2400 1485 2439 supradictam,
1509 2399 1595 2428 idem
1618 2398 1812 2427 camerarius
1839 2398 1873 2427 in
1894 2398 2053 2436 presentia
2074 2398 2174 2427 felicis

1168 2453 1397 2485 recordationis
1413 2453 1455 2483 H.
1473 2461 1564 2491 pape,
1581 2452 1811 2491 predecessoris
1822 2452 1932 2488 nostri,
1946 2452 2060 2490 primo,
2080 2457 2175 2490 tuque

1170 2509 1370 2549 postmodum
1389 2508 1422 2537 in
1449 2507 1567 2537 nostris
1584 2506 1732 2536 manibus
1752 2506 1834 2545 juri,
1851 2506 1879 2535 si
1897 2505 1980 2543 quod
2000 2514 2035 2534 ex
2062 2505 2174 2543 hujus-

1170 2563 1259 2593 modi
1276 2561 1483 2591 electionibus
1510 2569 1565 2590 seu
1592 2559 1868 2589 nominationibus
1888 2559 1975 2588 vobis
1991 2563 2020 2587 et
2035 2561 2176 2587 vestrum

1171 2617 1303 2647 cuilibet
1322 2615 1484 2653 quesitum
1502 2614 1616 2650 fuerat,
1632 2613 1838 2656 renuntiastis
1855 2612 1953 2641 libere
1969 2620 2004 2641 ac
2019 2620 2182 2650 expresse..

1171 2670 1237 2700 Nos
1262 2669 1406 2707 itaque...
1431 2672 1459 2697 te
1486 2666 1524 2696 de
1550 2666 1684 2695 fratrum
1714 2669 1893 2694 nostrorum
1918 2664 2050 2693 consilio
2072 2663 2174 2693 eidem

1172 2722 1304 2753 ecclesie
1320 2719 1577 2750 Barchinoneusi
1592 2719 1626 2747 in
1643 2718 1824 2756 episcopum
1841 2717 2067 2755 prefecimus...
2083 2729 2096 2743 ›

1215 2788 1228 2803 a
1252 2776 1340 2805 Inter
1355 2778 1458 2804 cetera
1482 2781 1583 2811 que...
1600 2788 1638 2793 —
1656 2771 1727 2801 Dat.
1749 2771 1858 2806 Reate,
1878 2779 1897 2799 x
1918 2769 2174 2808 kalendasjulii,

1173 2838 1258 2859 anno
1273 2828 1386 2867 primo.
1410 2839 1423 2853 ι)

1215 2883 1253 2912 In
1266 2891 1292 2911 e.
1304 2890 1347 2910 m.
1362 2879 1499 2918 capitulo
1511 2878 1661 2909 ecclesiae
1673 2877 1946 2907 Barchinonensis
1959 2876 2090 2906 mandat
2103 2885 2177 2915 qua-

1176 2940 1268 2965 tenus
1291 2934 1449 2973 praedicto
1471 2933 1614 2971 episcopo
1629 2930 1842 2961 obedientiam
1860 2929 1999 2959 debitam
2015 2929 2174 2968 praebeat.

1214 2990 1252 3020 Iu
1270 2997 1297 3018 e.
1313 2997 1357 3017 m.
1375 2987 1458 3017 clero
1473 2985 1608 3016 civitatis
1624 2989 1653 3015 et
1669 2985 1820 3014 dioecesis
1837 2983 2118 3013 Barchinonensis.

2021 3049 2036 3076 4
