2342 3652
901 361 1129 402 DnuxinME
1149 358 1305 398 ANNE'E.
2092 368 2146 398 271

100 458 114 474 α
128 444 343 475 Ecclesiarum
360 441 488 472 fabricis
503 448 677 470 manum...
697 455 736 460 —
750 438 822 468 Dat.
840 438 951 474 Reate,
969 446 989 466 v
1004 436 1064 466 ka-

59 499 168 531 lendas
187 495 498 537 septembris,⁶anno
516 491 668 523 secundo.
688 502 701 517 υ

134 672 155 700 1
161 669 289 699 3341
295 668 382 697 336

98 733 141 760 De
155 732 339 760 contentione
349 731 424 757 inter
434 728 624 764 patriarcham
636 725 864 760 Aquilegensem
875 726 904 749 et
914 729 1067 749 commune

64 783 250 810 Venetorum.
269 781 351 814 (Rae.
370 780 412 811 44,
428 787 453 805 c.
471 778 530 809 449,
548 777 568 804 f.
584 776 636 804 ⁴206
656 776 708 808 v⁰.)

596 663 689 696 Rieti,
707 663 722 690 5
736 661 899 697 septembre
915 660 995 687 1289.

109 884 277 915 Venerabili
296 883 391 920 fratri
421 904 440 910 ..
463 881 595 918 episcopo
626 877 814 916 Tripolitano
836 874 967 904 mandat
990 881 1070 912 qua-

67 943 159 970 tenus
183 937 224 967 ad
247 959 267 965 ..
292 933 506 974 patriarcham
529 930 783 970 Aquilegensem
805 932 835 958 et
861 951 881 958 ..
907 927 1021 956 ducem
1041 928 1072 955 et

66 998 236 1023 commune
253 989 469 1023 Venetorum,
489 983 704 1024 quarumdam
724 986 882 1012 terrarum
906 979 1071 1010 occasione

66 1044 245 1082 litigantes,
264 1051 296 1072 se
317 1039 527 1080 personaliter
545 1037 713 1068 conferens
726 1061 734 1076 ,
757 1044 808 1066 eos
827 1034 867 1064 ad
888 1042 1000 1072 pacem
1016 1041 1072 1062 seu

67 1101 217 1134 treuguas
231 1095 374 1125 inducat.

108 1162 123 1178 «
148 1149 248 1187 Regis
272 1147 396 1187 pacifici
418 1146 542 1186 pacis...
569 1161 608 1166 —
634 1144 707 1174 Dat.
730 1143 850 1178 Reate,
877 1140 972 1171 nonis
1001 1148 1072 1178 sep-

67 1203 218 1239 tembris,
238 1211 324 1232 anno
342 1200 492 1231 secundo.
514 1211 529 1226 »

106 1257 146 1287 In
163 1265 191 1287 e.
207 1265 252 1286 m.
272 1278 290 1285 ..
310 1253 510 1293 patriarchae
526 1250 756 1291 Aquilegensi,
777 1253 811 1280 ut
832 1248 978 1288 episcopo
1001 1246 1075 1276 Tri-

68 1310 208 1351 politano
225 1309 430 1347 obtemperet.

108 1364 148 1394 Iu
163 1372 190 1393 e.
207 1371 252 1391 m.
273 1385 292 1392 ..
311 1361 402 1396 duci,
421 1359 556 1390 consilio
571 1362 601 1389 et
615 1357 781 1388 communi
794 1357 1003 1386 Venetorum.

145 1535 393 1566 1332-1338

107 1599 154 1627 Ad
170 1599 410 1626 Aberdonensem
426 1597 578 1624 ecclesiam
594 1594 795 1630 ampliandam.
813 1594 895 1627 (Rae.
915 1593 958 1624 44,
975 1600 1000 1618 e.
1018 1592 1078 1625 450,

73 1649 92 1677 f.
107 1649 159 1677 206
175 1656 224 1682 v⁰;
242 1648 346 1675 Porrn.
364 1647 472 1680 23073.)

612 1532 701 1563 Rieti,
717 1532 730 1557 7
749 1530 911 1565 septembre
930 1529 1007 1556 1289.

119 1752 286 1782 Venerabili
317 1751 412 1787 fratri
453 1772 471 1778 ..
507 1750 639 1787 episcopo
671 1747 876 1777 Aberclonensi
911 1748 1083 1784 proventus

75 1805 172 1845 primi
188 1804 269 1834 anni
285 1803 434 1834 omnium
450 1802 681 1832 beneficiorum
698 1795 985 1831 ecclesiasticorum
1002 1806 1083 1837 quae

77 1867 178 1897 usque
201 1857 241 1888 ad
264 1857 429 1886 triennum
454 1856 487 1885 in
507 1854 733 1885 Aberdouensi
749 1853 886 1883 dioecesi
907 1852 1082 1888 vacabunt,

77 1911 117 1941 ad
133 1911 300 1942 ecclesiam
315 1908 530 1940 cathedralem
546 1907 786 1947 ampliandam,
806 1906 962 1936 concedit.

119 1975 133 1990 «ι
152 1963 336 1994 Gaudemus
350 1963 384 1992 in
401 1961 578 1992 Domino...
595 1978 634 1983 --
650 1961 721 1990 Dat.
740 1960 849 1996 Reate,
867 1968 908 1988 vn
926 1959 998 1988 idus
1014 1968 1084 1997 sep-

78 2017 225 2055 tembris,
241 2025 327 2047 anno
342 2015 492 2046 secundo.
512 2026 526 2041 »

117 2071 156 2101 In
173 2079 201 2100 e.
218 2079 262 2099 m.
321 2069 548 2099 archidiacono
564 2068 760 2097 Moraviensi
778 2066 911 2097 mandat
927 2070 1086 2105 quatenus

80 2124 137 2155 hos
152 2129 325 2163 proventus
341 2123 446 2152 eidem
463 2123 608 2161 episcopo
623 2121 780 2159 assignari
796 2120 898 2151 faciat.

157 2298 177 2325 Ι
184 2296 286 2325 339-
292 2296 312 2323 1
321 2295 411 2324 340

118 2359 246 2386 Licentia
261 2359 466 2385 coemeterium
487 2356 635 2392 proprium
654 2356 787 2383 habendi.
812 2356 894 2388 (Rae.
912 2356 963 2390 44,
979 2364 1004 2382 c.
1023 2356 1088 2386 451,

85 2409 104 2436 f.
119 2409 169 2436 207
187 2415 230 2442 r⁰;
248 2407 315 2435 Lm.
330 2416 366 2435 nn
380 2407 479 2442 Tuam,
496 2406 534 2438 II,
550 2407 599 2433 ‘241
614 2418 621 2439 ς
640 2406 745 2433 ΡοΤΤΗ.
763 2406 869 2438 23070.)

623 2294 711 2327 Rieti,
729 2294 743 2320 5
759 2293 921 2328 septembre
938 2293 1016 2320 1289.

131 2511 297 2541 Venerabili
316 2511 413 2547 fratri
432 2533 451 2539 ..
476 2509 698 2547 archiepiscopo
720 2509 895 2538 Blsunlino.
915 2520 928 2536 «
947 2509 991 2538 Ex
1006 2512 1093 2548 parte

87 2563 276 2594 dilectarum
290 2563 325 2593 in
348 2563 477 2593 Christo
500 2562 644 2592 filiarum
662 2586 683 2592 ..
699 2562 856 2592 abbatisse
872 2565 902 2592 et
919 2567 1094 2592 conventus

88 2616 272 2647 monasterii
288 2616 404 2646 Sancte
421 2615 513 2646 Clare
532 2616 571 2645 de
589 2616 824 2653 Montagniaco,
843 2616 964 2646 ordinis
981 2616 1095 2646 Sancte

89 2667 199 2706 Clare,
219 2673 270 2699 tue
289 2669 440 2705 diocesis,
458 2669 520 2699 fuit
541 2668 632 2698 nobis
648 2668 816 2699 humiliter
832 2668 1044 2708 supplicatum
1062 2673 1097 2699 ut

90 2721 284 2752 cimiterium
301 2721 387 2752 circa
402 2721 556 2760 capellam
570 2731 625 2752 seu
638 2721 813 2752 oratorium
828 2722 1016 2752 monasterii
1029 2732 1098 2761 pre-

89 2774 176 2812 dicti,
191 2775 231 2805 ad
246 2784 324 2814 opus
337 2775 481 2814 ipsarum
502 2780 532 2805 et
550 2775 762 2805 familiarium
779 2775 1029 2806 domesticorum
1045 2785 1097 2805 ea-

91 2828 238 2859 rumdem
254 2829 438 2866 dumtaxat,
458 2829 606 2859 benedici
623 2829 660 2858 de
684 2828 884 2867 benignitate
901 2829 984 2858 sedis
1004 2837 1096 2867 apos-

94 2880 184 2912 tolice
219 2881 458 2913 mandaremus.
498 2881 649 2912 Volentes
683 2881 784 2919 igitur
821 2881 878 2911 tibi
897 2906 903 2918 ,
943 2882 999 2920 qui
1036 2881 1099 2911 loci

93 2934 280 2965 diocesanus
296 2935 405 2965 existis
417 2958 424 2971 ,
444 2936 478 2964 in
494 2935 554 2964 hac
571 2939 658 2973 parte
676 2935 797 2964 deferre
812 2959 818 2971 ,
838 2935 1030 2964 fraternitati
1047 2939 1099 2965 tue

96 2996 149 3026 per
163 2988 332 3027 apostolica
354 2988 471 3027 scripta
494 2988 686 3017 mandamus
702 2992 876 3026 quatenus,
903 2988 930 3018 si
953 2989 1100 3028 expedire

97 3040 225 3078 videris,
255 3042 300 3071 eis
329 3041 486 3081 postulata
514 3040 685 3077 concedas,
717 3040 786 3071 sine
813 3041 897 3080 juris
924 3042 1101 3081 prejudicio

1147 433 1256 464 alieni.
1279 434 1350 465 Dat.
1379 434 1493 471 Reate,
1513 435 1607 465 nonis
1629 434 1835 473 septembris,
1856 441 1941 463 anno
1965 433 2113 463 secundo.
2133 446 2147 461 >³

1187 487 1225 515 In
1238 495 1265 516 e.
1280 495 1324 516 m.
1340 487 1454 523 eidem,
1469 496 1524 526 pro
1536 510 1556 517 ..
1571 487 1729 517 abbatissa
1745 491 1775 516 et
1789 490 1948 517 conventu
1963 486 2151 516 monasterii

1149 539 1282 569 Sanctae
1298 539 1409 570 Clarae
1430 541 1594 570 Bisuntini
1608 564 1614 578 ,
1631 540 1755 570 ordinis
1771 540 1905 570 Sanctae
1920 539 2042 569 Clarae.

1225 712 1338 740 1341

1187 773 1314 800 Licentia
1330 774 1452 801 habendi
1467 775 1603 809 capellam
1619 777 1647 800 et
1662 773 1865 800 coemeterium
1877 774 2001 808 propria.
2013 773 2096 805 (Rea.
2110 772 2154 805 44,

1151 831 1177 849 c.
1194 823 1254 855 43⁶2,
1272 824 1292 850 f.
1309 823 1358 850 207
1374 831 1418 855 1·⁰;
1435 823 1500 849 Lar.
1519 832 1554 849 nu
1569 823 1668 856 Tnexc,
1686 822 1723 852 II,
1739 822 1810 854 242.)

1671 711 1756 743 Rieu,
1779 712 1814 737 ler
1828 711 1989 746 septembre
2005 710 2082 738 1289.

1199 925 1365 954 Venerabili
1379 923 1503 960 fratri..
1518 924 1649 961 episcopo
1661 924 1831 960 Ayennensl
1842 922 1973 951 mandat
1984 926 2155 960 quatenus,

1155 978 1181 1007 si
1199 977 1243 1007 ita
1258 977 1374 1006 viderit
1393 976 1558 1015 expedire,
1579 999 1598 1005 ..
1617 975 1813 1014 praeceptori
1833 979 1862 1004 et
1877 975 2028 1005 fratribus
2047 975 2157 1013 hospi-

1155 1030 1226 1060 talis
1252 1030 1381 1069 pratalis
1410 1029 1648 1059 Misericordiae
1673 1029 1710 1057 de
1736 1028 1932 1063 Condomio,
1956 1028 2161 1064 Agennensis

1155 1084 1320 1120 dioecesis,
1333 1083 1498 1113 licentiam
1512 1082 1663 1112 concedat
1673 1081 1813 1111 habendi
1830 1081 1995 1119 capellam,
2010 1084 2162 1110 coemete-

1156 1137 1241 1166 rium
1267 1141 1296 1166 et
1320 1135 1521 1175 capellanum
1547 1135 1731 1173 proprium,
1754 1133 1927 1163 sufficienti
1949 1133 2163 1163 satisfactione

1157 1191 1223 1220 illis
1239 1190 1358 1229 quibus
1375 1199 1429 1228 per
1445 1189 1504 1219 hoc
1520 1189 1603 1227 praej
1611 1188 1754 1217 udicium
1772 1188 1842 1217 fieri
1860 1191 1963 1225 posset
1978 1186 2058 1216 data.

1200 1255 1214 1270 (ι
1234 1243 1350 1272 Petilio
1368 1242 1555 1272 dilectorum
1573 1241 1752 1271 filiorum...
1770 1257 1808 1262 —
1824 1240 1897 1269 Dat..
1921 1240 2036 1277 Reate,
2054 1239 2164 1269 halen-

1159 1297 1207 1326 dis
1221 1296 1408 1335 septembris
1419 1319 1426 1332 ‚
1441 1304 1527 1325 anno
1540 1294 1689 1325 secundo.
1706 1306 1718 1320 ι»

1237 1485 1258 1512 1
1266 1480 1371 1513 342-
1377 1485 1397 1512 Ι
1404 1484 1491 1511 348

1197 1547 1407 1581 Indulgentiae.
1424 1546 1506 1581 (Hac.
1524 1546 1567 1579 44,
1584 1554 1609 1571 c.
1630 1545 1690 1575 453,
1707 1545 1725 1570 f.
1744 1544 1793 1571 ⁶207
1811 1545 1861 1576 vo.)

1684 1481 1771 1515 Rieti⁷
1790 1481 1822 1508 113
1838 1479 2001 1515 septembre
2018 1479 2095 1506 1289.

1207 1649 1358 1678 Universz's
1382 1648 1495 1677 Christi
1509 1647 1647 1684 fidelibus
1663 1650 1813 1683 presentes
1832 1645 1949 1673 litteras
1973 1644 2163 1682 inspecturis.

1203 1702 1445 1740 Indulgentiam
1462 1701 1556 1731 unius
1574 1700 1652 1729 anni
1669 1704 1699 1728 et
1713 1709 1750 1728 xc
1767 1698 1891 1727 dierum
1910 1696 2054 1727 concedit
2067 1696 2168 1726 omni-

1164 1758 1224 1787 bus
1242 1766 1315 1786 vere
1333 1755 1569 1794 poenitentibus
1586 1758 1615 1783 et
1635 1753 1786 1783 confessis
1798 1751 1853 1790 qui
1870 1750 2035 1780 ecclesiam
2049 1757 2170 1778 monas-

1166 1811 1237 1841 terii
1250 1808 1565 1844 Praemostratensis,
1584 1805 1809 1836 Laudunensis
1825 1803 1996 1840 dioecesis,
2014 1803 2048 1832 in
2065 1803 2172 1832 beatae

1167 1865 1302 1899 Mariae,
1321 1863 1353 1893 S.
1372 1861 1530 1892 Johannis
1547 1861 1706 1899 Baptistae
1722 1863 1751 1889 et
1774 1858 1805 1888 S.
1825 1856 2002 1895 Augustini
2018 1856 2171 1885 festivita-

1167 1919 1251 1948 tibus
1265 1941 1270 1954 ,
1290 1921 1320 1947 et
1334 1926 1389 1955 per
1404 1920 1471 1946 octo
1487 1915 1553 1944 dies
1571 1917 1756 1952 sequenteS,
1775 1910 1987 1941 visitaverint.

1212 1984 1225 1999 ι
1242 1970 1399 2010 Splendor
1415 1973 1543 2008 paterne
1560 1967 1697 2005 glorie...
1713 1981 1753 1989 —
1769 1965 1839 1994 Dat.
1857 1965 1967 2000 Reate,
1983 1963 2090 1992 idibus
2103 1970 2172 2000 sep-

1170 2025 1301 2056 tembris
1315 2047 1323 2061 ‚
1339 2032 1425 2053 anno
1441 2021 1591 2052 secundo.
1611 2031 1624 2047 n

1209 2079 1248 2108 In
1267 2088 1294 2108 e.
1311 2086 1355 2107 m.
1373 2075 1517 2106 Eandem
1535 2073 1771 2111 indulgentiam
1787 2070 1931 2101 concedit
1947 2070 1991 2099 eis
2007 2069 2062 2108 qui
2078 2067 2174 2098 eccle-

1170 2133 1251 2162 siam
1280 2130 1465 2161 monasterii
1498 2130 1612 2159 Beatae
1640 2127 1761 2156 Mariae
1793 2123 1992 2155 Forestensis
2010 2146 2016 2158 ‚
2052 2121 2175 2152 ordinis

1171 2187 1204 2217 S.
1223 2185 1410 2221 Benedicti,
1431 2181 1660 2213 Ambiauensis
1679 2179 1847 2216 dioecesis,
1870 2178 1903 2207 in
1927 2177 2035 2207 beatae
2056 2175 2174 2204 Mariae

1172 2244 1202 2269 et
1219 2239 1252 2269 S.
1271 2237 1431 2269 Jobannis
1448 2235 1606 2274 Baptistae
1625 2232 1869 2269 festivitatibus,
1896 2236 1926 2260 et
1947 2239 2001 2269 per
2018 2233 2085 2259 octo
2107 2228 2175 2257 dies

1173 2296 1358 2332 sequentes,
1376 2289 1588 2320 visitaverint.

1214 2346 1253 2376 In
1270 2354 1296 2375 e.
1315 2354 1356 2374 m.
1375 2343 1517 2373 Eandem
1533 2340 1770 2378 indulgentiam
1788 2337 1932 2368 concedit
1948 2337 1992 2366 eis
2008 2336 2063 2374 qui
2081 2334 2177 2364 eccle-

1175 2400 1255 2430 siam
1275 2397 1461 2428 monasterii
1479 2395 1587 2426 Sancti
1604 2395 1624 2423 J
1628 2393 1721 2423 udoci
1738 2393 1772 2421 in
1792 2392 1947 2425 Nemore,
1965 2390 2177 2418 Praemostra-

1176 2453 1276 2483 tensis
1291 2450 1426 2487 ordinis,
1443 2447 1673 2479 Ambianensis
1689 2444 1852 2481 dioecesis,
1870 2444 1906 2472 in
1918 2444 2027 2473 beatae
2044 2441 2175 2476 Mariae,

1177 2506 1209 2536 S.
1226 2504 1340 2535 Judoci
1356 2508 1386 2533 et
1399 2503 1432 2533 S.
1450 2500 1625 2539 Augustini
1641 2498 1879 2533 festivitatibus,
1896 2495 2108 2526 visitaverint.

1216 2560 1256 2589 In
1271 2567 1298 2588 e.
1317 2566 1359 2586 m.
1378 2555 1520 2586 Eandem
1534 2553 1770 2591 indulgentiam
1786 2549 1931 2580 concedit
1947 2549 1991 2578 eis
2008 2548 2062 2586 qui
2078 2545 2176 2576 eccle-

1178 2613 1258 2643 siam
1273 2609 1460 2640 monasterii
1475 2607 1582 2638 Sancti
1601 2605 1745 2636 Flaviani
1761 2604 1837 2634 foris
1856 2606 1976 2641 portam
1995 2600 2178 2636 Reatinam,

1178 2665 1302 2697 ordinis
1318 2663 1452 2693 Sanctae
1466 2661 1587 2697 Clarae,
1606 2660 1640 2689 in
1657 2659 1766 2688 beatae
1784 2656 1914 2692 Mariae,
1927 2657 2052 2684 sanctae
2069 2651 2180 2682 Clarae

1180 2724 1211 2749 et
1227 2719 1258 2748 S.
1277 2716 1421 2747 Flaviani
1438 2713 1682 2748 festivitatibus,
1702 2715 1732 2740 et
1754 2719 1808 2748 per
1822 2713 1890 2739 octo
1909 2707 1976 2737 dies
1995 2709 2178 2745 sequentes,

1180 2770 1379 2802 visitaverint
1393 2769 1451 2807 (En
1468 2766 1596 2805 vnarye).

1221 2826 1260 2854 In
1276 2833 1302 2854 e.
1320 2832 1361 2852 m.
1381 2821 1524 2851 Eandem
1536 2817 1771 2855 indulgentiam
1787 2814 1930 2846 concedit
1947 2813 1993 2844 eis
2010 2812 2066 2851 qui
2083 2812 2181 2842 eccle-

1182 2880 1261 2909 siam
1278 2874 1463 2906 monasterii
1475 2872 1581 2903 Sancti
1594 2870 1746 2900 Walerici
1757 2877 1851 2907 supra
1860 2876 1959 2904 mare,
1968 2867 2006 2896 ad
2016 2874 2183 2896 romanam

1183 2930 1348 2962 ecclesiam
1361 2926 1450 2957 nullo
1465 2925 1571 2955 medio
1583 2923 1771 2963 pertinentis
1785 2945 1791 2957 ,
1804 2921 1925 2951 ordinis
1940 2919 1973 2950 S.
1993 2917 2158 2949 Benedicti
2175 2942 2182 2954 ,

1183 2981 1410 3015 Ambianensis
1426 2979 1577 3009 dioecesis
1591 3002 1597 3015 ,
1619 2977 1653 3006 in
1669 2977 1777 3007 beatae
1793 2975 1913 3005 Mariae
1930 2977 1960 3004 et
1975 2973 2007 3004 S.
2026 2970 2181 3002 Waterici

1184 3035 1409 3068 festivitatibus
1421 3058 1427 3071 ,
1444 3031 1655 3062 visitaverint.
