2477 3637
203 372 259 401 449
949 358 1185 391 REGJSTRES
1208 358 1262 388 DE
1285 356 1468 388 NICOLAS
1491 356 1547 386 IV.

574 427 933 461 Salute-Marie-MaJeure,
949 426 965 454 9
985 427 1038 452 mai
1059 426 1133 452 1290.

245 500 280 529 In
303 507 330 528 e.
355 506 396 526 m.
420 495 552 524 eisdem.
580 491 719 521 Eandem
743 489 980 526 indulgentiam
1003 488 1147 518 concedit
1163 489 1208 517 eis

203 554 258 591 qui
285 548 499 581 cathedralem
523 545 690 576 ecclesiam
712 542 956 573 Narbonensem
970 566 977 578 ,
999 542 1033 571 in
1054 542 1205 572 honorem

204 608 311 637 beatae
334 602 452 632 Mariae
468 605 498 629 et
522 602 705 628 sanctorum
724 596 809 626 Justi
831 600 861 625 ct
886 595 1025 625 Pastoris
1044 598 1208 624 construc-

206 665 284 694 tam,
301 658 334 686 in
352 654 489 692 singulis
513 651 698 682 eorumdem
724 654 905 679 sauctorum
932 648 1157 678 festivitatibus
1181 651 1211 676 et

205 721 258 752 per
279 715 347 741 octo
371 709 437 738 dies
461 709 630 745 sequentes
649 703 860 733 visitaverint.
884 703 955 733 Dat.
975 702 1109 737 Romae,
1127 700 1211 740 apud

205 766 352 796 Sanctam
371 761 505 791 Mariam
523 759 689 797 Major-em,
707 766 750 787 vn
770 756 842 786 idus
862 755 950 791 maii,
969 763 1054 785 auno
1072 754 1174 785 tertio.

559 837 920 870 Salute-Marie-Majeure,
938 837 951 862 7
969 844 1046 862 mars
1063 835 1140 862 1290.

247 909 283 939 ln
301 917 328 938 e.
354 916 397 936 m.
421 905 553 935 eisdem.
580 901 722 932 Eandem
744 899 981 937 indulgentiam
999 897 1147 928 concedit
1169 897 1214 927 eis

208 964 262 1003 qui
283 961 449 992 ecclesiam
474 958 631 997 prioratus
652 955 759 985 Sancti
784 952 949 983 Michaelis
971 952 1010 982 de
1032 952 1141 981 Monte
1158 951 1214 981 Ja-

209 1024 377 1050 nuensem,
391 1012 514 1043 ordinis
532 1011 564 1041 S.
583 1008 769 1047 Augustini,
783 1007 821 1037 ad
837 1016 933 1046 quam
951 1007 982 1036 in
1002 1006 1098 1044 hujus
1115 1005 1214 1034 sancti

209 1076 239 1101 et
251 1070 334 1100 beati
350 1068 493 1097 Tliomae
508 1063 661 1103 martyris
678 1061 902 1092 festivitatibus
914 1059 1092 1098 etsingulis
1104 1059 1216 1088 diebus

208 1124 305 1154 lunae
322 1129 439 1158 magna
456 1118 600 1149 fidelium
620 1115 794 1146 multitudo
810 1114 971 1144 confluere
987 1112 1163 1147 consuevit,
1181 1111 1216 1140 in

208 1174 434 1208 festivitatibus
453 1172 573 1201 eisdem
590 1175 620 1201 et
637 1178 737 1208 usqne
762 1168 801 1198 ad
818 1171 885 1198 octo
901 1167 968 1196 dies
983 1166 1109 1196 easdem
1129 1165 1216 1195 sesti-

209 1231 322 1260 vitates
341 1226 526 1258 immediate
546 1227 716 1263 sequentes
737 1221 959 1257 visitaverint;
982 1220 1048 1250 illis
1067 1227 1141 1249 vero
1161 1218 1217 1258 qui

210 1285 294 1314 hanc
312 1281 479 1313 ecclesiam
501 1277 640 1316 singulis
658 1276 772 1306 diebus
797 1275 895 1305 lunae
917 1273 1117 1304 visitaverint
1139 1281 1217 1311 qua-

210 1337 357 1375 draginta
374 1335 512 1365 dierum.
536 1332 609 1361 Dat.
636 1332 776 1365 Romae,
793 1334 828 1358 ut
848 1337 960 1367 supra,
978 1327 1073 1357 nonis
1092 1325 1217 1363 martii,

211 1400 296 1422 anno
316 1390 418 1420 tertio.

583 1464 948 1499 Sainte-Marie-Majeure‚
965 1464 980 1490 5
996 1463 1052 1490 mai
1069 1462 1146 1490 1290.

251 1537 288 1566 In
307 1544 334 1564 e.
353 1543 395 1563 m.
423 1532 556 1562 eisdem.
584 1529 728 1559 Eandem
752 1526 990 1565 indulgentiam
1015 1525 1159 1555 concedit
1175 1525 1221 1555 eis

213 1590 268 1630 qui
285 1587 450 1619 ecclesiam
480 1608 498 1615 ..
526 1583 640 1623 prioris
661 1586 691 1612 et
715 1582 848 1611 fratrum
869 1580 992 1610 ordinis
1016 1580 1132 1609 Beatae
1152 1579 1221 1608 Ma-

214 1643 280 1673 riae
305 1641 342 1671 de
368 1641 475 1669 Monte
493 1635 632 1668 Carmeli
651 1634 814 1669 pisanam,
839 1633 873 1662 in
897 1633 1006 1663 beatae
1026 1633 1146 1662 Mariae
1164 1632 1221 1662 ho-

216 1704 326 1726 norem
343 1697 556 1724 constructam
568 1714 576 1727 ,
589 1691 622 1719 iu
640 1689 782 1728 ejusdem
799 1687 934 1726 virginis
952 1685 1178 1716 festivitatibus
1194 1689 1224 1715 et

217 1758 271 1789 per
289 1752 358 1779 octo
380 1746 449 1776 dies
468 1744 654 1775 festivitates
676 1744 760 1782 ipsas
781 1741 967 1771 immediate
982 1744 1152 1779 sequentes
1177 1739 1225 1769 vi-

215 1802 391 1833 sitaverint.

259 1868 271 1882 «
288 1855 387 1892 Virga
405 1852 632 1882 venustissima
647 1854 716 1881 et...
729 1866 768 1872 —
783 1849 854 1878 Dat.
873 1849 986 1883 Rome,
1006 1852 1040 1877 ut
1055 1856 1168 1886 supra,
1191 1856 1225 1876 111

219 1918 320 1939 nouas
337 1907 426 1943 maii,
446 1914 532 1936 anno
555 1904 658 1934 tertio.
681 1915 694 1930 n

258 1963 295 1993 In
323 1971 350 1991 e.
380 1970 422 1990 m.
453 1968 507 1999 pro
538 1958 671 1988 ecclesia
700 1980 720 1987 ..
751 1956 865 1996 prioris
889 1959 919 1985 et
944 1955 1078 1984 fratrum
1104 1954 1226 1984 ordinis

220 2018 335 2047 Beatae
358 2013 479 2043 Mariae
500 2012 538 2042 de
562 2012 671 2041 Monte
697 2009 837 2040 Carmeli
861 2008 1048 2038 Florentina
1069 2007 1225 2047 (Pomm,

219 2067 340 2107 2325‘2).

260 2123 296 2153 lu
325 2131 352 2152 e.
384 2130 427 2150 m.
454 2128 509 2158 pro
539 2118 672 2149 ecclesia
702 2140 722 2147 ..
755 2116 868 2156 prioris
893 2120 923 2145 et
945 2115 1078 2145 fratrum
1105 2114 1228 2145 ordinis

223 2178 336 2207 Beatae
354 2174 475 2204 Mariae
493 2174 531 2202 de
551 2173 659 2202 Monte
677 2170 817 2201 Carmeli
835 2170 973 2199 Lucana.

261 2231 298 2261 In
311 2238 338 2259 e.
353 2238 395 2258 m.
411 2236 467 2267 pro
479 2226 613 2257 ecclesia
624 2249 644 2256 ..
660 2225 775 2263 prioris
787 2228 817 2254 et
829 2223 964 2253 fratrum
977 2222 1100 2253 ordinis
1113 2222 1229 2252 Beatae

222 2283 342 2315 Mariae
363 2282 402 2312 de
419 2282 526 2311 Monte
544 2278 684 2309 Carmeli
701 2277 909 2307 viterbiensi.

261 2337 299 2367 In
326 2346 355 2366 e.
386 2344 430 2364 m.
460 2342 514 2373 pro
539 2332 671 2362 ecclesia
701 2354 721 2361 ..
750 2331 865 2370 prioris
895 2334 925 2359 et
948 2330 1082 2359 fratrum
1107 2328 1230 2358 ordinis

224 2391 338 2421 Beatae
357 2382 476 2419 Mariae
496 2387 535 2417 de
562 2386 669 2416 Monte
687 2384 826 2415 Carmeli
850 2383 1048 2414 Bononiensi
1067 2383 1205 2422 (POT'rn.
1223 2406 1229 2419 ,

224 2442 346 2482 23263).

263 2497 302 2527 In
315 2505 341 2526 e.
357 2504 401 2526 m.
417 2503 472 2534 pro
484 2493 616 2524 ecclesia
628 2492 775 2531 ..prioris
789 2495 819 2521 et
832 2491 966 2520 fratrum
978 2489 1101 2520 ordinis
1117 2490 1232 2519 Beatae

225 2551 346 2581 Mariae
362 2549 401 2580 de
420 2549 528 2579 Monte
543 2545 682 2577 Carmeli
706 2544 952 2575 Mediolanensi.

296 2723 411 2751 264⁸?

264 2785 414 2812 Absolutio
429 2784 464 2811 ab
477 2782 784 2810 excommunicationis
800 2781 951 2808 sententia.
966 2780 1050 2814 (Rae.
1067 2779 1112 2811 45,
1129 2787 1155 2806 c.
1173 2778 1233 2812 149,

227 2835 246 2861 f.
264 2835 296 2861 ²25
313 2835 365 2866 vo.)

576 2718 946 2752 Sainte-Marie—Majeure,
964 2717 993 2743 11
1011 2717 1066 2743 mai
1084 2715 1161 2742 1289.

271 2936 398 2972 opizoni
416 2936 449 2964 de
463 2936 669 2972 strillaporcss
685 2957 691 2967 ,
709 2934 845 2969 diacono,
863 2931 1005 2962 canonico
1025 2931 1213 2968 Tripolitano
1225 2951 1234 2966 ‚

231 2989 384 3026 capellano
404 2993 514 3017 nostro.
537 2989 626 3023 llum,
644 2987 712 3026 qui,
731 2986 868 3016 furiosus
892 2985 1021 3015 effectus
1037 3008 1043 3021 ‚
1062 2983 1235 3023 quemdam

233 3042 470 3081 presbyterum,
495 3041 686 3070 familiarem
708 3049 818 3076 suum,
834 3039 868 3068 in
894 3037 1004 3068 mortis
1028 3036 1166 3067 articulo
1184 3037 1234 3075 ja-

1291 428 1427 458 centem,
1446 421 1591 452 martello
1617 422 1718 451 ferreo
1741 420 1895 459 percussit
1919 423 1949 450 et
1974 420 2111 458 occidit,
2138 420 2193 450 sed
2215 427 2301 450 nuuc

1291 476 1420 507 sanitati
1436 476 1602 506 restitutus
1615 479 1672 511 est,
1689 474 1729 504 ab
1744 473 2085 510 excommunicatione,
2101 474 2127 504 si
2145 473 2205 504 hoc
2220 473 2300 505 racto

1292 540 1361 561 eam
1377 529 1562 567 incurrerit,
1577 527 1713 559 absolvit
1729 528 1821 567 eique
1838 526 1987 565 indulget
2003 531 2037 557 ut
2053 527 2209 557 beneficia
2221 535 2302 566 quae

1292 583 1414 614 obtinet
1430 582 1516 612 licite
1532 581 1672 612 retinere
1687 581 1805 619 possit,
1823 584 1852 610 et
1870 589 1945 610 cum
1964 589 2000 610 eo
2022 579 2186 619 dispensat
2207 589 2302 619 super

1293 635 1529 674 irregularitate
1543 634 1680 673 siquam
1697 632 2095 669 contraxerit3dummodo
2111 641 2169 662 nec
2185 632 2219 662 in
2234 641 2302 662 sus·
2347 647 2354 649 -

1293 690 1392 729 ceptis
1402 689 1571 720 ordinibus
1588 687 1757 723 ministret,
1769 695 1827 716 nec
1839 686 1878 716 ad
1895 686 2107 716 sacerdotium
2124 685 2304 725 promoveri
2335 691 2337 694 '

1293 753 1327 774 se
1343 743 1447 773 faciat.

1337 808 1350 823 ιι
1376 796 1492 826 Petilio
1517 799 1570 824 tua
1596 794 1724 824 nobis...
1744 808 1785 816 —
1806 792 1878 822 Dat.
1911 793 2022 829 Rome,
2044 791 2128 832 apud
2154 791 2303 822 Sanctam
2340 804 2345 805 ⁷

1297 851 1430 880 Mariam
1449 849 1616 888 Majorem.
1635 857 1654 877 v
1669 847 1741 877 idus
1756 847 1845 881 maii,
1863 854 1950 877 anno
1965 846 2068 876 tertio.
2087 857 2102 872 υ

1369 1029 1486 1060 2648

1334 1092 1519 1128 Dispensatio
1549 1099 1637 1126 super
1666 1090 1781 1117 defectu
1812 1089 1958 1116 natalium.
1989 1087 2073 1121 (Rau.
2103 1088 2152 1121 45,
2182 1095 2209 1114 c.
2239 1087 2306 1122 150,
2327 1077 2333 1085 ⁹

1299 1142 1317 1168 f.
1334 1141 1368 1168 25
1384 1141 1436 1175 vo.)

1673 1025 2032 1061 Sainte-Marie-Majeure,
2052 1026 2066 1052 7
2084 1025 2141 1052 mai
2157 1024 2235 1052 1290.

1341 1244 1426 1272 Petro
1443 1243 1518 1281 Lupi
1534 1243 1568 1272 de
1589 1243 1750 1281 Valtierra,
1764 1241 1948 1279 presbytero,
1963 1241 2108 1269 canonico
2120 1239 2237 1269 ecclesie
2255 1239 2311 1269 Tu-
2338 1279 2340 1282 Ι
2383 1227 2394 1259 .‘

1302 1297 1410 1332 telane,
1430 1296 1638 1326 Tirasonensis
1656 1296 1791 1330 diocesis,
1812 1302 1964 1332 quocum,
1982 1298 2058 1323 tunc
2078 1293 2113 1322 in
2129 1291 2310 1323 minoribus

1300 1349 1468 1379 ordinibus
1490 1348 1676 1384 constituto,
1701 1347 1779 1378 olim
1804 1347 2025 1386 dispensatum
2044 1349 2155 1381 estut,
2171 1353 2236 1376 non
2255 1344 2310 1376 oh-

1303 1407 1406 1432 stante
1422 1402 1545 1432 defectu
1564 1387 1719 1431 natalium
1740 1410 1835 1440 quem
1856 1400 1995 1439 patitur,
2015 1408 2032 1429 e
2054 1398 2156 1430 soluto
2183 1398 2311 1442 genitus
2335 1424 2337 1426 .

1303 1460 1333 1486 et
1348 1455 1462 1492 soluta,
1479 1455 1518 1485 ad
1534 1464 1646 1486 omnes
1662 1455 1792 1485 ordines
1810 1453 1990 1493 promoveri
2007 1456 2037 1483 et
2052 1452 2244 1483 beneficium
2261 1460 2311 1483 ec-

1302 1509 1528 1545 clesiasticum,
1544 1509 1613 1538 siue
1624 1517 1710 1543 cura,
1725 1508 1869 1538 obtinere
1882 1512 1996 1546 posset,
2009 1505 2183 1542 rursus,ad
2194 1504 2312 1544 suppli·
2331 1523 2334 1526 -

1303 1564 1443 1594 cationes
1465 1563 1521 1599 P.,
1550 1561 1777 1592 Tirasonensis
1801 1561 1953 1600 episcopi,
1980 1560 2127 1599 indulget
2152 1563 2186 1589 ut
2211 1557 2311 1590 eccle-

1304 1617 1467 1647 siasticum
1484 1615 1696 1652 beneficium,
1714 1614 1811 1645 etiam
1828 1615 1854 1643 si
1870 1623 1979 1644 curam
1996 1613 2112 1644 habeat
2129 1613 2324 1643 animarum*

1305 1674 1335 1700 et
1351 1670 1491 1708 dignitas
1507 1678 1562 1699 seu
1579 1672 1766 1707 personatus
1780 1668 1832 1704 sit,
1849 1668 1989 1706 recipere
2007 1666 2130 1704 valeat,
2148 1666 2192 1696 ita
2209 1670 2315 1697 tamen

1305 1723 1389 1763 quod
1421 1722 1631 1762 episcopalem
1652 1721 1843 1760 dignitatem
1870 1722 1941 1751 sine
1970 1720 2100 1760 speciali
2126 1719 2316 1760 apostolicae
2335 1715 2339 1720 ’
2388 1745 2391 1758 ,

1306 1777 1391 1807 sedis
1406 1776 1538 1806 licentia
1556 1784 1620 1806 uon
1642 1775 1784 1814 recipiat.

1381 2069 1497 2100 2⁶49

1345 2132 1388 2158 Ne
1404 2132 1561 2167 capitulum
1578 2131 1774 2165 Lugdunense
1789 2133 1888 2157 contra
1904 2129 2154 2165 archiepiscopum
2171 2137 2258 2156 suum
2269 2135 2329 2163 cn}

1311 2182 1428 2208 uonicas
1445 2180 1604 2208 sententias
1623 2179 1750 2214 proferre
1771 2178 1873 2214 possit.
1894 2178 1973 2209 (Rau.
1993 2178 2042 2211 45,
2059 2186 2085 2205 c.
2103 2178 2169 2212 151,
2185 2177 2205 2204 f.
2220 2177 2255 2206 25
2270 2177 2327 2211 ναξ.

1310 2231 1377 2258 Lar.
1395 2239 1429 2257 nu
1444 2229 1543 2263 Tum,
1561 2228 1612 2260 111,
1632 2228 1705 2261 113.)
2325 2230 2328 2235 ·

1669 2067 2033 2101 Sainte-Marie—MaJ'eure,
2048 2067 2080 2094 15
2097 2066 2153 2093 mai
2168 2065 2247 2094 1290.

1349 1843 1362 1857 ιι
1396 1829 1568 1868 Illegitime
1600 1829 1723 1867 genitos
1751 1836 1868 1867 quos...
1900 1844 1937 1850 -
1970 1828 2041 1858 Dat.
2075 1827 2179 1858 Rome
2192 1850 2199 1863 ,
2233 1825 2320 1866 apud.

1308 1884 1458 1914 Sanctam
1476 1882 1613 1912 Mariam
1632 1877 1799 1920 Majorem,
1819 1881 1912 1911 nonis
1929 1881 2018 1917 maii,
2038 1888 2124 1911 anno
2139 1879 2241 1911 tertio.
2260 1890 2276 1907 η
2322 1869 2328 1886 ’
2386 1871 2403 2196 ἒ

1352 2340 1493 2375 Beralclo,
1514 2339 1736 2376 archiepiscopo
1759 2338 1965 2376 Luydunensi.
1992 2349 2005 2364 u
2029 2337 2169 2368 Grandis
2190 2338 2310 2370 affectu
2391 2347 2395 2356 ¹

1312 2403 1408 2432 quem
1424 2392 1463 2422 ad
1481 2400 1650 2431 personam
1666 2395 1754 2421 tuam
1771 2392 1915 2429 gerimus
1939 2391 2054 2422 merito
2070 2400 2128 2423 nos
2149 2391 2272 2423 inducit
2285 2379 2325 2422 η’

1315 2453 1343 2477 te
1358 2446 1414 2476 illa
1428 2453 1658 2486 prosequamur
1674 2444 1776 2483 gratia
1791 2454 1845 2483 per
1860 2453 1957 2483 quam
1973 2445 2030 2475 tihi
2047 2448 2077 2475 et
2091 2445 2225 2476 ecclesie
2239 2434 2322 2488 LuJ'

1313 2499 1454 2531 dunensi
1465 2499 1597 2538 ejusque
1612 2498 1756 2537 personis
1772 2501 1872 2529 status
1888 2498 2040 2537 pacificus
2055 2503 2250 2539 procuretur.
2263 2490 2320 2530 In}
2397 2525 2401 2531 ,

1315 2553 1438 2583 tellecto
1457 2551 1616 2591 siquidem
1635 2551 1757 2581 dudum
1775 2550 1862 2590 quod
1880 2551 2044 2588 nonnulli,
2062 2560 2119 2582 sue
2134 2551 2245 2582 salutis
2261 2551 2326 2582 ιη’
2367 2571 2370 2573 Δ
2394 2549 2398 2555 ’

1314 2613 1484 2642 memores,
1510 2604 1544 2634 in
1569 2613 1625 2634 sue
1648 2603 1770 2634 malitie
1792 2604 1978 2640 cumulum,
2003 2613 2040 2634 ac
2063 2604 2160 2635 etiam
2182 2603 2271 2644 pleri·
2288 2617 2293 2629 ν
2308 2599 2341 2644 ,5²
2378 2622 2381 2641 :

1314 2657 1468 2689 officiales
1483 2657 1562 2695 regii
1578 2681 1584 2694 ,
1604 2658 1774 2687 commisse
1790 2657 1850 2687 sibi
1863 2657 2103 2696 jurisdictionis
2121 2657 2239 2689 finibus
2254 2665 2319 2688 no·
2382 2642 2387 2652 '

1315 2711 1467 2748 contenti,
1485 2710 1615 2740 dilectos
1631 2710 1712 2740 filios
1731 2734 1751 2739 ..
1769 2710 1927 2740 decanum
1942 2715 1972 2740 et
1987 2710 2163 2750 capitulum
2177 2719 2214 2742 ac
2227 2710 2337 2752 benef·

1316 2766 1438 2796 ficiatos
1454 2764 1597 2803 ejusdem
1618 2763 1752 2794 ecclesie
1768 2772 1805 2794 ac
1821 2764 1987 2794 ecclesiam
2004 2765 2105 2804 ipsam
2125 2765 2160 2795 in
2180 2771 2325 2805 perso·

1316 2825 1346 2850 et
1368 2819 1460 2849 bonis
1484 2818 1661 2857 acjuribus
1683 2818 1750 2847 suis
1775 2817 1996 2857 multipliciter
2018 2817 2242 2854 molestabant,
2264 2825 2296 2848 n·

1317 2873 1436 2904 eisdem
1453 2871 1573 2901 decano
1589 2876 1619 2901 et
1634 2871 1774 2910 capitulo
1798 2880 1854 2911 per
1876 2871 1997 2902 litteras
2022 2876 2144 2902 nostras
2163 2871 2222 2903 sub
2237 2866 2319 2902 θεῖ’
2343 2891 2349 2894 -
2390 2892 2396 2901 .

1315 2927 1419 2957 forma
1434 2925 1651 2955 concessimus
1666 2930 1702 2955 ut
1718 2929 1829 2955 contra
1845 2924 2063 2956 molestatores
2075 2949 2082 2963 ,
2102 2925 2274 2956 turbatores
2289 2929 2337 2961 οξ
2366 2919 2370 2923 ’
2388 2938 2401 2964 3v

1316 2979 1521 3019 impeditores
1532 2978 1700 3017 quoslibet,
1717 2980 1948 3018 cujuscumque
1959 2978 2202 3018 preeminentie,
2218 2976 2348 3019 digni-4
2400 2968 2401 2974 ¹

1319 3033 1406 3070 tatis,
1429 3031 1624 3063 conditionis
1649 3036 1704 3062 aut
1731 3035 1831 3062 status
1855 3032 2043 3068 existerent,
2071 3031 2118 3062 uti
2138 3029 2354 3062 auctoritate*
