2342 3652
864 365 1091 406 DEUXIEME
1113 365 1272 405 ANNEE.
1483 368 1486 370 ’
2058 380 2113 410 153

25 455 40 470 ι
64 450 136 472 cum
151 439 314 475 cautione,
332 443 367 469 ut
381 439 552 469 missarum
576 440 621 470 eis
642 440 833 479 sollempnia
849 440 1025 478 celebrent,

26 505 42 523 n
65 493 178 534 quibus
194 492 303 530 utique
318 492 494 529 celebrate,
509 493 599 530 juxta
613 493 749 523 formam
769 493 924 523 cautionis
940 503 1027 531 pres-

27 559 42 575 υ
63 547 168 582 fitam,
189 545 386 575 reducuntur
409 545 443 574 in
468 545 636 583 pristinam
662 546 842 584 captionem
865 546 920 585 (1).
946 546 1026 575 Res·

26 613 42 630 n
62 600 203 641 pondent
225 604 441 638 procuratores
468 601 634 630 memorati
656 601 740 639 quod
765 601 851 630 idem
875 610 929 630 rex
954 601 1027 630 talia

27 666 44 683 ι
63 662 228 692 nunquam
245 653 334 689 fecit,
352 661 410 682 nec
427 658 565 692 tempore
580 662 636 683 suo
648 654 727 683 facta
743 653 887 689 fuerunt,
905 657 935 682 et
954 662 1025 692 pro-

26 719 42 737 ι
63 706 193 738 mittunt
208 706 292 744 quod
312 714 374 735 non
396 706 491 735 faciet
506 706 541 734 in
564 706 726 745 futurum,
744 710 772 735 et
791 706 896 744 quod,
922 707 948 736 si
964 706 1028 736 ali-

27 771 43 788 »
65 759 191 799 quaudo
207 767 339 797 persona
361 759 570 788 ecclesiastica
590 759 684 788 etiam
702 768 737 788 ex
756 767 850 788 causa
872 764 960 798 capta
982 759 1028 798 (2)

27 824 43 842 ι
63 812 170 848 fuerit,
187 812 370 841 restituetur
387 811 504 850 prelato
520 820 587 847 suo,
602 811 638 840 ad
656 811 898 850 requisitionem
914 811 1025 850 ipsiuS,

27 877 44 895 n
65 869 96 896 et
115 865 142 894 si
163 864 319 903 injuriose
341 865 482 902 capiatur
501 864 685 901 hujusmodi
711 873 845 902 persona
865 864 915 894 vel
938 870 1027 903 capt-a

28 931 45 948 n
63 918 157 950 fuerit
174 918 346 953 hactenus,
365 918 488 956 justitie
513 917 780 955 complementum
799 920 1026 956 conquerenti-

29 985 43 999 n
63 971 123 1002 bus
148 970 326 1007 exhibebit,
356 970 502 1000 faciendo
519 970 665 999 satisfieri
680 971 718 1000 de
743 971 893 1009 dampnis
919 978 949 1001 et
975 973 1025 1001 in-

0 1045 1 1051 ,
28 1037 44 1054 ι
62 1023 171 1064 juriiS,
192 1027 223 1052 et
236 1023 400 1061 puniendo
415 1021 592 1061 capientes,
612 1028 702 1061 prout
720 1023 839 1053 fuerint
856 1025 1023 1063 puniendi.

65 1088 82 1106 ι)
103 1076 239 1114 Quintus
253 1076 396 1106 decimus
412 1076 564 1106 articulus
580 1081 627 1105 est
644 1089 650 1106 ε
669 1077 749 1106 Item
766 1078 849 1116 quod
873 1087 945 1117 sepe
964 1080 1026 1109 mi-

27 1141 44 1160 »
62 1133 156 1161 natur
169 1129 403 1168 archiepiscopo
420 1133 450 1158 et
465 1129 617 1169 episcopis
634 1134 779 1167 mortem,
795 1132 1026 1171 etquaudoque

27 1194 44 1213 n
63 1187 207 1223 procurat
225 1187 256 1211 et
275 1182 349 1212 facit
363 1190 416 1212 eos
432 1182 571 1212 inclusos
594 1182 628 1211 in
645 1182 804 1221 ecclesiis,
822 1186 1026 1216 monasteriis

27 1247 44 1264 n
64 1239 94 1266 et
107 1235 186 1266 alibi
199 1235 354 1270 detineri,
373 1234 568 1271 Sarracenis,
583 1235 690 1273 judeis
706 1240 736 1265 et
753 1236 827 1266 aliis
844 1238 908 1267 suis
929 1247 1026 1277 appa-

26 1290 48 1317 »³
62 1288 229 1324 litoribus,
247 1288 424 1326 pretoribus
440 1292 470 1317 et
485 1288 641 1327 meyrinis
657 1288 700 1329 (3)
711 1289 750 1318 ad
766 1289 1026 1321 interficiendum

26 1333 115 1372 ‘'eos
129 1340 279 1370 adhibitis
295 1340 546 1379 circumquaque
560 1352 566 1377 3
587 1341 662 1371 facit
682 1343 777 1372 etiam
795 1345 953 1381 amputari
969 1354 1026 1374 au-

28 1405 43 1422 ι
62 1392 178 1424 riculas
201 1393 397 1423 servientum
425 1394 659 1432 episcoporum,
685 1400 714 1424 et
735 1396 926 1435 quandoque
948 1397 1026 1427 alios

27 1435 130 1491 isseapi
147 1451 177 1476 et
195 1446 272 1476 alios
290 1446 426 1476 interfici
444 1455 549 1476 coram
568 1447 626 1477 eis.
654 1448 859 1487 Respondent
877 1459 1026 1488 procura-

28 1512 43 1529 »
62 1503 144 1531 tores
162 1500 310 1539 sepedicti
333 1500 416 1540 quod
437 1500 522 1530 idem
540 1510 591 1531 rex
614 1501 689 1531 talia
707 1511 873 1541 nunqnam
890 1505 975 1539 fecit,
997 1509 1027 1535 et

26 1565 43 1582 n
62 1553 250 1594 promittunt
264 1554 348 1592 quod
363 1555 430 1592 ipse
448 1563 512 1584 non
528 1555 621 1585 faciet
637 1555 671 1585 in
689 1556 844 1588 futurum.

64 1618 79 1636 ι
100 1606 211 1637 Sextus
226 1607 369 1638 decimus
390 1607 544 1638 articulus
559 1612 606 1638 est
624 1621 629 1637 ε
647 1609 728 1639 Item
746 1610 831 1648 quod
848 1611 922 1640 facit
941 1612 1026 1650 ipsos

27 1670 43 1688 n
63 1660 270 1703 episcopos,in
282 1660 443 1699 aliquibus
457 1661 598 1691 obsideri
611 1661 688 1692 locis
702 1672 756 1701 per
773 1663 923 1694 vassallos
940 1674 1025 1703 suos,

27 1725 44 1741 ι
64 1713 188 1744 eosdem
203 1722 275 1753 sepe
291 1723 327 1744 ac
346 1715 473 1753 publice
491 1715 724 1754 dehonestans,
749 1721 779 1746 et
798 1719 1027 1749 contumeliosa

28 1777 44 1794 a
60 1759 158 1797 'verba
180 1767 341 1805 proferens
366 1772 474 1797 contra
501 1777 572 1805 005,
602 1773 632 1798 et
657 1769 716 1799 hoc
738 1769 825 1800 idem
851 1773 1027 1803 temeritate

29 1831 44 1848 ι
67 1819 191 1860 propria
214 1820 349 1851 barones
377 1822 427 1851 sui
454 1822 576 1851 faciunt
603 1827 633 1852 et
658 1823 796 1853 vassalli.
824 1824 1029 1863 Respondent

27 1883 44 1900 n
62 1877 274 1917 procuratores
292 1875 426 1913 predicti
443 1876 527 1913 quod
543 1875 630 1905 idem
652 1885 707 1906 rex
730 1885 794 1907 non
811 1877 884 1907 fecit
904 1878 1027 1918 aliquid

28 1937 43 1954 ι
63 1925 102 1957 de
118 1927 274 1957 contentis
287 1928 322 1957 in
337 1928 486 1965 articulo,
506 1933 536 1958 et
553 1929 743 1968 promittunt
763 1931 847 1969 quod
870 1931 938 1970 ipse
960 1941 1026 1963 non

27 1991 42 2008 ι
61 1978 152 2010 faciet
163 1981 198 2010 in
212 1981 371 2017 futurum,
382 1986 412 2011 et
424 1982 509 2020 quod
520 1983 717 2012 contrarium
732 1983 885 2014 facientes
902 1986 1023 2024 puniet,

27 2043 42 2060 n
61 2036 151 2072 prout
164 2033 284 2064 fuerint
298 2035 467 2074 puniendi.

65 2097 79 2114 n
100 2085 260 2126 Septimus
282 2087 426 2118 decimus
449 2088 602 2118 articulus
625 2094 672 2118 est
695 2102 701 2118 :
730 2090 811 2119 Item
832 2091 916 2129 quod
938 2091 1025 2121 idem

28 2150 42 2167 n
62 2147 115 2170 rex
131 2148 168 2170 ac
188 2140 252 2177 sui,
279 2144 342 2170 tam
364 2141 498 2170 barones
518 2150 615 2180 quam
637 2141 692 2171 alii
714 2142 851 2178 milites,
871 2144 974 2174 verbis
995 2149 1026 2174 et

27 2202 42 2220 a
62 2191 161 2230 factis,
186 2202 240 2232 pro
265 2194 316 2223 sui
344 2199 447 2224 motus
475 2194 582 2231 libito7
608 2195 819 2226 dehonestant
844 2197 1022 2235 religiosos,

27 2256 43 2274 n
62 2245 191 2277 clericos
207 2251 237 2277 et
251 2256 434 2283 conversos,
453 2253 482 2278 et
499 2249 690 2288 quaudoque
709 2249 832 2289 aliquos
849 2260 885 2280 ex
904 2252 1024 2281 eisdem

27 2309 43 2326 n
62 2298 182 2333 iaciunt
198 2309 303 2330 coram
319 2310 352 2331 se
367 2301 523 2331 denudari
543 2302 681 2332 totaliter
700 2304 834 2342 propriis
849 2304 1024 2334 indumen-

27 2361 43 2378 »
65 2351 119 2390 fis,
140 2353 174 2382 in
197 2361 292 2391 grave
313 2354 504 2392 vituperium
528 2355 713 2385 eorumdem
737 2361 767 2385 et
789 2357 884 2386 totius
900 2357 1023 2387 ordinis

27 2414 44 2432 1»
63 2403 226 2437 clericalis.
244 2406 448 2445 Respondent
463 2413 679 2445 procuratores
693 2409 827 2447 predicti
840 2409 924 2448 quod
937 2410 1024 2440 idem

28 2455 116 2488 ›v’rex
130 2466 195 2489 non
210 2459 284 2489 fecit
301 2459 423 2498 aliquid
444 2460 482 2489 de
500 2461 657 2491 contentis
674 2461 709 2490 in
729 2462 879 2501 articulo,
902 2467 931 2493 et
951 2472 1024 2502 pro-

29 2521 44 2538 ·
64 2511 192 2542 mittunt
212 2513 296 2552 quod
317 2513 387 2551 ipse
408 2522 472 2543 non
489 2514 580 2544 faciet
598 2514 633 2543 in
648 2515 809 2553 futurum,
827 2521 857 2545 et
878 2517 980 2555 quod,
997 2518 1024 2547 si

29 2574 44 2591 ι»
63 2573 118 2604 per
134 2564 267 2596 barones
287 2565 336 2595 vel
354 2565 433 2596 alios
448 2567 482 2596 in
498 2575 597 2605 regno
617 2576 674 2598 suo
697 2568 814 2598 factum
831 2569 893 2599 fuit
915 2570 1023 2600 hacte-

29 2627 44 2644 »
64 2626 136 2655 nus,
162 2619 214 2652 vel.
239 2619 337 2649 fuerit
358 2620 391 2648 in
417 2619 578 2658 futurum,
604 2621 730 2659 justitie
751 2623 1023 2661 complementum

29 2681 43 2698 ³
63 2672 330 2711 conquerentibus
367 2673 550 2710 exhibebit,
581 2674 620 2704 de
651 2675 799 2714 dampnis
831 2681 861 2705 et
893 2677 1024 2715 injuriis

29 2734 43 2750 ι
65 2724 212 2756 satisfieri
231 2725 392 2762 faciendo,
409 2730 438 2755 et
455 2727 618 2764 puniendo
640 2729 836 2759 contrarium
852 2730 1022 2768 facientes,

29 2787 43 2804 ι
64 2777 144 2808 sicut
156 2778 276 2808 fuerint
290 2779 458 2817 puniendi.

66 2842 80 2858 a
102 2829 237 2862 Octavus
252 2832 394 2862 decimus
411 2832 563 2863 articulus
583 2838 629 2863 est
650 2843 657 2864 τ
682 2835 763 2865 Item
782 2836 865 2874 quod
882 2837 955 2867 facit
970 2837 1023 2867 in-

57 2955 91 2988 (1)
103 2958 152 2981 Ms.
169 2966 177 2981 ε
192 2958 356 2982 cautionem.

57 2999 90 3031 (2)
102 3002 152 3025 Hs.
169 3010 177 3025 :
191 3001 271 3026 facta.

58 3043 91 3076 (³)
104 3047 153 3070 Ms.
170 3055 178 3069 :
192 3047 331 3077 meytinis.

162 3100 236 3128 Rae.
255 3101 378 3129 Nicoms
396 3101 449 3128 IV.

1110 452 1123 467 n
1148 442 1338 479 quisitiones
1358 453 1412 482 per
1438 448 1538 474 totum
1553 452 1688 482 regnum
1711 453 1765 482 per
1783 444 1930 473 homines
1951 445 2113 483 proprios,

1110 505 1124 520 »
1148 494 1181 522 in
1210 484 1417 525 edclesiaruni
1446 501 1508 526 tam
1535 496 1765 526 cathedralium
1791 505 1887 534 quam
1912 496 2049 526 aliarum
2077 498 2115 527 de

1111 558 1124 573 τι
1150 556 1249 584 regno
1264 548 1332 586 ipso
1350 549 1577 587 prejudicium,
1595 558 1689 588 super
1704 549 1958 588 possessionibus
1973 555 2003 579 et
2020 551 2114 580 eccle-

1112 610 1125 625 »
1150 600 1269 629 siarum
1297 602 1515 639 pati-onatilius
1544 602 1629 634 fieri.
1659 603 1801 640 patronis
1833 602 2039 633 ecclesiarum
2066 604 2116 633 vel

1112 664 1125 678 ι)
1150 655 1384 691 possessionum
1402 656 1541 685 dominis
1563 655 1784 685 ecclesiasticis
1808 664 1870 685 non
1893 657 2026 692 vocatis,
2045 661 2074 686 et
2089 657 2115 685 si

1111 718 1124 732 n
1149 715 1204 744 per
1228 707 1321 736 talem
1345 709 1588 746 inquisitionem
1608 708 1753 738 illicitam
1777 713 1805 738 et
1827 709 1971 748 iniquam
1989 710 2115 739 invenit

1111 771 1124 786 ιι
1149 760 1231 797 quod
1246 761 1298 798 jus
1316 765 1500 798 patronatus
1516 761 1652 800 alicujus
1669 761 1800 791 ecclesie
1820 762 1869 791 rel
1889 763 2042 801 possessio
2058 763 2115 792 ali-

1110 823 1124 838 »
1149 821 1211 850 qna
1227 818 1343 850 spectet
1359 813 1398 842 ad
1416 813 1521 851 ipsum
1536 838 1541 849 ,
1559 814 1632 843 ilico
1649 814 1721 843 facit
1737 815 1845 844 omnia
1860 817 2024 853 occupari,
2042 816 2116 846 licet

1111 876 1124 891 n
1148 873 1291 902 possessa
1304 866 1425 895 fuerint
1439 867 1477 895 ab
1491 867 1677 896 eorumdem
1691 867 1830 896 dominis
1844 876 1861 896 a
1874 872 2011 906 tempore
2025 870 2115 907 cujus

1111 928 1124 944 »
1148 919 1303 948 memoria
1325 928 1388 948 non
1409 919 1530 955 existit,
1554 920 1667 949 amotis
1693 920 1921 950 nichilominus
1942 921 1980 950 ab
2002 922 2116 959 hujus-

1111 983 1124 997 »
1146 971 1233 1000 modi
1254 971 1393 1001 ecclesiis
1416 973 1587 1001 rectoribus
1611 972 1781 1007 violentem
1808 982 1880 1002 cum
1900 974 1935 1002 in
1958 973 2011 1002 tali
2030 983 2113 1009 casu,

1110 1036 1124 1050 ³>
1150 1032 1213 1053 non
1232 1033 1287 1062 per
1302 1025 1546 1063 inquisitionem
1567 1025 1645 1054 soret
1661 1025 1908 1063 procedendum,
1926 1026 1979 1055 sed
1998 1027 2031 1055 in
2049 1027 2115 1056 foro

1111 1088 1124 1103 η
1148 1078 1339 1115 competenti
1357 1077 1514 1116 judicium
1537 1078 1640 1115 potius
1666 1078 1891 1107 ordinandum.
1911 1078 2116 1117 Respondent

1111 1141 1124 1156 ι»
1149 1131 1320 1168 supradicti
1343 1135 1562 1168 procuratores
1584 1131 1668 1169 quod
1691 1131 1775 1161 idem
1797 1142 1849 1161 rex
1872 1141 1934 1162 non
1960 1132 2033 1162 fecit
2057 1132 2114 1161 ali-

1110 1195 1124 1210 »
1149 1184 1227 1222 quid
1247 1184 1285 1213 de
1306 1185 1463 1214 contentis
1482 1186 1517 1214 in
1542 1184 1696 1221 articulo,
1719 1189 1749 1214 et
1768 1185 2016 1224 promittuut(l)
2031 1185 2115 1224 quod

1109 1248 1124 1263 »
1147 1246 1212 1267 non
1229 1238 1321 1267 saciet
1336 1238 1369 1267 in
1386 1238 1540 1267 futurum.

1150 1302 1164 1316 ι»
1188 1280 1302 1320 Nonus
1321 1291 1464 1320 decimus
1486 1291 1640 1320 articulus
1661 1296 1707 1321 est
1724 1304 1730 1320 z
1748 1292 1830 1322 Item
1845 1296 1975 1331 occupat
1989 1292 2112 1331 episco-

1110 1354 1124 1370 »
1148 1352 1260 1382 porum
1277 1349 1306 1373 et
1327 1343 1463 1373 aliorum
1484 1344 1648 1380 ecclesias,
1665 1354 1743 1383 quas
1759 1354 1776 1374 a
1794 1345 1900 1382 longis
1919 1346 2114 1383 temporibus

1148 1396 1277 1434 pacifice
1300 1397 1526 1434 possederunt,
1546 1402 1587 1434 et,
1609 1398 1692 1436 quod
1713 1403 1758 1427 est
1773 1398 1963 1434 absurdius,
1985 1407 2113 1437 presen-

1110 1461 1124 1476 »
1151 1454 1228 1479 tatos
1247 1458 1265 1478 a
1289 1450 1362 1479 sede
1389 1450 1427 1479 ad
1455 1450 1640 1489 hujusmodi
1665 1451 1824 1485 ecclesias,
1846 1452 1930 1489 ipsos
1954 1451 2115 1490 compellit

1108 1514 1120 1528 »
1146 1503 1314 1532 admittere
1329 1511 1365 1532 ac
1381 1503 1548 1532 instituere
1565 1504 1597 1532 in
1615 1503 1734 1532 eisdem
1749 1516 1756 1539 ς
1775 1503 1858 1542 qnod
1874 1504 1899 1532 si
1920 1504 1998 1533 forte
2013 1503 2114 1542 aliqui

1107 1567 1120 1581 ι
1148 1564 1184 1584 ex
1200 1556 1276 1594 ipsis
1298 1555 1440 1584 finaliter
1460 1556 1573 1585 nolunt
1593 1556 1761 1585 admittere
1782 1556 1966 1595 hujusmodi
1991 1565 2115 1594 presen-

1111 1619 1124 1634 »
1150 1613 1238 1644 tatos,
1252 1609 1337 1638 idem
1352 1618 1406 1638 rex
1421 1619 1476 1647 per
1490 1609 1639 1638 homines
1653 1618 1724 1639 suos
1736 1609 1811 1639 facit
1823 1609 1960 1639 detineri
1974 1610 2112 1645 easdem,

1111 1674 1122 1686 »
1148 1671 1183 1692 ac
1205 1662 1326 1692 fructus
1350 1667 1379 1692 et
1402 1667 1572 1700 proventus
1593 1663 1735 1700 ipsarum
1756 1672 1810 1700 per
1838 1672 1890 1693 eos
1918 1663 2050 1701 percipit
2077 1672 2113 1692 ex

1109 1726 1123 1741 »
1148 1715 1280 1745 eisdem.
1306 1716 1511 1754 Respondent
1540 1720 1755 1754 procuratores
1784 1716 1896 1754 prefati
1922 1717 2006 1755 quod
2027 1716 2113 1746 idem

1110 1780 1123 1795 υ
1148 1778 1201 1798 rex
1219 1768 1292 1798 talia
1310 1778 1475 1808 nunquam
1490 1769 1564 1798 fecit
1577 1769 1741 1805 hactenus,
1757 1773 1786 1798 et
1801 1762 1990 1808 promittunt
2005 1769 2112 1808 ipsum

1109 1833 1123 1848 n
1147 1831 1256 1859 regem
1273 1831 1308 1851 ea
1323 1831 1388 1852 non
1403 1822 1563 1852 facturum
1578 1823 1611 1851 in
1628 1822 1783 1851 futurum.

1150 1886 1164 1901 »
1190 1875 1369 1904 Vicesimus
1385 1875 1540 1904 articulus
1553 1880 1598 1904 est
1616 1884 1622 1904 :
1643 1875 1724 1904 Item
1741 1875 1766 1904 si
1781 1875 1820 1904 ad
1837 1880 2000 1905 vacantem
2017 1875 2114 1905 eccle-

1108 1939 1123 1954 »
1147 1929 1228 1957 siam
1245 1929 1278 1957 in
1297 1928 1454 1958 discordia
1478 1929 1618 1958 diversas
1636 1929 1759 1967 patroni
1781 1928 1949 1958 diocesano
1968 1930 2113 1968 episcopo

1109 1992 1123 2007 »
1147 1985 1503 2020 presentantpersonas‚
1523 1986 1552 2011 et
1568 1982 1646 2020 ipse,
1664 1982 1817 2011 discussis
1828 1991 1920 2012 cause
1936 1983 2058 2011 meritis
2075 1983 2113 2012 de

1109 2046 1123 2061 »
1146 2034 1245 2064 altero
1256 2039 1508 2073 presentatorum
1523 2035 1572 2064 vel
1582 2035 1643 2065 alio
1658 2037 1789 2065 forsitan
1800 2035 1964 2065 ecclesiam
1973 2036 2111 2071 ordinat,

1108 2099 1122 2114 η
1144 2089 1234 2127 juxta
1250 2089 1419 2118 canonicas
1435 2089 1626 2124 sanctiones,
1653 2089 1729 2118 dum
1757 2089 1811 2118 ille
1832 2089 1870 2118 de
1893 2098 1956 2127 quo
1981 2089 2113 2119 ecclesia

1109 1408 1116 1422 )

1100 2153 1121 2168 7ιι
1145 2141 1328 2180 providetur
1350 2151 1403 2180 per
1427 2141 1609 2180 aliquorum
1626 2151 1661 2171 ex
1685 2142 1823 2180 patronis
1840 2142 2023 2172 violentiam
2042 2151 2111 2172 cor-

1107 2206 1122 2234 η
1145 2195 1286 2234 poralem
1318 2195 1461 2225 nancisci
1485 2196 1719 2233 possessionem
1750 2204 1813 2225 nou
1844 2200 1965 2234 potest,
1989 2196 2015 2225 si
2038 2200 2112 2225 tunc

1107 2260 1121 2274 ι)
1145 2248 1333 2278 diocesanus
1354 2248 1393 2278 ad
1412 2248 1472 2278 hoc
1489 2249 1566 2278 dicti
1591 2249 1675 2286 regis
1698 2249 1824 2278 invocet
1843 2249 2022 2285 brachium⁷
2045 2250 2112 2287 ipse

1108 2313 1120 2327 u
1145 2310 1210 2331 non
1224 2301 1328 2331 solum
1347 2310 1411 2331 non
1432 2301 1573 2332 defendit
1587 2301 1633 2340 (2)
1645 2302 1794 2337 eundem,
1809 2302 1910 2331 immo
1926 2302 2008 2331 favet
2023 2302 2111 2341 inju-

1107 2365 1122 2380 »
1145 2354 1228 2384 riam
1251 2355 1416 2390 inferenti,
1439 2355 1499 2384 hoc
1519 2355 1625 2393 ipsum
1649 2363 1781 2384 servans
1810 2355 1845 2384 in
1873 2355 2024 2384 omnihus
2048 2364 2110 2393 que

1107 2418 1121 2433 »
1144 2412 1219 2436 sunt
1234 2411 1343 2437 contra
1359 2407 1604 2437 ecclesiasticam
1615 2407 1805 2437 libertatem.
1823 2408 2028 2445 Respondent
2043 2417 2110 2446 pre-

1107 2471 1121 2486 »
1144 2461 1200 2490 sati
1215 2465 1431 2500 procuratores
1447 2461 1530 2499 quod
1543 2461 1628 2490 idem
1654 2470 1707 2490 rex
1736 2460 1836 2490 nichil
1854 2469 1963 2490 eorum
1982 2461 2020 2490 de
2038 2460 2109 2498 qui-

1106 2525 1120 2540 »
1143 2513 1203 2543 bus
1218 2515 1393 2552 premissus
1408 2513 1564 2544 articulus
1583 2513 1745 2553 querelam
1757 2514 1898 2543 continet
1913 2513 1987 2542 fecit
2001 2513 2109 2543 hacte-

1107 2579 1121 2594 ι)
1146 2576 1223 2604 nus,
1241 2572 1271 2597 et
1291 2567 1482 2606 promittunt
1498 2568 1581 2606 quod
1599 2568 1666 2605 ipse
1688 2576 1752 2597 non
1777 2567 1872 2596 faciet
1893 2567 1927 2596 in
1950 2567 2108 2603 futurum,

1107 2633 1120 2648 n
1145 2625 1175 2650 et
1194 2620 1279 2659 quod
1301 2621 1471 2650 brachium
1488 2629 1583 2650 suum
1600 2624 1709 2650 contra
1733 2620 1884 2650 facientes
1904 2620 2057 2658 injuriam
2074 2620 2109 2649 in

1106 2686 1120 2701 »
1145 2675 1325 2713 premissis,
1345 2674 1473 2713 quando
1496 2674 1591 2710 suerit
1608 2674 1811 2708 invocatum,
1835 2673 2013 2709 exhibebit,
2028 2673 2109 2702 sicut

1107 2740 1120 2755 x>
1143 2729 1215 2766 jura
1232 2727 1354 2757 volunt.

1147 2792 1160 2807 n
1184 2780 1364 2810 Vicesimus
1384 2780 1507 2818 primus
1523 2778 1676 2809 articulus
1701 2783 1748 2808 est
1768 2790 1774 2807 :
1801 2779 1883 2808 Item
1908 2778 2011 2817 quod,
2039 2788 2109 2818 pre-

1106 2846 1120 2860 »
1146 2837 1229 2863 textu
1247 2832 1421 2862 exercende
1439 2831 1573 2870 justitie,
1591 2831 1680 2870 ponit
1696 2839 1761 2861 non
1784 2831 1941 2861 modestos
1964 2836 1994 2861 et
2015 2832 2110 2861 timo-

1106 2899 1120 2914 »
1142 2890 1226 2916 ratos
1255 2886 1421 2924 meyrinos
1450 2888 1480 2915 et
1511 2884 1747 2924 submeyrinos,
1779 2885 1836 2924 qui
1865 2885 2044 2915 exactiones
2072 2885 2107 2914 in

1136 3005 1168 3036 (1)
1185 3007 1235 3028 Ms.
1252 3011 1257 3028 :
1272 3004 1415 3035 promittit.

1135 3049 1169 3080 (2)
1185 3051 1235 3073 Ms.
1250 3056 1256 3072 :
1273 3048 1412 3072 defendet.

1931 3104 1964 3131 20
