2477 3637
289 381 344 409 5:3⁸)
1035 369 1269 401 nEffls'rnES
1292 369 1346 399 DE
1368 368 1551 398 NICOLAS
1575 368 1629 398 lV.

287 443 486 481 [gi-uentibus,
506 442 581 470 dum
607 441 717 470 officiis
740 439 859 468 divinis
885 438 1051 474 insistunt,
1076 437 1118 466 ita
1135 440 1239 465 tamen
1257 439 1291 464 ut

288 496 320 525 in
346 496 478 525 lectione
503 493 686 530 evangelica
706 497 735 521 et
760 491 935 521 elevatione
958 489 1098 528 corporis
1119 489 1235 518 Christi
1262 491 1290 518 et

286 548 376 583 alias,
396 551 484 585 prout
502 546 616 575 decens
636 545 740 578 suerit,
758 544 862 574 debita
880 543 1057 573 reverentia
1073 542 1266 571 observetur.

327 613 341 628 α
366 600 408 630 Ut
441 600 496 628 Dei
523 598 705 628 laudibus...
735 614 773 619 —
799 597 869 626 Dat.
895 596 978 635 apud
1012 595 1286 631 Urbemveterem,

285 664 301 683 x
320 653 470 683 kalendas
488 651 680 684 novembris,
697 658 782 680 anno
800 650 900 679 tertio.
920 661 933 676 n

353 824 470 852 35⁴2
813 821 937 851 OrvietO,
955 820 988 847 23
1004 820 1120 847 octobre
1140 820 1214 847 1290.

320 886 449 912 Facultas
465 885 620 911 redimendi
637 885 772 911 decimas.
788 884 870 917 (Rau.
888 884 930 913 45,
948 891 973 909 c.
991 883 1065 914 501²,
1083 882 1101 908 f.
1122 882 1165 908 101
1185 882 1235 915 νὺ.)

323 989 436 1017 Eisdem
470 986 648 1016 facultatem
685 986 828 1016 concedit
859 985 1036 1015 redimendi
1074 984 1212 1014 decimas
1248 984 1287 1014 de

283 1043 431 1073 manibus
452 1042 602 1071 laicorum
621 1042 653 1070 in
672 1041 847 1080 parrochiis
863 1040 994 1076 alienis,
1014 1045 1170 1070 rectorum
1188 1039 1285 1070 eccle-

281 1097 400 1126 siarum
426 1096 458 1124 111
484 1104 619 1134 quarum
639 1095 813 1133 parrochiis
838 1095 979 1124 decimae
1000 1094 1085 1132 ipsae
1108 1095 1287 1123 consistunt

280 1158 314 1179 ac
343 1149 601 1178 dioecesanorum
633 1157 740 1177 earum
779 1147 816 1177 ad
848 1148 878 1176 id
917 1148 1083 1177 accedente
1110 1155 1283 1183 consensu,

281 1203 428 1242 praestita
457 1207 559 1231 tamen
584 1202 669 1239 prius
695 1201 807 1231 idonea
834 1201 981 1230 cautione
1005 1201 1043 1230 de
1068 1201 1200 1230 decimis
1220 1200 1286 1230 illis

280 1255 486 1285 restituendis
518 1254 658 1284 ecclesiis
682 1254 947 1292 quandocumque
971 1254 1046 1291 ipsis
1069 1262 1087 1283 a
1110 1253 1284 1284 rectoribus

280 1308 317 1338 de
333 1308 562 1346 redemptionis
580 1307 678 1345 pretio
695 1307 888 1336 satisfactum
906 1306 1010 1336 fuerit.

321 1374 332 1388 a
358 1361 540 1390 Dei-otionis
567 1365 666 1390 vestre
689 1360 870 1398 precibus...
888 1376 926 1381 —
952 1360 1020 1390 Dat.
1042 1360 1125 1399 apud
1146 1360 1282 1390 Urbem-

279 1418 427 1444 veterem,
447 1423 463 1442 x
480 1413 633 1443 kalendas
652 1413 846 1448 novembris,
863 1421 948 1442 anno
965 1413 1065 1442 tertio.
1088 1425 1100 1439 n

347 1586 462 1614 3543

313 1647 444 1674 Facultas
470 1648 623 1683 recipiendi
650 1648 879 1683 presbyteratum
906 1657 920 1674 a
947 1657 1129 1684 quocumque
1154 1650 1281 1677 antistite

277 1697 358 1729 (lim.
379 1698 421 1727 45,
439 1706 462 1724 c.
481 1697 552 1729 501³,
571 1698 589 1725 f.
610 1699 653 1724 101
673 1699 723 1730 vo.)

815 1585 946 1620 Orvieto,
964 1586 978 1613 3
996 1587 1112 1613 octobre
1133 1587 1208 1614 1290.

315 1800 430 1835 Jacobo,
453 1801 540 1829 electo
568 1800 707 1838 Siqnino,
731 1799 911 1829 facultatem
936 1801 1081 1831 concedit
1106 1802 1280 1841 recipiendi

275 1852 510 1891 presbyteratus
531 1853 677 1883 ordinem
692 1878 697 1889 ,
715 1853 840 1883 statutis
862 1854 1071 1892 temporibus,
1088 1864 1106 1885 a
1127 1864 1279 1894 quocum-

274 1914 334 1944 que
352 1905 500 1935 maluerit
515 1906 668 1943 antistite,
685 1907 818 1944 gratiam
837 1908 1138 1938 etcommunionem
1154 1913 1280 1940 sanctae

274 1958 356 1988 sedis
376 1958 522 1988 habente.

315 2024 328 2037 «
354 2012 396 2042 Ut
413 2012 580 2051 apostolice
599 2013 719 2044 sedis...
742 2030 780 2035 —
805 2014 877 2043 Dat.
900 2014 984 2053 apud
1005 2015 1277 2053 Urbemveterem,

273 2074 291 2094 v
308 2073 408 2095 nonas
424 2065 570 2102 octobris,
588 2074 673 2096 anno
691 2067 793 2097 tertio.
816 2079 829 2093 ι

343 2246 458 2274 3544

311 2306 351 2333 Ue
377 2307 516 2334 divisione
542 2316 593 2334 sex
619 2308 845 2343 praebendarum
877 2309 904 2335 in
931 2310 1053 2336 ecclesia
1079 2311 1277 2339 Ambianensi.

271 2355 356 2390 (11811.
376 2356 418 2388 123,
436 2364 460 2382 C.
479 2356 538 2386 δυ’),
557 2357 574 2382 f.
596 2357 639 2383 1111
660 2358 710 2389 V0.)

782 2247 909 2281 Urvieto,
927 2248 941 2274 9
959 2248 1112 2275 novembre
1132 2249 1206 2275 1290.

311 2480 331 2486 ..
356 2458 465 2487 decano
482 2463 507 2487 et
525 2460 658 2496 capitulo
677 2460 790 2489 ecclesie
813 2462 1034 2491 Ambianensis.
1064 2474 1078 2489 «
1101 2463 1151 2493 Ad
1174 2464 1277 2503 repri-

269 2510 385 2539 menda
403 2510 546 2540 litium...
566 2511 649 2541 Sane
668 2513 774 2551 petitio
792 2518 894 2543 vestra
911 2514 1002 2544 nobis
1019 2516 1161 2546 exhibita
1177 2518 1276 2547 conti-

269 2564 362 2593 nebat
389 2564 472 2602 quod
505 2565 696 2594 venerabilis
730 2565 826 2596 frater
858 2571 963 2597 noster
992 2590 1012 2598 ..
1046 2569 1277 2601 Ambianensis

268 2617 431 2655 episcopus
456 2617 545 2646 nobis
565 2618 639 2647 olim
667 2628 841 2657 suggerens
857 2621 962 2659 {quod‚
987 2621 1062 2652 licet
1089 2623 1123 2652 in
1147 2624 1277 2654 Ambia-

269 2669 359 2698 nensi
387 2669 518 2699 ecclesia
538 2670 579 2700 sit
602 2679 665 2701 1100
690 2672 834 2702 modicus
853 2682 1006 2704 numerus
1026 2676 1273 2714 prebendarum,

268 2723 356 2761 pauci
375 2727 479 2752 tamen
497 2732 530 2752 ex
549 2726 712 2755 canonici<
731 2727 907 2764 prebendas
924 2728 957 2757 in
974 2729 1041 2767 ipsa
1057 2730 1276 2762 obtinentibus

269 2775 423 2805 faciebant
450 2776 654 2807 residentiam
678 2779 711 2807 10
740 2779 862 2815 eadem,
891 2789 949 2810 nec
980 2782 1165 2820 sperabatur
1191 2784 1275 2822 quod

267 2828 394 2866 quidam
412 2839 446 2858 ex
466 2829 527 2859 liiis
544 2831 599 2869 qui
616 2836 781 2862 vacaturas
803 2833 981 2872 prebendas
1000 2835 1034 2864 in
1058 2836 1126 2874 ipsa
1142 2836 1274 2866 ecclesia

268 2881 484 2919 expectabant,
502 2888 555 2912 aut
581 2892 615 2913 ex
631 2885 696 2923 jam
715 2885 834 2924 adeptis
859 2885 976 2925 aliqui,
999 2888 1151 2926 qualitate
1165 2899 1273 2928 perso-

269 2942 379 2962 narum
401 2934 570 2972 diligenter
595 2936 753 2976 inspecta,
772 2938 884 2969 facturi
903 2946 1008 2970 essent
1024 2941 1056 2970 in
1074 2951 1110 2971 ea
1130 2943 1272 2972 residen-

269 2987 341 3014 tiam
363 2988 577 3025 personalem,
599 2991 686 3028 petiit
711 3001 805 3030 snper
830 2992 889 3022 1100
912 3002 967 3031 per
991 2995 1098 3025 sedem
1123 2996 1272 3034 apostoli-

267 3047 335 3067 cam
356 3039 521 3077 provideri.
551 3042 616 3071 Nos
637 3043 737 3073 eidem
761 3044 924 3075 dividendi
955 3048 1140 3078 auctoritate
1164 3054 1272 3080 nostra

1372 442 1424 463 sex
1443 433 1618 471 prebendas
1636 433 1733 464 nullis
1748 433 1819 463 aliis
1836 434 1874 463 de
1886 434 1959 471 jure
1974 433 2106 470 debitaS,
2124 432 2162 462 ad
2178 433 2378 466 collationem

1371 486 1514 524 ejusdem
1540 486 1677 525 episcopi
1709 490 1904 525 spectantes,
1932 485 1959 515 si
1989 486 2022 515 in
2047 486 2114 525 ipsa
2140 486 2273 516 ecclesia
2305 491 2378 520 tunc

1372 543 1532 574 vacarent,
1550 538 1694 578 alioquin
1713 540 1857 578 proximo
1872 543 2046 573 vacaturas,
2065 538 2107 568 ita
2122 538 2204 578 quod
2222 539 2377 578 prebende

1371 592 1481 622 eedem
1501 593 1546 622 sic
1564 592 1665 622 divise
1683 592 1716 621 111
1737 592 1888 622 omnibus
1912 592 2050 631 juribus,
2070 592 2284 628 libertatibus,
2303 602 2376 624 con-

1371 645 1596 675 suetudinibus
1619 651 1650 675 et
1673 646 1801 675 statutis
1830 646 1931 685 ipsius
1957 645 2089 676 ecclesie
2113 645 2184 676 aliis
2210 647 2377 685 prebendis

1371 698 1506 736 integris
1525 707 1615 736 pares
1637 699 1822 735 existerent,
1841 704 1870 729 et
1892 708 2026 738 persone
2048 709 2109 738 que
2133 705 2377 738 assequerentur

1371 751 1498 781 easdem
1523 752 1681 789 integram
1706 751 1745 782 de
1765 751 1935 782 cotidianis
1955 752 2238 782 distributionibus
2258 753 2375 793 recipe-

1370 809 1441 833 rent
1456 804 1646 843 portionem,
1666 814 1702 835 ac
1720 806 1746 835 si
1762 806 1898 844 majores
1916 805 2091 845 prebendas
2112 806 2144 836 in
2162 806 2230 845 ipsa
2245 806 2376 838 eeclesia

1369 857 1568 894 obtinerent,
1593 857 1720 896 plenam
1747 864 1776 888 et
1793 858 1927 889 liberam
1947 859 2164 889 concessimus
2182 868 2237 898 per
2255 864 2376 892 nostras

1369 909 1490 940 litteras
1509 910 1704 941 facultatem.
1725 911 1873 951 Cumque
1896 912 1982 942 idem
2009 913 2174 952 episcopus
2195 913 2376 946 auctoritate

1368 963 1526 994 dictarum
1545 963 1725 995 litterarum
1742 966 1912 1004 procedere
1927 966 2108 996 intenderet
2127 966 2167 996 ad
2185 966 2375 1009 divisionem

1368 1016 1554 1055 hujusmodi
1572 1018 1827 1056 prebendarum,
1846 1028 1916 1055 vos,
1939 1019 2140 1050 attendentes
2158 1029 2194 1050 ex
2219 1020 2376 1054 divisione

1367 1071 1441 1110 ipsa
1460 1080 1555 1109 grave
1584 1072 1674 1102 vobis
1702 1073 1915 1112 prejudicium
1943 1073 2099 1110 imiuere,
2124 1074 2164 1104 ab
2191 1073 2376 1112 hujusmodi

1368 1132 1515 1162 processu
1532 1124 1608 1155 dicti
1625 1125 1764 1165 episcopi
1781 1135 1818 1156 ex
1841 1127 1945 1157 causis
1967 1127 2063 1157 variis
2081 1127 2122 1157 ad
2141 1127 2249 1158 sedem
2269 1128 2375 1168 appel-

1367 1176 1458 1207 lastis
1485 1178 1634 1216 eandem,
1658 1188 1694 1209 ac
1722 1180 1853 1209 demum
1873 1180 1965 1211 nobis
1989 1180 2157 1211 humiliter
2177 1181 2375 1221 supplicastis

1367 1234 1412 1266 ut,
1429 1239 1503 1261 cum
1521 1231 1694 1270 indignum
1715 1233 1829 1263 existat
1846 1234 1929 1272 quod
1948 1234 2059 1269 vestri,
2084 1235 2153 1264 sine
2175 1234 2285 1273 culpa,
2302 1244 2375 1274 pre-

1368 1287 1454 1314 textu
1482 1285 1699 1315 concessionis
1727 1286 1865 1325 prefate,
1893 1287 2117 1317 diminuantur
2149 1287 2292 1318 redditus
2321 1297 2374 1320 seu

1367 1342 1551 1376 proventus,
1569 1343 1624 1369 aut
1641 1339 1804 1370 libertates
1824 1345 1926 1371 vestre
1945 1340 2036 1371 solite
2054 1341 2286 1380 infringantur,
2303 1351 2374 1381 pro-

1365 1389 1474 1422 videre
1497 1392 1586 1423 vobis
1608 1402 1704 1432 super
1719 1393 1793 1431 hoc,
1813 1399 1846 1424 ut
1865 1394 1923 1425 hac
1946 1395 2110 1425 occasione
2135 1395 2262 1426 tollatur
2284 1405 2375 1426 scan-

1365 1444 1429 1474 dali
1450 1446 1583 1475 materia
1607 1450 1637 1476 et
1661 1447 1710 1476 via
1734 1447 1912 1485 litigiorum
1939 1448 2134 1478 aufractibus
2160 1448 2372 1488 precludatur,

1364 1502 1496 1536 paterna
1519 1499 1686 1537 diligentia
1712 1509 1909 1532 curaremus.
1938 1502 2004 1531 Nos
2028 1502 2165 1540 igitur...
2188 1503 2375 1534 auctoritate

1363 1552 1561 1589 presentium
1578 1552 1779 1584 declaramus
1790 1555 1887 1594 quod,
1905 1564 1978 1585 cum
1993 1556 2061 1594 ipsa
2077 1560 2184 1586 nostra
2199 1556 2373 1595 concessio,

1363 1614 1425 1643 que
1443 1613 1508 1634 uon
1526 1607 1676 1645 exprimit
1692 1607 1730 1637 de
1749 1608 1867 1646 quibus
1887 1609 1979 1639 bonis
1998 1609 2143 1647 personis
2161 1618 2223 1648 que
2240 1609 2373 1649 preben-

1363 1657 1418 1688 das
1435 1658 1553 1689 divisas
1569 1659 1772 1691 obtinuerint
1787 1661 2028 1692 distributiones
2046 1662 2187 1701 integre,
2207 1663 2289 1694 sicut
2303 1662 2375 1694 aliis

1363 1713 1527 1743 canonicis
1541 1714 1680 1752 integras
1694 1715 1875 1753 prebendas
1892 1715 2095 1754 habentibus,
2110 1716 2248 1747 debeant
2260 1717 2374 1747 minis-

1365 1766 1457 1801 trari,
1481 1766 1588 1796 sortiri
1614 1768 1710 1806 possit
1727 1768 1876 1798 effectum
1901 1769 2043 1799 debitum
2069 1769 2140 1800 sine
2159 1769 2375 1801 diminutione

1362 1823 1419 1849 aut
1438 1820 1613 1859 prejudicio
1629 1821 1714 1860 juris
1740 1822 1857 1859 vestri,
1876 1822 1903 1851 si
1919 1822 2070 1852 videlicet
2084 1823 2163 1853 adeo
2178 1823 2376 1854 excreverint

1363 1873 1508 1912 ejusdem
1526 1874 1758 1905 Ambianensis
1775 1875 1907 1905 ecclesie
1926 1876 2092 1906 facultates
2108 1876 2192 1915 quod
2210 1876 2249 1906 ad
2265 1876 2372 1907 distri-

1363 1927 1512 1957 butiones
1531 1928 1691 1958 sufficiant
1708 1929 1918 1968 supradictas,
1937 1929 1985 1959 vel
2002 1930 2027 1959 si
2044 1930 2182 1968 prefatus
2197 1930 2372 1970 episeopus,

1362 1980 1466 2010 zelum
1483 1981 1588 2011 forsan
1606 1981 1726 2012 habens
1745 1983 1784 2012 ad
1800 1983 1921 2013 cultum
1940 1983 2044 2013 divini
2061 1983 2203 2014 nominis
2220 1983 2373 2023 amplian-

1363 2033 1456 2070 dum,
1477 2034 1516 2064 de
1538 2035 1632 2064 bouis
1658 2036 1796 2074 propriis
1822 2036 2064 2067 distributiones
2089 2037 2216 2067 easdem
2240 2036 2375 2067 voluerit

1362 2087 1537 2126 adaugere,
1560 2088 1750 2119 intentionis
1780 2093 1888 2120 nostre
1912 2098 1975 2119 non
1998 2090 2103 2120 extitit
2127 2099 2186 2120 nec
2214 2091 2320 2120 existit
2340 2093 2374 2120 ut

1362 2148 1418 2179 per
1442 2141 1684 2171 concessionem
1717 2142 1852 2172 eandem
1889 2143 1986 2180 vobis,
2017 2143 2083 2173 nisi
2114 2144 2154 2173 ad
2183 2143 2243 2174 boc
2272 2147 2374 2174 vester

1362 2193 1490 2223 accedat
1517 2203 1678 2231 assensuS,
1710 2194 1841 2234 aliquod
1870 2195 2083 2235 prejudicium
2112 2200 2293 2235 generetur,
2323 2195 2373 2227 vel

1362 2246 1604 2277 distributiones
1635 2252 1738 2278 vestre
1774 2248 1864 2278 solite
1898 2248 2137 2287 quomodolibet
2169 2249 2370 2281 minuantur.

1363 2300 1453 2330 Nulli
1468 2310 1553 2338 ergo,
1567 2305 1638 2338 etc.,
1658 2306 1763 2332 nostre
1779 2302 2017 2340 declarationis,
2037 2308 2095 2333 etc.
2114 2303 2186 2333 Dat.
2208 2303 2292 2343 apud
2309 2303 2371 2334 Ur-

1361 2354 1592 2391 bemveterem,
1613 2364 1630 2384 v
1649 2355 1720 2384 idus
1737 2356 1932 2392 novembris,
1952 2365 2039 2387 anno
2056 2357 2158 2388 tertio.
2178 2368 2191 2384 n

1431 2514 1685 2543 3545-35‘20
1895 2515 2022 2547 Orvicto,
2038 2515 2072 2542 28
2089 2514 2206 2542 octobre
2222 2514 2300 2542 1290.

1396 2577 1528 2604 Facultas
1544 2577 1670 2612 eligendi
1685 2578 1820 2604 officiales
1836 2579 1863 2605 in
1881 2582 1977 2605 castro
1991 2578 2098 2605 Montis
2109 2577 2214 2613 Elperi.
2228 2577 2311 2612 (Rse.
2325 2575 2368 2611 45,

1359 2634 1384 2653 0.
1403 2626 1463 2658 503,
1481 2626 1500 2652 f.
1522 2626 1565 2652 101
1585 2634 1629 2659 v⁰;
1650 2625 1765 2658 Porru„
1786 2626 1895 2659 23444.)

1400 2729 1520 2758 Dilectz's
1543 2729 1619 2766 filiis
1644 2729 1768 2759 consitio
1792 2734 1816 2758 el
1839 2731 1997 2758 communi
2017 2730 2112 2759 castri
2127 2728 2237 2758 Montis
2251 2727 2367 2766 Elperi,

1358 2782 1504 2811 Firmczne
1520 2782 1655 2819 diocesis,
1673 2782 1820 2812 concedit
1838 2787 1870 2812 ut
1885 2786 2053 2821 potestates
2069 2785 2100 2812 et
2115 2781 2194 2812 alios
2206 2779 2367 2817 officiales,

1358 2835 1415 2874 qui
1436 2834 1619 2865 facultatem
1642 2835 1781 2866 habeant
1798 2836 1966 2866 exercendi
1988 2835 2145 2875 justitiam
2164 2835 2198 2865 in
2216 2833 2367 2865 crimina-

1356 2888 1440 2918 libus
1468 2892 1497 2918 et
1522 2888 1688 2925 civilibus,
1711 2890 1805 2919 certis
1828 2890 1954 2919 casibus
1977 2889 2132 2928 exceptis,
2159 2888 2221 2918 sibi
2246 2887 2366 2926 eligere

1356 2942 1488 2981 possint,
1508 2943 1566 2972 sub
1581 2951 1690 2973 annuo
1706 2952 1804 2973 censu
1822 2943 1974 2973 ecclesiae
1990 2951 2141 2973 romanae
2160 2940 2322 2972 solvendo.

1396 3008 1410 3023 «
1435 2997 1564 3026 Sincere
1584 2996 1760 3026 devotionis
1784 2998 1953 3027 affectus...
1971 3014 2010 3019 -—
2032 2997 2102 3026 Dat.
2123 2995 2207 3034 apud
2227 2995 2364 3026 Urbem-

1354 3055 1510 3088 veterem,
1532 3060 1549 3079 v
1566 3050 1720 3081 kalendas
1741 3052 1940 3089 novembris,
1958 3058 2042 3081 anno
2060 3050 2162 3080 tertio.
2182 3060 2196 3076 »
