2342 3652
945 372 1171 412 DnnxinME
1191 373 1346 410 ANNEE.
2131 383 2187 413 285

105 452 235 483 ecclesia
248 451 356 481 Sancti
371 451 528 480 Vincentii
546 449 763 487 Pergamensi.
782 450 852 478 Dat.
871 450 979 484 Reate,
998 447 1105 477 kalen-

105 505 152 535 dis
168 504 316 540 octobris,
333 513 419 534 auno
435 503 574 533 secundo
589 502 648 541 (En
665 503 792 540 marye).

624 582 709 612 Ricti,
727 582 759 608 ‘27
777 583 939 616 septembre
956 582 1033 608 1289.

145 648 182 677 Iu
201 656 228 676 e.
246 656 289 676 m.
307 646 438 676 eisdem.
462 645 604 674 Eandem
627 644 865 682 indulgentiam
890 643 1034 674 concedit
1051 651 1106 682 pro

107 700 236 730 ecclesia
256 699 365 729 Sancti
382 697 540 728 Leonardi
560 696 757 735 Nigellensi,
778 696 1001 726 Noviomensis
1019 696 1106 725 dioe-

106 753 194 783 cesis.
210 753 280 789 Dat.
299 753 408 787 Reate,
425 761 444 780 v
460 750 614 780 kalendas
630 750 778 786 octobris,
792 757 878 778 anno
893 748 1044 779 secundo.

623 831 710 865 Rieti,
727 831 760 857 27
777 830 939 865 septembre
956 830 1034 856 1289.

145 898 182 927 In
200 905 228 927 e.
244 905 288 927 m.
309 896 440 926 eisdem.
462 895 604 925 Eandem
628 893 866 932 indulgentiam
888 892 1033 922 concedit
1052 900 1107 930 pro

107 950 237 982 ecclesia
248 949 432 979 monasterii
448 948 555 978 Sancti
570 948 655 977 Petri
669 946 848 982 Lobiensis,
864 945 989 976 ordinis
1002 945 1034 974 S.
1051 945 1107 974 Be-

106 1003 232 1041 nedicti,
251 1002 492 1033 Cameracensis
508 1001 673 1031 dioecesis.
691 1000 762 1030 Dat.
782 1004 814 1029 ut
831 1008 935 1038 supra.

616 1082 702 1113 Rieu,
718 1081 752 1108 ‘24
769 1081 931 1116 septembre
948 1080 1026 1107 1289.

144 1148 182 1178 In
204 1156 232 1177 e.
248 1156 293 1177 m.
311 1147 442 1177 eisdem.
470 1145 611 1175 Eandem
632 1144 867 1182 indulgentiam
889 1143 1035 1173 concedit
1052 1151 1108 1181 pro

106 1201 237 1232 ecclesia
249 1201 383 1230 fratrum
400 1200 563 1230 minorum
575 1198 761 1229 Parisiensi.
778 1198 849 1228 Dat.
866 1198 974 1234 Reate,
988 1206 1043 1226 vni
1055 1196 1107 1226 ka-

105 1254 214 1285 lendas
228 1253 373 1288 octobris,
393 1261 479 1283 anno
494 1252 634 1283 secundo
651 1251 801 1290 (Pomm,
820 1250 940 1287 23089).

622 1332 710 1365 Rieti,
728 1332 762 1359 ‘20
777 1332 941 1367 septembre
958 1331 1036 1358 1289.

144 1399 182 1428 In
200 1407 228 1428 e.
245 1407 288 1427 m.
306 1397 438 1427 eisdem.
461 1397 605 1427 Eandem
627 1395 862 1434 indulgentiam
885 1389 1029 1424 concedit
1053 1402 1110 1432 pro

105 1451 235 1483 ecclesia
259 1451 484 1489 Wigorniensi
498 1474 505 1485 ‚
530 1450 565 1479 in
587 1449 742 1480 honorem
761 1449 876 1478 Beatae
894 1448 1013 1478 Mariae
1030 1455 1109 1477 con-

105 1509 231 1536 structa.

146 1571 160 1586 «
184 1558 272 1589 Licet
295 1558 323 1587 is
343 1558 420 1587 de...
436 1574 474 1578 —
492 1557 561 1587 Dat.
580 1557 697 1592 Reate,
715 1565 756 1585 ΧΗ
780 1555 934 1585 kalendas
953 1555 1108 1589 octobris,

107 1619 191 1642 anno
205 1611 355 1641 secundo.
379 1622 393 1637 n

627 1661 713 1692 Rieu,
730 1661 762 1687 27
780 1660 943 1695 septembre
961 1660 1038 1687 1289.

146 1727 184 1757 Iu
206 1736 234 1757 e.
259 1735 303 1756 m.
324 1749 343 1757 ..
363 1725 541 1764 guardiano
567 1729 597 1755 et
621 1724 774 1754 fratribus
801 1723 924 1754 ordinis
947 1723 1112 1752 minorum

106 1779 336 1810 Laudensibus.
361 1779 503 1809 Eandem
525 1778 762 1816 indulgentiam
785 1776 929 1807 concedit
949 1784 1004 1814 pro
1020 1784 1111 1814 prae-

105 1832 260 1874 dictorum
283 1832 418 1862 fratrum
445 1831 589 1867 ecclesia,
616 1831 650 1861 in
675 1831 832 1861 honorem
853 1829 963 1860 Sancti
986 1828 1112 1859 Nicolai

106 1889 293 1917 constructa.

148 1951 162 1966 α
183 1939 270 1969 Licet
291 1939 319 1968 is
345 1938 422 1968 de...
444 1955 484 1961 —
503 1939 575 1968 Dat.
596 1938 713 1974 Reate,
738 1947 757 1966 v
780 1936 933 1966 kalendas
956 1937 1111 1973 octobris,

108 1995 192 2024 an'no
205 1993 355 2024 secundo.
376 2004 388 2019 n
408 1992 560 2031 (Forma,
579 1991 703 2030 23094.)

662 2065 752 2098 Rieti,
773 2066 810 2091 ier
825 2065 941 2091 octobre
965 2064 1040 2091 tiss.

147 2130 185 2159 In
201 2138 229 2159 e.
245 2138 289 2159 m.
308 2129 467 2159 universis
483 2128 603 2158 Christi
618 2126 768 2157 fidelibus
790 2131 972 2166 praesentes
984 2126 1113 2168 ¹litteras

67 2223 74 2228 Π
107 2183 308 2222 inspecturis.
328 2182 472 2211 Eandem
491 2181 729 2219 indulgentiam
750 2180 893 2210 concedit
910 2189 965 2219 pro
981 2180 1114 2211 ecclesia

109 2236 215 2267 Sancti
227 2235 403 2266 Alexandri
422 2235 552 2274 majoris
564 2234 787 2272 Pergamensi.

152 2301 165 2316 ι
179 2289 261 2320 Loca
281 2293 467 2319 sanctorum
486 2288 723 2319 omnium...—
736 2288 808 2317 Dat.
833 2288 950 2324 Reate,
966 2287 1113 2317 kalendis

109 2343 253 2380 octobris,
268 2351 354 2373 anno
368 2342 520 2372 secundo.
538 2353 552 2369 ι)
569 2342 627 2381 (Εη
646 2342 771 2380 margo).

364 2422 727 2457 Sainte-Marie-MaJeure‚
742 2422 774 2448 -24
793 2422 947 2449 novembre
964 2422 1041 2449 1289.

148 2486 186 2517 In
209 2496 236 2516 e.
261 2495 303 2516 m.
328 2486 461 2516 eisdem.
487 2486 629 2515 Eandem
647 2485 885 2523 indulgentiam
900 2485 1045 2516 concedit
1060 2494 1115 2523 pro

111 2539 240 2570 ecclesia
259 2539 448 2570 monasterii
466 2539 601 2568 Sanctae
617 2538 763 2577 Agathae
786 2539 967 2577 Papiensis,
991 2539 1116 2569 ordinis

112 2591 244 2622 Sanctae
258 2592 381 2623 Clarae.

152 2657 166 2672 «
186 2645 342 2684 Splendor
358 2649 488 2684 paterne
505 2645 642 2683 glorie...
655 2662 690 2667 ³
710 2645 781 2674 Dat.
798 2645 910 2682 Rome,
921 2645 1005 2683 apud
1016 2646 1116 2675 Sanc-

114 2703 176 2728 tam
194 2699 331 2729 'Mariam
357 2699 527 2738 Majorem,
553 2708 608 2728 vm
637 2698 792 2729 kalendas
815 2698 1008 2734 decembris,
1032 2707 1117 2729 anno

113 2753 260 2784 secundo.
280 2765 294 2780 n
317 2753 426 2792 (Ibid.,·
443 2753 579 2790 Pown„
593 2751 718 2791 33120.)

392 2833 751 2868 sainte-Mane-MaJeure,
770 2834 785 2860 8
800 2833 951 2860 decembre
968 2833 1045 2859 1289.

154 2897 191 2926 In
207 2906 233 2927 e.
252 2906 295 2926 m.
316 2896 450 2926 eisdem.
474 2896 616 2926 Eandem
639 2895 876 2933 indulgentiam
897 2895 1042 2926 concedit
1064 2903 1119 2934 pro

117 2949 247 2981 ecclesia
262 2949 371 2980 Sancti
387 2949 559 2980 Gaudentii
578 2949 781 2979 Novariensi.
800 2949 871 2978 Dat.
891 2949 1023 2984 Romae,
1036 2947 1120 2986 apud

118 3001 264 3032 Sanctam
280 3003 415 3032 Mariam
434 3003 605 3040 Majorem,
622 3011 653 3031 V1
674 3001 746 3031 idus
762 3001 950 3037 decembris,
968 3010 1054 3031 anno
1069 3009 1118 3030 se-

118 3055 220 3086 cundo
236 3055 351 3095 (ibium.

1466 446 1821 481 8Ίίιηο-ΜιιιΊο-ΜεῄθυιῸ,
1838 448 1853 473 8
1871 446 2021 473 decembre
2040 448 2115 474 1250.

1230 508 1265 536 [n
1283 517 1310 537 e.
1328 517 1370 537 m.
1392 508 1523 537 eisdem.
1546 509 1687 538 Eandem
1710 509 1947 547 indulgentiam
1967 509 2111 539 concedit
2135 518 2188 548 pro

1186 560 1319 590 ecclesia
1335 560 1442 590 Sancti
1462 562 1623 591 Ambrosii
1639 562 1677 591 de
1694 562 1858 599 Vemema,
1873 562 2081 592 Novarieusis
2097 562 2186 592 dioe-

1186 614 1266 643 cesis
1280 613 1396 652 (ibid).
1969 652 1972 655 1

1491 667 1849 702 Salute-Marie-Majeure,
1866 668 1896 695 13
1910 669 2022 702 janvier
2038 668 2115 695 1290.

1228 729 1267 758 In
1286 738 1313 758 e.
1335 738 1377 758 m.
1398 730 1529 760 eisdem.
1554 730 1695 759 Eandem
1715 731 1953 768 indulgentiam
1974 731 2117 761 concedit
2135 739 2189 769 pro

1189 781 1321 811 ecclesia
1334 783 1519 812 monasterii
1537 783 1671 812 Sanctae
1684 783 1856 813 Katerinae
1868 784 2053 821 Januensis,
2068 784 2189 814 ordinis

1189 833 1324 864 Sanctae
1342 834 1464 865 Clarae.
1485 836 1555 864 Dat.
1575 836 1706 872 Romae,
1716 837 1799 874 apud
1817 837 1967 867 Sanctam
1980 838 2115 867 Mariam
2128 838 2190 867 Ma-

1186 887 1310 925 jorem,
1332 888 1439 917 idibus
1461 888 1624 925 januarii.
1643 897 1728 918 anno
1751 889 1899 919 secundo.
1924 889 2031 927 (lbid.,·
2048 891 2188 925 Porru„

1190 941 1315 979 23159.)

1264 1086 1510 1114 1448-1442
1711 1086 1800 1116 Rieti,
1816 1087 1849 1113 ‘25
1866 1087 2027 1120 septembre
2045 1087 2122 1113 ΗΜ).

1225 1148 1344 1175 Collatio
1363 1149 1503 1175 beneficii.
1521 1148 1603 1181 (Rae.
1621 1149 1663 1179 44,
1681 1156 1706 1174 c.
1723 1149 1785 1180 507,
1802 1149 1820 1175 f.
1837 1148 1888 1175 225
1904 1150 1952 1181 r0.)

1231 1238 1381 1275 Philippo,
1398 1241 1468 1267 nat«)
1484 1238 1585 1266 dilecti?
1600 1238 1660 1274 filit·
1676 1238 1786 1266 nobilis
1802 1238 1864 1266 ¹viri
1880 1239 1995 1267 Robertz'
2010 1238 2044 1266 de
2068 1238 2128 1273 Ver,
2145 1246 2194 1266 co-

1191 1292 1275 1319 milis
1288 1291 1416 1327 Omnia,
1434 1292 1540 1319 rectori
1550 1291 1757 1327 parrochialis
1767 1291 1885 1319 ecclesie
1900 1291 1933 1319 de
1946 1291 2077 1319 Ammon
2089 1314 2095 1325 ,
2116 1291 2194 1320 1th-

1192 1345 1336 1373 [oniensis
1363 1345 1496 1373 diocesis.
1532 1344 1658 1373 Mortuo
1690 1344 1842 1381 magistro
1873 1343 2045 1379 Riccardo,
2073 1343 2195 1373 notario

1192 1406 1299 1435 papae,
1317 1402 1436 1427 rectore
1454 1397 1604 1426 ecclcsiae
1623 1397 1660 1426 de
1677 1396 1837 1431 Awelton,
1858 1397 1940 1426 hanc
1952 1406 2030 1435 papa
2040 1396 2193 1432 Gilberto,

1191 1449 1324 1485 clerico,
1338 1458 1492 1487 germano
1508 1450 1637 1479 Roberti
1653 1450 1691 1479 de
1716 1450 1798 1486 Ver,
1820 1449 1971 1486 contulit,
1989 1451 2120 1488 ejusque
2138 1458 2194 1479 no-

1192 1503 1282 1532 mine
1300 1503 1503 1533 Willelmuni
1521 1504 1560 1532 de
1579 1503 1718 1539 Hozuni,
1744 1503 1867 1533 ordinis
1883 1503 2016 1532 fratrum
2034 1503 2194 1542 praedica-

1194 1560 1311 1592 torum,
1325 1556 1363 1585 de
1378 1565 1414 1585 ea
1431 1556 1605 1593 investivit,
1621 1556 1675 1585 sed
1691 1556 1758 1595 jam
1773 1556 1934 1585 Gilbertus
1950 1560 2093 1585 mortuus
2110 1560 2192 1591 erat,

1193 1618 1280 1639 nunc
1312 1611 1411 1648 igitur
1443 1618 1520 1648 papa
1549 1610 1683 1639 eandem
1710 1609 1876 1639 ecelesiam
1898 1610 2034 1639 Roberto
2064 1609 2102 1638 de
2131 1609 2194 1638 Ver

1193 1663 1324 1699 confert,
1348 1664 1479 1702 ejusque
1506 1663 1635 1692 nomine
1662 1663 1854 1700 magistrum
1876 1662 2078 1697 «Iohannem,
2101 1661 2193 1691 deca-

1193 1725 1272 1745 num
1287 1717 1509 1751 Baiocensem,
1530 1725 1681 1746 romanae
1705 1715 1856 1745 ecclesiae
1879 1715 2192 1750 vicecancellarium,

1193 1769 1232 1799 de
1248 1778 1283 1799 ea
1300 1769 1443 1799 investit.

1236 1834 1248 1850 t<
1268 1823 1342 1853 Illos
1359 1823 1507 1862 precipue
1524 1823 1708 1861 prosequi...
1721 1838 1758 1843 —
1771 1822 1842 1851 Dat.
1860 1822 1968 1856 Reate,
1987 1830 2029 1850 vn
2045 1820 2196 1850 kalendas

1193 1876 1341 1913 octobris,
1357 1884 1442 1906 anno
1459 1876 1610 1905 secundo.
1628 1887 1641 1901 n

1234 1930 1271 1959 In
1291 1939 1318 1960 e.
1338 1939 1381 1959 m.
1403 1952 1422 1958 ..
1441 1929 1660 1959 Londoniensi
1677 1934 1707 1958 et
1727 1951 1747 1959 ..
1767 1928 1898 1967 Elyensi
1916 1929 2067 1967 episcopis
2089 1932 2117 1956 et
2135 1928 2197 1956 Be-

1194 1983 1286 2012 rardo
1312 1983 1350 2012 de
1378 1982 1530 2021 Neapoli,
1557 1982 1751 2012 subdiacono
1768 1986 1797 2011 et
1816 1982 1938 2011 notario
1955 1990 2029 2017 suo,
2047 1981 2198 2010 canonico

1194 2035 1380 2069 Parisiensi,
1397 2035 1529 2064 mandat
1547 2039 1581 2064 ut
1596 2035 1791 2073 praedictum
1806 2033 1993 2072 Philippum
2009 2034 2040 2062 in
2057 2041 2197 2071 corpora·

1193 2089 1258 2119 lem
1274 2088 1424 2119 ecclesiae
1440 2088 1477 2118 de
1497 2088 1643 2117 Awelton
1663 2088 1895 2126 possessionem
1913 2087 2076 2116 inducant.

1270 2235 1291 2262 Ι
1298 2235 1386 2263 448

1230 2297 1415 2332 Dispensatio
1444 2305 1531 2331 super
1554 2297 1664 2323 defectu
1693 2297 1794 2323 aetatis
1819 2301 1845 2323 et
1872 2295 2014 2322 ordinum.
2041 2294 2123 2326 (Rea.
2150 2294 2197 2325 44,

1195 2355 1223 2373 c.
1239 2346 1299 2377 508,
1317 2347 1336 2372 f.
1355 2346 1405 2373 ⁵325
1420 2348 1468 2378 1·⁰.)

1715 2233 1801 2266 Rieti,
1818 2234 1851 2260 ²25
1873 2233 2034 2267 septembre
2054 2232 2126 2258 1289.

1236 2439 1376 2475 Philippo
1392 2439 1425 2466 de
1446 2438 1514 2473 Ver,
1531 2438 1655 2469 clerico,
1676 2441 1745 2465 nato
1771 2436 1870 2465 dilecti·
1891 2435 1951 2471 filii
1974 2435 2081 2464 nobilis
2098 2435 2160 2463 vii-13
2177 2456 2196 2463 ..

1197 2492 1316 2520 comitis
1337 2491 1465 2526 Oaeonie,
1483 2490 1702 2519 Lincolniensis
1718 2489 1851 2530 diocesis.
1872 2488 1926 2523 Ei,
1948 2487 2063 2525 viginti
2089 2489 2117 2516 et
2139 2490 2199 2515 tres

1198 2552 1299 2572 annos
1320 2546 1410 2579 nato,
1432 2542 1578 2580 indulget
1602 2546 1635 2571 ut
1660 2541 1781 2571 fruetus
1807 2541 1956 2570 ecclesiae
1972 2540 2009 2569 de
2025 2538 2198 2577 Hodeleye,

1198 2606 1278 2635 quos
1293 2596 1413 2631 adhuc,
1434 2604 1617 2634 quanquam
1634 2595 1666 2624 in
1689 2594 1854 2629 ordinibus
1879 2598 1908 2623 et
1927 2596 2026 2623 aetate
2043 2592 2200 2622 delectum

1199 2650 1333 2688 patiens,
1351 2649 1501 2688 percepit,
1520 2648 1603 2677 licite
1620 2648 1758 2677 retinere
1773 2647 1880 2685 possit.

1242 2714 1254 2728 ι(
1274 2702 1420 2739 Benigno
1438 2702 1493 2731 tibi
1514 2705 1626 2731 suut...
1645 2717 1682 2721 —
1701 2701 1770 2730 Dat.
1791 2704 1944 2737 utsupra.
1968 2711 1980 2725 »

1275 2847 1388 2875 1449
1728 2845 1812 2877 ttieu,
1827 2845 1858 2871 27
1875 2845 2036 2879 septembre
2055 2845 2130 2871 l‘z'stl.

1237 2910 1419 2944 Dispensatio
1449 2918 1534 2942 super
1562 2909 1675 2933 deiectu
1704 2907 1845 2933 ordinum.
1876 2907 1964 2939 (litto.
1992 2906 2042 2937 44,
2072 2917 2096 2932 c.
2124 2907 2200 2937 5082,

1202 2961 1219 2986 l'.
1237 2959 1288 2985 ‘2⁶25
1305 2960 1352 2991 ro.)

1245 3049 1346 3077 Er'dem
1364 3047 1508 3083 indulget
1528 3050 1570 3080 ut,
1587 3049 1746 3083 praetextu
1758 3044 1962 3075 ecclesiarum
1975 3044 2012 3074 de
2024 3044 2164 3082 Horll=·ye
2174 3049 2203 3074 et
