2477 3637
195 390 251 420 404
536 371 542 375 ’
948 379 1186 411 nnetsTRES
1206 379 1261 409 DE
1283 378 1468 409 N1coLAs
1491 379 1547 408 iv.

195 465 257 495 que
284 452 572 494 promissionibus,
600 448 851 487 obligationibus
875 452 905 477 et
933 447 1124 486 juramentis
1149 455 1204 476 seu

195 506 485 539 renuntiationibus
509 512 603 542 super
621 502 679 532 hoc
698 502 782 531 iuter
801 501 884 539 ipsos
902 500 992 530 factis
1010 505 1041 530 et
1063 499 1203 535 habitis,

194 571 212 592 a
230 561 347 600 quibus
363 558 506 596 singulos
522 556 560 586 de
578 556 647 594 ipso
665 553 802 593 capitulo
817 553 1003 584 auctoritate
1021 558 1129 584 nostra
1149 553 1204 583 ab·

195 615 317 645 solvere
346 621 409 642 non
445 615 630 649 postponas,
665 615 869 646 nequaquam
899 606 1099 637 obstantibus
1111 629 1118 640 ,
1150 615 1206 645 per

195 663 534 698 excommunicationis
563 663 597 691 in
633 669 783 700 personas
815 668 925 690 eorum
954 659 1147 689 sententiam
1175 664 1205 689 et

195 721 341 755 demum,
355 718 380 747 si
396 716 588 747 sententiam
600 715 702 753 ipsam
716 712 979 751 contempserint,
995 721 1051 750 per
1065 713 1204 742 subtrac-

196 775 312 804 tionem
329 775 540 810 proventuum
556 767 856 803 ecclesiastieorum,
877 766 1108 796 beneficiorum
1129 775 1204 796 suo-

195 835 266 857 rum
279 849 286 863 ‚
305 834 341 855 ac
364 833 418 863 per
437 822 681 861 suspensionem
699 825 729 850 et
746 820 957 859 privationem
971 827 1094 854 eornm,
1113 822 1206 858 prout.

193 881 315 919 justum
342 878 454 910 fuerit.
483 886 536 915 per
557 882 584 905 te
609 875 657 905 vel
683 874 783 904 alium
807 874 996 903 anctoritate
1024 872 1206 911 supradicta

197 931 383 972 compellas;
412 929 658 960 contradictores
678 937 732 967 per
750 935 919 957 censuram
935 925 1182 956 ecclesiasticam
1194 947 1203 962 ,

198 985 408 1026 appellatione
424 983 612 1023 postposita,
630 980 869 1020 compescendo.
892 981 960 1010 Dat.
986 980 1107 1015 Rome,
1125 978 1209 1018 apud

199 1040 348 1070 Sanctam
367 1038 501 1067 Mariam
520 1036 686 1075 Majorem,
705 1044 722 1063 v
736 1033 888 1064 kalendas
905 1033 1024 1069 martii,
1043 1041 1129 1062 anno
1147 1037 1207 1061 ter-

199 1093 252 1123 tio.
273 1104 287 1119 »

270 1262 387 1291 22¹2ss

235 1325 420 1360 Dispensatio
445 1323 630 1350 matrimonii.
655 1322 737 1356 (Rm.
759 1322 811 1351 45.
836 1330 861 1348 c.
885 1322 917 1352 4,
940 1322 958 1348 f.
985 1322 994 1347 l
1018 1328 1060 1352 r⁰;
1082 1320 1206 1354 Po'rTn„

199 1374 308 1407 23193.)

505 1259 866 1294 Sainte-Marie-Majeure,
889 1258 921 1284 ‘24
938 1259 1041 1285 fevrier
1059 1257 1136 1285 1290.

244 1476 410 1506 Venerabili
427 1476 523 1512 fratri
543 1498 562 1504 ..
587 1476 720 1512 episcopo
739 1474 969 1510 Havelberqensi
989 1472 1158 1502 committit
1175 1476 1210 1502 nt

198 1540 272 1562 cum
290 1529 391 1560 nobili
408 1529 477 1558 viro
493 1527 633 1566 Bugzlao
644 1551 651 1565 ,
669 1527 749 1557 duce
765 1527 947 1561 slavorum,
965 1530 996 1556 et
1010 1526 1118 1563 Greta,
1136 1531 1209 1556 nata

201 1584 319 1615 nobilis
332 1583 424 1612 viri..
444 1581 599 1621 principis
616 1581 820 1620 Ruynorum,
834 1580 996 1618 dispenset
1009 1580 1086 1610 utin
1102 1579 1210 1609 matri-

201 1638 309 1668 monio
324 1636 409 1676 quod
424 1636 500 1666 olim
515 1660 521 1672 ,
542 1635 581 1665 ad
599 1635 754 1664 sedandas
770 1642 902 1672 guerras
913 1657 920 1668 ‚
938 1638 1166 1663 contraxerunt
1180 1637 1211 1663 et

201 1691 236 1720 in
255 1699 317 1730 quo
339 1689 417 1719 duas
440 1688 524 1718 filias
548 1691 752 1728 procrearunt
780 1695 949 1717 remanere
969 1686 1112 1724 valeant,
1136 1686 1211 1716 licet

202 1748 314 1783 quarto
330 1741 618 1780 consanguinitatis
634 1740 734 1779 gradu
753 1740 916 1779 conjuncti
932 1740 1007 1769 sint.

244 1810 258 1824 a
279 1797 426 1828 Exhibita
445 1796 537 1825 nobis
554 1795 698 1826 dilecti...
720 1811 755 1816 —
775 1795 845 1824 Dat.
866 1795 987 1831 Rome,
1006 1794 1090 1833 apud
1109 1794 1210 1824 Sanc-

205 1856 267 1881 tam
285 1851 420 1881 Mariam
437 1850 604 1888 Majorem,
621 1858 651 1878 v¹
669 1848 822 1878 kalendas
838 1848 956 1883 martii,
974 1856 1060 1878 anno
1076 1848 1178 1877 tertio.
1195 1859 1209 1875 »

239 2008 489 2040 2222-2229

240 2071 450 2106 Indulgentiae.
468 2071 552 2104 (Rae.
569 2070 613 2104 45,
631 2078 658 2097 c.
675 2070 700 2101 5,
719 2070 738 2096 f.
757 2071 767 2096 1
786 2077 833 2104 v⁰;
851 2069 918 2096 Lar.
935 2078 970 2097 nu
986 2069 1085 2101 Tuam,
1104 2069 1158 2103 111,
1175 2069 1213 2104 3.)

247 2197 268 2204 ..
285 2175 432 2212 mayt'slro
449 2179 474 2203 et
488 2174 636 2210 fratribus
648 2173 756 2202 domus
769 2173 819 2202 Dei
831 2173 1023 2210 Niyellenst's,
1038 2166 1215 2202 Noviomenss

205 2229 248 2258 sis
279 2228 412 2256 diocesis.
443 2226 683 2264 Indulgentiam
715 2225 813 2255 unius
842 2225 922 2255 anni
952 2230 983 2256 et
1013 2235 1052 2255 xi.
1087 2226 1214 2256 dierum

205 2280 349 2311 concedit
365 2280 411 2310 eis
427 2280 482 2318 qui
495 2278 649 2318 capellam
662 2278 839 2317 praedictae
854 2278 968 2308 domus
980 2279 1050 2315 Dei,
1068 2279 1101 2308 iu
1115 2279 1214 2310 hono-

205 2342 274 2363 rem
292 2332 401 2363 Sancti
421 2332 584 2363 Johannis
600 2332 761 2370 Baptistae
779 2320 994 2367 constructam
1006 2356 1013 2368 ,
1035 2331 1068 2361 in
1089 2332 1214 2362 Nativi-

207 2386 280 2416 tatis
295 2391 325 2416 et
340 2385 568 2416 Deeollatiouis
584 2385 682 2424 hujus
697 2384 799 2415 sancti
817 2384 1061 2420 festivitatibus,
1076 2395 1133 2424 per
1147 2391 1215 2416 octo

207 2439 275 2469 dies
299 2443 468 2478 sequentes
487 2443 518 2468 et
537 2439 570 2468 in
589 2438 813 2469 anniversario
831 2438 883 2468 die
905 2438 1114 2469 dedicationis
1131 2441 1215 2479 ejus-

207 2493 280 2523 dem
297 2492 436 2532 capellae
452 2493 665 2522 visitaverint.

249 2559 262 2574 σ
282 2547 369 2576 Licet
387 2546 415 2575 is
433 2546 509 2576 de...
526 2563 563 2567 —
580 2546 650 2575 Dat.
670 2546 787 2581 Rome,
811 2546 895 2584 apud
911 2545 1060 2576 Sanctam
1078 2547 1215 2577 Mariam

209 2600 380 2639 Maiorem,
397 2599 545 2629 kalendis
561 2599 690 2635 martii,
710 2607 796 2629 anno
814 2599 916 2630 tertio.
938 2611 952 2626 »

520 2678 878 2713 Sainte-Marie-Majeure,
896 2679 927 2706 24
945 2679 1049 2707 fe'vrier
1066 2679 1144 2708 1290.

250 2742 288 2772 In
313 2751 340 2772 e.
365 2751 409 2771 m.
437 2765 455 2771 ,.
477 2741 655 2780 guardiano
677 2746 708 2771 et
730 2742 880 2772 fratribus
901 2741 1025 2772 ordinis
1051 2742 1217 2773 minorum

212 2794 487 2831 Narbonensibus,
503 2803 558 2834 pro
569 2804 680 2825 eorum
695 2795 839 2832 ecclesia,
853 2795 887 2824 in
900 2795 1055 2826 honorem
1072 2796 1104 2826 S.
1121 2796 1145 2826 F
1147 2805 1218 2828 ran-

212 2847 286 2876 cisci
305 2852 496 2877 constructa.
519 2848 588 2878 Dat.
608 2847 727 2878 ibidem
740 2871 749 2885 ,
767 2858 796 2878 vi
813 2847 968 2878 kalendas
984 2849 1108 2887 martii,
1132 2858 1218 2880 anno

211 2900 350 2930 secundo
365 2899 515 2940 (Forma,
534 2901 654 2939 23194).

253 2953 290 2981 In
308 2962 334 2982 e.
352 2962 394 2982 m.
419 2976 439 2983 ..
456 2955 632 2992 gum-diano
648 2960 678 2985 et
696 2955 844 2985 fratribus
859 2955 982 2986 ordinis
999 2956 1164 2987 minorum
1179 2957 1218 2988 de

214 3004 333 3042 Asula‚
363 3006 537 3036 Brixiensis
561 3008 733 3044 dioecesis,
759 3009 793 3038 in
816 3008 970 3039 honorem
994 3009 1025 3039 S.
1055 3010 1217 3040 Francisci

214 3061 403 3088 constructa.
423 3059 492 3088 Dat.
511 3064 545 3089 ut
560 3069 665 3098 supra.
681 3060 833 3100 (Porum,
856 3061 976 3101 23195).

573 2006 932 2042 Sainte-Marie-Majeu1·e‚
952 2007 990 2033 μ’
1004 2015 1080 2033 mars
1098 2006 1176 2034 1290.
1220 2000 1222 2002 ¹

1325 445 1568 474 2280-2281
1577 465 1583 470 .

1324 507 1369 533 Ad
1382 507 1554 534 solutionem
1565 506 1728 533 debitorum
1740 505 1988 540 Petragoricensts
1997 507 2147 534 ecclesiae.
2159 506 2243 541 (Rae.
2252 508 2297 543 45,

1287 565 1314 583 c.
1331 556 1356 587 6,
1374 556 1393 582 f,
1416 557 1423 582 l
1444 561 1491 586 v⁰;
1513 555 1579 582 Lm.
1597 564 1632 582 nu
1647 555 1748 586 Tuam,
1764 554 1818 589 111,
1836 557 1873 590 5.)
2366 556 2381 585 ,ἡ

1637 444 1997 480 Sainte-Marie-Majeure,
2014 445 2048 473 ‘28
2064 445 2168 472 fevi-ier
2183 445 2260 474 ¹290.

1334 658 1501 687 Venerabili
1516 658 1624 699 fratri
1652 657 1831 695 Raymtmdo
1845 680 1852 693 ,
1883 658 2015 695 episcopo
2044 657 2297 701 Petraqorioensi,
2340 651 2348 661 ⁴

1293 723 1306 738 ι
1330 710 1423 741 Circa
1446 709 1664 749 quarumlibet
1687 709 1895 740 ecclesiarum
1919 714 1949 740 et
1969 718 2179 748 personarum
2197 710 2298 742 eccle-

1288 765 1491 794 siasticarum
1514 764 1719 794 necessitates
1736 763 1871 794 sollicite
1888 763 2078 802 vigilantes,
2101 763 2147 793 eis
2161 763 2298 796 libenter

1288 820 1469 850 assistimus
1488 824 1523 849 ut
1536 828 1555 849 a
1573 819 1640 848 suis
1658 818 1920 857 oppressionibus
1936 822 1967 848 et
1981 819 2134 849 oneribus
2153 819 2299 850 relevans
2319 846 2324 854 ,

1290 879 1351 904 tur.
1374 873 1457 903 Cum
1474 874 1580 912 itaque
1593 896 1600 908 ,
1619 872 1702 902 sicut
1724 881 1761 902 ex
1781 875 1869 911 parte
1886 876 1938 902 tua
1953 872 2013 902 fuit
2028 872 2223 912 propositum
2244 881 2305 904 oo-

1290 935 1357 956 ram
1375 926 1484 963 nobis,
1502 935 1556 966 pro
1571 925 1758 956 defensione
1770 925 1895 964 jurium
1911 924 2044 956 ecclesie
2060 925 2299 964 Petragoricem

1289 980 1351 1017 sis,
1381 984 1491 1010 contra
1520 979 1695 1009 nonnullos
1723 978 1886 1018 principes
1917 983 1948 1008 et
1979 978 2116 1009 barones
2149 987 2186 1009 ac
2218 978 2299 1020 aliae

1289 1033 1430 1063 diversas
1450 1041 1600 1072 personas
1619 1032 1750 1063 illarum
1769 1032 1908 1071 partium
1926 1036 1955 1062 te
1976 1033 2154 1071 oportuerit
2174 1029 2300 1072 litigare
2320 1054 2321 1058 ,
2339 1041 2342 1044 ’

1290 1091 1320 1116 et
1338 1091 1464 1125 propter
1479 1094 1692 1125 expensarum
1708 1094 1806 1116 onera
1827 1094 1907 1124 quas
1925 1089 1954 1116 te
1977 1090 2104 1125 propter
2117 1085 2178 1116 hoc
2198 1085 2314 1118 facere·

1289 1140 1428 1178 oportuit
1451 1139 1563 1170 eadem
1582 1138 1716 1169 ecclesia
1734 1143 1865 1176 gravata
1881 1139 1922 1168 sit
1944 1139 2070 1169 sarcina
2087 1147 2153 1170 non
2177 1138 2314 1173 modica*

1290 1193 1471 1223 debitorum
1482 1216 1490 1230 ,
1508 1201 1565 1223 nos
1579 1217 1586 1230 ‚
1604 1192 1745 1222 volentes
1762 1197 1791 1222 te
1806 1201 1843 1222 ac
1860 1192 1977 1222 dictam
1992 1192 2162 1223 ecclesiam
2177 1192 2218 1223 ab
2239 1192 2302 1224 hu-

1288 1246 1429 1284 jusmodi
1446 1245 1625 1276 debitorum
1648 1254 1746 1276 onere
1766 1245 1916 1282 relevari,
1935 1246 1997 1275 tuis
2016 1245 2315 1286 supplicationibus,-

1292 1298 1453 1335 incliuati,
1468 1298 1654 1328 auctoritate
1671 1298 1729 1328 tibi
1742 1298 1940 1337 presentium
1953 1298 2161 1337 indulgemus
2174 1304 2209 1330 ut
2221 1299 2304 1331 fruc-„³
2323 1293 2326 1302 ’

1293 1355 1343 1381 tus
1358 1375 1364 1387 ,
1386 1351 1528 1381 redditus
1543 1355 1574 1381 et
1589 1357 1760 1390 proventus
1778 1351 1874 1390 primi
1889 1351 1970 1381 anni
1990 1351 2139 1382 omnium
2154 1352 2307 1385 ecclesia*

1293 1414 1366 1434 rum
1381 1409 1412 1435 et
1426 1404 1656 1435 beneficiorum
1674 1404 1977 1442 ecclesiasticorum,
1991 1413 2066 1435 cum
2079 1413 2156 1435 cura
2169 1404 2220 1436 vel
2233 1405 2305 1441 sinu
2320 1422 2322 1425 ·

1292 1467 1384 1494 cura,
1408 1467 1471 1496 que
1490 1466 1592 1496 usque
1615 1458 1654 1487 ad
1673 1457 1850 1488 triennium
1867 1458 1900 1487 iu
1921 1462 1974 1488 tua
1992 1458 2119 1488 civitate
2135 1462 2166 1489 et
2186 1458 2239 1490 dio
2264 1458 2318 1491 ιη’.

1294 1565 1448 1596 tationem
1464 1573 1530 1595 non
1547 1565 1729 1603 pertineant
1742 1569 1964 1604 exemptorum
1980 1569 2012 1595 et
2027 1565 2164 1604 receptis
2177 1569 2210 1596 et
2225 1565 2314 1599 recia

1293 1619 1420 1658 piendis
1435 1619 1470 1648 in
1488 1617 1631 1648 ecclesiis
1653 1618 1731 1656 ipsis
1754 1622 1785 1648 et
1801 1617 1869 1648 illis
1886 1619 1942 1657 qui
1963 1618 2121 1649 beneficia
2137 1618 2308 1651 ecc-,lesina¹
2327 1629 2338 1643 ’-

1295 1832 1562 1864 convertendos...
1581 1831 1652 1860 Dat.
1671 1831 1772 1861 Rome
1783 1854 1790 1868 ,
1807 1831 1891 1870 apud
1907 1831 2059 1861 Sanctam
2074 1831 2212 1862 Mariam
2241 1845 2255 1857 «ι

1292 1889 1415 1927 jorem,
1433 1896 1454 1916 11
1471 1885 1624 1916 kalendas
1641 1886 1766 1923 martii,
1784 1894 1870 1916 anno
1884 1885 1986 1916 tertio.
2006 1897 2020 1913 »
2147 1924 2150 1926 v
2178 1922 2181 1923 ⁷

1336 1942 1373 1971 Iu
1398 1950 1425 1971 e.
1449 1949 1493 1970 m.
1521 1963 1540 1970 ..
1562 1940 1702 1977 cantori,
1723 1939 1918 1978 Raymundo
1939 1939 2117 1977 Iohannis,
2132 1939 2230 1970 Catur
2255 1945 2304 1987 zur&

1296 1995 1342 2025 cis
1355 2019 1362 2032 ,
1378 1999 1409 2025 et
1424 1993 1585 2024 Richardo
1597 1993 1635 2023 de
1651 1993 1744 2023 Senis
1755 2017 1762 2028 ,
1778 1993 2021 2023 Cameracensis
2037 1992 2246 2024 ecclesiarum
2265 1991 2306 2026 vn?

1297 2048 1440 2084 nonicis,
1467 2047 1600 2077 mandat
1631 2050 1790 2085 quatenus
1819 2046 1926 2076 eidem
1954 2046 2101 2086 episcopo
2132 2040 2262 2086 praedic

1298 2102 1419 2131 [ructus
1435 2105 1466 2130 et
1481 2099 1625 2130 redditus
1641 2099 1801 2138 assignari
1817 2099 1947 2129 faciant.
2290 2086 2301 2099 Ἀ

1371 2288 1488 2317 2282
1613 2285 1974 2320 Sainte-Marie-Majeure,
1990 2285 2024 2314 28
2038 2285 2143 2312 sevrier
2158 2285 2236 2314 1290.
2271 2262 2286 2322 ij

1335 2350 1464 2377 Licentia
1479 2349 1631 2376 exercendi
1647 2357 1698 2384 per
1713 2349 1785 2375 alios
1801 2348 2000 2383 quinquennio
2016 2348 2138 2375 durante
2149 2349 2202 2384 jus

1300 2400 1397 2426 tionis.
1415 2398 1498 2432 (Rae.
1515 2398 1560 2430 45,
1576 2406 1600 2425 c.
1617 2399 1643 2429 7,
1660 2398 1680 2424 f.
1701 2398 1710 2424 l
1729 2404 1773 2431 v⁰;
1791 2397 1859 2425 Lar.
1876 2406 1912 2425 nu
1924 2397 2024 2432 Τῃειι,
2040 2396 2094 2432 111,
2109 2397 2146 2430 2.)

1347 2501 1516 2531 Venerabili
1532 2501 1628 2538 fratri
1645 2500 1840 2538 Raymundo,
1860 2501 1994 2538 episcopo
2010 2499 2198 2530 Caturoensi.

1342 2565 1356 2581 «
1380 2554 1424 2583 Ex
1447 2557 1500 2583 tue
1519 2552 1734 2583 devotionis...
1754 2569 1793 2574 —
1811 2552 1884 2583 Dat.
1909 2553 2032 2590 Rome,
2051 2552 2137 2592 apud
2158 2551 2299 2595 Sam—24:22*

1300 2607 1437 2638 Mariam
1452 2606 1619 2645 Maj0rem,
1638 2615 1661 2636 11
1676 2605 1829 2636 kalendas
1845 2605 1971 2642 martii,
1991 2614 2078 2637 anuo
2096 2606 2200 2637 tertio.
2224 2598 2269 2642 ιζ’-
2282 2628 2290 2631 .

1373 2785 1491 2814 2283

1338 2848 1525 2884 Dispensatio
1541 2848 1725 2876 matrimonii.
1741 2848 1824 2883 (Rae.
1843 2848 1887 2882 45,
1903 2855 1929 2875 c.
1946 2847 1972 2880 8,
1990 2848 2009 2875 f.
2023 2847 2041 2874 ‘2
2057 2850 2103 2881 ro.)

1614 2784 1976 2819 Sainte-Marte-Majeure,
1991 2784 2026 2812 24
2039 2783 2146 2812 sevrier
2161 2782 2239 2813 1290-

1301 3011 1395 3037 tenus
1418 3014 1492 3036 cum
1515 3005 1609 3035 Petro
1633 3005 1672 3035 de
1701 3004 1817 3035 Sancto
1845 3004 2012 3036 Clemente
2039 3008 2071 3035 et
2090 3004 2211 3042 Maria,
2244 3001 2293 3039 ῗᾏ

1301 3059 1467 3091 Guillelmi
1487 3057 1647 3089 Olomaris
1659 3082 1666 3096 ‚
1683 3057 1808 3089 civibus
1824 3057 2160 3098 Barchinonensihus,
2176 3057 2299 3098 disper*-
