2477 3637
274 385 327 413 5⁸4

800 442 931 472 Orvicto,
950 440 982 466 ¹5
994 440 1107 474 janvier
1124 437 1201 464 1291.

316 512 349 540 ln
367 520 395 540 e.
417 520 471 544 ni..
491 517 543 547 pro
558 507 688 537 ecclesia
706 504 870 544 hospitalis
886 503 995 532 Sancti
1009 501 1145 540 Spiritus
1159 499 1274 529 domus

274 565 468 602 leprosorum
484 562 522 591 de
539 560 627 590 Valle
644 559 874 590 Urbevetauae.

315 629 326 642 u
348 616 430 645 Licet
448 615 473 643 is
489 615 563 644 de...
581 629 620 634 —
637 612 707 642 Dat.
725 610 807 649 apud
827 609 1087 640 Urbemveterem
1101 629 1108 643 ‚
1126 615 1200 635 xvni
1216 605 1274 635 ka-

274 669 381 699 lendas
399 666 555 706 junuarii,
571 673 657 695 anno
675 664 775 694 tertio.
797 675 810 689 ι)

343 838 458 867 3898
764 834 890 864 Ori-icto,
906 833 940 860 ‘23
955 831 1106 859 decembre
1124 831 1202 858 1290.

306 899 429 926 Litteras
449 898 597 924 confirmat
616 897 721 931 quibus
744 895 902 929 Gregorius
918 902 988 929 papa
1003 892 1152 919 sororibus
1175 891 1275 926 poeni-

273 948 401 975 tentibus
418 947 539 973 Sanctae
555 946 660 972 Mariae
676 945 859 979 Magdalenne
874 944 1002 970 habitum
1018 946 1046 968 et
1061 941 1187 975 regulam
1199 940 1276 966 beati

273 996 432 1030 Augustini
458 999 485 1022 et
508 995 704 1022 institutiones
721 993 829 1020 ordinis
850 992 1014 1018 monialium
1035 990 1134 1017 Sancti
1152 989 1225 1016 Sixti
1240 988 1274 1015 de

275 1045 352 1072 Urbe
368 1045 522 1072 concessit.
540 1043 622 1077 (Rso.
639 1043 681 1073 45,
699 1051 724 1069 c.
739 1042 799 1073 616,
816 1042 835 1067 f.
856 1041 902 1067 1⁴23
918 1042 967 1071 vo.)

313 1148 433 1176 Dileclis
452 1149 482 1175 in
499 1146 616 1175 Christo
632 1145 752 1182 filiabus
774 1144 929 1173 sororibus
950 1142 1152 1180 penitentibus
1168 1140 1277 1170 Sancte

274 1201 366 1230 Jlarie
378 1200 558 1238 Jlaqdalene.

318 1266 330 1279 ‹
355 1253 530 1290 Gregorius
549 1251 713 1290 episcopus
735 1259 844 1280 servus
866 1257 1030 1279 servorum
1055 1247 1126 1277 Dei.
1143 1246 1276 1277 Dilectis

277 1319 288 1332 ι»
315 1307 347 1336 in
365 1306 492 1336 Christo
515 1305 641 1335 filiabus
661 1303 820 1334 sororibus
840 1302 1055 1342 penitentibus
1074 1301 1188 1331 Sancte
1207 1301 1275 1330 Ma-

275 1372 288 1385 ›=
312 1360 359 1389 rie
376 1358 577 1396 Magdatene‚
596 1357 729 1387 salutem
748 1361 778 1386 et
792 1355 994 1395 apostolicam
1008 1353 1273 1384 benedictionem.

275 1424 288 1439 n
315 1412 526 1449 Exsurgentes
543 1411 581 1441 de
596 1410 765 1449 pulvere...
786 1426 825 1432 —
850 1409 921 1438 Dat.
941 1408 1106 1446 Anagnie,
1122 1417 1141 1437 x
1161 1407 1276 1437 kalen-

276 1477 288 1491 »
311 1465 366 1494 das
400 1464 597 1499 novembris,
634 1462 836 1502 pontificatus
873 1462 973 1492 nostri
1009 1469 1095 1491 anno
1130 1464 1228 1490 sexto.
1261 1471 1275 1487 1>

274 1519 421 1555 (Pori-u„
441 1517 543 1557 9025.)

314 1584 327 1598 α
346 1571 487 1601 Gaudete
503 1576 532 1600 et
547 1570 720 1601 exultate...
741 1586 780 1593 —
795 1570 866 1599 Dat.
891 1569 974 1608 apud
995 1568 1277 1604 Urhemveterem,

273 1635 290 1655 x
306 1625 460 1655 kalendas
472 1624 630 1663 januarii,
649 1632 735 1654 anno
751 1623 853 1654 tertio.
874 1635 887 1649 n

344 1796 459 1825 3899

311 1858 494 1894 Dispensatio
524 1866 612 1893 snper
640 1858 754 1885 defectu
784 1857 930 1884 natalium.
963 1856 1048 1889 (Rae.
1073 1857 1123 1891 45,
1155 1865 1180 1884 c.
1211 1856 1280 1888 617,

276 1908 294 1934 s.
314 1908 362 1935 ¹²25
378 1909 425 1939 ro.)

826 1794 954 1826 Orvieto,
971 1794 986 1821 3
999 1794 1113 1829 janvier
1130 1793 1207 1820 1291.

317 2032 336 2039 ..
354 2011 454 2039 abbati
472 2010 648 2038 monasterii
669 2010 758 2039 Vallis
773 2009 881 2038 Sancte
899 2009 1002 2045 Marte,
1021 2009 1282 2038 Prentonstraten-

275 2065 316 2092 sis
339 2064 477 2099 ordinis,
499 2063 694 2100 Trajectensz's
712 2063 847 2099 diocesis,
865 2062 1035 2092 committit
1053 2066 1088 2092 ut
1109 2071 1182 2092 cum
1205 2063 1281 2092 Lin-

277 2116 411 2155 dulplio,
435 2116 616 2155 presbytero
640 2116 791 2154 praedicti
814 2116 937 2146 ordinis
951 2140 958 2152 ,
978 2115 1046 2146 filio
1066 2116 1222 2146 Kemonis
1244 2116 1282 2146 de

277 2172 379 2202 Frisia
400 2176 427 2201 et
449 2172 642 2204 liemondae,
662 2171 772 2202 uxoris
788 2172 868 2210 ejus,
888 2172 1100 2210 Trajectensis
1115 2171 1280 2209 dioecesis,

276 2226 351 2265 qui,
382 2226 563 2263 ignorantes
591 2235 623 2255 se
654 2226 744 2256 tertio
770 2225 1061 2263 consanguinitatis
1085 2225 1186 2264 gradu
1210 2234 1283 2256 con-

273 2279 420 2317 junctos.
445 2279 688 2309 matrimonium
707 2277 839 2308 insimul
860 2283 1104 2316 contraxerunt,
1121 2278 1284 2317 dispenset

279 2341 376 2370 super
393 2332 514 2362 defectu
535 2331 706 2368 natalium,
723 2333 749 2361 si
765 2340 860 2370 quem
880 2332 1005 2371 patitur,
1023 2336 1057 2362 ut
1073 2331 1108 2361 iu
1128 2332 1282 2370 susceptis

278 2385 467 2414 ministrare
479 2385 645 2415 ordinibus
659 2390 688 2414 et
699 2385 737 2414 ad
748 2385 1043 2416 administrationes
1053 2385 1176 2416 ordinis
1189 2385 1282 2415 Prae-

276 2438 519 2468 monstratensis
533 2439 654 2468 assumi
671 2438 782 2468 valeat.

246 2533 249 2535 Β
318 2504 330 2518 α
352 2491 465 2521 Petitio
495 2496 546 2521 tna
576 2491 703 2522 nobis...
733 2507 772 2514 —
799 2491 870 2521 Dat.
897 2492 979 2531 apud
1001 2492 1279 2528 Urbemveterem,

277 2554 310 2574 111
330 2553 430 2575 nonas
442 2544 595 2583 ⁸ianuarii¹
613 2553 697 2575 anno
716 2545 816 2575 tertio.
839 2557 851 2572 ι»

347 2724 597 2752 3900-3905

309 2786 491 2820 Dispensatio
501 2786 670 2813 residentiae
678 2787 789 2813 clericis
797 2787 988 2814 beneficiariis
996 2788 1278 2824 concessa.(Rso.45‚

277 2843 301 2861 c.
319 2835 379 2865 618,
398 2835 415 2862 s.
437 2836 546 2867 12:31-0.)

783 2723 910 2759 Orvieto,
928 2725 943 2752 9
959 2726 1114 2752 novembre
1131 2726 1207 2753 1290.

318 2937 415 2966 Nobili
440 2939 563 2966 nmlieri
580 2939 723 2974 matrici,
743 2939 857 2968 clue-isse
878 2939 1066 2977 Bnrynndie,
1085 2940 1231 2979 indulget
1247 2945 1281 2971 ut

279 2994 412 3029 quatuor
435 2990 541 3020 clerici
560 2992 627 3029 ejus
642 2991 802 3030 obsequiis
818 2991 1002 3022 insistentes
1018 2992 1155 3029 fructus,
1173 2993 1279 3023 reddi-

280 3047 328 3073 tus
352 3048 381 3073 et
404 3047 571 3082 proventus
592 3044 820 3074 beneficiorum
842 3053 973 3075 suornm
994 3045 1277 3077 ecclesiasticorum

1015 370 1250 403 REGISTRES
1274 370 1328 400 DE
1351 367 1535 398 NICOLAS
1557 368 1615 398 lv.

1312 449 1318 494 Ι
1358 443 1412 472 per
1432 433 1696 472 quinquennium
1716 442 1788 463 cnm
1810 441 1846 462 ea
1863 431 2047 470 integritate
2065 430 2225 469 percipere
2242 430 2362 468 possint

1355 495 1429 516 cum
1451 494 1515 525 qua
1532 486 1604 516 illos
1624 486 1823 525 perciperent
1846 484 1873 514 si
1895 485 1927 514 iu
1952 483 2096 514 ecclesiis
2114 482 2149 512 in
2171 482 2289 521 quibus
2306 481 2362 513 illa

1356 538 1502 569 obtinent
1517 538 1726 577 personaliter
1744 538 1933 568 residerent.

1399 604 1412 618 u
1432 591 1618 621 Devotionis
1636 596 1688 622 tue
1704 591 1822 621 votis...
1839 608 1878 612 —
1894 590 1965 620 Dat.
1983 589 2067 629 apud
2085 589 2361 627 Urbemveterem,

1356 653 1376 673 v
1392 643 1465 673 idus
1481 644 1678 679 novembris,
1696 652 1782 674 anno
1800 643 1902 675 tertio.
1924 655 1938 670 »

1396 698 1434 727 In
1459 706 1486 727 e.
1511 706 1556 727 m.
1579 721 1599 728 ..
1620 698 1766 736 episcopo
1788 697 1943 733 Edueusi,
1968 719 1989 726 ..
2012 696 2187 735 praeposito
2213 693 2363 726 ecclesiae

1357 751 1395 780 de
1412 751 1519 781 Monte
1536 750 1661 789 Regali,
1678 750 1893 789 Lingonensis
1908 749 2074 786 dioecesis,
2091 753 2122 779 et
2134 747 2310 778 Guillelmo
2323 747 2364 779 de

1359 803 1448 834 Bello
1473 804 1573 840 Furti,
1591 805 1745 835 canonico
1769 803 1965 841 Parisieusi,
1988 803 2119 833 mandat
2145 806 2180 831 nt
2196 801 2364 841 praedictis

1357 857 1480 888 clericis
1498 857 1641 888 redditus
1659 863 1689 888 et
1706 863 1877 897 proventus
1893 858 2017 895 integre
2035 856 2215 886 ministrari
2233 855 2363 887 faciant.
2379 846 2381 849 Ι

1400 925 1413 939 «ι
1433 913 1617 943 Devotionis
1637 913 1715 943 votis
1731 912 1884 943 dilecte...
1900 928 1941 935 —
1957 912 2027 942 Dat.
2046 915 2202 951 utsupra.
2221 923 2235 938 n

1849 991 1975 1023 Orvieto,
1994 991 2026 1019 13
2043 991 2197 1018 novembre
2214 989 2292 1018 1290.
2344 1009 2350 1012 -

1399 1053 1435 1083 ln
1453 1063 1480 1083 e.
1499 1063 1542 1083 m.
1559 1053 1730 1093 phylippo,
1742 1054 1958 1093 primogenito
1974 1054 2027 1091 R„
2043 1053 2168 1084 comitis
2180 1052 2366 1083 Atrebaten-

1358 1107 1416 1144 sis,
1436 1112 1466 1136 et
1485 1107 1639 1143 Blancae,
1662 1108 1752 1137 uxori
1771 1108 1856 1147 ejus,
1874 1107 2021 1146 indulget
2046 1111 2080 1137 ut
2101 1111 2238 1146 quatuor
2258 1105 2367 1137 clerici

1358 1168 1468 1190 eorum
1484 1160 1648 1199 obsequiis
1663 1160 1857 1198 insistentes,
1873 1160 2004 1198 fructus,
2023 1159 2167 1198 redditus
2182 1163 2213 1190 et
2229 1160 2380 1198 proven-'

1358 1217 1408 1243 tus
1424 1214 1655 1244 beneficiorum
1668 1223 1798 1245 suorum
1814 1214 2100 1245 ecclesiasticorum
2114 1223 2170 1253 per
2182 1214 2368 1253 quinquen·
2379 1206 2389 1222 ‘⁶

1359 1267 1452 1296 nium
1471 1267 1597 1305 integre
1612 1268 1773 1306 percipere
1788 1268 1920 1307 possint.
2192 1272 2194 1274 '

1402 1331 1415 1346 α
1441 1319 1650 1359 Exigentibus
1674 1325 1776 1351 vestre
1797 1321 2012 1352 devotionis..
2036 1337 2075 1342 —
2095 1320 2168 1350 Dat.
2194 1319 2279 1360 apud
2301 1318 2368 1350 Ur'-

1359 1373 1586 1411 bemveterem,
1604 1374 1708 1404 idibus
1728 1374 1925 1411 novembris,
1944 1383 2030 1405 anno
2050 1375 2153 1405 tertio.
2174 1386 2188 1402 n

1401 1427 1439 1457 In
1461 1437 1488 1458 e.
1513 1437 1557 1457 m.
1585 1451 1606 1460 ..
1631 1428 1739 1458 abbati
1763 1428 1947 1458 monasterii
1969 1429 2008 1459 de
2028 1428 2148 1464 Archi,
2173 1427 2369 1458 Morinensis

1361 1481 1527 1518 dioecesis,
1542 1503 1563 1511 ..
1575 1481 1802 1512 archidiacono
1818 1481 1971 1512 ecclesiae
1987 1481 2243 1518 Aurelianensis,
2260 1484 2290 1512 et
2305 1489 2375 1512 mar

1361 1534 1460 1573 gistro
1485 1534 1661 1565 Guillelmo
1688 1535 1726 1565 de
1753 1534 1842 1565 Bello
1867 1535 1970 1573 Forti,
1994 1535 2149 1566 canonico
2177 1534 2368 1572 Parisiensi,

1362 1587 1494 1618 mandat
1511 1592 1545 1618 ut
1564 1588 1732 1627 praedictis
1753 1588 1878 1619 clericis
1900 1597 1973 1619 suos
1989 1588 2132 1619 redditus
2147 1592 2178 1618 et
2195 1583 2370 1628 proventus
2386 1623 2389 1627 ,

1362 1641 1486 1679 integre
1502 1641 1680 1672 ministrari
1698 1643 1826 1672 saciant.
2396 1632 2403 1639 ‘

1406 1707 1419 1721 ιι
1440 1695 1651 1733 Exigentibus
1670 1696 1849 1726 devotionis
1871 1696 2032 1727 meritis...
2048 1713 2088 1720 -
2107 1696 2179 1727 Dat.
2201 1695 2288 1736 apud
2305 1695 2375 1727 Ur·

1363 1748 1590 1786 hemveterem,
1606 1749 1712 1779 idibus
1728 1750 1923 1787 novembris,
1939 1759 2026 1781 anno
2043 1750 2145 1782 tertio.
2164 1761 2178 1778 n

1875 1830 2002 1863 Orvieto,
2019 1832 2034 1859 9
2051 1831 2206 1858 novembre
2222 1830 2300 1859 1290.

1404 1893 1443 1922 In
1461 1901 1488 1923 e.
1506 1901 1549 1922 m.
1567 1893 1714 1930 Roberto,
1732 1893 1841 1923 comiti
1859 1893 2050 1932 Arverniae‚
2068 1898 2098 1924 et
2113 1893 2264 1932 Beatrici,
2281 1893 2386 1927 uxori:

1364 1947 1445 1985 ejus,
1461 1945 1735 1977 Claromontensis
1749 1947 1911 1977 dioecesis
2380 1984 2384 1986 ,

1407 2012 1420 2028 (ι
1439 2000 1626 2030 Devotionis
1642 2005 1745 2031 vestre
1761 2002 1911 2031 merita...
1927 2018 1966 2023 —
1980 2002 2051 2031 Dat.
2069 2001 2152 2041 apud
2166 2001 2386 2033 Urbemvete--·'

1365 2062 1445 2091 rem,
1465 2063 1485 2083 v
1502 2054 1575 2084 idus
1591 2054 1785 2092 novembris,
1805 2063 1891 2085 anno
1909 2055 2011 2086 tertio.
2033 2067 2046 2083 n

1405 2107 1444 2137 In
1459 2117 1486 2137 e.
1504 2116 1548 2137 m.
1565 2130 1584 2136 ..
1598 2108 1695 2146 priori
1712 2108 1750 2137 de
1768 2107 1952 2146 Revilliaco‚
1969 2109 2150 2139 communis
2164 2108 2374 2148 Morinensis,
2393 2122 2398 2128 ·

1367 2184 1387 2191 ..
1407 2161 1587 2200 praeposito
1608 2160 1824 2199 Thoracensi,
1843 2162 2055 2192 Tornacensis
2073 2162 2239 2200 dioecesis,
2257 2166 2287 2193 et
2303 2156 2383 2192 mar-‘-

1364 2214 1464 2252 gistro
1481 2213 1656 2245 Guillelmo
1671 2214 1710 2245 de
1728 2214 1818 2246 Bello
1835 2215 1932 2253 Furti,
1950 2216 2104 2246 canonico
2122 2215 2311 2246 Parisiensi.

1407 2279 1421 2294 «
1437 2267 1624 2298 Devotionis
1638 2268 1750 2297 merita
1762 2267 1907 2299 dilecti...
1919 2284 1959 2290 -
1974 2268 2045 2298 Dat.
2063 2268 2147 2308 apud
2163 2268 2376 2299 Urbemvetae

1365 2329 1446 2358 rem,
1463 2331 1483 2350 v
1498 2320 1571 2351 idus
1586 2321 1782 2357 novembris,
1800 2330 1886 2352 anno
1905 2321 2008 2352 tertio.
2029 2333 2042 2349 »2

1434 2508 1684 2537 :moe-3⁰09

1874 2508 2000 2541 Orvieto,
2019 2509 2034 2537 5
2050 2508 2205 2536 novembre
2222 2508 2301 2538 1290.
2380 2540 2385 2546 ᾗ

1399 2571 1528 2598 Licentia
1543 2571 1721 2606 ingrediendi
1737 2572 1919 2600 monasteria.
1937 2571 2020 2606 (Rea.
2037 2572 2080 2604 45,
2096 2581 2123 2600 c.
2140 2571 2202 2604 619,
2217 2571 2238 2599 ί.
2258 2571 2308 2600 125
2317 2566 2382 2607 v0.)7

1402 2675 1504 2704 Nobili
1518 2675 1645 2704 mulieri
1661 2675 1801 2712 Beacrvz'ci,
1820 2675 1935 2705 ducisse
1952 2675 2140 2713 Buryundie.
2155 2686 2169 2702 a
2187 2674 2232 2704 Ex
2249 2678 2302 2705 tue
2313 2673 2375 2705 de-v

1362 2727 1538 2758 votionis...
1556 2728 1600 2759 Ut
1615 2727 1653 2758 de
1668 2727 1824 2765 Cistertii‚
1842 2729 1880 2759 de
1895 2728 1988 2759 Clara
2004 2727 2112 2766 Valle,
2128 2728 2168 2759 de
2188 2727 2326 2758 Fet-itate
2339 2729 2381 2758 et*

1362 2780 1400 2810 de
1421 2781 1576 2811 Larivour
1593 2782 1796 2819 monasteria,
1813 2782 2034 2813 cisterciensis
2051 2781 2187 2818 ordinis,
2205 2781 2370 2812 Parisien-
2387 2807 2393 2810 .

1363 2834 1426 2871 sis,
1450 2833 1665 2872 Lingonensis
1687 2840 1716 2865 et
1737 2836 1904 2866 Treceusis
1925 2835 2121 2874 diocesium,
2140 2843 2215 2866 cum
2236 2843 2291 2866 sex
2310 2833 2382 2867 ho-.

1362 2891 1463 2921 nestis
1486 2889 1694 2926 mulieribus,
1721 2894 1752 2919 et
1777 2890 1811 2919 in
1834 2889 1944 2920 habitu
1967 2889 2171 2927 condecenti,
2199 2892 2311 2928 quater
2332 2886 2382 2923 iu,

1361 2952 1465 2981 anno,
1487 2952 1583 2974 causa
1602 2943 1795 2979 devotionis,
1818 2944 1940 2973 intrare
1960 2942 2083 2980 valeas,
2101 2941 2276 2974 dummodo
2292 2944 2324 2972 tu
2337 2942 2372 2972 et

1362 2996 1472 3027 eedem
1494 2996 1648 3028 mulieres
1663 2997 1697 3027 in
1718 2997 1796 3036 ipsis
1817 2997 2018 3027 monasteriis
2033 3005 2095 3036 que
2112 2996 2158 3027 sic
2173 2993 2386 3029 intraveritis¹

1362 3058 1426 3080 non
1445 3049 1616 3080 comedatis
1633 3059 1692 3081 nec
1707 3050 1802 3081 etiam
1817 3050 2048 3090 pernoctetis...
2066 3049 2228 3081 devotioni
2246 3051 2298 3080 tue
2312 3046 2367 3078 in—
