2477 3637
289 409 342 438 522,

288 479 389 503 turam
416 472 535 507 erigere
559 478 651 507 opere
673 467 845 506 plurimum
871 468 1072 502 suniptuoso;
1093 462 1146 490 sed
1172 461 1210 490 ad
1232 460 1289 489 hoc

287 526 411 565 proprie
443 523 529 553 robis
560 531 621 551 uon
648 522 819 558 suppetunt
844 516 1023 550 facultates,
1056 520 1182 554 propter
1207 513 1291 552 quod

286 578 455 617 apostoli-e
479 575 578 612 gratie
606 572 782 602 subsidium
809 569 975 599 humiliter
998 568 1202 607 implorastis.
1231 568 1290 596 Ve-

287 641 370 666 rum,
388 630 460 667 quial
482 629 512 656 iu
530 627 665 665 prodicta
682 624 812 654 ecclesia
829 624 867 652 de
883 622 1116 652 consuetudine
1131 622 1292 651 obtinetur

288 689 319 714 ut
344 684 462 711 tun-ms
485 681 577 718 primi
603 678 680 707 anni
703 676 861 716 prebende
886 675 1031 704 canonici
1058 684 1111 703 seu
1139 674 1291 703 canonice

287 738 384 775 ipsius
402 735 531 763 ecclesie
546 732 742 765 decedentis,
761 730 936 768 quintinus
952 729 1052 766 gratie
1070 732 1288 766 nuncupatur,

285 790 322 819 ad
346 789 549 818 decedentem
572 786 705 815 debeant
728 783 905 822 pertinere,
928 791 1000 815 uos,
1024 781 1165 811 volentes
1185 780 1291 809 eidem

285 843 368 880 operi
388 842 426 872 de
450 840 517 870 utili
538 839 680 868 subsidio
700 837 879 876 providere,
896 835 1074 865 devotionis
1095 839 1197 864 vestre
1218 843 1291 873 sup-

286 894 508 933 plicationibus
540 893 709 929 benignius
740 894 941 923 annuentes,
976 889 1063 918 vobis
1096 888 1291 926 presentium

285 948 468 977 anctoritate.
484 946 687 976 concedimus
705 949 737 973 ut
755 944 890 973 fructus.
913 942 1054 971 redditus
1071 946 1101 970 et
1120 945 1291 979 proventus

286 1001 517 1039 prebendarum
544 999 744 1036 singulorum
773 997 999 1026 canonicorum
1027 1000 1056 1024 et
1085 994 1289 1032 singularum

285 1055 509 1084 canonicarum
537 1053 634 1090 ipsius
661 1051 792 1080 ecclesie
818 1049 1038 1079 decedentium
1067 1048 1143 1077 anni
1170 1047 1292 1077 scilicet

286 1107 467 1146 hujusmodi
492 1115 576 1135 anuo
596 1105 696 1142 gratie
714 1104 897 1133 immediate
916 1103 1048 1140 proximi
1069 1101 1169 1130 libere
1186 1101 1290 1139 perci-

287 1170 357 1199 pere
385 1160 528 1194 valeatis,
546 1159 577 1187 in
599 1168 677 1196 opus
702 1156 885 1195 hujusmodi
905 1156 1021 1185 fabrice
1045 1154 1288 1184 convertendos.

288 1214 332 1242 [ta
348 1214 430 1251 quo-l
447 1223 500 1251 per
517 1212 574 1241 lior
595 1211 725 1249 receptis
741 1215 771 1239 et
788 1209 980 1247 recipiendis
995 1208 1180 1237 auctoritate
1196 1216 1289 1246 apos·

287 1266 376 1296 tolica
400 1267 431 1294 in
455 1266 538 1294 dit-ta
554 1265 684 1294 ccclesia
704 1264 762 1292 sub
780 1263 962 1301 expet-tione
979 1261 1214 1300 prebendarum
1235 1270 1289 1290 va-

285 1328 464 1351 caturarum
483 1321 607 1350 nullum
626 1319 837 1357 prejudicium
854 1322 1061 1355 generetur...
1082 1317 1290 1346 presentibus

285 1380 350 1413 post
379 1375 553 1403 triennium
582 1373 718 1401 minime
744 1372 925 1401 valituris...
949 1371 1018 1400 Dat.
1045 1370 1129 1408 apud
1151 1370 1290 1400 Urbem-

286 1434 441 1461 veterem,
461 1437 513 1456 vul
534 1427 686 1455 kalendas
704 1425 848 1463 augusti.
870 1433 955 1454 anno
977 1425 1076 1454 tertio.
1102 1436 1114 1450 r>

353 1615 472 1643 3328

321 1677 498 1703 immunitus.
515 1676 596 1708 (Res.
616 1676 663 1709 45,
681 1684 706 1701 c.
723 1675 784 1706 433,
802 1676 820 1701 f.
839 1675 936 1707 861'0.)

763 1612 894 1642 Orviet0‚
911 1613 945 1639 29
961 1612 1123 1647 septembre
1142 1612 1218 1639 1290.

329 1795 483 1822 l'szt'iiersi's
500 1793 657 1821 abbatissis
678 1798 702 1820 et
720 1793 915 1820 conventibus
933 1800 1073 1821 sororum
1100 1793 1291 1821 lnclusarum

287 1848 538 1876 monasteriorum
557 1846 674 1874 ordinis
689 1845 795 1874 Sancte
817 1845 903 1874 Clare
925 1844 1074 1883 indulget
1094 1854 1135 1874 ne
1151 1845 1294 1875 cuicum—

286 1909 346 1939 que
363 1908 526 1938 personae,
544 1899 639 1928 etiarn
656 1899 768 1937 legatis
786 1898 833 1928 vel
850 1898 975 1928 nuntiis
991 1898 1180 1937 apostolicae
1197 1899 1291 1936 sedis,

286 1954 426 1984 subsidia
442 1958 472 1982 et
487 1953 722 1991 procurationes
739 1952 860 1982 solvere
878 1956 1056 1982 teneantur.

330 2020 341 2034 ι
358 2008 482 2043 Quanto
498 2007 656 2036 studiosus
672 2006 820 2036 devota...
838 2023 877 2028 —
895 2006 965 2035 Dat.
984 2006 1069 2044 apud
1086 2006 1294 2037 Urbemvete—

285 2071 362 2091 rein.
383 2070 414 2089 ιιι
432 2060 582 2089 kalendas
599 2060 749 2093 octobris,
767 2069 853 2090 anno
872 2060 974 2090 tertio.
999 2072 1010 2086 ι)

352 2246 601 2275 3329-3339

319 2312 524 2345 indulgentiae.
546 2311 628 2343 (Res.
647 2312 691 2344 45,
710 2320 735 2338 c.
754 2311 821 2344 434,
839 2311 858 2337 t.
875 2311 972 2344 8610.)

761 2247 889 2278 Orvieto,
911 2247 938 2273 17
957 2247 1121 2281 septembre
1142 2247 1220 2274 1290.

325 2429 476 2457 [niver-sis
496 2429 608 2457 Christi
630 2428 765 2465 fidelihus
785 2433 934 2466 presentes
956 2429 1074 2458 litteras
1098 2430 1291 2467 inspecturis.

284 2480 519 2518 indulgentiam
541 2480 639 2509 unius
660 2481 738 2510 anni
763 2485 790 2510 et
813 2490 851 2510 xi,
869 2481 995 2511 dierum
1011 2482 1156 2512 concedit
1175 2483 1221 2512 eis
1237 2476 1304 2522 qui'

281 2535 445 2566 ecclesiam
469 2527 574 2563 sanun
600 2534 786 2563 Auemuudi
808 2534 846 2563 de
868 2534 1047 2574 Sesyriaco,
1067 2535 1292 2568 Gebennensis

280 2590 448 2623 dioecesis,
474 2588 506 2617 iu
533 2588 611 2617 festo
637 2588 874 2626 Assumptionis
902 2589 1012 2619 beatae
1035 2590 1155 2620 Mariae
1181 2595 1212 2621 et
1237 2601 1294 2631 per

280 2647 347 2672 octo
364 2642 430 2670 dies
445 2644 613 2679 sequentes
629 2641 839 2670 visitaverint.

322 2708 334 2720 κ
355 2695 424 2723 Vite
444 2693 593 2732 perennis
611 2693 750 2731 gloria...
770 2711 807 2716 —
826 2695 895 2724 Dat.
914 2695 996 2734 apud
1012 2696 1289 2736 Urbemveterem,

281 2758 318 2777 xv
335 2747 485 2777 kalendas
504 2747 650 2782 octobris,
667 2756 754 2776 anno
773 2748 878 2778 tertio.
895 2762 908 2774 ›r

323 2802 356 2830 lu
381 2810 407 2830 e.
430 2810 486 2834 m.‚
509 2809 565 2838 pro
590 2800 722 2830 ecclesia
744 2800 850 2830 Sancti
873 2802 1023 2832 Andreae
1044 2804 1082 2833 de
1101 2803 1288 2843 Sesyriaco,

281 2854 499 2883 t-lebennensis
513 2853 676 2883 dioecesis.

761 2943 888 2974 (ji-vieto,
910 2943 939 2969 18
954 2944 1118 2979 septembre
1136 2945 1214 2972 1290.

324 3009 358 3037 In
373 3017 399 3037 e.
419 3017 474 3044 m.‚
490 3017 544 3046 pro
561 3008 693 3038 ecclesia
711 3010 824 3039 Beatae
842 3011 964 3041 Mariae
980 3013 1196 3043 Atrebatensi.
1213 3014 1284 3044 Dat.

281 3061 361 3098 apud
383 3060 651 3098 Urbemveterem,
669 3071 733 3090 xun
748 3061 900 3093 kalendas
913 3064 1059 3101 octobris,
1077 3073 1164 3096 anno
1180 3066 1282 3098 tertio.

1035 394 1269 426 REGISTRES
1294 394 1346 423 DE
1371 392 1554 422 NICOLAS
1580 392 1633 422 [V.

1863 458 1989 486 ot-victo.
2011 457 2037 483 ll
2056 457 2218 491 septembre
2238 456 2312 483 1290.

1418 521 1452 549 lu
1470 529 1497 549 e.
1519 529 1575 555 m.‚
1599 529 1654 558 pro
1677 520 1809 560 ecclesia
1834 520 1948 549 Beatae
1969 519 2090 548 Mariae
2115 518 2322 556 Magdalenae
2346 518 2385 548 de

1378 574 1491 609 Pratis,
1516 573 1765 603 Terraconensis
1788 573 1952 603 dioecesis.
1977 573 2047 602 Dat.
2071 572 2154 611 apud
2182 572 2385 602 Urbemvete-

1376 636 1454 662 rem,
1475 636 1505 655 ιιι
1525 626 1598 656 idus
1614 627 1816 665 septembris,
1834 635 1920 656 anno
1940 626 2041 656 tertio.

1862 706 1989 740 ΟιὟιοιο,
2007 706 2039 733 ‘2⁶2
2056 707 2219 741 septembre
2236 706 2313 734 1290.

1416 770 1453 799 In
1469 778 1496 799 e.
1511 779 1568 804 m..
1582 778 1637 808 pro
1653 770 1785 800 ecclesia
1798 770 1983 800 monasterii
2003 769 2115 799 Beatae
2131 769 2250 798 Mariae
2262 769 2300 799 de
2311 768 2386 799 Car-

1374 823 1513 859 ceribus,
1530 823 1655 853 ordinis
1671 823 1702 853 S.
1722 824 1907 862 Augustini,
1932 824 2103 853 Paduanae
2121 823 2287 853 dioecesis.
2311 823 2383 853 Dat.

1375 877 1458 916 apud
1475 877 1750 910 Urbemveterem.
1769 887 1786 906 x
1802 877 1956 907 kalendas
1969 877 2118 911 octobris,
2135 885 2222 907 anno
2240 877 2343 906 tertio.

1862 956 1989 988 Orvieto.
2006 958 2038 984 ‘27
2054 958 2217 993 septembre
2235 957 2313 985 1290.

1414 1020 1451 1048 In
1476 1028 1503 1049 e.
1528 1028 1585 1054 m.‚
1606 1028 1660 1058 pro
1683 1019 1818 1050 ecclesia
1841 1020 1949 1050 Sancti
1971 1016 2104 1055 Privati,
2123 1028 2219 1058 prope
2242 1015 2385 1049 Monte’m

1374 1072 1509 1108 Cncnm,
1528 1072 1731 1103 Caturcensis
1747 1073 1913 1103 dioecesis.
1931 1073 2002 1102 Dat.
2019 1077 2173 1111 utsupra,
2190 1072 2215 1111 iv
2233 1071 2387 1103 kalendas

1373 1126 1521 1162 octobris,
1538 1135 1624 1156 anno
1643 1127 1745 1157 tertio.

1861 1206 1988 1236 Orviem,
2004 1206 2038 1232 ‘27
2055 1206 2218 1240 septembre
2236 1205 2314 1232 1290.

1414 1269 1451 1298 In
1469 1278 1495 1298 e.
1514 1278 1571 1306 m.‚
1586 1277 1642 1307 pro
1656 1269 1790 1299 ecclesia
1801 1269 1936 1299 Sanctae
1951 1269 2070 1298 Mariae
2086 1268 2125 1298 de
2140 1267 2230 1298 Valle
2244 1267 2387 1307 Dompni

1376 1322 1473 1359 Petri,
1482 1322 1752 1360 Rothomagensis
1764 1317 1930 1352 dioecesis.
1943 1322 2012 1351 Dat.
2026 1326 2058 1351 nt
2070 1330 2176 1360 supra.
2186 1321 2246 1361 (En
2255 1320 2386 1360 maroe.)

1859 1402 1988 1432 Orvieto,
2008 1402 2039 1429 19
2055 1402 2219 1436 septembre
2236 1401 2314 1428 ¹290.

1414 1467 1453 1495 In
1479 1475 1507 1495 e.
1535 1475 1591 1501 m.‚
1612 1474 1668 1504 pro
1692 1465 1823 1495 ecelesia
1852 1465 2037 1494 monasterii
2057 1464 2167 1494 Sancti
2193 1463 2388 1494 Columbani

1373 1520 1560 1556 Januensis,
1579 1519 1799 1549 Cisterciensis
1817 1518 1952 1549 ordinis,
1977 1519 2048 1548 Dat.
2072 1517 2155 1557 apud
2179 1517 2386 1548 Urbemvete-

1375 1582 1455 1610 rem,
1472 1582 1528 1602 xm
1544 1572 1700 1602 kalendas
1717 1572 1865 1609 octobris,
1882 1580 1968 1601 anno
1986 1571 2089 1601 tertio.
2105 1569 2208 1610 (lbid.)

1864 1652 1991 1686 Orvieto‚
2009 1651 2041 1678 ‘22
2058 1650 2222 1686 septembre
2238 1650 2316 1678 1290.

1416 1718 1455 1746 In
1481 1726 1509 1747 e.
1536 1726 1594 1752 m.‚
1616 1725 1672 1755 pro
1698 1715 1831 1746 ecclesia
1855 1715 2043 1745 monasterii
2066 1715 2182 1744 Beatae
2205 1714 2326 1744 Mariae
2349 1713 2389 1744 de

1376 1771 1510 1810 Yspida,
1535 1770 1658 1800 ordinis
1681 1769 1714 1799 S.
1739 1769 1918 1803 Benedicti,
1938 1768 2110 1798 Paduanae
2130 1767 2297 1799 dioecesis.
2315 1768 2386 1799 Dat.

1376 1830 1412 1855 ut
1427 1833 1533 1863 supra,
1551 1833 1568 1853 x
1585 1823 1738 1854 kalendas
1756 1823 1903 1859 octobris,
1921 1830 2006 1852 anno
2025 1821 2127 1852 tertio.
2144 1821 2251 1861 (Ibid.)

1823 1897 1825 1899 ’
1865 1901 1991 1933 Orvieto,
2009 1901 2043 1928 ‘2‘2
2059 1901 2223 1936 septembre
2239 1901 2318 1929 1290.

1416 1969 1456 1999 In
1469 1977 1496 1998 e.
1509 1977 1567 2005 m.‚
1580 1976 1636 2006 pro
1652 1966 1785 1997 ecelesia
1798 1966 1905 1996 Sancti
1925 1965 2163 1995 Bartholomaei
2177 1964 2217 1994 de
2231 1963 2389 2002 Cotrosso,

1377 2023 1526 2053 Lucanae
1541 2021 1707 2051 dioecesis.
1725 2020 1796 2050 Dat.
1810 2019 1894 2059 apud
1907 2019 2183 2054 Urbemveterem,
2200 2027 2220 2048 x
2236 2017 2391 2048 kalendas

1376 2076 1530 2113 octobris,
1548 2083 1636 2106 anno
1652 2074 1756 2104 tertio.
1775 2072 1882 2113 (thid.)

1931 2152 2059 2184 Orvieto,
2076 2152 2092 2179 6
2107 2151 2225 2179 octobre
2243 2151 2318 2179 1290.

1417 2220 1455 2249 ln
1472 2228 1499 2249 e.
1518 2228 1575 2255 m.‚
1591 2227 1647 2257 pro
1668 2217 1788 2256 capella
1806 2216 1920 2245 domus
1937 2215 2135 2254 leprosorum
2154 2213 2263 2244 Sancti
2277 2213 2391 2244 Jacobi

1377 2274 1415 2304 de
1431 2272 1570 2309 Flureio,
1591 2280 1687 2311 prope
1710 2271 1846 2300 Eduam.
1868 2270 1940 2299 Dat.
1964 2268 2048 2308 apud
2074 2268 2349 2304 Urbemveterem,
2369 2277 2390 2297 ιι

1377 2336 1480 2357 nonas
1495 2325 1644 2361 octobris,
1660 2333 1747 2355 anno
1765 2325 1866 2354 tertio.
1887 2322 1986 2361 (Ibid.)

1448 2513 1567 2543 3:340
1865 2510 1994 2544 Orvieto,
2011 2509 2045 2537 28
2061 2509 2225 2545 septembre
2241 2507 2320 2536 ¹290.

1412 2576 1600 2612 Dispensatio
1614 2575 1798 2602 matrimonii.
1817 2573 1901 2607 (Rea.
1919 2573 1963 2604 45,
1981 2580 2005 2599 c.
2025 2571 2086 2604 435,
2102 2571 2123 2598 f.
2138 2571 2172 2599 86
2187 2574 2241 2604 νο.)

1417 2716 1438 2723 ..
1450 2693 1552 2731 priori
1566 2692 1793 2730 predicatorum
1805 2695 1831 2718 et
1850 2711 1870 2718 ..
1888 2688 2064 2727 quardiano
2079 2687 2239 2716 minorum
2251 2688 2390 2724 fratrum

1374 2748 1521 2777 ordinum
1533 2745 1749 2775 Parmensibus
1760 2742 1933 2773 committit
1945 2745 2103 2781 quatenus
2119 2748 2193 2771 cum
2207 2739 2307 2770 nobili
2321 2739 2390 2770 viro

1371 2800 1539 2839 Jacopino,
1560 2802 1634 2828 nato
1653 2796 1771 2828 nobilis
1788 2796 1849 2826 viri
1871 2795 1911 2826 de
1925 2794 2122 2830 Cornazano.
2146 2797 2177 2824 et
2198 2791 2300 2824 nobili
2320 2801 2390 2823 mu-

1371 2854 1450 2884 liere
1478 2852 1623 2887 Leiarda,
1652 2855 1727 2880 nata
1751 2849 1869 2880 nobilis
1896 2848 1959 2878 viri
1982 2847 2141 2878 Guidonis
2164 2846 2204 2876 de
2230 2845 2387 2884 corrigia,

1371 2906 1510 2938 civitatis
1534 2904 1736 2941 Parmensis,
1760 2904 1926 2942 dispenset
1948 2906 1999 2938 ut..
2024 2909 2088 2931 non
2111 2900 2256 2931 obstante
2276 2902 2390 2939 quarto

1370 2959 1662 2999 consanguinitatis
1679 2957 1779 2998 gradu
1795 2966 1859 2996 quo
1875 2955 2043 2995 conjuncti
2061 2959 2153 2991 sunt,
2170 2954 2211 2984 ad
2231 2953 2388 2984 sedandas

1352 3015 1355 3017 '
1369 3015 1455 3045 inter
1472 3012 1692 3053 progenitores
1709 3010 1916 3047 inimicitias,
1935 3007 2182 3039 matrimonium
2198 3005 2387 3038 contrahere

1369 3067 1503 3108 possint.
