2342 3652
862 351 1081 392 PREMIERE
1103 353 1259 413 ANNnE.
2067 376 2104 405 79

25 433 173 466 vagetur,
208 429 364 467 compesci
396 429 509 467 poterit
537 429 632 468 pestis
658 428 713 458 illa
731 452 738 465 ,
775 436 832 458 nos
862 426 934 457 illas
966 435 1020 485 vo-

23 479 124 511 lentes
154 481 194 510 ad
218 481 313 511 robur
344 481 418 511 fidei
445 491 481 511 ac
510 481 644 511 salutem
675 480 819 510 fidelium
841 480 1020 516 observari,

25 533 223 564 universitati
259 539 361 564 vestre
394 544 448 573 per
481 534 650 573 apostolica
684 533 797 572 scripta
829 532 1019 562 mandamus

22 592 179 626 quatenus
200 596 270 624 eaS‚
288 597 424 626 quarum
449 592 572 618 tenores
595 587 680 617 vobis
704 586 860 615 mittimus
884 586 1019 615 insertos

22 640 238 678 presentibus,
257 640 379 670 [aciatis
395 640 514 679 singuli
532 641 566 670 in
587 639 697 669 vestris
714 638 938 678 capitularibus
957 647 1017 668 au—

22 693 140 730 notari‚
165 698 273 724 contra
294 694 448 724 hereticos
473 698 554 724 secte
576 692 745 732 cujuslibet
764 691 940 722 secundum
966 700 1018 721 eas

22 750 129 776 exacta
148 746 314 784 diligentia
337 747 524 786 processuri.
546 745 695 784 Alioquin
719 743 840 774 dilectis
862 743 937 773 filiis
952 744 1017 802 fra-

23 799 122 829 tribus
132 800 374 839 inquisitoribus
390 800 527 830 heretice
539 798 702 838 pravitatis
714 798 864 827 ordinum
879 798 1016 856 predica-

21 856 127 883 torum
158 853 207 882 vel
229 854 389 883 minorum
413 862 449 883 ac
474 861 582 883 eorum
605 850 740 889 singulis
764 850 876 880 litteris
898 854 1016 880 nostris

19 905 222 944 injungimus
248 911 281 936 ut
311 915 364 936 vos
391 906 430 936 ad
459 905 491 935 id
514 914 569 944 per
595 903 956 934 excommunicationem
980 905 1015 933 in

19 967 170 998 personas
185 964 215 990 et
228 960 433 990 interdictum
447 959 480 988 in
500 963 632 994 terram,
649 956 860 996 appellatione
875 962 1012 995 remota,

17 1012 220 1051 compellant.
238 1013 375 1043 Tenores
390 1016 495 1042 autem
509 1011 617 1049 legum
635 1010 776 1049 ipsarum
794 1010 828 1040 hi
847 1015 922 1040 sunt
935 1010 981 1050 (1)
1005 1023 1010 1040 ;

62 1079 74 1092 «ι
90 1065 277 1096 Fredericus
294 1066 352 1095 Dei
363 1065 462 1103 gratia
475 1065 692 1094 Romanorum
703 1064 875 1102 imperator
890 1069 920 1094 et
933 1073 1012 1094 sem-

21 1131 34 1146 »
58 1127 113 1158 per
125 1123 295 1157 augustus,
309 1118 484 1148 Jerusalem
500 1121 529 1147 et
544 1116 650 1147 Sicilie
665 1126 732 1154 rex,
750 1117 874 1147 dilectis
892 1118 1011 1175 princi-

20 1183 34 1198 n
57 1171 152 1210 pibus
173 1172 256 1208 suis,
278 1169 509 1201 venerabilibus
528 1169 776 1208 >archiepiscopis
803 1174 833 1200 et
857 1179 1011 1228 episcopis

20 1237 33 1252 a
57 1224 191 1264 aliisque
207 1224 334 1263 prelatis
353 1223 555 1254 ecclesiarum
577 1222 728 1259 ducibus,
750 1223 1008 1260 marchionibus,

20 1290 34 1304 r»
57 1277 242 1314 comitibus,
261 1277 445 1313 baronibus,
463 1275 683 1315 potestatibuS,
703 1275 858 1312 scultetis,
877 1276 1010 1314 burgra-

20 1343 34 1357 ι»
59 1331 129 1367 viis,
147 1330 322 1366 advocatis,
335 1329 505 1369 judicibus,
523 1328 803 1363 ministerialibus,
823 1329 1010 1359 officialibus

20 1396 31 1411 ι
57 1388 88 1414 et
104 1384 252 1414 omnibus
274 1392 327 1422 per
347 1387 444 1413 totum
459 1382 631 1420 imperium
648 1382 828 1412 constitutis
850 1388 1010 1421 presentes

19 1449 33 1464 1>
56 1437 177 1468 litteras
199 1437 404 1476 inspecturis,
427 1435 572 1466 fidelibus
597 1435 683 1472 suis,
709 1437 844 1474 gratiam
868 1446 958 1466 suam
981 1440 1012 1466 et

20 1503 32 1517 n
57 1499 152 1521 omne
170 1486 300 1521 bonum'.
325 1489 492 1520 Commissi
514 1489 606 1519 nobis
625 1489 776 1519 celitus...
800 1507 838 1511 —-
857 1492 923 1520 Dat.
949 1491 1009 1520 Pa-

20 1555 34 1571 n
57 1543 129 1580 due,
149 1553 211 1574 xxii
226 1543 389 1579 februarii,
406 1552 448 1572 ΧΠ
464 1542 646 1572 indictione.

60 1608 72 1623 ιι
103 1596 286 1626 Fredericus
313 1596 372 1625 Dei
399 1596 498 1633 gratia
524 1600 581 1625 etc.
609 1595 840 1626 Inconsutilem
869 1597 1009 1627 tunicam

18 1650 112 1680 Dei...
129 1666 167 1671 —
184 1649 252 1679 Dat.
268 1649 387 1685 Padue,
406 1658 469 1678 xxn
485 1648 649 1688 februarii,
667 1658 710 1678 ΧΠ
731 1649 917 1680 indictione.

58 1715 71 1730 ι
89 1703 259 1741 Imperator
279 1701 463 1731 Fredericus
486 1710 610 1740 semper
631 1706 784 1740 augustus
802 1707 859 1732 etc.
879 1703 1008 1734 Patare-

19 1768 32 1783 »
54 1764 166 1786 norum
180 1759 383 1794 receptatores
399 1759 464 1786 et...
483 1771 520 1777 —
537 1755 608 1784 Dat.
627 1755 746 1791 Padue,
762 1765 826 1785 mr
843 1756 1006 1794 februarii,

15 1821 28 1836 ι
52 1818 95 1838 xii
112 1808 295 1839 indictione.
315 1821 327 1835 ν)

53 1862 120 1893 Rex
137 1871 247 1900 regum
266 1866 473 1902 apostatantes
496 1870 514 1891 a
530 1861 592 1890 fide
612 1861 768 1891 catholica
786 1862 913 1900 penitus
932 1871 1005 1892 exe-

14 1923 149 1952 cramus,
164 1915 363 1954 insequimur
377 1915 559 1952 ultionibus,
578 1914 670 1944 bonis
686 1915 753 1944 suis
769 1915 917 1945 omnibus
934 1924 1004 1954 spo-

13 1967 130 1998 liamus
144 1971 174 1998 et
189 1972 222 1998 ut
234 1977 252 1998 a
276 1968 465 2007 professione
486 1967 535 1997 vel
552 1967 616 1997 vita
637 1968 862 2005 naufragantes
881 1968 1004 2006 legibus

14 2026 204 2056 martenius,
222 2021 431 2052 successiones
456 2021 614 2058 tollimus,
636 2021 674 2050 ab
697 2021 742 2050 eis
757 2030 853 2051 omne
866 2022 918 2060 jus
941 2022 1003 2051 liti-

12 2075 156 2113 gantium
176 2073 364 2104 abdicamus.
387 2074 457 2104 Dat.
479 2075 579 2104 Rome
597 2074 680 2112 apud
701 2074 849 2104 Sanctam
869 2075 1002 2104 Mariam

12 2125 181 2165 Majorem,
199 2135 217 2155 x
231 2125 379 2156 kalendas
392 2127 551 2165 januarii,
571 2135 656 2156 anno
676 2126 787 2165 primo.
808 2138 820 2152 n

45 2298 130 2326 422
334 2296 684 2333 Sainte-Marie-Majeure,
697 2298 730 2325 ‘23
741 2298 892 2325 decembre
907 2299 980 2325 1‘288.

43 2359 264 2394 Inquisitoribus
278 2359 491 2386 consulentibus
503 2368 588 2395 super
599 2360 713 2387 statutis
724 2361 752 2387 in
766 2361 925 2387 haereticos
937 2361 1000 2388 latis

9 2407 171 2443 respondet.
188 2407 270 2441 (Res.
287 2408 333 2439 44,
350 2416 374 2434 c.
391 2407 456 2439 261,
472 2409 491 2434 f.
508 2409 540 2436 6⁶2
556 2414 599 2440 v⁰;
617 2409 733 2440 Porrn„
749 2409 858 2438 22845.)

48 2523 164 2552 Dilectis
187 2522 259 2559 filiis
286 2524 435 2559 fratribus
451 2524 566 2553 ordinis
578 2525 745 2560 minorum,
766 2525 998 2562 inquisitoribus

7 2577 131 2606 heretice
145 2577 309 2613 pravitatis
331 2577 413 2611 infra
434 2577 628 2612 Arelatensis,
651 2572 801 2614 Aquensis
816 2583 842 2608 et
865 2580 997 2608 Elii-edu—

6 2631 107 2659 nensis
122 2630 355 2666 provinciarum
370 2630 510 2658 terminos
522 2631 705 2663 constitutis,
723 2633 902 2661 auctoritate
915 2641 997 2669 apos-

7 2683 95 2712 tolica
111 2683 261 2720 deputatis
276 2687 301 2710 et
328 2683 359 2710 in
379 2686 530 2718 posterum
553 2683 739 2720 deputandi&
763 2696 775 2710 α
797 2684 888 2720 Quod
904 2694 998 2723 super

6 2735 172 2766 nonnullis
193 2734 398 2773 questionum
423 2734 580 2771 articulis,
608 2735 642 2764 in
669 2736 785 2774 quihus
813 2745 907 2767 causa
924 2738 997 2768 fidei

7 2789 156 2827 tangitur,
189 2797 245 2818 nos
269 2787 435 2817 consulere
461 2787 618 2824 voluistis,
649 2788 873 2819 sollicitudinis
894 2795 996 2821 vestre

34 2908 67 2938 (1)
84 2906 132 2931 Ces
146 2907 332 2931 constitutions
347 2911 391 2929 ont
414 2907 454 2929 etc'
470 2908 581 2930 souvent
594 2906 718 2936 publie'es,
743 2911 815 2932 entre
838 2912 925 2932 autre-x
950 2917 996 2940 par

5 2951 108 2982 Ripolli.
122 2951 186 2975 Bull.
201 2952 299 2977 Praeti„
318 2951 335 2976 1.
354 2959 377 2981 p.
393 2950 448 2978 246.
464 2957 489 2973 n.
503 2950 563 2979 3303
582 2949 722 2982 Wadding,
737 2952 806 2976 Ann.
821 2952 927 2982 Minor„
947 2953 993 2981 ΙΙΙ,

5 2994 66 3025 338;
82 2994 224 3025 sbaraglia.
248 2995 311 3018 Butt.
335 2996 473 3023 Francia„
492 2994 511 3023 1,
527 2994 580 3022 730,
600 2998 628 3018 n⁰
640 2994 697 3024 5503
722 2995 804 3025 Pertz,
827 2996 892 3021 Mon.
914 2997 992 3021 Germ.

4 3039 75 3067 hist..
92 3039 142 3069 IV,
158 3039 267 3064 326-329.

1102 418 1305 466 prudentiam
1343 432 1377 462 in
1407 433 1546 465 Domino
1578 437 1850 468 commendamus.
1885 439 2013 470 Primus
2043 441 2103 479 igi-

1104 485 1154 510 tur
1186 487 1288 513 vestre
1322 487 1562 518 consultationis
1600 489 1752 520 articulus
1783 492 1966 521 continebat
1996 497 2104 523 utrum

1100 533 1164 563 dici
1180 535 1291 566 debeat
1316 538 1457 577 relapsus
1485 541 1516 570 in
1545 541 1685 572 heresim
1711 544 1766 583 qui
1782 544 1888 583 lapsus
1912 550 1958 575 est
1980 546 2014 575 in
2033 555 2103 576 eam

1100 590 1167 624 post
1195 588 1428 627 abjurationem
1452 593 1574 632 ipsius,
1599 596 1634 624 in
1658 605 1721 635 qua
1745 606 1809 627 non
1830 598 1996 629 invenitur
2020 610 2103 631 com-

1100 639 1242 677 misisse,
1275 651 1348 672 cum
1375 646 1551 676 secundum
1582 649 1805 687 proprietatem
1836 653 2006 683 verborum
2036 663 2101 685 non

1101 691 1244 723 videatur
1265 695 1422 735 relapsus,
1442 700 1498 737 qui
1521 709 1585 731 non
1602 702 1703 732 fuerat
1721 709 1795 734 ante
1813 704 1930 744 lapsus.
1948 707 1998 736 Ad
2016 708 2101 746 quod

1100 744 1204 775 taliter
1226 750 1455 787 respondemus
1481 754 1565 791 quod
1590 755 1678 792 talis,
1709 757 1736 786 si
1758 761 1909 798 tanquam
1935 766 2101 792 accusatus

1099 797 1149 827 vel
1165 805 1328 838 suspectus
1344 802 1382 832 de
1397 803 1501 834 heresi
1518 815 1587 836 eam
1606 808 1640 837 in
1654 810 1775 847 judicio
1791 811 1968 850 abjuravit,
1985 819 2101 853 etpos-

1099 854 1147 880 tea
1163 854 1339 884 committat
1354 855 1388 885 in
1416 857 1503 895 ipsa,
1531 862 1654 890 censeri
1675 861 1767 893 debet
1789 865 1927 902 quadam
1939 866 2024 904 juris
2041 868 2097 897 fic-

1099 904 1183 934 tione
1198 906 1356 945 relapsus,
1375 909 1449 940 licet
1465 917 1537 943 ante
1556 914 1788 951 abjurationem
1810 926 1900 947 suam
1917 918 2009 956 plene
2027 928 2098 958 pro-

1096 957 1205 988 batum
1220 968 1283 989 non
1298 962 1393 992 suerit
1408 964 1528 995 crimen
1542 966 1663 997 heresis
1674 974 1783 999 contra
1794 971 1911 1010 ipsum,
1925 974 2099 1006 dummodo

1096 1010 1280 1049 huiusmodi
1299 1015 1385 1053 prius
1401 1022 1469 1046 orta
1483 1020 1615 1058 suspitio
1631 1022 1768 1052 violenta
1780 1024 1891 1063 fuerit,
1910 1031 1940 1056 et
1956 1028 2048 1057 certis
2063 1038 2099 1059 ac

1095 1065 1179 1094 veris
1194 1066 1317 1097 inditiis
1330 1071 1540 1108 comprobata.
1561 1073 1594 1103 Si
1612 1084 1684 1105 vero
1701 1075 1784 1106 lenis
1800 1083 1830 1108 et
1844 1080 1979 1118 modica,
1995 1091 2097 1120 quan-

1094 1126 1190 1156 quam
1207 1128 1243 1149 ex
1264 1120 1322 1150 hoc
1346 1122 1387 1152 sit
1402 1125 1530 1161 gravius
1554 1128 1753 1165 puniendus,
1773 1131 1970 1170 relapsorum
1989 1139 2095 1166 tamen

1094 1170 1129 1199 in
1152 1171 1293 1203 heresim
1310 1183 1373 1205 non
1396 1176 1487 1207 debet
1504 1189 1584 1217 pena
1598 1182 1716 1219 puniri,
1736 1193 1772 1213 ex
1792 1194 1854 1223 quo
1869 1188 2011 1224 presumi
2030 1198 2096 1219 non

1094 1229 1192 1262 potest
1207 1228 1426 1260 verisimiliter
1442 1236 1515 1262 ante
1529 1232 1635 1272 lapsus
1652 1236 1685 1264 in
1698 1246 1779 1266 eam.
1797 1238 1984 1274 Quesivistis
1999 1244 2095 1273 etiam

1093 1277 1177 1307 circa
1201 1279 1309 1318 idem,
1335 1283 1362 1311 si
1382 1283 1409 1312 is
1433 1285 1488 1322 qui
1511 1285 1651 1317 heresim
1677 1289 1835 1327 abjuravit
1862 1298 1892 1322 et
1915 1304 1971 1332 per
1995 1297 2096 1327 solam

1092 1330 1344 1364 inexcusabilem
1358 1339 1603 1376 receptationem
1620 1342 1669 1371 vel
1684 1345 1895 1382 receptionem
1911 1353 1965 1377 aut
1977 1349 2094 1380 deduc-

1093 1385 1214 1415 tionem
1236 1396 1290 1417 seu
1308 1390 1550 1422 associationem
1575 1394 1625 1424 vel
1643 1396 1858 1428 visitationem
1879 1400 2094 1434 hereticorum

1092 1437 1158 1467 sive
1179 1438 1339 1470 dationem
1365 1443 1413 1472 vel
1435 1445 1620 1476 missionem
1643 1458 1815 1480 munerum
1833 1454 1997 1484 autetiam
2015 1456 2094 1487 alias

1091 1491 1126 1520 in
1142 1492 1283 1523 savorem
1301 1503 1410 1526 eorum
1423 1520 1431 1534 ,
1449 1499 1505 1536 qui
1520 1503 1663 1531 excusari
1681 1512 1743 1533 non
1765 1507 1880 1543 possit,
1899 1508 1969 1539 sine
1984 1510 2094 1540 adora-

1092 1545 1177 1575 tione
1211 1551 1316 1577 tamen
1332 1572 1338 1585 ,
1370 1555 1406 1579 ut
1434 1552 1539 1582 verbis
1576 1556 1688 1585 vestris
1724 1562 1851 1588 utamur
1867 1585 1873 1597 ‚
1907 1561 2013 1601 lapsus
2047 1568 2094 1594 est

1091 1600 1310 1637 postmodum,
1344 1608 1468 1642 propter
1500 1605 1558 1636 hoc
1584 1607 1676 1638 debet
1700 1610 1838 1648 judicari
1867 1614 2020 1653 relapsus.
2056 1617 2094 1647 Et

1090 1652 1220 1690 quidem
1250 1654 1277 1683 si
1309 1654 1450 1693 legitime
1483 1661 1622 1690 constitit
1640 1685 1646 1696 ‚
1678 1663 1727 1693 vel
1759 1665 1853 1695 etiam
1893 1676 1980 1699 nunc
2014 1679 2091 1701 con-

1091 1709 1203 1743 staret,
1222 1708 1304 1745 quod
1330 1709 1406 1739 tales
1428 1716 1501 1741 ante
1525 1713 1709 1752 hujusmodi
1731 1717 1965 1754 abjurationem
1982 1723 2016 1752 in
2032 1723 2090 1754 he-

1090 1758 1151 1787 resi
1172 1761 1426 1800 commisissent,
1455 1773 1518 1794 non
1542 1771 1587 1795 est
1609 1767 1742 1799 dubium
1766 1780 1816 1801 eos
1835 1781 1889 1811 per
1914 1773 1973 1804 hoc
1993 1776 2091 1807 fuisse

1089 1811 1244 1850 relapsos,
1263 1815 1338 1853 quia
1355 1816 1429 1847 tunc
1444 1817 1582 1849 dubitari
1600 1830 1663 1851 non
1679 1822 1771 1853 debet
1786 1825 1859 1855 illos
1875 1836 1911 1856 ex
1927 1830 2089 1867 approbati

1087 1873 1106 1893 a
1125 1874 1158 1894 se
1173 1867 1259 1904 prius
1276 1870 1391 1899 erroris
1408 1875 1635 1911 consequentia
1650 1876 1683 1904 id
1699 1877 1822 1908 fecisse.
1842 1880 1990 1911 Preterea
2006 1892 2089 1913 non-

1088 1918 1168 1948 nulli
1189 1920 1318 1958 talium,
1338 1927 1371 1952 ut
1387 1927 1580 1963 proponitis,
1594 1929 1707 1965 jurant
1720 1939 1825 1961 coram
1842 1933 2090 1972 inquisitoribus

1088 1975 1151 2001 tam
1166 1971 1204 2002 de
1220 1982 1253 2003 se
1268 1984 1363 2013 quam
1379 1976 1417 2006 de
1432 1977 1503 2008 aliis
1517 1988 1612 2018 super
1627 1982 1706 2012 facto
1723 1984 1842 2015 heresis
1859 1988 2025 2019 veritatem
2045 1990 2088 2020 di-

1086 2032 1171 2061 cere;
1190 2027 1244 2056 sed
1259 2028 1420 2067 perjurant
1443 2041 1506 2061 non
1524 2033 1594 2069 odio
1618 2040 1738 2073 tamen,
1762 2039 1810 2068 vel
1832 2042 1949 2079 pretio,
1975 2044 2029 2073 sed
2051 2045 2087 2074 ti-

1085 2086 1173 2108 more
1189 2081 1238 2109 sui
1257 2082 1360 2119 potius
1376 2088 1405 2112 et
1424 2093 1574 2124 suorum;
1594 2090 1757 2127 corrigunt
1775 2098 1881 2123 autem
1899 2104 1931 2125 se
1948 2101 2085 2133 postmo-

1084 2130 1162 2161 dum
1193 2142 1286 2171 super
1312 2135 1374 2165 hiis
1390 2161 1396 2173 ,
1433 2144 1542 2169 contra
1573 2150 1605 2171 se
1636 2152 1671 2172 ac
1702 2144 1781 2175 alios
1815 2156 1887 2177 suos
1916 2151 2086 2189 complices

1085 2184 1279 2223 deponendo.
1303 2189 1384 2219 Cum
1404 2191 1510 2230 itaque
1536 2196 1682 2232 perjurus
1697 2200 1874 2230 secundum
1894 2203 1969 2241 jura
1987 2205 2083 2235 etiam

1083 2243 1151 2276 post
1166 2240 1375 2277 penitentiam
1388 2244 1421 2273 in
1437 2246 1658 2278 criminalibus
1671 2259 1689 2279 a
1707 2253 1887 2284 testimonio
1898 2256 2081 2295 repellatur,

1083 2289 1160 2321 hinc
1176 2294 1320 2330 queritur
1340 2300 1446 2326 utrum
1470 2305 1577 2329 contra
1601 2301 1672 2332 illos
1688 2313 1761 2334 suos
1785 2307 1952 2346 complices
1973 2311 2014 2340 sit
2028 2321 2084 2350 per

1082 2344 1263 2375 testimonia
1282 2347 1393 2379 talium
1416 2353 1662 2389 procedendum.
1685 2357 1787 2396 Super
1805 2369 1866 2398 quo
1890 2362 1994 2393 taliter
2017 2374 2082 2395 res-

1082 2397 1258 2435 pondemus
1278 2402 1380 2439 quod.
1398 2412 1470 2433 cum
1489 2407 1609 2437 crimen
1628 2408 1814 2447 hujusmodi
1830 2414 1870 2443 sit
1894 2422 2079 2456 exceptum,

1082 2450 1107 2479 si
1124 2460 1160 2480 ex
1173 2454 1350 2484 manifestis
1366 2456 1488 2487 inditiis
1506 2463 1686 2498 apparuerit
1706 2465 1780 2495 tales
1801 2476 1864 2497 non
1884 2470 1985 2500 animi
2000 2472 2080 2502 levi-

1083 2508 1142 2533 tate
1159 2510 1214 2534 ant
1230 2506 1294 2536 odii
1316 2508 1426 2539 fomite
1446 2511 1555 2542 ductos
1578 2523 1633 2544 seu
1655 2524 1815 2556 corruptos
1839 2524 1993 2560 pecunia,
2027 2526 2081 2556 sed

1080 2558 1144 2587 zelo
1160 2559 1234 2589 fidei
1251 2565 1401 2600 tanquam
1414 2567 1590 2603 penitentes
1605 2573 1726 2609 proprie
1739 2573 1829 2612 culpe
1842 2584 1981 2608 asserere
1991 2581 2077 2617 quod

1081 2610 1153 2640 talia
1170 2613 1255 2650 prius
1277 2618 1448 2649 tacuerant.
1468 2624 1498 2648 et
1513 2620 1612 2650 velint
1625 2623 1658 2652 in
1677 2624 1733 2654 hoc
1749 2635 1887 2657 errorem
1904 2640 1998 2661 suum
2011 2642 2076 2663 cor-

1080 2665 1183 2701 rigere
1198 2675 1233 2695 ac
1248 2667 1325 2697 alios
1345 2671 1526 2710 nominare,
1550 2677 1625 2704 stari
1649 2676 1740 2707 debet
1762 2680 1795 2708 iu
1818 2681 1956 2714 favorem
1978 2686 2073 2723 fidei,

1079 2718 1140 2747 nisi
1156 2718 1244 2748 aliud
1259 2721 1435 2759 obsisteret,
1452 2728 1704 2759 attestationibus
1720 2735 1914 2766 eorumdem.
1932 2739 1982 2768 Ad
1995 2740 2075 2772 illud

1077 2776 1182 2800 autem
1198 2774 1280 2810 quod
1297 2776 1440 2811 queritur
1459 2783 1565 2808 utrum
1580 2781 1618 2809 ad
1642 2782 1846 2821 inquisitores
1862 2789 1982 2821 heresis
2007 2804 2074 2832 per-

1078 2824 1175 2854 tineat
1191 2825 1230 2854 de
1249 2826 1500 2860 divinationibus
1512 2837 1542 2861 et
1554 2835 1735 2873 sortilegiis,
1749 2848 1810 2877 que
1826 2848 1936 2873 contra
1946 2846 2072 2886 aliquos

1077 2877 1386 2915 sibidenuntiantur,
1398 2891 1586 2920 cognoscere
1601 2897 1637 2917 ac
1646 2891 1759 2927 punire
1777 2894 1849 2924 talia
1858 2905 2068 2940 excercentes‚

1076 2930 1225 2961 brevibus
1246 2935 1454 2972 respondetur
1472 2939 1556 2976 quod
1578 2950 1649 2971 cuin
1678 2947 1839 2982 negotium
1866 2951 1958 2989 fidei,
1989 2957 2074 2993 quod

1076 2991 1200 3014 summe
1218 2986 1457 3024 previlegiatum
1473 2992 1592 3030 existit,
1611 3004 1665 3033 per
1679 3001 1900 3037 occupationes
1915 3005 1992 3036 alias
2009 3017 2072 3039 non

1075 3035 1187 3068 debeat
1212 3037 1378 3077 impediri,
1403 3042 1604 3081 inquisitores
1626 3048 1687 3086 ipsi
1710 3051 1747 3081 de
1774 3053 1852 3092 hiis,
1882 3058 1945 3088 nisi
1966 3064 2070 3093 mani-
