2477 3637
203 351 260 383 ³8⁴
951 346 1189 378 REGISTRES
1211 347 1266 377 DE
1288 347 1473 378 NICOLAS
1496 348 1553 378 IV.

204 416 389 452 tumatiam,
407 415 635 445 denuntiamus
654 413 998 443 excommunicationis
1019 412 1148 443 vinculo
1163 413 1211 442 in-

204 470 370 505 nodatum,
388 478 423 498 ac
442 467 674 498 nichilominus
690 475 855 505 processus
872 476 927 506 per
943 466 1081 497 eundem
1098 466 1210 506 prede-

205 531 362 554 cessorem
386 527 415 551 et
440 530 496 551 nos
525 521 620 550 etiam
647 525 756 550 contra
780 528 853 549 eum
873 524 904 549 et
925 519 1049 549 Siculos
1066 519 1211 558 aliosque

204 576 362 615 predictos
381 574 503 603 habitos
520 582 650 603 manere
666 573 814 603 volumus
835 573 868 602 in
893 573 942 603 sui
964 573 1084 604 roboris
1106 573 1210 602 firmi-

204 633 277 658 tate.
296 628 498 664 Quicumque
513 634 587 655 vero
602 625 754 664 deinceps
771 626 883 664 prefati
899 626 1009 656 Jacobi
1026 625 1148 655 litteras
1161 625 1210 655 vel

204 681 336 711 nuntios
353 680 387 708 iu
406 680 475 717 ejus
493 679 631 709 savorem
651 679 844 717 receperint,
863 678 912 709 vel
937 687 1010 709 suos
1027 679 1212 708 transmise-

204 734 268 763 rint
283 732 321 762 ad
337 732 488 768 eundem,
503 740 539 761 ac
555 731 648 761 etiam
666 739 777 761 omues
793 732 848 770 qui
864 731 923 761 sibi
939 731 989 761 vel
1005 731 1211 770 complicibus

204 787 270 816 suis
285 786 318 815 in
337 784 521 823 hujusmodi
539 785 664 822 negotio
681 784 865 820 consilium,
884 784 1040 814 auxilium
1059 784 1109 814 vel
1129 785 1212 814 favo-

203 848 272 869 rem
290 838 508 877 impenderint
525 837 650 877 publice
669 838 718 868 vel
735 838 868 875 occulte,
886 838 1117 877 cujuscumque
1135 846 1211 868 con-

204 892 346 928 ditionis,
364 892 591 930 preminentie,
609 892 775 930 dignitatis
793 896 847 921 aut
865 895 980 927 status,
997 900 1034 921 eo
1051 891 1120 930 ipso
1137 900 1209 920 sen-

204 946 336 976 tentiam
352 945 694 975 excommunicationis
710 945 889 976 incnrrant.
902 944 1056 975 Civitates
1072 953 1211 984 quoqne,

203 1005 305 1030 castra
321 1003 488 1038 ceteraque
505 999 572 1029 loca
591 1008 652 1038 que
670 999 744 1028 talia
766 999 868 1028 facere
894 998 1146 1037 presumpserint
1169 999 1210 1027 si-

204 1053 273 1083 mili
290 1053 475 1091 subJaceant
496 1053 675 1083 interdicto.
697 1054 736 1082 Et
753 1052 987 1083 nichilominus
1004 1052 1138 1091 prefatos
1155 1052 1211 1082 Ja-

204 1107 331 1143 cobum,
345 1106 470 1136 Siculos
481 1111 512 1136 et
523 1106 602 1136 alios
614 1106 823 1145 supradictos,
837 1111 982 1144 presente
994 1105 1052 1135 hac
1066 1105 1210 1135 fidelium

203 1159 413 1190 multitudine
423 1160 557 1198 copiosa,
574 1169 743 1190 monemus
754 1160 914 1189 uterroris
927 1159 1052 1189 invium
1062 1169 1117 1198 per
1128 1159 1210 1197 quod

204 1213 326 1243 diutius
349 1214 541 1243 oberrarunt
568 1213 721 1243 consultis
747 1214 861 1242 studiis
892 1213 1088 1248 deserentes,
1115 1221 1212 1251 seque

203 1267 391 1297 reducentes
409 1266 448 1296 ad
467 1267 613 1296 semitam
633 1266 835 1296 rectitudinis
851 1270 881 1295 et
903 1265 1031 1301 salutis,
1049 1265 1088 1294 ad
1105 1269 1212 1294 nostra

203 1324 234 1349 et
250 1319 381 1349 ecclesie
394 1328 524 1348 romane
541 1319 702 1354 mandata,
713 1319 798 1348 infra
814 1319 930 1348 festum
946 1319 1030 1348 beati
1046 1318 1212 1348 Michaelis

202 1372 325 1402 mensis
342 1372 531 1410 septembris
550 1373 695 1411 proximo
714 1376 899 1408 venturum,
918 1371 1001 1410 quod
1018 1372 1064 1401 eis
1081 1380 1136 1409 pro
1159 1380 1211 1410 pe-

202 1426 375 1464 remptorio
397 1425 534 1455 termino
555 1426 757 1463 assignamus
770 1447 777 1460 ‚
796 1425 898 1454 redire
919 1429 1100 1463 procurent.
1121 1424 1211 1454 Alio-

203 1479 281 1517 quiu
313 1488 346 1507 ex
376 1482 452 1508 tuuc
477 1483 586 1508 contra
616 1487 667 1508 eos
693 1477 902 1517 spiritualiter
926 1482 956 1507 et
977 1477 1210 1516 temporaliter,

202 1531 440 1571 proutqualitas
458 1531 529 1561 facti
546 1532 682 1561 suaserit
699 1536 729 1561 et
743 1531 891 1570 expedire
903 1531 1093 1567 viderimus,
1108 1535 1211 1562 actore

202 1585 359 1620 Domino,
386 1585 602 1624 procedemus¹
626 1587 742 1624 Aperte
770 1585 968 1623 predicentes
986 1585 1106 1615 eisdem
1126 1586 1212 1623 quod

202 1643 346 1677 pretextu
365 1639 525 1668 dilationis
552 1643 581 1668 et
607 1639 736 1668 termini
758 1639 984 1676 assignationis
1006 1639 1209 1677 hujusmodi,

202 1702 264 1731 que
279 1692 382 1731 potius
398 1702 433 1721 ex
451 1693 554 1730 gratia
580 1702 634 1722 seu
658 1692 877 1722 misericordia
892 1701 989 1731 quam
1006 1701 1041 1721 ex
1059 1692 1140 1730 juris
1159 1701 1212 1722 ne-

203 1747 346 1775 cessitate
363 1746 531 1784 prot-edere
544 1746 768 1778 dinoscuntur,
782 1754 984 1784 nequaquam
998 1745 1126 1775 differre
1143 1754 1211 1784 pro-

203 1799 369 1838 ponimus,
388 1799 436 1828 vel
456 1799 552 1828 etiam
570 1799 747 1841 abstinere,
766 1799 843 1837 quin
862 1800 957 1828 etiam
975 1799 1043 1837 ipsa
1058 1799 1211 1829 dilatione

203 1857 233 1882 et
257 1853 384 1881 termini
412 1852 627 1890 assignatione
652 1853 881 1891 pendentibus,
909 1857 972 1882 tam
996 1862 1032 1882 ex
1054 1853 1212 1891 preteritis

201 1914 312 1935 eorum
329 1905 545 1942 contumaffiis,
561 1906 742 1935 excessibus
759 1910 789 1935 et
804 1906 933 1935 offensis
950 1915 1045 1944 quam
1070 1915 1106 1936 ex
1127 1906 1212 1936 futu-

201 1958 262 1992 ris,
288 1958 315 1987 si
337 1967 415 1997 quos
442 1967 494 1988 eos
519 1960 718 1989 committere
736 1960 814 1988 sorte
833 1960 1019 1997 contigerit,
1041 1959 1211 1998 procedere

202 2011 385 2041 curabimus
402 2011 611 2050 spiritualiter
627 2018 656 2041 et
673 2012 904 2051 temporaliter,
924 2016 1017 2051 prout
1035 2017 1063 2042 et
1082 2013 1210 2051 quando

202 2064 350 2104 expedire
368 2065 560 2101 viderimus,
579 2070 688 2095 contra
711 2074 775 2095 eos.
801 2065 1077 2104 Cephaludensem
1103 2070 1209 2096 autem

202 2122 232 2147 et
248 2117 516 2148 Nencastreusem
533 2119 696 2157 episcopos
719 2119 931 2158 supradictos,
949 2119 1003 2157 qui
1019 2119 1162 2149 unctioni
1180 2123 1211 2148 et

200 2171 396 2200 coronationi
413 2171 563 2209 predictis
577 2172 762 2208 interfuere,
776 2173 912 2202 citamus
924 2173 1047 2211 eisque,
1062 2173 1120 2202 sub
1129 2182 1209 2211 pena

201 2223 423 2262 depositionis,
444 2234 540 2263 quam
565 2234 601 2255 eo
619 2225 688 2263 ipso
711 2226 782 2255 illos
806 2227 970 2256 incurrere
996 2226 1159 2262 volumus,
1182 2227 1209 2256 si

200 2277 361 2306 mandatis
378 2277 493 2307 uostris
514 2286 577 2307 non
595 2279 782 2308 curaverint
799 2279 968 2308 efficaciter
983 2279 1126 2315 obedire,
1147 2279 1209 2319 [iu-

198 2330 381 2369 jungimus]
397 2336 429 2359 ut
446 2330 530 2360 iut'ra
539 2331 692 2361 kalendas
710 2325 831 2361 mensis
847 2333 973 2370 augusti
986 2333 1119 2371 proximi
1133 2342 1209 2362 ven-

202 2383 265 2412 turi
287 2389 492 2421 compareant
515 2385 724 2423 personaliter
745 2394 849 2415 coram
876 2386 985 2421 nobis,
1007 2394 1062 2424 pro
1087 2387 1208 2416 meritis

200 2436 372 2475 recepturi.
390 2436 547 2467 Utautem
566 2437 751 2477 hujusmodi
769 2444 874 2468 noster
891 2448 1056 2477 processus
1072 2444 1144 2476 etc.,
1157 2449 1209 2469 us-

200 2498 263 2528 que
283 2489 503 2529 publicabunt.
522 2492 569 2521 Ita
585 2491 670 2529 quod
680 2491 764 2521 idem
778 2492 915 2522 Jacobus
930 2496 961 2522 et
975 2492 1030 2521 alii
1047 2501 1126 2531 quos
1142 2501 1210 2532 pro-

200 2551 307 2573 cessus
326 2544 391 2582 ipsc
407 2544 565 2581 contingit
579 2549 656 2580 etc.‚
675 2554 774 2584 usque
790 2545 822 2574 in
842 2545 918 2575 fine.
938 2557 952 2571 n

242 2608 255 2623 «
274 2597 404 2626 Dudum
423 2597 525 2627 felicis
542 2597 809 2628 recordatiouis..¹
827 2615 865 2620 -
891 2599 931 2629 Ut
947 2607 1051 2638 supra.
1073 2611 1086 2626 n

272 2757 386 2785 2¹21

238 2814 396 2846 [necessus
411 2824 509 2847 contra
526 2820 692 2852 Affonsum,
707 2821 850 2855 quondam
866 2821 950 2854 Petri,
964 2822 1030 2849 olim
1045 2824 1122 2858 regis
1133 2823 1208 2850 Ara-

202 2875 318 2901 gonum,
337 2869 435 2895 filium.
453 2870 534 2904 (Rau.
553 2870 595 2902 44,
614 2879 639 2897 c.
659 2871 683 2901 5,
702 2871 720 2897 f.
740 2872 790 2897 306
806 2872 853 2903 r0.)

564 2757 923 2793 Sainte-Marie-Majeure,
938 2759 952 2785 7
969 2759 1037 2786 avril
1059 2759 1134 2787 ¹289.

242 2971 381 2999 Nicotaus
401 2979 452 3002 etc.
478 2974 521 3002 Ad
539 2975 751 3003 certitudinem
775 2976 962 3012 presentium
984 2981 1009 3004 ct
1028 2977 1207 3005 memoriam

200 3023 391 3058 futurorum.
405 3024 586 3062 Alsonsum,
604 3027 659 3065 qui
676 3026 792 3063 Caroli,
808 3027 890 3065 regis
902 3027 1043 3065 Siciliae,
1058 3027 1207 3059 treslibe-

1294 421 1344 442 ros
1363 412 1545 451 multosque
1563 413 1643 443 alios
1660 413 1875 453 nobiles‚jam
1893 415 1952 446 sub
1971 416 2039 454 ejus
2057 416 2182 446 Alfonsi
2197 421 2300 456 potes-

1295 469 1355 495 tate
1378 475 1432 495 seu
1456 466 1601 497 dominio
1623 467 1822 501 constitutos
1840 472 1872 497 et
1892 468 2133 507 quamplurima
2150 474 2252 500 castra
2272 475 2303 501 et

1293 520 1468 549 maximam
1497 520 1652 558 pecuniae
1676 521 1890 559 quantitatem
1908 521 1942 550 in
1959 521 2140 561 depositum
2166 523 2300 562 recepit,

1294 578 1404 603 mouet
1431 578 1464 603 ut
1487 574 1572 603 iutra
1599 573 1753 604 kalendas
1780 575 1969 613 septembris
1991 575 2138 614 proximo
2162 576 2302 607 secuturi

1294 626 1443 657 Carolum
1461 631 1489 656 et
1505 627 1632 657 obsides
1651 627 1804 657 liberetet
1815 628 1982 667 pecuniam
1995 634 2152 668 receptam
2163 634 2303 661 etcastra

1294 681 1449 710 restituat.
1471 680 1562 716 Quod
1585 681 1612 710 si
1630 681 1714 710 intra
1737 681 1914 720 praefatum
1933 682 2106 712 terminum
2131 682 2303 722 praemissa

1295 741 1359 763 nou
1379 733 1497 769 fecerit.
1515 734 1840 764 excommunicationi
1857 735 1889 763 iu
1906 735 2012 773 ipsum
2032 735 2114 765 latae
2131 736 2300 775 subjaceat.
2340 767 2342 771 ,

1295 787 1463 816 Praeterea
1479 787 1563 816 iufra
1580 786 1734 817 kalendas
1751 787 1886 818 octobris
1909 796 2014 818 coram
2038 789 2111 819 sede
2134 789 2303 828 apostolica

1294 845 1483 879 compareat.

1337 906 1350 920 α
1372 894 1502 923 Pridem
1520 894 1654 924 Alsonso
1672 894 1874 933 quondam...
1890 911 1929 916 —
1947 895 1989 925 Ut
2003 904 2109 934 supra.
2130 908 2144 922 n

1366 1094 1485 1124 2¹22

1332 1155 1492 1182 Processus
1508 1160 1608 1183 contra
1621 1176 1640 1183 ..
1653 1157 1902 1192 archiepiscopum
1920 1156 2068 1184 Pisanum.
2082 1158 2167 1192 (Rae.
2181 1159 2224 1193 44,
2238 1167 2264 1187 c.
2275 1159 2302 1193 6,

1294 1204 1314 1230 f.
1332 1204 1382 1230 306
1400 1206 1452 1236 νο.)

1657 1094 2020 1130 Sainte-Marie-Mnjeure,
2038 1097 2052 1122 7
2067 1097 2137 1123 avril
2154 1096 2232 1124 1289.

1335 1315 1478 1344 Nicotaus
1495 1319 1546 1344 etc.
1567 1314 1612 1344 Ad
1631 1316 1845 1344 certitudinem
1868 1317 2056 1354 presentium
2081 1321 2107 1346 et
2125 1317 2304 1348 memoriam

1293 1368 1489 1403 [tumorum.
1515 1379 1529 1394 «ι
1548 1368 1676 1397 Pridem
1697 1368 1734 1397 ad
1755 1373 1894 1398 nostram
1919 1369 2038 1408 perlato
2055 1369 2200 1400 notitiam
2219 1370 2303 1410 quod

1295 1421 1379 1450 cives
1398 1421 1518 1456 Pisani,
1537 1421 1649 1459 spiritu
1666 1421 1853 1452 rebellionis
1868 1427 2042 1461 assumpto,
2053 1423 2200 1454 concives
2217 1431 2302 1462 suos,

1294 1481 1413 1503 nomen
1436 1473 1686 1504 ecclesiasticum
1703 1474 1906 1512 invocantes,
1929 1479 1959 1504 et
1976 1476 2135 1506 civitatem
2152 1476 2303 1507 Pisanam

1294 1527 1428 1566 ejusque
1444 1526 1564 1557 incolas
1578 1527 1610 1556 in
1627 1527 1795 1558 devotione
1810 1532 1989 1566 satagentes
2005 1529 2138 1559 ecclesie
2153 1530 2302 1567 retinere,

1294 1580 1332 1610 de
1351 1580 1479 1610 civitate
1501 1581 1570 1619 ipsa
1587 1581 1769 1620 dampnatis
1786 1583 1888 1612 eicere
1902 1582 2036 1612 ausibus
2060 1587 2301 1623 attemptarant,

1294 1634 1468 1665 nonnullos
1490 1643 1613 1671 eorum,
1637 1636 1722 1665 viros
1744 1635 1854 1674 utique
1880 1639 2023 1674 potentes
2038 1640 2068 1666 et
2084 1636 2218 1674 nobiles,
2233 1636 2304 1668 diro
2324 1662 2325 1665 ,

1293 1689 1411 1718 carceri
1425 1689 1636 1725 retrudentes,
1653 1698 1743 1728 quos,
1760 1689 1842 1719 sicut
1861 1689 1986 1728 publica
2003 1689 2087 1719 rama
2101 1690 2229 1727 clamat,
2251 1699 2304 1730 per

1293 1742 1542 1772 intollerabilem
1569 1743 1812 1781 immanemque
1847 1743 1997 1773 duritiem
2025 1744 2162 1774 carceris
2188 1752 2225 1774 ac
2241 1732 2305 1783 cibi

1294 1796 1527 1833 subtractione,
1545 1796 1746 1826 humanitate
1763 1796 1906 1835 qualibet
1926 1805 1944 1826 a
1960 1805 1993 1825 se
2009 1805 2137 1835 prorsus
2155 1797 2282 1828 exclusa
2293 1791 2317 1835 ,⁹

1294 1850 1419 1889 Deique
1435 1850 1548 1880 timore
1567 1850 1757 1889 postposito,
1776 1850 1944 1880 sevissima
1959 1850 2123 1889 impietate
2138 1854 2301 1888 necarant,

1294 1903 1442 1943 quodque
1466 1903 1550 1933 mala
1570 1902 1663 1933 malis
1688 1908 1719 1933 et
1745 1903 1882 1934 offensas
1909 1908 2133 1935 coacervantes
2155 1905 2300 1942 offensis,

1294 1958 1480 1988 eorumdem
1509 1957 1690 1987 concivium
1713 1957 1861 1987 domibus
1886 1957 2022 1994 dirutis,
2044 1958 2199 1988 ceterisve
2218 1959 2315 1998 ipso-‘

1293 2020 1365 2041 rum
1382 2011 1473 2041 bonis
1491 2011 1525 2040 in
1542 2011 1653 2041 eadem
1670 2011 1798 2041 civitate
1820 2011 2069 2041 consistentibus
2089 2019 2125 2042 ac
2141 2012 2237 2042 etiam
2252 2020 2304 2042 ex·

1294 2069 1340 2094 tra
1358 2074 1426 2094 eam
1449 2064 1894 2104 dissipationeconsumptis,
1921 2064 2103 2095 Gnidonem
2119 2065 2157 2096 de
2176 2059 2310 2096 Monte-⁵

1292 2118 1400 2154 feltro‚
1420 2118 1591 2155 antiquum
1607 2122 1638 2148 et
1659 2118 1824 2157 publicum
1846 2121 2080 2157 persecutorem
2103 2123 2134 2149 et
2153 2118 2194 2149 ab
2224 2110 2322 2163 olims

1292 2171 1463 2201 bannitum
1480 2171 1623 2207 ecclesie,
1641 2176 1671 2201 et
1687 2171 1794 2207 etiam,
1812 2171 2014 2209 exigentibus
2033 2172 2184 2210 gravibus
2201 2171 2302 2211 culpis

1292 2226 1369 2261 suis,
1387 2225 1515 2255 viuculo
1532 2225 1873 2256 excommunicationis
1888 2225 2072 2262 astrictum,
2090 2225 2226 2265 dataque
2240 2224 2318 2267 sihi>

1292 2288 1347 2317 per
1375 2278 1543 2309 ecclesiam
1569 2279 1670 2318 ipsam
1696 2279 1838 2309 confinia
1859 2282 1889 2309 et
1911 2288 1966 2319 per
1993 2288 2067 2309 eum
2092 2283 2220 2318 accepta
2237 2287 2319 2313 non.

1291 2332 1410 2371 absque
1433 2331 1532 2361 multa
1556 2332 1732 2361 temeritate
1757 2336 1982 2370 rumpentem,
2007 2332 2042 2362 in
2065 2340 2160 2362 suum
2181 2339 2300 2376 sueque

1291 2385 1429 2415 civitatis
1453 2384 1656 2423 capitaneum
1674 2393 1729 2415 seu
1754 2385 1843 2414 aliud
1867 2384 2012 2415 officium
2032 2384 2191 2415 duxerant
2210 2392 2299 2422 assu-

1291 2439 1458 2475 mendum,
1475 2439 1507 2467 iu
1525 2438 1634 2467 divine
1651 2438 1824 2477 majestatis
1839 2438 2008 2475 offensam,
2025 2437 2198 2477 apostolice
2216 2436 2300 2468 sedis

1291 2496 1508 2530 contemptum
1525 2495 1555 2521 et
1570 2500 1666 2529 grave
1682 2491 1827 2521 fidelium
1843 2495 1874 2521 et
1897 2491 2084 2521 devotorum
2100 2491 2234 2522 ecclesie
2247 2490 2300 2522 de-

1293 2545 1498 2581 trimentum,
1515 2544 1554 2574 de
1571 2544 1687 2584 quibus
1703 2545 1861 2575 nonnulla
1875 2545 2002 2583 gravia,
2021 2549 2088 2574 tum
2111 2553 2167 2583 per
2181 2544 2299 2575 famam

1292 2598 1451 2638 publicam
1465 2621 1473 2635 ,
1492 2603 1558 2628 tum
1577 2598 1674 2628 etiam
1695 2608 1749 2637 per
1766 2599 1909 2629 diversos
1929 2598 2167 2637 fidedignorum
2183 2597 2299 2629 relatus

1292 2675 1312 2682 ..
1340 2652 1578 2691 archiepiscopo
1600 2652 1717 2683 Pisano
1742 2652 1910 2692 potissime
1935 2656 2143 2683 noscerentur
2158 2651 2305 2692 imponis

1291 2715 1348 2736 nos
1364 2705 1502 2735 eundem
1523 2705 1798 2745 archiepiscopum
1816 2715 1872 2745 per
1890 2709 2036 2736 nostrum
2053 2705 2208 2736 nuntium
2229 2712 2297 2744 spe-

1292 2759 1399 2789 tialem
1415 2762 1444 2789 et
1461 2758 1582 2789 litteras
1604 2761 1700 2789 citare
1723 2759 1906 2790 curavimus
1928 2763 1962 2789 ut
1978 2763 2064 2790 certo
2085 2759 2243 2796 termino,
2263 2748 2316 2788 iu÷

1290 2813 1409 2843 eisdem
1441 2812 1554 2842 litteris
1580 2813 1833 2852 comprehenso,
1865 2821 1972 2843 coram
2001 2812 2094 2843 nobis
2125 2809 2296 2852 personali·-

1290 2871 1336 2897 ter
1367 2870 1584 2904 compareret,
1612 2866 1731 2897 nostris
1754 2867 1845 2905 juxta
1871 2866 2086 2905 predictarum
2117 2865 2297 2896 litterarum

1292 2925 1434 2951 tenorem
1459 2919 1665 2958 beneplacitis
1688 2923 1719 2950 et
1744 2919 1903 2950 mandatis
1929 2918 2099 2949 humiliter
2123 2917 2293 2958 pariturus.

1290 2975 1361 3013 Ipse
1389 2981 1463 3004 vero
1490 2982 1584 3003 suum
1613 2973 1652 3003 ad
1683 2977 1824 3003 nostram
1854 2973 2047 3012 presentiam
2079 2975 2295 3002 excusatorem

1289 3027 1479 3063 transmisit,
1498 3027 1733 3063 excusationes,
1753 3030 1845 3066 prout
1863 3025 2030 3057 nonnullis
2048 3025 2224 3062 videbatur,
2242 3023 2294 3053 in-

2469 649 2476 679 -2-
2470 605 2477 632 „z-
2471 551 2477 579 „—-
2472 498 2477 516 -
2473 444 2477 464 0.

2454 1466 2477 1540 ἐξ
2455 1198 2477 1431 ἒξὲἶὲζεώ
2461 1135 2477 1163 {24
