2342 3652
932 375 1159 415 DEUXIEME
1182 372 1338 413 ANNiiE.
2118 386 2174 415 ι137

91 459 217 494 tatibus,
235 461 264 486 et
282 464 379 494 usque
393 455 432 484 ad
446 457 514 484 octo
525 453 591 482 dies
601 457 781 491 sequentes,
795 451 1005 481 visitaverint.
1021 451 1091 479 Dat.

92 512 186 542 Reate
202 534 207 545 ‚
227 508 375 539 kalendis
394 507 540 544 augusti=
558 513 644 535 anno
660 504 809 534 secundo.
828 503 933 543 (lbicl.)

129 564 165 594 In
179 572 206 593 e.
224 572 266 591 m.
284 561 416 591 eisdem.
431 559 573 589 Eandem
584 558 819 595 indulgentiam
829 557 1028 586 concediteis
1038 556 1093 594 qui

92 616 254 648 ecclesiam
289 615 421 644 fratrum
458 612 697 642 Heremitarum
733 611 771 639 de
803 609 917 639 Bai-olo
932 633 937 646 ⁷
972 609 1093 639 ordinis

93 671 124 701 S.
142 668 323 707 Augustini,
343 666 517 696 Tranensis
533 665 702 701 dioecesis,
720 664 752 692 in
770 663 912 701 ejusdem
938 662 1039 691 sancti
1065 667 1094 691 et

91 725 197 755 heatae
222 722 338 752 Mariae
363 719 587 750 festivitatibus
611 722 640 747 et
664 727 719 756 per
741 721 810 746 octo
832 717 899 746 dies
925 719 1093 754 sequentes

91 775 302 808 visitaverint.
321 775 392 803 Dat.
412 778 444 803 ut
462 781 568 811 supra.
590 770 688 810 (Ibid.)

147 975 167 1003 1
179 975 263 1003 132
718 970 809 1000 Rieti,
827 970 842 996 6
858 970 925 996 aout
944 968 1020 995 1289.

125 1038 180 1066 Pro
196 1037 328 1068 Sabbate‚
342 1036 479 1063 Militensi
496 1035 642 1070 episcopo.
657 1034 740 1067 (Rae.
760 1034 803 1067 44,
821 1041 847 1059 c.
865 1033 925 1066 344,
944 1033 962 1058 s.
982 1032 1033 1059 180
1047 1034 1094 1064 ro.)

136 1140 301 1170 Venerabili
321 1140 415 1174 fratri
434 1162 452 1168 ..

93 1195 195 1234 legato,
212 1192 343 1221 mandat
358 1195 515 1230 quatenus
530 1191 564 1220 111
582 1190 820 1220 ecclesiisinfra
836 1198 911 1218 suae
927 1187 1095 1226 legationis

92 1246 241 1277 terminos
260 1245 439 1275 constitutis
463 1243 627 1282 provideat
654 1242 802 1277 Sabbati‚
837 1242 991 1272 Militensi
1009 1241 1094 1279 epis-

92 1308 176 1339 copo,
193 1299 231 1329 ab
247 1299 391 1328 hostibus
407 1297 539 1335 spoliato
556 1306 572 1326 e
592 1296 805 1334 manibusque
822 1304 931 1325 eorum
948 1303 1052 1324 evaso.

131 1364 144 1380 «
162 1351 342 1391 Apostolica
359 1350 504 1380 doctrina
530 1350 719 1380 docemur...
737 1366 776 1371 —-
792 1349 864 1378 Dat.
890 1349 1008 1383 Reate,
1039 1356 1095 1377 vm

91 1406 162 1437 idus
176 1405 317 1443 augusti,
342 1413 428 1434 anno
444 1402 593 1433 secundo.
613 1414 626 1429 >⁷

481 1137 610 1175 episcopo
630 1137 819 1172 Feriam-ino,
839 1137 999 1174 apostolice
1019 1135 1096 1164 seclis

167 1605 280 1634 1133
703 1604 790 1633 Rieti,
810 1605 848 1629 1⁶⁹r
863 1604 930 1629 aout
948 1603 1025 1630 1389.

128 1666 333 1702 Indulgentiae.
351 1666 434 1700 (Rae.
451 1666 494 1697 44,
512 1674 537 1693 c.
556 1666 616 1699 345,
634 1666 653 1692 f.
674 1666 723 1692 r180
740 1667 788 1697 ro.)

136 1797 156 1805 ..
186 1776 284 1804 abbati
302 1780 328 1804 el
350 1776 481 1813 capitulo
503 1775 650 1804 secularis
672 1775 789 1804 ecclesie
808 1775 921 1804 Sancte
948 1775 1041 1803 illaria
1066 1775 1099 1804 de
1117 1810 1121 1814 Β

95 1829 299 1859 Franconibus
320 1829 474 1857 Verulane.
489 1827 729 1866 Indulgentiam
745 1829 957 1866 quadraginta
972 1828 1098 1858 dierum

97 1882 238 1912 concedit
261 1882 412 1912 omnibus
437 1890 509 1911 vere
538 1882 774 1920 poenitentibus
801 1886 831 1911 et
862 1882 1016 1911 confessis
1045 1882 1100 1920 qui

97 1934 258 1964 ecclesiam
276 1934 468 1973 praedictam
487 1935 520 1964 in
538 1935 738 1972 Nativitatis‚
755 1935 1012 1972 Purificaffionis,
1030 1937 1100 1965 An-

98 1988 309 2018 nuntiationis
328 1992 358 2017 et
382 1988 620 2026 Assumptionis
642 1988 751 2017 beatae
773 1989 894 2023 Mariae
910 1993 940 2018 et
964 1998 1018 2027 per
1034 1993 1102 2018 octo

97 2040 162 2071 dies
177 2046 345 2080 sequentes
364 2041 573 2071 visitaverint.

139 2106 151 2121 α
171 2095 256 2124 Licet
277 2095 303 2124 is
328 2094 405 2124 de...
424 2112 458 2116 —
480 2095 549 2124 Dat.
569 2095 678 2131 Reate,
698 2095 843 2125 kalendis
859 2097 999 2134 augusti,
1015 2105 1101 2126 anno

99 2148 247 2178 secundol
268 2160 281 2174 ι)

173 2356 424 2385 1134-1135
724 2357 810 2388 Rieti,
828 2358 860 2384 ‘38
874 2358 937 2392 juin
954 2359 1029 2386 1289.

135 2417 319 2454 Dispensatio
336 2419 517 2446 residentiae.
535 2419 616 2454 (Rae.
635 2419 667 2447 44
679 2441 685 2452 ‚
704 2429 727 2446 c.
743 2420 805 2452 346,
823 2421 842 2446 f.
861 2421 910 2448 180
928 2422 974 2454 r0.)

141 2520 305 2550 Carissimo
316 2522 351 2550 in
365 2521 482 2550 Christo
495 2522 559 2558 fillo
574 2521 691 2558 Carolo,
704 2524 769 2559 reyz'
779 2523 880 2552 Sicilie
893 2524 1022 2560 illustri,
1035 2531 1106 2552 con-

103 2572 182 2603 cedit
209 2577 243 2603 ut
262 2574 371 2603 decem
397 2574 504 2604 clerici
520 2575 605 2613 ejus,
625 2583 679 2613 per
704 2584 757 2605 sex
781 2584 896 2612 annos,
914 2576 1057 2606 redditus
1078 2580 1107 2606 et

105 2624 224 2656 fructus
239 2626 469 2657 beneficiorum
494 2636 624 2657 suorum
638 2650 646 2664 ,
666 2632 818 2666 tanquam
835 2629 861 2658 si
878 2629 911 2658 in
929 2629 974 2659 eis
990 2629 1106 2659 reside-

104 2683 189 2716 rent,
207 2681 367 2719 percipere
382 2681 520 2711 valeant.

149 2746 161 2760 ι
179 2733 306 2769 Quanto
321 2735 451 2773 maj0ris
473 2735 688 2765 devotionis...
706 2753 744 2757 —
760 2736 831 2766 Dat.
849 2737 947 2766 Reate
961 2760 968 2773 ,
989 2747 1033 2766 1111
1049 2737 1106 2766 ka-

105 2786 213 2816 lendas
225 2788 315 2826 julii,
335 2797 420 2818 anno
436 2789 585 2819 secundo.
606 2801 620 2816 n

145 2840 181 2870 In
204 2850 231 2870 e.
256 2850 300 2871 m.
318 2842 471 2879 magistro
488 2843 651 2881 Raynerio
669 2843 707 2873 de
722 2843 817 2881 Pisis,
836 2844 958 2874 notario
971 2853 1039 2881 suo,
1056 2854 1107 2874 ca-

107 2893 220 2924 nonico
242 2894 477 2930 Belvacensi‚..
495 2895 600 2925 abbati
621 2897 807 2926 monasterii
828 2897 935 2927 Sancti
956 2898 1109 2928 Germani

107 2945 144 2975 de
165 2946 267 2976 Pratis
290 2948 379 2985 juxta
408 2948 562 2984 Parisius,
591 2952 620 2978 et
643 2970 664 2978 ..
687 2949 805 2980 (100300
829 2950 979 2980 ecclesiae
1001 2951 1108 2981 Sancti

109 2998 208 3029 Laudi
235 3000 478 3038 Audegavensis
505 3001 636 3031 mandat
658 3006 816 3040 quatenus
837 3003 957 3033 eisdem
985 3004 1110 3034 clericis

108 3053 279 3090 praedictos
298 3054 442 3084 redditus
459 3058 489 3084 et
505 3058 676 3093 proventus
692 3055 868 3086 ministrari
880 3057 1007 3087 faciant.

1251 450 1269 476 Ι
1282 449 1366 476 136
1772 449 1855 480 Rieu,
1873 449 1906 476 ‘23
1919 450 2013 484 juillet
2026 450 2102 476 lese.

1213 503 1254 529 De
1270 503 1376 529 decima
1396 504 1453 538 regi
1471 504 1582 531 Siciliae
1597 513 1743 532 concessa.
1760 505 1842 538 (Rae.
1857 505 1898 535 44,
1915 514 1940 531 0.
1954 505 2014 535 347,
2032 506 2050 531 f.
2065 506 2114 532 180
2128 509 2174 537 ro.)

1218 592 1363 627 Gaufrido
1384 593 1419 620 de
1438 593 1614 629 Laumello,
1639 593 1785 631 preposito
1807 594 1923 622 ecclesie
1942 594 2095 630 simensis,
2123 603 2174 623 ca—

1175 644 1295 679 pellano
1311 648 1424 673 nostro.
1447 657 1459 671 α
1481 646 1609 674 Dudum
1628 646 1711 674 clare
1728 646 1880 675 memorie
1897 646 2008 676 Carolo
2019 671 2025 682 ,
2043 648 2109 684 regi
2125 647 2175 676 Si-

1177 695 1265 731 cilie,
1284 697 1440 726 decimam
1457 698 1603 727 omnium
1623 689 1906 728 ecclesiasticorum
1925 704 2133 737 proventuum
2147 704 2178 729 et

1178 750 1361 778 reddituum
1371 751 1404 779 in
1416 751 1577 780 Provintie
1586 760 1620 779 as·
1630 751 2052 790 Forcalqueriicomitatibus
2062 762 2116 791 pro
2127 762 2178 783 ne-

1178 803 1262 839 gotio
1274 803 1365 839 regni
1383 803 1766 841 Sicilieduxitapostolice
1779 805 1861 834 sedis
1874 805 2055 842 benignitas
2070 815 2179 836 conce-

1178 854 1327 890 dendam,
1346 856 1521 884 venerabili
1541 856 1635 884 fratre
1652 861 1758 886 nostro
1776 881 1794 886 ..
1811 857 1990 887 Arelatensi
2007 859 2179 897 archiepis-

1177 915 1252 945 copo
1270 912 1433 936 executore
1450 917 1544 946 snper
1558 909 1658 946 ipsius
1676 909 1863 939 collectione
1876 910 1999 939 decime
2014 911 2177 949 deputato,

1176 960 1280 989 eidem
1297 960 1531 998 archiepiscopo
1547 965 1696 998 potestate
1712 970 1860 991 concessa
1877 962 2050 1000 deputandi
2064 964 2102 992 ad
2119 964 2179 993 col-

1176 1011 1342 1049 ligendum
1358 1013 1492 1042 eandem
1505 1013 1663 1042 decimam
1677 1013 1868 1043 collectores.
1885 1015 2089 1044 Postmodum
2108 1025 2180 1045 vero

1178 1065 1353 1094 venerabili
1373 1066 1462 1095 fratri
1483 1070 1589 1095 nostro
1613 1089 1632 1095 ..
1655 1066 1892 1104 archiepiscopo
1914 1068 2059 1106 Aquensi
2080 1069 2183 1097 extitit

1177 1118 1216 1147 ab
1233 1118 1342 1147 eadem
1360 1118 1432 1148 sede
1448 1119 1655 1147 commissum
1672 1123 1720 1154 ut,
1739 1119 1766 1147 si
1785 1128 1863 1157 quas
1881 1120 2090 1149 comitatuum
2110 1130 2181 1158 pre-

1178 1172 1336 1201 dictorum
1348 1180 1498 1209 personas
1511 1172 1748 1208 ecclesiasticas,
1764 1177 1923 1211 exemptas
1940 1178 1969 1202 et
1982 1182 2045 1202 non
2055 1183 2181 1211 exemp-

1179 1228 1238 1261 tas,
1254 1225 1484 1263 cujuscumque
1503 1224 1714 1261 conditionis,
1733 1225 1895 1263 dignitatis
1912 1230 1966 1255 aut
1984 1231 2081 1255 status
2098 1227 2182 1255 exis-

1180 1282 1300 1313 terent,
1331 1277 1492 1306 inveniret
1529 1278 1705 1315 predictam
1741 1278 1895 1307 decimam
1935 1279 2042 1307 minus
2081 1279 2183 1308 debite

1180 1330 1384 1369 persolvisse,
1402 1330 1472 1359 illas
1495 1331 1534 1359 ad
1560 1331 1808 1361 satisfactionem
1829 1332 1985 1369 integram
2009 1332 2047 1361 de
2065 1333 2184 1370 prefata

1180 1384 1303 1413 decima
1331 1383 1546 1412 exhibendam
1574 1393 1627 1422 per
1649 1393 1816 1413 censuram
1841 1385 2102 1421 ecclesiasticam,
2127 1395 2181 1423 ap-

1181 1437 1353 1475 pellatione
1370 1438 1551 1475 postposita,
1565 1443 1727 1467 coartaret.
1744 1437 1823 1467 Cum
1838 1442 1941 1467 autem
1956 1439 2035 1468 scire
2049 1439 2184 1475 velimus

1181 1490 1309 1529 plenius
1323 1491 1487 1519 veritatem
1505 1490 1641 1528 qualiter
1652 1491 1684 1519 in
1702 1491 1865 1528 premissis
1879 1492 1917 1521 ab
1933 1492 2051 1521 eisdem
2065 1492 2185 1521 archie-

1182 1544 1318 1583 piscopis
1337 1548 1366 1572 et
1388 1542 1609 1572 collectoribus
1631 1553 1725 1582 super
1743 1544 1851 1573 eadem
1869 1545 1991 1573 decima
2008 1545 2186 1583 colligenda

1183 1606 1238 1635 per
1257 1597 1394 1626 eundem
1411 1596 1686 1635 archiepiscopum
1702 1597 1923 1626 Arelatensem
1940 1598 2108 1635 deputatis,
2122 1603 2184 1627 tam
2209 1638 2212 1640 Ι

1183 1650 1221 1679 de
1238 1650 1371 1688 receptis
1388 1658 1485 1688 quam
1503 1650 1673 1687 assignatis
1691 1650 1730 1679 ab
1747 1651 1791 1679 eis
1806 1650 1844 1679 de
1861 1651 1983 1679 decima
1997 1651 2184 1688 supradicta,

1184 1709 1213 1733 et
1229 1704 1345 1742 quibus
1360 1704 1534 1741 assignatio
1552 1704 1632 1732 sacta
1648 1704 1718 1739 fuit,
1735 1708 1764 1732 et
1780 1703 1873 1732 etiam
1886 1704 1924 1732 de
1938 1704 2037 1741 ipsius
2049 1704 2184 1739 residuo,

1184 1757 1210 1786 si
1227 1758 1311 1795 quod
1323 1762 1379 1793 est,
1395 1757 1522 1795 plenam
1536 1761 1566 1785 et
1581 1756 1792 1785 sufficientem
1807 1757 1912 1793 exigas
1927 1756 2092 1792 rationem,
2104 1761 2143 1793 et,
2161 1758 2186 1786 si

1185 1810 1269 1848 quod
1285 1819 1382 1848 penes
1399 1819 1451 1839 eos
1475 1810 1639 1839 residuum
1658 1810 1753 1839 fuerit
1771 1809 2015 1847 assignandum,
2036 1809 2117 1838 illud
2136 1819 2187 1839 ca-

1184 1864 1313 1894 rissimo
1326 1865 1359 1893 in
1375 1863 1502 1892 Christo
1518 1862 1582 1892 filio
1596 1867 1702 1892 nostro
1717 1862 1840 1898 carolo,
1856 1863 1921 1899 regi
1935 1863 2043 1892 Sicilie
2056 1862 2186 1898 illustri,

1185 1916 1235 1946 vel
1250 1918 1445 1954 procuratori
1463 1925 1519 1945 suo
1531 1917 1569 1945 ad
1586 1915 1646 1946 hoc
1662 1916 1824 1945 sufficiens
1842 1916 2028 1945 mandatum
2045 1916 2186 1950 habenti,

1185 1969 1253 2007 ejus
1269 1969 1401 1999 nomine
1416 1969 1514 1998 facias
1531 1969 1730 2006 integraliter
1746 1969 1915 2007 assignari,
1932 1969 2016 2006 ipsos
2038 1969 2076 1998 ad
2096 1969 2144 2004 id,
2163 1969 2188 1997 si

1185 2031 1263 2062 opus
1283 2023 1395 2059 fuerit,
1417 2022 1604 2052 auctoritate
1628 2026 1753 2058 nostra,
1771 2022 1980 2060 appellatione
2003 2022 2187 2060 postposita,

1187 2079 1426 2117 compescendo.
1454 2078 1587 2107 Faciens
1610 2078 1648 2107 de
1673 2086 1708 2107 eo
1734 2078 1817 2116 quod
1837 2078 1875 2107 al)
1897 2077 2140 2116 archiepiscopis
2161 2082 2190 2107 et

1187 2132 1408 2163 collectoribus
1427 2132 1597 2162 antedictis
1613 2132 1690 2170 ipsis
1709 2132 1776 2169 regi
1797 2131 1844 2161 vel
1864 2131 2060 2169 procuratori
2078 2131 2189 2160 feceris

1187 2186 1347 2223 assignari
1366 2186 1479 2215 confici
1500 2185 1625 2223 publica
1644 2186 1873 2219 instrumenta,
1892 2193 1991 2223 eaque
2014 2184 2121 2219 nobis7
2141 2193 2188 2213 re-

1188 2241 1282 2268 tentis
1303 2239 1358 2268 tihi
1376 2238 1552 2273 similibus,
1579 2248 1633 2276 per
1652 2237 1778 2266 tidelem
1803 2238 1952 2267 nuntium
1974 2237 2098 2266 mittere
2124 2245 2188 2266 non

1187 2293 1325 2325 omittas.
1340 2293 1411 2322 Dat.
1428 2293 1537 2328 Reate,
1551 2302 1568 2321 x
1584 2291 1735 2321 kalendas
1748 2291 1888 2329 augusti,
1906 2300 1991 2320 auno
2006 2290 2156 2320 secundo.
2174 2302 2187 2315 »

1272 2440 1292 2466 1
1302 2439 1384 2467 13³2
1784 2436 1872 2469 Rieti,
1884 2436 1918 2462 ⁴23
1931 2436 2025 2470 juillet
2044 2435 2117 2461 1289.

1224 2494 1409 2528 Dispensatio
1425 2494 1607 2519 matrimonii.
1624 2493 1707 2525 (Rea.
1726 2492 1768 2523 44,
1784 2500 1809 2517 c.
1828 2491 1894 2521 348,
1912 2492 1930 2517 f,
1950 2491 1999 2517 180
2015 2497 2058 2522 v⁰;
2072 2489 2137 2515 Lar.
2155 2497 2189 2515 nu

1188 2543 1286 2573 Tuam,
1304 2542 1341 2575 11,
1359 2542 1433 2574 Qec.)

1235 2632 1399 2660 Venerabili
1415 2631 1508 2666 sralri
1524 2653 1543 2658 ..
1563 2631 1694 2666 episcopo
1712 2624 1828 2657 Dolensl
1846 2627 2016 2657 committit
2033 2630 2189 2664 quatenus

1189 2694 1261 2714 cuni
1281 2683 1381 2713 nobili
1398 2684 1465 2712 viro
1483 2682 1605 2712 Thoma
1622 2683 1730 2711 1101101Ὶ
1749 2685 1778 2709 et
1794 2681 1894 2710 nobili
1910 2680 2043 2709 muliere
2061 2680 2189 2716 Marga-

1191 2737 1249 2766 rita
1265 2736 1425 2774 quondam
1446 2735 1587 2764 Thomae
1606 2733 1772 2769 Balduini,
1792 2733 1916 2768 militis,
1936 2731 2085 2761 Dolensis
2103 2731 2189 2760 dioe-

1191 2791 1284 2827 cesis,
1302 2790 1461 2827 dispenset
1480 2792 1513 2817 111
1531 2788 1564 2816 111
1582 2787 1785 2816 matrimonio
1800 2786 1876 2815 olim
1893 2786 1931 2815 ab
1947 2785 2034 2823 ipsis,
2052 2784 2190 2822 impedi-

1192 2847 1335 2873 mentum
1356 2851 1422 2871 esse
1440 2840 1673 2878 ignorantibus,
1694 2842 1852 2869 contracto
1868 2847 2034 2867 remanere
2051 2837 2188 2873 valeant,

1191 2903 1374 2935 quanquam
1390 2894 1527 2923 Thomas
1543 2892 1702 2931 quondam
1718 2891 1861 2922 Rolando
1883 2891 2056 2926 (luidonis7
2075 2891 2189 2926 militi,

1193 2948 1305 2978 marito
1327 2946 1534 2984 Margaritae,
1560 2955 1614 2983 per
1631 2944 1792 2983 duplicem
1810 2944 1930 2974 lineam
1954 2949 2067 2983 quarto
2092 2944 2191 2981 gradu

1193 2998 1484 3038 consanguinitatis
1500 2999 1689 3036 conjunctus
1705 3001 1781 3028 erat.

1234 3064 1248 3083 «
1271 3053 1411 3083 Dilectus
1429 3050 1514 3080 filius
1534 3049 1687 3080 nobilis...
1702 3067 1739 3072 -—
1756 3050 1827 3080 Dat.
1847 3054 2001 3088 utsupra.
2021 3061 2033 3075 r>
