2477 3637
213 359 269 389 29⁴
519 377 526 382 .
965 358 1201 389 REGISTRES
1224 359 1278 389 DE
1300 358 1484 389 NICOLAS
1509 359 1562 389 IV.

213 425 383 465 praedictis
399 425 503 454 abbati
520 429 549 454 et
564 424 737 454 conventui
753 424 878 462 integre
894 425 1071 455 ministrari
1089 425 1218 455 saciant.

255 491 267 506 ι
289 478 482 508 Dilectorum
499 476 638 507 filiorum
659 498 678 506 ..
695 476 857 508 abbatis...
875 494 914 499 —-
931 477 1002 508 Dat.
1022 482 1058 508 ut
1079 487 1184 518 supra.
1204 490 1217 505 n

241 677 249 681 ’
286 679 401 706 1522
778 676 863 709 Rieti,
886 678 922 703 1²¹·
936 677 1053 704 octobre
1071 677 1147 705 1289.

247 741 430 777 Dispensatio
463 749 550 776 super
579 740 692 768 delectu
722 740 867 767 natalium.
898 740 981 771 (Rea.
1014 741 1064 772 44.
1096 749 1120 768 c.
1150 740 1217 773 536,

210 791 229 818 f.
246 790 294 818 ‘231
313 792 366 822 vo.)

249 905 394 945 Maqiscro
409 908 531 936 Iloberto
547 907 580 936 cle
598 907 619 936 F
620 905 706 940 orda,
725 907 870 936 canonico
884 907 999 935 ecclesie
1015 906 1217 941 Suwellensis,

208 961 403 990 Eboracensis
433 961 578 996 diocesis,
606 968 744 998 quocum
771 960 839 998 jam
863 959 1083 998 dispensatum
1102 963 1216 995 estut,

208 1022 274 1044 non
297 1014 442 1044 obstante
465 1013 588 1043 defectu
614 1013 770 1043 natalium
795 1022 892 1052 quem
916 1012 1052 1052 patitur,
1077 1021 1093 1041 e
1115 1011 1218 1042 soluto

208 1072 304 1097 natus
324 1072 355 1097 et
379 1067 495 1101 soluta,
514 1067 553 1096 ad
576 1076 688 1097 omnes
711 1067 841 1096 ordines
868 1065 1046 1105 promoveri
1064 1070 1095 1095 et
1114 1074 1217 1095 unum

206 1120 400 1151 beneficium
419 1120 670 1150 ecclesiasticum
694 1120 835 1159 recipere
855 1119 991 1156 valeret,
1015 1119 1162 1156 indulget
1184 1122 1219 1148 ut

206 1173 299 1213 plura
313 1173 472 1203 beneficia
489 1173 701 1203 ecclesiastica
719 1174 881 1212 percipere
897 1173 1004 1212 possit.

248 1239 261 1254 α
282 1227 397 1257 Merita
415 1232 465 1257 tue
481 1227 698 1256 devotionis...
716 1243 753 1248 —
779 1226 849 1256 Dat.
869 1227 984 1263 Reate,
1002 1225 1148 1256 kalendis
1165 1234 1216 1256 oc-

206 1281 316 1317 tobris,
331 1289 417 1311 anno
433 1280 584 1311 secundo.
607 1292 619 1307 ι»

278 1481 435 1510 1523=1
444 1481 533 1510 524
727 1480 815 1512 Rieti,
833 1480 865 1507 :³6
881 1480 1045 1514 septembre
1063 1479 1141 1506 1289.

241 1544 481 1578 Bonusjohannes
500 1544 674 1570 monasterio
686 1543 783 1570 Sancti
804 1542 949 1569 Laurentii
962 1543 989 1569 in
1001 1542 1108 1577 Campo
1124 1542 1214 1569 abbas

199 1594 369 1629 praeficitur.
389 1593 474 1627 (Rea.
491 1594 536 1625 44,
553 1601 578 1620 c.
597 1593 656 1625 537,
678 1593 697 1619 f.
715 1592 764 1620 ‘231
783 1595 834 1624 νο.)

240 1711 469 1748 BonoJohanni,
504 1711 603 1739 abbati
638 1710 817 1739 monasterii
848 1709 954 1738 Sanctl
985 1709 1144 1738 Laurentii
1176 1709 1211 1738 in

201 1765 329 1802 Campo,
349 1765 470 1793 ordinis
493 1764 524 1793 S.
551 1763 715 1798 Benedicti,
744 1764 891 1793 Fanensis
908 1763 1044 1793 diocesis.
1069 1763 1211 1792 Vacante

199 1817 392 1847 monasterio
408 1817 517 1847 Sancti
534 1816 700 1846 Laurentii
716 1816 749 1845 in
766 1815 886 1854 Campo
905 1824 960 1854 per
977 1815 1209 1854 promotionem

199 1870 234 1901 F.
261 1871 300 1900 ad
321 1870 499 1900 Fanensem
524 1869 758 1908 episcopatum,
786 1870 871 1907 prior
893 1873 923 1899 et
941 1873 1134 1903 conventus,
1154 1878 1210 1907 per

199 1924 285 1954 viam
301 1924 521 1962 compromissi
543 1924 764 1962 procedentes,
782 1923 814 1952 in
834 1923 1061 1953 Penestriuum
1083 1923 1208 1962 episco-

198 1986 273 2016 pum
290 1977 588 2015 compromiserunt,
607 1977 664 2015 qni
681 1977 997 2015 Bonnmjobannem,
1020 1981 1096 2006 tunc
1109 1976 1209 2006 abba-

199 2035 261 2060 tem
280 2030 466 2060 monastcrii
491 2030 599 2059 Sancti
621 2030 766 2059 Gerentii
791 2029 967 2060 Callensis.
986 2029 1093 2067 elegit.
1117 2029 1209 2059 Hanc

198 2084 387 2114 electionem
405 2092 482 2122 papa
497 2084 676 2113 confirmat.

240 2149 253 2163 «ι
274 2136 440 2166 Desideria
454 2137 572 2166 mentis
586 2141 730 2167 nostre...
745 2152 784 2157 —
796 2136 864 2166 Dat.
882 2137 990 2172 Reate,
1006 2145 1036 2166 v¹
1054 2135 1208 2166 kalendas

197 2190 343 2225 octobris,
360 2198 445 2219 anno
461 2190 611 2219 secundo.
631 2202 645 2216 »

238 2245 275 2274 In
295 2253 322 2274 e.
341 2253 384 2274 m.
407 2267 427 2275 ..
445 2245 542 2283 priori
558 2250 588 2274 et
605 2244 778 2274 conventui
795 2244 983 2274 monasterii
996 2244 1104 2274 Sancti
1122 2244 1205 2273 Lan-

197 2298 294 2329 rentii
305 2299 338 2328 in
355 2299 484 2337 Campo,
499 2303 533 2327 nt
548 2298 709 2336 praedicto
725 2298 829 2328 abbati
844 2298 1054 2328 reverentiam
1066 2297 1206 2327 debitam

196 2352 380 2391 praebeant.

271 2553 390 2583 1525

231 2615 372 2643 Fundatio
401 2616 568 2642 monasterii
597 2624 729 2642 sororum
759 2614 882 2642 Sanctae
906 2614 1014 2642 Clarae.
1040 2615 1122 2647 (Rae.
1154 2616 1202 2649 44,

195 2673 220 2692 c.
238 2665 298 2698 538,
315 2664 334 2691 f.
350 2664 399 2691 ‘231
417 2665 470 2698 vo.)

762 2552 849 2587 Rieti,
870 2554 907 2579 1⁶r
921 2553 1038 2580 octobre
1054 2553 1132 2580 1289.

242 2782 405 2811 Venerabili
423 2782 518 2818 fratri
535 2782 726 2821 Berenqario,
744 2781 876 2818 episcopo
891 2781 1066 2816 lodovensi,
1085 2779 1203 2810 consti—

196 2835 304 2864 tuendi
322 2835 354 2864 in
371 2835 504 2865 ecclesia
521 2834 631 2865 Sancti
647 2834 803 2873 Stephani
820 2834 858 2864 de
876 2833 1018 2864 Goriano
1041 2837 1202 2863 monaste-

196 2887 282 2916 rinm
299 2896 442 2918 sororum
459 2888 582 2918 ordinis
600 2887 736 2918 Sanctae
753 2886 882 2921 Clarae,
901 2887 999 2926 idque
1015 2886 1145 2916 dotandi
1163 2886 1202 2916 de

196 2940 286 2970 bonis
302 2941 435 2980 propriis
451 2946 479 2971 et
496 2941 534 2970 de
550 2941 641 2971 honis
660 2940 824 2980 ecclesiae,
842 2940 1024 2970 facultatem
1042 2939 1200 2970 concedit.

238 3005 249 3019 α
269 2992 348 3022 Cum
377 2994 455 3022 sirut
474 3003 548 3023 ox...
574 3011 610 3016 —
634 2994 703 3024 Dat.
732 2994 845 3031 Reate,
872 2993 1020 3024 kalendis
1047 2993 1199 3029 octobris,

194 3054 280 3076 anno
295 3046 443 3076 secundo.
466 3058 478 3072 »ι

1378 424 1493 454 1526
1828 425 1912 456 Rieti,
1930 426 1963 452 Ἡ
1979 427 2142 462 septembre
2160 428 2237 456 1289.

1341 486 1524 522 Dispensatio
1537 495 1624 522 super
1634 487 1746 514 defectu
1760 488 1904 515 natalium.
1915 488 1996 523 (Rae.
2008 490 2051 520 44,
2061 498 2086 517 c.
2100 490 2243 522 539.r.‘23¹
2257 495 2308 526 νο.)

1350 596 1516 626 Venerabili
1529 597 1625 633 fratri
1641 620 1660 626 ..
1674 598 1805 635 episcopo
1819 597 2029 635 corisopitensi
2045 599 2216 630 committit
2229 609 2307 640 qua·
2352 583 2370 629 Γ,

1304 653 1396 680 tenus
1411 658 1484 680 cum
1503 649 1678 680 Gnillelmo
1693 649 1778 679 dicto
1799 650 1908 686 Boffit,
1926 650 2042 682 clerico
2059 651 2305 691 corisopitensi,

1301 711 1439 742 quocum
1453 703 1520 741 jam
1538 711 1555 732 a
1581 702 1712 732 Nicolao
1728 702 1777 733 111
1796 703 2015 742 dispensatum
2035 709 2144 740 estut,
2163 714 2227 736 non
2252 707 2308 738 ob·
2339 733 2342 739 .

1301 760 1405 785 stante
1421 756 1544 786 defectu
1564 755 1717 785 natalium
1735 764 1830 794 quem
1848 757 1980 795 patitur,
1999 766 2016 787 e
2039 757 2152 789 soluto·
2165 763 2258 790 natus
2279 763 2310 790 et

1301 809 1368 839 solu
1375 814 1414 846 ta,
1432 809 1471 839 ad
1486 817 1536 839 om
1543 818 1598 838 nes
1613 809 1743 839 ordines
1760 810 1938 848 promoveri
1954 814 1985 840 et
2000 810 2192 841 beneficium
2208 812 2307 844 eccle-

1301 863 1464 893 siasticum
1483 862 1623 903 recipe-re
1649 862 1786 899 valeret,
1806 872 1916 893 rursus
1935 863 2098 902 dispenset
2121 870 2155 894 ut
2169 865 2308 904 dignita·
2340 871 2342 874 ·

1302 920 1376 952 tem,
1394 921 1522 955 excepta
1537 915 1726 955 episcopali,
1746 921 1800 946 ant
1818 922 2020 955 personatum
2039 918 2184 949 obtinere
2199 919 2307 958 possit.

1343 982 1355 996 ιι
1377 970 1540 1000 Accedens
1555 970 1593 999 ad
1614 970 1847 1009 presentiam...
1864 987 1904 992 —
1926 971 1996 1000 Dat.
2024 972 2138 1008 Reate,
2158 982 2179 1002 v
2194 972 2307 1011 kalen-

1300 1023 1355 1053 das
1371 1024 1517 1059 octobris,
1536 1032 1622 1054 anno
1637 1023 1788 1054 secundo.
1808 1036 1821 1051 r>

1374 1218 1488 1247 1522
1888 1219 1974 1253 Rieti,
1992 1220 2005 1247 4
2023 1220 2140 1248 octobre
2157 1220 2235 1248 1³:89.

1336 1280 1521 1315 Dispensatio
1532 1289 1620 1315 super
1630 1282 1742 1309 defectu
1756 1283 1901 1310 natalium.
1909 1282 1990 1315 (Res.
2001 1283 2044 1314 44.
2054 1291 2080 1310 c.
2093 1283 2154 1317 540,
2166 1283 2186 1311 f.
2197 1283 2248 1312 232
2259 1287 2304 1318 1⁸⁰.)

1338 1391 1460 1420 Nicolao
1477 1391 1510 1420 de
1534 1391 1642 1421 Sancto
1667 1392 1788 1427 Victore,
1808 1393 1914 1422 clerico
1931 1396 2008 1422 terre
2025 1395 2204 1424 monasterii
2219 1394 2306 1424 casi-

1298 1445 1411 1474 nensis.
1429 1444 1510 1474 Cum
1530 1453 1566 1475 eo
1589 1445 1750 1484 dispensat
1766 1451 1815 1480 ut,
1832 1455 1894 1476 non
1912 1446 2057 1476 obstante
2076 1447 2199 1478 defectu
2216 1451 2306 1478 nata-

1296 1498 1380 1528 lium
1410 1506 1506 1536 quem
1532 1497 1667 1536 patitur,
1692 1507 1708 1528 e
1732 1499 1918 1538 presbytero
1945 1503 2039 1529 natus
2066 1503 2096 1530 et
2118 1499 2238 1538 soluta,
2265 1501 2306 1532 ad

1296 1552 1440 1582 minores
1455 1551 1584 1581 ordines
1602 1553 1779 1590 promoveri
1797 1557 1827 1582 et
1844 1552 2036 1583 beneficium
2055 1553 2126 1583 sine
2140 1562 2217 1584 cura
2226 1554 2306 1585 ohti-

1295 1615 1371 1635 nere
1387 1605 1498 1635 valeat.

1337 1671 1350 1685 «
1370 1658 1435 1688 Etsi
1454 1658 1554 1696 geniti
1573 1667 1647 1687 ex...
1666 1675 1704 1680 —-
1725 1658 1796 1688 Dat.
1819 1659 1933 1695 Reate,
1958 1669 2003 1689 1111
2030 1667 2130 1690 nonas
2145 1659 2302 1698 octobris,

1293 1721 1380 1743 anno
1396 1712 1546 1742 secundo.
1564 1724 1576 1738 ι

1367 1913 1621 1942 1528-1532
1884 1913 1970 1947 Rieti,
1988 1915 2001 1940 7
2018 1913 2136 1941 octobre
2153 1913 2231 1942 1289.

1330 1976 1476 2003 Robertus
1497 1975 1683 2010 Pergamensi
1700 1976 1839 2002 ecclesiae
1855 1976 2010 2011 episcopus
2027 1976 2199 2011 praeficitur.
2216 1976 2299 2011 (Rea.

1293 2026 1336 2058 44,
1353 2034 1378 2052 c.
1397 2026 1458 2059 541,
1477 2025 1496 2052 f.
1513 2024 1564 2051 ‘232
1579 2026 1626 2056 ro.)

1341 2135 1505 2165 Venerabili
1523 2135 1619 2171 fratri
1634 2135 1768 2170 Rotam-10,
1783 2136 1917 2172 episcopo
1935 2133 2142 2172 Perffltnzensi.
2163 2135 2301 2166 Vacante

1293 2189 1426 2219 ecclesia
1452 2188 1661 2226 Pergamensi
1689 2197 1743 2227 per
1770 2188 1893 2218 obitum
1919 2187 2100 2226 Gniscardi,
2125 2189 2300 2228 capitulum

1292 2242 1371 2273 duas
1393 2242 1582 2278 electiones,
1606 2250 1703 2271 unam
1729 2240 1768 2270 de
1789 2241 1944 2277 Roberto‚
1966 2245 2042 2272 tnnc
2058 2241 2299 2282 archidiacono,

1293 2296 1426 2326 alteram
1444 2295 1482 2324 de
1506 2294 1668 2333 quondam
1693 2294 1859 2329 Johanne,
1879 2296 1953 2324 lunc
1976 2294 2166 2334 praepositio
2181 2295 2299 2334 Perga-

1292 2349 1414 2379 mensis
1427 2347 1591 2382 ecclesiae,
1603 2348 1785 2377 celebravit.
1799 2348 1901 2378 Causa
1913 2352 2018 2378 autem
2034 2347 2074 2378 ad
2089 2348 2198 2379 sedem
2211 2357 2298 2389 apos-

1292 2403 1418 2434 tolicam
1446 2401 1617 2438 devoluta,
1647 2401 1725 2432 obiit
1748 2401 1915 2432 *lohannes
1934 2406 1964 2431 et
1986 2402 2142 2432 Robertns
2165 2403 2218 2441 Jus
2237 2402 2298 2434 sihi

1290 2467 1327 2488 ex
1346 2456 1502 2487 electione
1529 2460 1713 2494 competens
1734 2456 1918 2494 resignavit.
1939 2456 2034 2486 Hunc
2056 2464 2130 2487 vero
2150 2465 2230 2496 papa
2244 2465 2297 2488 ec*-

1289 2510 1404 2541 <zlesiae
1421 2509 1628 2547 Pergamensi
1646 2509 1831 2548 episcopum
1849 2508 2000 2548 praeficit.

1331 2576 1344 2590 «
1362 2563 1411 2593 Ad
1429 2561 1621 2592 universalis
1637 2561 1806 2592 ecclesie...
1825 2578 1863 2584 —
1881 2562 1952 2592 Dat.
1972 2563 2084 2600 Reate,
2101 2563 2196 2594 nonis
2211 2567 2296 2594 oem-

1289 2617 1366 2654 bris,
1382 2624 1468 2646 anno
1484 2615 1634 2645 secundo.
1654 2627 1668 2641 »

1329 2671 1366 2700 In
1391 2678 1420 2700 e.
1447 2678 1490 2698 m.
1514 2669 1653 2708 capitulo
1680 2668 1830 2699 ecclesiae
1855 2669 2080 2707 Pergamensis
2105 2669 2235 2700 mandat
2261 2672 2315 2709 ut..

1288 2723 1394 2754 eidem
1411 2723 1556 2761 episcopo
1570 2721 1711 2752 debitam
1727 2722 1945 2752 obedientiam
1961 2722 2118 2761 praebeat.

1328 2778 1365 2807 In
1383 2785 1410 2807 e.
1429 2785 1472 2806 m.
1491 2775 1576 2806 clero
1592 2776 1730 2806 civitatis
1743 2780 1772 2806 et
1787 2775 1940 2806 dioecesis
1957 2776 2193 2814 pergamensis·

1327 2831 1365 2860 In
1380 2839 1407 2859 e.
1424 2838 1467 2859 m.
1481 2852 1500 2858 ..
1515 2833 1711 2867 potestatem,
1731 2827 1906 2859 consilium
1923 2833 1954 2858 et
1969 2837 2141 2859 commune
2157 2828 2295 2860 civitatis

1288 2882 1514 2921 Pergamensis
1532 2886 1621 2921 rogat
1636 2887 1670 2913 ut
1684 2882 1788 2912 eidem
1805 2882 1952 2921 episcopo
1965 2881 2182 2912 favorabiliter
2196 2881 2292 2912 assis-

1287 2941 1364 2966 tant.

1326 2989 1364 3019 In
1395 2998 1422 3019 e.
1455 2998 1497 3018 m.
1532 2989 1692 3020 universis
1718 2988 1864 3018 vassallis
1892 2988 2043 3018 ecclesiae
2070 2986 2292 3027 Pergameusis

1242 3077 1247 3085 Ι
1285 3043 1416 3074 mandat
1432 3048 1467 3073 ut
1484 3043 1589 3072 eidem
1612 3043 1758 3082 episcopo
1779 3046 1929 3072 consueta
1950 3041 2081 3072 servitia
2107 3040 2289 3073 exhibeant.
2328 3047 2366 3085 '3-
