2477 3637
245 394 283 424 54
995 390 1231 421 REGISTRES
1253 391 1308 422 DE
1329 390 1513 422 NICOLAS
1536 391 1592 421 IV.

246 459 330 490 tibus
348 459 410 489 nisi
428 459 515 498 prius
531 459 654 497 juraret
671 457 709 487 de
725 456 931 487 observandis
950 456 1118 495 praedictis
1131 461 1160 486 et
1177 457 1249 486 aliis

245 513 388 552 antiquis
407 511 693 542 consuetudinibus
710 509 860 539 ecclesiae
876 509 1050 547 praefatae,
1068 509 1154 539 idem
1173 510 1247 539 Ari-

245 567 352 596 verius
379 575 411 595 se
441 565 581 603 ipsorum
614 563 769 593 voluntati
797 562 959 599 submisit,
988 567 1018 592 et
1041 571 1059 592 a
1079 563 1247 601 praedictis

244 618 520 657 archipresbytero
544 622 573 646 et
597 616 731 655 capitulo
754 616 786 645 iu
813 615 1004 645 canonicum
1030 620 1173 654 receptus
1189 620 1246 646 est.

245 671 437 710 Hujusmodi
456 680 528 700 vero
541 669 716 709 juramenti
731 669 958 699 relaxationem
976 678 1062 699 nunc
1079 669 1245 708 impetrat,

244 725 328 755 unde
344 724 512 762 praedictis
531 722 652 753 Coi-ado
675 722 712 752 de
738 722 910 752 Brunforte
929 727 959 752 et
978 746 998 752 ..
1021 722 1246 761 archipresby-

243 782 309 807 tero
321 776 451 806 mandat
465 785 542 815 papa
556 779 713 814 quatenus
727 775 865 806 eundem
881 776 1067 806 Ariverium
1081 776 1120 805 ab
1134 776 1245 806 eodem

239 831 422 869 Juramento
440 829 621 866 absolvant,
642 830 734 869 eique
752 829 872 859 fructus
891 829 1089 869 praebendae
1109 830 1176 868 ejus
1194 829 1244 859 iu-

242 887 327 922 tegre
343 883 500 921 assignari
517 882 642 913 faciant.

282 949 296 964 α
321 936 370 966 Ad
392 936 590 966 audientiam
609 940 788 966 nostram...
813 953 851 958 ——
870 936 941 966 Dat.
960 936 1074 973 Reate,
1094 945 1165 966 vnn
1185 936 1244 966 ka-

240 990 350 1020 lendas
364 989 516 1026 octobris,
533 998 618 1019 anno
632 990 748 1028 primo.
767 1001 780 1016 »

309 1176 502 1205 285-288
771 1176 862 1207 Rieu,
881 1177 895 1202 5
911 1177 1074 1211 septembre
1094 1176 1170 1203 1288.

274 1238 482 1274 Indulgentiae.
505 1239 585 1271 (lino.
603 1239 648 1269 44,
665 1247 690 1266 c.
710 1239 773 1270 166,
793 1239 811 1264 f.
830 1238 862 1264 42
879 1239 923 1271 ro.)

278 1343 396 1371 Dileclis
411 1343 445 1371 -ῐη
469 1342 586 1371 Cliri'slo
606 1342 727 1378 filiabus
745 1362 766 1369 ..
784 1341 928 1369 abbatisse
949 1342 976 1368 et
989 1339 1151 1369 conventui
1177 1347 1245 1368 mo·-

235 1396 362 1424 nasterz'i
376 1396 409 1424 de
423 1395 609 1430 Donewalde,
626 1395 744 1423 ordinis
760 1393 864 1422 Sancti
878 1393 1038 1427 Benedicti,
1057 1392 1244 1421 Coloniensis

236 1449 367 1478 diocesis.
385 1448 625 1485 Indulgentiam
643 1447 790 1477 concedit
807 1445 1021 1485 quadraginta
1034 1445 1162 1475 dierum
1177 1454 1242 1475 om—

235 1501 331 1531 nibus
352 1510 424 1531 vere
441 1501 675 1539 poenitentibus
697 1504 728 1529 et
748 1499 901 1530 confessis
922 1499 978 1537 qui
1001 1497 1168 1528 ecclesiam
1191 1508 1244 1528 su-

233 1555 368 1593 pradicti
384 1555 569 1584 monasterii
586 1555 617 1583 in
640 1552 777 1591 singulis
799 1552 1026 1583 festivitatibus
1042 1552 1150 1582 beatae
1171 1553 1240 1582 Ma-

234 1608 301 1638 riae
321 1608 454 1646 virginis
475 1607 687 1659 visitaverint.

275 1673 289 1688 (ι
314 1662 394 1691 Loca
421 1666 603 1691 sanctorum
621 1661 766 1691 omnium
788 1682 806 1690 ..

234 1715 437 1753 septembris,
456 1723 540 1744 anno
558 1714 670 1752 primo.
687 1726 699 1740 ι

272 1769 322 1798 In.
341 1778 367 1798 e.
387 1777 428 1798 m.
449 1791 470 1798 ..
488 1768 663 1797 abbatissae
676 1772 705 1797 et
721 1767 893 1797 conventui
908 1766 1096 1796 monasterii
1112 1765 1151 1796 de
1164 1765 1242 1796 Gre-

232 1822 358 1857 verode‚
376 1821 500 1852 ordinis
517 1822 549 1851 S.
568 1821 746 1851 Benedicti.

815 1682 822 1689 .
849 1677 887 1682 —
911 1659 982 1689 Dat.
1010 1659 1125 1694 Reate,
1148 1659 1242 1689 nonis

301 2009 384 2037 287
763 2007 853 2038 Rieti,
874 2007 888 2033 5
906 2006 1070 2041 septembre
1088 2005 1165 2032 1288.

264 2072 511 2106 Areliiepiscopns
535 2070 690 2097 Remensis
713 2074 741 2096 et
763 2070 891 2105 episcopi
915 2070 979 2103 ejus
1002 2067 1175 2102 suffraganei
1196 2068 1239 2094 ci-

229 2124 325 2147 tantur
343 2124 373 2146 ut
388 2129 483 2147 coram
498 2120 566 2146 sede
581 2119 737 2155 apostolica
754 2121 946 2154 compareant.
966 2117 1048 2150 (itm.
1067 2117 1113 2148 44,
1131 2125 1157 2144 c.
1175 2117 1235 2148 167,

228 2169 248 2195 s.
268 2169 300 2196 4⁵2
317 2176 358 2202 r⁰3
379 2169 446 2195 Lar.
464 2178 498 2196 nn
514 2168 617 2200 Tuast,
634 2168 661 2199 Ι,
678 2168 734 2201 69.)

267 2270 387 2300 Dz'lectis
408 2271 483 2307 filiis
508 2294 526 2299 ..
551 2271 581 2299 S.
611 2271 734 2300 Victoris
757 2271 938 2299 Parisimtsz's
967 2273 992 2298 et
1018 2290 1038 2299 ..
1062 2268 1093 2297 S.
1120 2269 1236 2298 Vedasti'

226 2325 426 2354 Atrebalensis
448 2325 704 2353 niensislrriorum
721 2324 875 2353 abbatibus
891 2332 924 2351 ac
941 2344 960 2351 ..
977 2323 1079 2359 priori
1099 2322 1129 2350 S.
1151 2322 1235 2350 Mau-

225 2378 297 2407 ritii
324 2378 485 2406 Remensis.
513 2389 525 2403 ιε
543 2377 776 2414 Significaruut
798 2376 890 2406 nobis
912 2375 1018 2405 dilecti
1035 2374 1093 2404 filii
1116 2397 1135 2404 ..
1157 2374 1233 2403 Pre-

226 2430 469 2461 monstratensis
485 2434 515 2459 et
527 2429 664 2459 aliorum
679 2429 948 2459 monasteriorum
962 2430 1232 2467 premonstraten-

226 2484 270 2514 sis
280 2484 402 2514 ordinis
414 2483 547 2514 diocesis
564 2487 594 2513 et
609 2483 765 2522 provintie
777 2482 966 2518 Remensis,
981 2489 1105 2511 necnon
1123 2480 1154 2510 S.
1174 2481 1234 2510 Re-

224 2538 331 2576 migii,
357 2560 377 2566 ..
402 2537 433 2567 S.
449 2537 571 2566 Nicasii
592 2541 622 2566 et
641 2559 660 2565 ..
687 2536 719 2566 S.
747 2535 882 2565 Dionisii
904 2534 1134 2570 Bemensium,
1156 2556 1176 2562 ..
1194 2533 1232 2562 de

225 2591 300 2621 Alto
315 2590 441 2628 Villari,
455 2614 474 2620 ..
487 2590 518 2620 S.
535 2589 653 2626 Basoli,
668 2612 687 2619 ..
701 2590 733 2619 S.
749 2589 889 2619 Amandi
904 2588 937 2617 in
951 2587 1085 2623 Pabula,
1099 2587 1130 2617 S.
1146 2586 1232 2616 Petri

225 2649 255 2675 et
278 2644 308 2674 S.
330 2644 468 2674 Bavonis
494 2644 527 2673 in
547 2643 718 2679 Gandavo,
741 2665 760 2671 ..
789 2643 820 2672 S.
847 2641 978 2671 Martini
997 2640 1228 2676 Tornaceusis,

225 2696 256 2727 S.
283 2697 368 2726 Petri
384 2697 423 2727 de
439 2696 643 2733 Omdebourg
658 2695 804 2732 abbates,
823 2718 845 2724 ..
864 2694 893 2724 S.
915 2694 1000 2724 Petri
1018 2693 1057 2723 ad
1074 2692 1230 2723 Moniales

224 2750 406 2786 Remensis,
424 2773 442 2779 ..
456 2750 494 2779 de
509 2750 652 2779 Aveuaio
668 2749 824 2778 abbatisse
837 2747 1104 2778 monasteriorum
1119 2750 1229 2775 etcon-

222 2808 339 2833 ventus
351 2803 548 2838 eorumdem,
564 2826 582 2832 ..
592 2803 624 2832 S.
634 2800 819 2837 Theobaldi,
830 2824 849 2830 ..
864 2801 957 2830 Beate
967 2800 1065 2829 Marie
1075 2798 1228 2829 deCastro

223 2857 404 2896 Portueusi‚
417 2879 436 2885 ..
454 2857 492 2886 de
504 2857 646 2894 Noveyo,
662 2878 681 2885 ..
699 2856 737 2885 de
750 2855 842 2891 Piris,
862 2876 883 2884 ..
898 2854 930 2884 S.
945 2853 1037 2891 Egidi
1053 2853 1091 2882 de
1107 2853 1225 2890 Accyo,

227 2911 296 2940 ..de
315 2910 461 2945 Sumnia,
477 2909 548 2938 ..de
566 2909 677 2946 Dnuo,
698 2908 768 2938 ..de
788 2907 1014 2945 Rumigniaco,
1042 2928 1062 2935 ..
1079 2906 1118 2934 de
1133 2904 1227 2942 Regi—

222 2967 298 2994 teste
322 2963 519 3001 prioratuum
543 2962 679 3000 priores,
709 2962 741 2991 S.
764 2960 928 2991 Benedicti
949 2964 979 2989 et
1000 2960 1031 2989 S.
1051 2958 1226 2996 Augustini

221 3017 370 3047 ordinum
387 3040 393 3052 ,
424 3015 591 3045 Remensis
609 3019 639 3044 et
654 3014 865 3044 Tornacensis
887 3013 1051 3043 civitatum
1070 3015 1100 3041 et
1119 3011 1225 3040 dioce-

221 3071 322 3106 sium,
348 3068 431 3107 quod
455 3067 653 3097 venerabiles
679 3068 789 3097 fratres
811 3067 910 3096 nostri
931 3089 949 3095 ..
967 3063 1225 3102 archiepiscopus

1332 458 1501 488 Remensis
1521 466 1557 487 ac
1577 480 1596 486 ..
1625 457 1761 495 episcopi
1778 457 1970 495 suffraganei
1991 458 2158 488 Remensis
2178 458 2337 497 provintie

1330 511 1363 540 in
1381 510 1569 549 provinciali
1584 510 1719 541 concilio
1737 511 1900 547 llemensi,
1917 520 1989 540 cum
2006 511 2051 541 eis
2067 520 2130 542 non
2147 511 2257 541 liceret
2273 511 2334 540 mi-

1331 573 1391 594 nus
1404 564 1645 600 rationabiliter,
1659 563 1845 593 ordinarant
1860 564 1944 602 quod
1959 564 2099 594 universi
2118 569 2147 594 et
2159 564 2279 602 singuli
2290 563 2336 603 (1)

1330 618 1475 654 abbates,
1494 618 1634 656 priores,
1653 617 1825 655 abbatisse,
1851 617 1969 656 aliique
1996 618 2120 657 prelati.
2141 622 2333 653 conventus,

1329 671 1466 710 capitula
1483 676 1513 701 et
1527 671 1634 701 clerici
1654 671 1918 700 monasteriorum
1936 675 1967 701 et
1982 671 2186 701 ecclesiarum
2206 679 2334 700 eorum-

1328 724 1400 753 dem
1421 725 1557 754 civitatis
1582 729 1613 754 et
1636 724 1768 754 diocesis
1794 732 1829 753 ac
1856 725 2011 762 provintie
2034 733 2097 754 non
2121 724 2276 763 exempti,
2301 728 2335 754 ut

1328 777 1458 814 dicitur,
1471 779 1678 808 centesimam
1697 778 1843 808 omnium
1861 785 2072 816 proventuum
2089 787 2219 808 suorum
2235 777 2334 808 eccle-

1328 831 1527 862 siasticorum
1551 832 1648 862 unius
1670 832 1746 861 anni
1762 855 1769 868 ,
1795 839 1850 869 pro
1875 831 2066 870 quibusdam
2092 832 2238 870 expensis
2256 839 2335 870 quas

1327 884 1601 923 archiepiscopum
1631 890 1660 915 et
1683 885 1901 922 suffraganeos
1928 885 2083 922 predictos
2110 884 2333 922 communiter,

1327 942 1362 967 ut
1387 938 1550 974 dicebant,
1583 939 1685 968 lacere
1712 938 1888 976 oportebat,
1907 937 2028 968 solvere
2056 942 2260 968 tenerentur:
2299 937 2334 967 in

1327 990 1436 1020 eodeni
1465 990 1599 1020 concilio
1620 990 1871 1027 nichilominus,
1897 995 1930 1019 ut
1955 990 2082 1026 dicitur,
2107 994 2280 1020 statuentes
2301 994 2336 1020 ut

1328 1043 1412 1072 idem
1429 1043 1684 1082 archiepiscopus
1706 1048 1736 1073 et
1756 1043 1873 1081 singuli
1894 1043 2032 1082 episcopi
2050 1043 2181 1082 predicti
2200 1043 2334 1073 eandem

1327 1097 1536 1126 centesimam
1563 1098 1601 1127 ab
1624 1097 1811 1132 abbatibus,
1842 1097 2020 1136 prioribus,
2049 1097 2232 1132 abbatissis,
2262 1105 2335 1127 con-

1328 1150 1474 1179 ventibus
1491 1154 1520 1179 et
1535 1150 1681 1188 capitulis
1702 1154 1731 1179 et
1754 1149 1826 1179 aliis
1842 1150 1970 1188 prelatis
1989 1154 2020 1179 et
2040 1149 2163 1179 clericis
2186 1149 2335 1188 predi-ctis

1328 1211 1458 1232 suarum
1488 1203 1652 1232 civitatum
1677 1207 1707 1232 et
1729 1203 1906 1233 diocesium
1925 1203 1984 1233 sihi
2009 1204 2148 1233 lacerent
2174 1203 2333 1241 exhiberi,

1328 1264 1379 1285 eos
1398 1256 1435 1285 ad
1454 1255 1500 1290 id,
1520 1256 1545 1285 si
1564 1264 1642 1295 opus
1657 1257 1825 1291 existeret,
1846 1257 2076 1295 compellendo.
2099 1256 2239 1286 Predicti
2262 1264 2336 1287 vero

1327 1314 1632 1347 premonstratenses
1655 1318 1691 1339 ac
1713 1310 1744 1340 S.
1773 1310 1926 1346 Amandi,
1944 1310 1976 1340 S.
1998 1311 2099 1346 Petri,
2121 1311 2152 1340 S.
2176 1309 2333 1347 Bavonis,

1327 1363 1359 1392 S.
1386 1363 1535 1397 Martini,
1565 1363 1596 1393 S.
1623 1364 1708 1393 Petri
1734 1364 1772 1393 de
1796 1364 2023 1401 Oudembonrg
2049 1364 2177 1394 abbates
2200 1367 2230 1394 et
2258 1371 2334 1394 con-

1327 1420 1440 1445 ventus
1452 1439 1462 1452 ,
1492 1417 1693 1446 attendentes
1712 1417 1795 1455 qnod
1813 1426 1848 1447 ex
1869 1418 2070 1447 ordinatione
2089 1426 2125 1447 ac
2143 1421 2258 1449 statuto
2274 1417 2334 1448 hu-

1323 1469 1465 1507 Jusmodi
1482 1469 1590 1499 miuus
1610 1469 1860 1507 rationabiliter,
1877 1475 1911 1500 ut
1930 1470 2123 1509 premissum
2141 1474 2203 1507 est,
2225 1470 2333 1507 factis,

1326 1531 1421 1560 grave
1446 1522 1542 1561 ipsiS,
1573 1531 1684 1552 eorum
1710 1523 1911 1552 monasteriis
1938 1528 1967 1553 et
1995 1524 2148 1554 memhris
2173 1524 2232 1554 sibi
2257 1524 2333 1554 sub-

1323 1576 1415 1614 jectis
1440 1576 1653 1614 prejudicium
1679 1577 1885 1613 imminebat,
1908 1577 1946 1606 ab
1967 1577 2012 1606 eis
2033 1585 2087 1616 pro
2109 1586 2142 1607 se
2163 1581 2193 1607 et
2216 1577 2276 1607 sibi
2298 1577 2333 1607 in

1326 1629 1384 1659 hoc
1405 1629 1611 1659 aderentibus
1635 1630 1675 1659 ad
1697 1630 1802 1659 sedem
1830 1630 2032 1668 apostolicam
2055 1630 2271 1669 appellarunt,
2297 1639 2334 1662 ac

1325 1682 1413 1712 idem
1444 1682 1700 1722 archiepiscopus
1729 1687 1758 1713 et
1785 1684 1922 1722 episcopi
1951 1683 2082 1722 predicti
2108 1684 2234 1714 eosdem
2262 1693 2333 1723 pre-

1325 1740 1575 1766 monstratenses
1605 1738 1636 1766 et
1657 1736 1736 1766 alios
1763 1737 1911 1773 abbates,
1941 1737 2072 1775 priores,
2101 1737 2277 1767 abbatissas
2303 1740 2332 1768 et

1325 1794 1500 1820 conventus
1516 1790 1652 1828 prefatos
1673 1790 1795 1828 singuli
1814 1790 1958 1828 singulos
1975 1799 2105 1820 suarum
2122 1791 2287 1821 civitatum
2303 1796 2334 1822 et

1324 1843 1499 1873 diocesium
1518 1844 1641 1873 moneri
1659 1843 1812 1881 feceruut,
1833 1849 1866 1873 ut
1890 1844 1974 1873 infra
1992 1848 2114 1874 certum
2137 1844 2329 1883 terminum,

1324 1905 1420 1934 quem
1449 1896 1494 1926 eis
1519 1897 1731 1935 peremptorie
1762 1897 1988 1935 assignarunt,
2019 1897 2225 1927 centesimam
2257 1907 2330 1937 pre-

1323 1949 1440 1979 dictam
1466 1953 1496 1979 et
1514 1949 1609 1979 aliam
1640 1958 1736 1988 quam
1763 1959 1796 1979 se
1822 1949 1901 1979 alias
1927 1949 2004 1988 ipsis
2030 1950 2218 1989 imposuisse
2244 1959 2331 1981 asse-

1322 2009 1399 2033 runt
1421 2004 1563 2043 personis
1592 2012 1670 2042 quas
1695 2004 1735 2033 ad
1766 2003 1838 2033 illas
1874 2004 2073 2043 recipiendas
2103 2004 2331 2043 deputaverant

1322 2058 1528 2094 exhiberent,
1558 2061 1587 2087 et
1615 2057 1648 2086 in
1673 2065 1782 2087 eornm
1805 2056 1929 2096 aliquos
1957 2058 2161 2097 ipsorumque
2183 2057 2331 2090 ecclesias

1320 2111 1482 2141 interdicti
1506 2115 1536 2141 et
1565 2111 1599 2140 in
1626 2110 1748 2149 aliquos
1775 2111 1993 2150 suspensionis
2017 2115 2047 2141 et
2070 2113 2329 2143 excommunica-

1321 2165 1417 2194 tionis
1440 2164 1614 2194 sententias
1636 2164 1697 2193 nisi
1720 2168 1868 2203 parerent
1890 2165 2121 2195 monitionibus
2144 2165 2330 2204 hujusmodi

1319 2217 1583 2256 promulgarunt3
1611 2221 1737 2256 propter
1762 2217 1867 2256 quod,
1893 2222 1922 2246 et
1950 2218 2045 2247 etiam
2068 2218 2143 2257 quia
2168 2218 2329 2258 aliquibus

1319 2271 1531 2310 predictorum
1556 2270 1710 2309 denegata
1735 2271 1793 2301 fuit
1813 2272 1901 2310 copia
1919 2271 2152 2309 jurisdictionis
2174 2276 2204 2302 et
2221 2273 2326 2303 moni-

1319 2325 1414 2354 tionis
1431 2324 1636 2363 hujnsmodi,
1655 2333 1751 2364 quam
1778 2333 1943 2363 nunquam
1964 2325 2162 2362 habuerant,
2182 2335 2218 2356 ex
2239 2331 2327 2366 parte

1317 2378 1466 2408 abbatum
1478 2400 1486 2414 ,
1505 2378 1659 2416 priorum,
1677 2377 1908 2407 abbatissarum
1927 2383 1957 2407 et
1973 2383 2190 2409 conventuum
2205 2380 2328 2418 predic—

1319 2436 1421 2461 torum
1441 2440 1495 2469 pro
1511 2440 1560 2468 se,
1576 2431 1730 2460 membris
1747 2431 1807 2460 sibi
1824 2431 1974 2469 subjectis
1993 2436 2023 2461 et
2038 2432 2083 2461 eis
2099 2432 2133 2461 in
2151 2432 2209 2463 hoc
2225 2432 2327 2464 adhe-

1317 2484 1460 2514 rentibus
1475 2509 1481 2521 ,
1498 2484 1583 2513 infra
1599 2484 1720 2513 dictum
1743 2484 1915 2514 terminum
1934 2485 1972 2514 ad
1989 2485 2124 2515 eandem
2144 2485 2253 2516 sedem
2269 2495 2325 2517 ex-

1315 2538 1377 2567 titit
1392 2537 1595 2576 appellatum.
1613 2537 1678 2567 Nos
1694 2541 1799 2567 autem
1819 2538 2003 2576 hujusmodi
2025 2538 2278 2578 appellationum
2295 2544 2325 2570 et

1316 2591 1434 2628 negotii
1452 2590 1639 2629 principalis
1657 2599 1785 2628 causaS,
1805 2595 1835 2620 et
1850 2600 1902 2620 eas
1919 2591 2148 2630 contingentia,
2165 2601 2227 2631 qne
2240 2593 2326 2623 inter

1314 2644 1398 2683 ipsos
1424 2643 1490 2673 sive
1509 2643 1649 2682 aliquem
1671 2648 1726 2673 aut
1741 2644 1864 2682 aliquos
1887 2654 1922 2674 ex
1946 2645 2010 2685 eis,
2033 2654 2070 2675 ex
2085 2647 2173 2684 parte
2191 2654 2272 2683 una,
2295 2650 2326 2677 et

1313 2697 1411 2727 dictos
1426 2697 1700 2736 archiepiscopum
1713 2702 1743 2727 et
1758 2698 1988 2735 suffraganeos,
2006 2708 2042 2728 ex
2058 2698 2168 2736 altera,
2181 2707 2324 2730 commu-

1313 2751 1397 2780 niter
1413 2750 1462 2781 vel
1479 2750 1608 2780 divisim
1630 2755 1799 2781 vertuntur
1815 2762 1868 2781 seu
1885 2753 1960 2782 verti
1977 2757 2154 2791 sperantur,
2173 2753 2257 2791 apud
2273 2762 2323 2784 se-

1310 2806 1382 2834 dem
1406 2803 1609 2843 apostolicam
1631 2814 1667 2833 ex
1694 2806 1787 2835 certis
1812 2807 1915 2835 causis
1943 2806 2067 2836 tractari
2093 2810 2123 2837 et
2148 2807 2322 2838 terminari

1311 2857 1471 2893 volentes,
1491 2857 1574 2895 ipsas
1595 2857 1709 2887 dilecto
1727 2858 1794 2888 filio
1814 2863 1920 2889 nostro
1937 2860 1985 2896 P„
2004 2860 2035 2889 S.
2053 2859 2185 2898 Georgii
2200 2860 2239 2890 ad
2257 2860 2321 2891 Ve-

1311 2910 1375 2940 lum
1394 2910 1540 2940 Aureum
1556 2910 1691 2941 diacono
1708 2912 1879 2949 cardinali,
1897 2912 2072 2943 audiendas
2090 2917 2120 2943 et
2135 2913 2200 2943 ssne
2215 2912 2321 2944 debito

1311 2963 1542 3000 terminandas,
1561 2971 1596 2993 ac
1613 2965 1842 2995 sententiarum
1862 2966 2083 3004 predictarum,
2102 2966 2183 2996 sicut
2195 2967 2319 3004 justum

1338 3067 1373 3098 (1)
1388 3068 1430 3091 Ms.
1449 3068 1563 3099 singula.
