2342 3652
935 370 1166 410 TnorsrnME
1188 369 1344 410 ANNEE.
2125 381 2183 411 575

100 446 139 476 de
160 445 320 478 Pruvino.
348 445 545 475 Senonensis
569 446 739 484 dioecesis,
762 455 835 476 cum
860 446 1043 483 duodecim,
1071 449 1101 475 et

100 498 259 538 quaelibet
281 499 473 528 monasteria
488 499 610 528 ordinis
633 498 766 529 Sanctae
787 499 898 530 Clarae
916 500 951 529 in
967 499 1101 529 Francia

100 556 131 582 et
154 551 190 581 in
212 550 346 588 Anglia‚
363 559 437 580 cum
461 554 529 580 octo
553 551 696 581 honestis
713 551 916 590 mulieribus,
937 552 1101 591 quotiens-

101 613 239 643 cumque
259 608 289 634 et
308 603 577 643 quandocumque
594 603 744 642 voluerit,
766 605 893 643 ingredi
913 606 1020 645 possit.

142 669 156 684 α
173 657 368 687 Excellentie
382 660 433 686 tue
445 657 713 695 preeminentia...
730 675 768 679 —
781 659 852 688 Dat.
870 659 954 697 apud
969 658 1104 689 Urbem-

100 715 250 747 veterem‚
267 719 311 740 xn
326 709 480 739 kalendas
492 710 648 748 januarii,
666 719 751 741 auno
769 712 868 742 tertio.
889 724 902 738 »

172 882 286 911 3821
593 882 724 915 Orvieto‚
743 882 774 908 13
789 882 938 908 decembre
956 882 1033 909 1‘290.

136 943 395 971 Administratores
424 943 563 970 ccclesiae
592 943 751 970 Melfitanae
780 944 916 978 praeficit.
946 943 1026 976 (Rea.
1054 944 1104 977 45,

103 1001 129 1020 c.
145 992 211 1024 580,
228 993 247 1018 s.
266 992 315 1019 118
331 995 376 1023 1⁸⁰.)

145 1095 314 1124 Venerabili
329 1095 424 1131 fratri
442 1094 486 1131 B.¹
505 1095 633 1132 episcopo
651 1094 838 1131 Ρεηεεινίηο,
857 1096 1015 1132 apostolice
1030 1095 1106 1124 sedis

103 1149 213 1186 legato,
231 1147 362 1177 mandat
376 1151 411 1176 ut
426 1147 559 1176 Petrum
574 1146 612 1176 de
625 1146 748 1176 Comito
764 1147 901 1185 Rogerio
917 1152 947 1176 et
962 1148 1106 1178 Francis-

101 1210 174 1232 cum
193 1201 231 1231 de
246 1200 346 1237 Kalo,
369 1204 425 1230 aut
447 1199 525 1230 alios
550 1199 732 1230 Melfitanae
752 1200 902 1230 ecclesiae
919 1201 1102 1237 canonicos,

101 1258 319 1294 procuratores
338 1253 372 1283 in
396 1253 614 1292 spiritualibus
635 1258 665 1283 et
688 1253 915 1292 temporalibus
935 1254 1106 1284 constituat

102 1308 244 1348 ejusdem
260 1307 423 1344 ecclesiae,
442 1316 522 1346 qnae
538 1311 628 1337 vacat
643 1310 672 1336 et
689 1307 780 1346 cujus
796 1306 1105 1337 administrationem

105 1385 124 1392 ..
143 1361 398 1400 archiepiscopus
414 1361 547 1391 Sanctae
563 1361 736 1390 Severinae
752 1361 936 1398 resignavit.

143 1426 158 1442 «
176 1415 222 1444 Ex
237 1414 375 1453 suscepti
390 1418 573 1444 tenemur...
592 1430 628 1435 -—
642 1413 714 1443 Dat.
733 1413 816 1452 apud
833 1413 1104 1450 Urbemveterem,

101 1467 208 1498 idibus
223 1467 411 1504 decembris,
430 1475 516 1497 anno
534 1467 634 1497 tertio.
654 1479 667 1493 n

175 1639 262 1668 382
267 1639 294 1667 2

142 1702 185 1729 De
210 1701 429 1729 archimandrita
453 1702 627 1727 monasterio
653 1700 750 1727 Sancti
773 1700 928 1727 salvatoris
953 1700 987 1726 de
1012 1701 1109 1735 lingua

107 1750 171 1778 Fari
186 1750 384 1777 Messanensis
397 1749 598 1785 praeficiendo.
616 1749 698 1781 (Rae.
716 1751 758 1781 45,
777 1758 802 1776 c.
820 1750 884 1783 581,
900 1750 917 1775 f.
938 1750 984 1776 118
1000 1754 1047 1782 r0.)

602 1638 728 1671 Ort-teto,
747 1639 778 1665 15
792 1638 943 1665 decembre
959 1638 1036 1666 1290.

145 1853 263 1883 Eidem.
281 1864 295 1879 «
315 1853 358 1882 Ex
374 1852 511 1891 suscepti
529 1857 713 1882 tenemur...
731 1852 812 1882 Cum
827 1852 933 1891 itaque
949 1856 1109 1882 monaste-

60 1947 64 1949 >
106 1907 192 1936 rium
207 1905 383 1936 Greeorum
401 1905 509 1936 Sancti
528 1905 700 1936 Salvatoris
716 1906 755 1935 de
771 1906 883 1943 lingua
901 1906 973 1935 Fari
990 1905 1110 1934 Messa-

107 1960 228 1996 nensis,
256 1959 381 1989 ordinis
407 1959 438 1989 S.
470 1959 593 1995 Basilii,
620 1968 676 1997 per
702 1959 836 1988 liberam
864 1959 1110 1996 resignationem

106 2011 213 2043 dilecti
229 2012 290 2042 filii
305 2012 426 2050 Jacobi,
440 2012 517 2042 olim
532 2012 632 2051 ipsius
647 2012 832 2042 monasterii
848 2012 1109 2047 archimandrite,

105 2065 163 2104 qui
178 2074 222 2102 se,
239 2069 274 2095 ut
289 2066 417 2102 dicitur,
433 2065 473 2095 ad
487 2069 590 2104 partes
605 2065 766 2095 transtulit
780 2065 1022 2101 transmarinas,
1039 2073 1110 2103 pro-

95 2123 274 2150 secuturus
293 2119 377 2149 inibi
397 2123 507 2149 votum
523 2128 635 2156 suum,
652 2128 709 2157 per
724 2123 940 2158 procuratores
956 2118 1056 2156 ipsius
1072 2118 1111 2147 ad

107 2172 167 2203 hoc
186 2172 364 2211 specialiter
385 2173 570 2203 constitutos
590 2173 626 2202 in
643 2173 793 2202 manibus
814 2172 932 2203 nostris
950 2172 1064 2202 factam
1082 2176 1112 2201 et

106 2235 125 2256 a
139 2226 231 2256 nobis
245 2226 418 2256 admissam
440 2235 552 2256 vacare
575 2230 723 2256 noscatur
744 2225 783 2255 ad
805 2234 972 2264 presens...
997 2226 1111 2254 frater-

108 2280 201 2309 nitati
229 2284 282 2309 tue
310 2289 366 2318 per
392 2280 563 2318 apostolica
589 2280 704 2318 scripta
733 2279 926 2309 mandamus
954 2283 1111 2318 quatenus

108 2333 228 2372 prefato
244 2334 436 2364 monasterio
451 2334 489 2363 de
503 2333 610 2372 aliqua
624 2343 760 2373 persona
774 2334 900 2372 ydonea
960 2334 994 2363 in
1011 2333 1112 2362 archi-

109 2386 304 2416 mandritam
325 2395 379 2416 seu
403 2386 549 2417 abbatem
574 2387 717 2425 preficias
743 2387 835 2426 eique
857 2395 913 2425 per
936 2391 965 2416 te
986 2386 1035 2416 vel
1058 2396 1113 2426 per

109 2439 210 2470 alium
225 2448 344 2469 munus
360 2440 590 2470 benedictionis
605 2440 784 2479 impendas⁷
801 2439 920 2469 faciens
935 2439 996 2468 sibi
1010 2448 1028 2468 a
1041 2447 1112 2478 per-

109 2493 197 2523 sonis
212 2492 354 2531 ejusdem
367 2492 553 2522 monasterii
567 2496 719 2531 tanquam
737 2501 847 2523 eorum
863 2492 1113 2522 archimandrite

109 2545 160 2576 vel
170 2546 275 2576 abbati
289 2545 504 2576 obedientiam
514 2550 543 2576 et
554 2545 768 2576 reverentiam
779 2545 918 2575 debitam
930 2545 1110 2575 exhiberi...

109 2598 183 2629 Dat.
201 2599 285 2638 apud
303 2598 582 2637 Urbemveterem,
600 2608 676 2628 xvm
691 2598 845 2629 kalendas
858 2598 1010 2638 januarii,
1028 2606 1113 2628 anno

109 2652 214 2683 tertio.
235 2664 249 2680 n

181 2831 300 2860 88²3
616 2831 746 2864 Orvieto‚
765 2831 780 2858 6
797 2830 947 2857 decembre
964 2830 1043 2858 1290.

147 2892 274 2920 Licentia
293 2893 427 2920 servandi
451 2893 566 2920 modum
587 2901 736 2920 romanum
761 2893 790 2920 in
811 2893 901 2920 officio
924 2893 1019 2920 divino
1039 2892 1116 2919 cele-

113 2941 229 2969 brando.
246 2942 328 2976 (Rea.
345 2943 388 2974 45,
405 2951 430 2970 c.
448 2943 509 2974 582,
525 2943 545 2969 s.
564 2942 612 2969 118
629 2944 676 2976 r⁰.)

160 3043 322 3074 Venerabili
345 3045 438 3081 fratri
461 3046 609 3082 Henrico‚
637 3044 860 3082 archiepiscopo
887 3043 1112 3080 Burdeqatensi.

1184 457 1198 472 «
1225 446 1343 476 Meruit
1364 450 1415 476 tue
1436 447 1649 477 devotionis...
1672 447 1753 477 Cum
1771 447 1897 486 itaque,
1918 448 1999 478 sicut
2021 452 2072 477 tua
2091 447 2183 477 nobis

1183 498 1324 528 exhibita
1345 499 1455 538 petitio
1477 500 1674 537 continebat,
1693 500 1824 530 ecclesie
1843 500 2091 538 Burdegalensis
2113 500 2182 530 offi-

1182 551 1280 589 cium,
1298 552 1383 590 quod
1404 552 1580 582 secundum
1596 553 1628 583 S.
1649 553 1825 591 Augustini
1842 553 1986 591 regulam
2003 553 2085 583 inibi
2100 552 2183 583 cele-

1183 604 1302 641 bratur,
1327 606 1425 634 nimis
1449 605 1491 635 sit
1513 606 1636 635 varium
1661 610 1691 635 et
1715 606 1878 642 diffusum,
1903 610 1999 644 tuque
2023 607 2057 635 in
2081 605 2184 635 officio

1185 665 1316 687 romane
1332 657 1464 688 ecclesie
1489 658 1543 695 sis,
1561 662 1593 688 ut
1609 659 1735 698 asseris,
1750 663 1904 696 assuetus,
1923 667 1991 696 nos,
2011 659 2071 688 tuis
2089 658 2184 688 devo-

1186 710 1225 739 tis
1241 710 1526 749 supplicationibus
1542 711 1699 748 inclinati,
1716 712 1899 742 auctoritate
1914 712 1972 741 tibi
1985 711 2184 750 presentium

1185 762 1390 801 indulgemus
1413 768 1448 793 ut
1471 764 1618 794 divinum
1643 764 1783 794 officium
1805 765 1894 802 juxta
1918 764 2184 794 consuetudinem

1185 815 1285 853 ipsius
1300 824 1431 846 romane
1447 816 1577 847 ecclesie
1597 817 1703 847 dicere
1724 816 1845 854 valeas,
1863 818 1906 846 ita
1926 822 2032 846 tamen
2049 816 2133 855 quod
2152 820 2185 845 tu

1186 868 1318 906 capituli
1344 869 1390 898 tui
1415 873 1445 898 et
1472 869 1605 899 ecclesie
1630 873 1805 899 memorate
1832 877 1953 899 morem
1983 869 2016 898 in
2044 868 2185 907 predicto

1186 929 1277 958 geras
1301 921 1403 951 officio
1434 922 1721 960 quotienscumque
1750 922 1784 951 in
1813 921 1924 951 eadem
1951 921 2082 951 ecclesia
2111 929 2186 950 cum

1187 973 1322 1012 capitulo
1338 975 1406 1012 ipso
1421 974 1455 1003 in
1477 974 1564 1004 horis
1580 974 1741 1004 canonicis
1764 978 1791 1003 te
1809 974 1977 1011 contigerit
1994 974 2183 1004 interesse...

1187 1026 1258 1057 Dat.
1287 1027 1370 1065 apud
1398 1027 1676 1063 Urbemveterem,
1702 1037 1759 1057 v111
1788 1027 1860 1057 idus
1885 1027 2073 1063 decembris,
2101 1035 2186 1057 anno

1189 1080 1291 1110 tertio.
1314 1091 1327 1106 5)

1257 1270 1377 1299 3824
1695 1271 1826 1303 Orvieto,
1842 1271 1858 1298 9
1873 1271 2024 1298 decembre
2040 1271 2117 1299 1290.

1222 1331 1308 1358 Vetat
1326 1340 1466 1367 personas
1482 1331 1683 1359 Cisterciensis
1700 1333 1809 1359 ordinis
1832 1333 1966 1367 fugitivas
1980 1333 2025 1359 vel
2040 1332 2159 1359 rebelles
2174 1341 2189 1359 a
2207 1333 2209 1335 '

1187 1389 1331 1416 quoquam
1348 1381 1436 1416 recipi
1447 1385 1496 1408 aut
1507 1381 1638 1408 detineri.
1652 1381 1736 1415 (Rea.
1749 1383 1791 1413 45,
1805 1390 1830 1408 c.
1843 1382 1904 1414 583,
1916 1382 1936 1408 f.
1954 1382 2054 1414 1181·0;
2072 1381 2187 1412 Porm„

1188 1430 1297 1463 23491.)

1231 1555 1251 1561 ..
1283 1533 1383 1562 abbati
1413 1533 1548 1563 cistercii
1576 1533 1698 1571 ejusque
1725 1534 1913 1562 coabbatibus
1937 1534 2190 1562 'monasteriorum

1191 1586 1393 1616 cisterciensis
1406 1587 1524 1615 ordinis
1539 1595 1702 1623 eorumque
1717 1587 1908 1616 conventibus
1923 1586 2081 1616 universis.

1235 1650 1248 1664 ‹
1264 1638 1443 1676 Religionis
1458 1642 1560 1668 vestre
1575 1643 1751 1669 meretur...
1765 1655 1805 1661 —
1820 1639 1891 1668 Dat.
1912 1639 1994 1677 apud
2011 1639 2191 1669 Urbemve-

1191 1696 1302 1729 terem,
1319 1701 1339 1720 v
1354 1691 1426 1721 idus
1440 1691 1628 1727 decembris,
1644 1700 1729 1722 anno
1746 1692 1847 1722 tertio.
1868 1704 1881 1718 n

1219 1905 1221 1907 .
1263 1884 1383 1913 3825
1683 1883 1813 1915 Orvieto,
1834 1883 1865 1910 18
1880 1883 2030 1910 decembre
2046 1883 2122 1911 1290.

1228 1945 1413 1981 Dispensatio
1432 1946 1614 1972 matrimonii.
1633 1945 1716 1979 (Rae.
1734 1945 1782 1979 45,
1800 1953 1825 1972 c.
1843 1946 1903 1978 584,
1920 1947 1940 1973 f.
1960 1946 2007 1973 118
2023 1947 2070 1979 1¹⁰.)

1238 2048 1404 2077 Venerabili
1425 2049 1519 2084 fratri
1537 2068 1558 2077 ..
1576 2047 1704 2085 episcopo
1719 2049 1829 2086 Regino
1849 2048 1979 2077 mandat
1996 2053 2030 2077 nt
2048 2057 2120 2078 cum
2137 2056 2195 2078 no-

1192 2099 1252 2130 bili
1272 2101 1340 2130 viro
1363 2100 1545 2137 Hugolino⁷
1564 2105 1637 2130 nato
1657 2101 1819 2139 quondam
1839 2100 1997 2130 Willelmi
2015 2100 2138 2130 Juliani
2159 2102 2196 2131 de

1194 2153 1301 2189 Sesso,
1322 2158 1352 2183 et
1370 2153 1473 2183 nobili
1491 2153 1627 2183 muliere
1647 2154 1832 2192 Burghina,
1850 2158 1923 2183 nata
1939 2154 2100 2193 quondam
2116 2154 2196 2184 Gui-

1193 2206 1287 2236 donis
1312 2206 1482 2236 Zuchellae
1507 2207 1545 2236 de
1566 2207 1685 2245 Regio,
1711 2207 1873 2246 dispenset
1894 2211 1944 2243 ut,
1967 2215 2032 2237 non
2054 2207 2197 2237 obstante

1193 2264 1304 2298 quarto
1320 2259 1612 2297 consanguinitatis
1628 2260 1726 2298 gradu
1747 2269 1808 2298 quo
1819 2260 1983 2304 conjuncti
1999 2266 2083 2296 sunt,
2097 2260 2136 2290 ad
2149 2269 2197 2290 se-

1193 2313 1314 2343 dandas
1329 2313 1516 2343 inimicitias
1532 2313 1616 2342 inter
1634 2317 1782 2351 parentes
1799 2317 1937 2348 exortas,
1956 2313 2196 2343 matrimonium

1193 2367 1278 2396 inter
1295 2375 1327 2396 se
1342 2366 1529 2396 contrahere
1547 2366 1684 2395 valeant.

1236 2433 1248 2446 α
1274 2420 1421 2459 Exposita
1442 2420 1532 2450 nobis
1550 2419 1696 2449 dilecti...
1719 2436 1757 2441 —-
1782 2420 1854 2449 Dat.
1879 2419 1963 2458 apud
1988 2419 2195 2450 Urbemvete-

1194 2482 1273 2509 rem,
1291 2483 1331 2502 xv
1346 2473 1500 2503 kalendas
1514 2473 1667 2512 januarii,
1687 2481 1772 2503 anno
1788 2473 1888 2503 tertio.
1909 2485 1921 2499 n

1269 2663 1389 2693 3826
1691 2664 1816 2696 Orvicto,
1835 2665 1866 2691 18
1882 2664 2032 2691 decembre
2048 2664 2125 2691 1290.

1230 2726 1414 2762 Dispensatio
1430 2726 1613 2753 matrimoniI.
1633 2726 1713 2758 (Rae.
1730 2727 1773 2759 45,
1791 2735 1816 2753 c.
1831 2727 1903 2758 5842,
1920 2727 1939 2754 f.
1958 2727 2007 2753 118
2022 2730 2070 2757 νο.)

1234 2829 1337 2858 Eidem
1364 2828 1494 2858 mandat
1512 2832 1545 2858 ut
1566 2836 1639 2858 cum
1662 2828 1763 2858 nobili
1785 2828 1852 2858 viro
1868 2828 2022 2858 Jacobino
2040 2828 2078 2858 de
2100 2829 2198 2867 Lupis

1195 2885 1226 2911 et
1240 2881 1389 2918 Ysabeta‚
1404 2885 1478 2910 nata
1493 2881 1627 2911 Gerardi
1643 2881 1681 2911 de
1698 2881 1774 2918 Piis,
1791 2881 1943 2911 dioecesis
1960 2881 2113 2919 Reginae,
2130 2881 2198 2911 dis-

1196 2938 1305 2973 penset
1320 2938 1354 2964 ut
1370 2934 1406 2963 in
1424 2934 1630 2964 matrimonio
1647 2933 1730 2973 quod
1747 2933 1843 2970 olim,
1860 2934 2043 2972 ignorantes
2059 2934 2199 2974 impedi-

1197 2991 1341 3018 mentum
1357 2996 1394 3017 ex
1414 2996 1450 3017 eo
1465 2996 1532 3017 esse
1548 2987 1632 3026 quod
1650 2987 1812 3026 quondam
1832 2987 2020 3017 Franciscus
2040 2987 2198 3017 Guidouis

1196 3041 1234 3070 de
1250 3040 1353 3078 Sesso,
1367 3041 1452 3080 prior
1465 3040 1621 3070 Ysabetae
1637 3040 1782 3078 maritus,
1798 3039 1900 3071 eidem
1915 3040 2071 3070 Jacobino
2087 3045 2198 3079 quarto
