<?xml version="1.0" encoding="UTF-8"?>
<!DOCTYPE html PUBLIC "-//W3C//DTD XHTML 1.0 Transitional//EN"
    "http://www.w3.org/TR/xhtml1/DTD/xhtml1-transitional.dtd">
<html xmlns="http://www.w3.org/1999/xhtml" xml:lang="en" lang="en">
 <head>
  <title>
</title>
<meta http-equiv="Content-Type" content="text/html;charset=utf-8" />
  <meta name='ocr-system' content='tesseract 3.04.00' />
  <meta name='ocr-capabilities' content='ocr_page ocr_carea ocr_par ocr_line ocrx_word'/>
</head>
<body>
  <div class='ocr_page' id='page_1' title='image "./lesregistresdeni01romeuoft_0021.png"; bbox 0 0 2342 3652; ppageno 0'>
   <div class='ocr_carea' id='block_1_1' title="bbox 945 364 2188 408">
    <p class='ocr_par' dir='ltr' id='par_1_1' title="bbox 945 364 2188 408">
     <span class='ocr_line' id='line_1_1' title="bbox 945 364 2188 408; baseline 0.003 -4"><span class='ocrx_word' id='word_1_1' title='bbox 945 365 1166 404; x_wconf 74' lang='lat' dir='ltr'>PREMIERE</span> <span class='ocrx_word' id='word_1_2' title='bbox 1189 364 1346 403; x_wconf 73' lang='lat' dir='ltr'>ANNnn.</span> <span class='ocrx_word' id='word_1_3' title='bbox 2155 378 2188 408; x_wconf 69' lang='lat'>13</span> 
     </span>
    </p>
   </div>
   <div class='ocr_carea' id='block_1_2' title="bbox 104 439 1108 690">
    <p class='ocr_par' dir='ltr' id='par_1_2' title="bbox 104 439 1108 641">
     <span class='ocr_line' id='line_1_2' title="bbox 104 439 1108 479; baseline -0.003 -8"><span class='ocrx_word' id='word_1_4' title='bbox 104 442 245 471; x_wconf 85' lang='lat' dir='ltr'>officium</span> <span class='ocrx_word' id='word_1_5' title='bbox 257 451 364 471; x_wconf 91' lang='lat' dir='ltr'>curam</span> <span class='ocrx_word' id='word_1_6' title='bbox 377 443 559 472; x_wconf 86' lang='lat' dir='ltr'>animarum</span> <span class='ocrx_word' id='word_1_7' title='bbox 573 443 732 479; x_wconf 77' lang='lat' dir='ltr'>habentia,</span> <span class='ocrx_word' id='word_1_8' title='bbox 744 439 801 472; x_wconf 81' lang='lat' dir='ltr'>nec</span> <span class='ocrx_word' id='word_1_9' title='bbox 812 442 907 471; x_wconf 90' lang='lat' dir='ltr'>etiam</span> <span class='ocrx_word' id='word_1_10' title='bbox 918 440 957 469; x_wconf 88' lang='lat' dir='ltr'>ad</span> <span class='ocrx_word' id='word_1_11' title='bbox 965 439 1108 477; x_wconf 86' lang='lat' dir='ltr'><strong>aliquam</strong></span> 
     </span>
     <span class='ocr_line' id='line_1_3' title="bbox 105 491 1108 535; baseline -0.003 -11"><span class='ocrx_word' id='word_1_12' title='bbox 105 494 305 533; x_wconf 86' lang='lat' dir='ltr'>dignitatem,</span> <span class='ocrx_word' id='word_1_13' title='bbox 321 495 371 525; x_wconf 89' lang='lat' dir='ltr'>vel</span> <span class='ocrx_word' id='word_1_14' title='bbox 383 496 590 534; x_wconf 72' lang='lat' dir='ltr'>prelaturam,</span> <span class='ocrx_word' id='word_1_15' title='bbox 605 506 659 526; x_wconf 86' lang='lat' dir='ltr'>seu</span> <span class='ocrx_word' id='word_1_16' title='bbox 671 499 872 535; x_wconf 82' lang='lat' dir='ltr'>personatum</span> <span class='ocrx_word' id='word_1_17' title='bbox 887 491 1108 531; x_wconf 87' lang='lat' dir='ltr'>quoquomodo</span> 
     </span>
     <span class='ocr_line' id='line_1_4' title="bbox 105 545 1107 588; baseline -0.003 -11"><span class='ocrx_word' id='word_1_18' title='bbox 105 548 225 586; x_wconf 77' lang='lat' dir='ltr'>possint</span> <span class='ocrx_word' id='word_1_19' title='bbox 255 549 376 578; x_wconf 83' lang='lat' dir='ltr'>assumi</span> <span class='ocrx_word' id='word_1_20' title='bbox 405 549 524 588; x_wconf 85' lang='lat' dir='ltr'>absque</span> <span class='ocrx_word' id='word_1_21' title='bbox 551 549 718 588; x_wconf 87' lang='lat' dir='ltr'>apostolice</span> <span class='ocrx_word' id='word_1_22' title='bbox 745 547 827 577; x_wconf 89' lang='lat' dir='ltr'>sedis</span> <span class='ocrx_word' id='word_1_23' title='bbox 849 545 977 585; x_wconf 85' lang='lat' dir='ltr'>speciali</span> <span class='ocrx_word' id='word_1_24' title='bbox 999 550 1029 575; x_wconf 85' lang='lat' dir='ltr'>et</span> <span class='ocrx_word' id='word_1_25' title='bbox 1056 554 1107 575; x_wconf 84' lang='lat' dir='ltr'>ex-</span> 
     </span>
     <span class='ocr_line' id='line_1_5' title="bbox 105 601 402 641; baseline -0.007 -10"><span class='ocrx_word' id='word_1_26' title='bbox 105 610 211 641; x_wconf 88' lang='lat' dir='ltr'>pressa</span> <span class='ocrx_word' id='word_1_27' title='bbox 228 601 365 631; x_wconf 87' lang='lat' dir='ltr'>licentia.</span> <span class='ocrx_word' id='word_1_28' title='bbox 391 614 402 628; x_wconf 77' lang='lat' dir='ltr'>n</span> 
     </span>
    </p>

    <p class='ocr_par' dir='ltr' id='par_1_3' title="bbox 147 654 985 690">
     <span class='ocr_line' id='line_1_6' title="bbox 147 654 985 690; baseline -0.006 -6"><span class='ocrx_word' id='word_1_29' title='bbox 147 666 160 680; x_wconf 77' lang='grc' dir='ltr'>α</span> <span class='ocrx_word' id='word_1_30' title='bbox 186 655 223 684; x_wconf 91' lang='lat' dir='ltr'>In</span> <span class='ocrx_word' id='word_1_31' title='bbox 240 655 337 684; x_wconf 89' lang='lat' dir='ltr'>vestri</span> <span class='ocrx_word' id='word_1_32' title='bbox 351 655 509 684; x_wconf 81' lang='lat' dir='ltr'>ordinis...</span> <span class='ocrx_word' id='word_1_33' title='bbox 526 672 565 676; x_wconf 92' lang='lat'>—</span> <span class='ocrx_word' id='word_1_34' title='bbox 582 655 653 684; x_wconf 88' lang='lat' dir='ltr'>Dat.</span> <span class='ocrx_word' id='word_1_35' title='bbox 672 654 783 689; x_wconf 81' lang='lat' dir='ltr'>Reate,</span> <span class='ocrx_word' id='word_1_36' title='bbox 806 656 839 682; x_wconf 85' lang='lat' dir='ltr'>ut</span> <span class='ocrx_word' id='word_1_37' title='bbox 856 660 985 690; x_wconf 83' lang='lat' dir='ltr'>supra.»</span> 
     </span>
    </p>
   </div>
   <div class='ocr_carea' id='block_1_3' title="bbox 175 824 1031 856">
    <p class='ocr_par' dir='ltr' id='par_1_4' title="bbox 175 824 1031 856">
     <span class='ocr_line' id='line_1_7' title="bbox 175 824 1031 856; baseline -0.006 -1"><span class='ocrx_word' id='word_1_38' title='bbox 175 827 226 855; x_wconf 67' lang='grc'>’71</span> <span class='ocrx_word' id='word_1_39' title='bbox 721 825 814 856; x_wconf 72' lang='lat' dir='ltr'>Rieu,</span> <span class='ocrx_word' id='word_1_40' title='bbox 835 825 864 851; x_wconf 85' lang='lat'>14</span> <span class='ocrx_word' id='word_1_41' title='bbox 882 825 936 851; x_wconf 88' lang='lat' dir='ltr'>mai</span> <span class='ocrx_word' id='word_1_42' title='bbox 956 824 1031 851; x_wconf 67' lang='lat'>1288.</span> 
     </span>
    </p>
   </div>
   <div class='ocr_carea' id='block_1_4' title="bbox 103 886 1104 972">
    <p class='ocr_par' dir='ltr' id='par_1_5' title="bbox 103 886 1104 972">
     <span class='ocr_line' id='line_1_8' title="bbox 138 886 1104 924; baseline -0.002 -9"><span class='ocrx_word' id='word_1_43' title='bbox 138 889 289 924; x_wconf 76' lang='lat' dir='ltr'>Exemptio</span> <span class='ocrx_word' id='word_1_44' title='bbox 301 890 442 917; x_wconf 81' lang='lat' dir='ltr'>interdicti</span> <span class='ocrx_word' id='word_1_45' title='bbox 455 897 504 924; x_wconf 85' lang='lat' dir='ltr'>pro</span> <span class='ocrx_word' id='word_1_46' title='bbox 513 888 647 915; x_wconf 81' lang='lat' dir='ltr'>fratribus</span> <span class='ocrx_word' id='word_1_47' title='bbox 659 887 767 913; x_wconf 84' lang='lat' dir='ltr'>ordinis</span> <span class='ocrx_word' id='word_1_48' title='bbox 778 887 920 914; x_wconf 89' lang='lat' dir='ltr'>minorum</span> <span class='ocrx_word' id='word_1_49' title='bbox 932 886 966 913; x_wconf 88' lang='lat' dir='ltr'>de</span> <span class='ocrx_word' id='word_1_50' title='bbox 977 887 1104 914; x_wconf 87' lang='lat' dir='ltr'>Assisio.</span> 
     </span>
     <span class='ocr_line' id='line_1_9' title="bbox 103 936 751 972; baseline -0.005 -7"><span class='ocrx_word' id='word_1_51' title='bbox 103 937 186 972; x_wconf 73' lang='lat' dir='ltr'>(Rse.</span> <span class='ocrx_word' id='word_1_52' title='bbox 203 939 245 970; x_wconf 85' lang='lat'>44,</span> <span class='ocrx_word' id='word_1_53' title='bbox 264 947 288 965; x_wconf 92' lang='lat' dir='ltr'>c.</span> <span class='ocrx_word' id='word_1_54' title='bbox 307 939 349 969; x_wconf 82' lang='lat'>38,</span> <span class='ocrx_word' id='word_1_55' title='bbox 367 939 384 964; x_wconf 86' lang='lat' dir='ltr'>f.</span> <span class='ocrx_word' id='word_1_56' title='bbox 406 939 436 965; x_wconf 83' lang='lat'>10</span> <span class='ocrx_word' id='word_1_57' title='bbox 452 944 492 969; x_wconf 57' lang='lat'>1⁴²3</span> <span class='ocrx_word' id='word_1_58' title='bbox 511 937 626 967; x_wconf 62' lang='lat' dir='ltr'>Poma„</span> <span class='ocrx_word' id='word_1_59' title='bbox 645 936 751 967; x_wconf 67' lang='lat'>22709.)</span> 
     </span>
    </p>
   </div>
   <div class='ocr_carea' id='block_1_5' title="bbox 102 1039 1107 1608">
    <p class='ocr_par' dir='ltr' id='par_1_6' title="bbox 102 1039 1107 1502">
     <span class='ocr_line' id='line_1_10' title="bbox 144 1039 1106 1077; baseline -0.001 -8"><span class='ocrx_word' id='word_1_60' title='bbox 144 1041 262 1069; x_wconf 80' lang='lat' dir='ltr'>Dilectis</span> <span class='ocrx_word' id='word_1_61' title='bbox 293 1041 390 1077; x_wconf 74' lang='lat' dir='ltr'>siliis..</span> <span class='ocrx_word' id='word_1_62' title='bbox 418 1040 558 1069; x_wconf 80' lang='lat' dir='ltr'>ministro</span> <span class='ocrx_word' id='word_1_63' title='bbox 581 1039 741 1075; x_wconf 77' lang='lat' dir='ltr'>provincie</span> <span class='ocrx_word' id='word_1_64' title='bbox 772 1046 830 1067; x_wconf 89' lang='lat' dir='ltr'>ac..</span> <span class='ocrx_word' id='word_1_65' title='bbox 857 1039 974 1068; x_wconf 82' lang='lat' dir='ltr'>custodi</span> <span class='ocrx_word' id='word_1_66' title='bbox 1003 1039 1106 1068; x_wconf 84' lang='lat' dir='ltr'>Sancti</span> 
     </span>
     <span class='ocr_line' id='line_1_11' title="bbox 102 1092 1103 1130; baseline -0.003 -7"><span class='ocrx_word' id='word_1_67' title='bbox 102 1093 270 1130; x_wconf 76' lang='lat' dir='ltr'>Francisci,</span> <span class='ocrx_word' id='word_1_68' title='bbox 287 1099 313 1123; x_wconf 85' lang='lat' dir='ltr'>et</span> <span class='ocrx_word' id='word_1_69' title='bbox 328 1093 478 1130; x_wconf 81' lang='lat' dir='ltr'>fratribus</span> <span class='ocrx_word' id='word_1_70' title='bbox 493 1092 612 1120; x_wconf 77' lang='lat' dir='ltr'>ordinis</span> <span class='ocrx_word' id='word_1_71' title='bbox 626 1092 764 1127; x_wconf 77' lang='lat' dir='ltr'>fratrum</span> <span class='ocrx_word' id='word_1_72' title='bbox 776 1092 933 1120; x_wconf 80' lang='lat' dir='ltr'>minorum</span> <span class='ocrx_word' id='word_1_73' title='bbox 948 1092 983 1121; x_wconf 87' lang='lat' dir='ltr'>de</span> <span class='ocrx_word' id='word_1_74' title='bbox 995 1092 1103 1128; x_wconf 84' lang='lat' dir='ltr'>Asisio,</span> 
     </span>
     <span class='ocr_line' id='line_1_12' title="bbox 103 1144 1106 1183; baseline -0.002 -7"><span class='ocrx_word' id='word_1_75' title='bbox 103 1146 249 1176; x_wconf 85' lang='lat' dir='ltr'>concedit</span> <span class='ocrx_word' id='word_1_76' title='bbox 268 1150 301 1176; x_wconf 88' lang='lat' dir='ltr'>ut</span> <span class='ocrx_word' id='word_1_77' title='bbox 326 1145 433 1176; x_wconf 92' lang='lat' dir='ltr'>nullus</span> <span class='ocrx_word' id='word_1_78' title='bbox 457 1144 624 1174; x_wconf 84' lang='lat' dir='ltr'>ecclesiam</span> <span class='ocrx_word' id='word_1_79' title='bbox 652 1152 762 1174; x_wconf 88' lang='lat' dir='ltr'>eorum</span> <span class='ocrx_word' id='word_1_80' title='bbox 777 1166 785 1180; x_wconf 91' lang='lat'><strong><em>,</em></strong></span> <span class='ocrx_word' id='word_1_81' title='bbox 813 1153 894 1183; x_wconf 88' lang='lat' dir='ltr'>quae</span> <span class='ocrx_word' id='word_1_82' title='bbox 922 1145 955 1173; x_wconf 89' lang='lat' dir='ltr'>in</span> <span class='ocrx_word' id='word_1_83' title='bbox 981 1145 1106 1174; x_wconf 86' lang='lat' dir='ltr'>civitate</span> 
     </span>
     <span class='ocr_line' id='line_1_13' title="bbox 103 1196 1106 1233; baseline 0 -5"><span class='ocrx_word' id='word_1_84' title='bbox 103 1199 220 1228; x_wconf 86' lang='lat' dir='ltr'>Assisii</span> <span class='ocrx_word' id='word_1_85' title='bbox 236 1199 270 1228; x_wconf 92' lang='lat' dir='ltr'>in</span> <span class='ocrx_word' id='word_1_86' title='bbox 287 1199 407 1229; x_wconf 88' lang='lat' dir='ltr'>honore</span> <span class='ocrx_word' id='word_1_87' title='bbox 424 1196 525 1227; x_wconf 88' lang='lat' dir='ltr'>sancti</span> <span class='ocrx_word' id='word_1_88' title='bbox 539 1196 703 1226; x_wconf 86' lang='lat' dir='ltr'>Francisci</span> <span class='ocrx_word' id='word_1_89' title='bbox 718 1196 851 1226; x_wconf 84' lang='lat' dir='ltr'>fundata</span> <span class='ocrx_word' id='word_1_90' title='bbox 868 1201 923 1233; x_wconf 87' lang='lat' dir='ltr'>est,</span> <span class='ocrx_word' id='word_1_91' title='bbox 938 1197 987 1226; x_wconf 90' lang='lat' dir='ltr'>vel</span> <span class='ocrx_word' id='word_1_92' title='bbox 1000 1198 1106 1228; x_wconf 91' lang='lat' dir='ltr'>locum</span> 
     </span>
     <span class='ocr_line' id='line_1_14' title="bbox 103 1249 1107 1290; baseline 0 -9"><span class='ocrx_word' id='word_1_93' title='bbox 103 1256 158 1281; x_wconf 89' lang='lat' dir='ltr'>aut</span> <span class='ocrx_word' id='word_1_94' title='bbox 177 1252 370 1290; x_wconf 81' lang='lat' dir='ltr'>pertinentia</span> <span class='ocrx_word' id='word_1_95' title='bbox 388 1251 465 1289; x_wconf 79' lang='lat' dir='ltr'>ejuS,</span> <span class='ocrx_word' id='word_1_96' title='bbox 481 1249 660 1286; x_wconf 72' lang='lat' dir='ltr'>interdicto,</span> <span class='ocrx_word' id='word_1_97' title='bbox 678 1250 746 1279; x_wconf 84' lang='lat' dir='ltr'>sine</span> <span class='ocrx_word' id='word_1_98' title='bbox 762 1259 909 1289; x_wconf 79' lang='lat' dir='ltr'>expresso</span> <span class='ocrx_word' id='word_1_99' title='bbox 923 1251 1005 1281; x_wconf 89' lang='lat' dir='ltr'>sedis</span> <span class='ocrx_word' id='word_1_100' title='bbox 1020 1260 1107 1290; x_wconf 90' lang='lat' dir='ltr'>apos-</span> 
     </span>
     <span class='ocr_line' id='line_1_15' title="bbox 105 1302 1107 1343; baseline 0.001 -10"><span class='ocrx_word' id='word_1_101' title='bbox 105 1303 216 1333; x_wconf 89' lang='lat' dir='ltr'>tolicae</span> <span class='ocrx_word' id='word_1_102' title='bbox 231 1304 400 1340; x_wconf 84' lang='lat' dir='ltr'>mandato,</span> <span class='ocrx_word' id='word_1_103' title='bbox 421 1311 597 1341; x_wconf 84' lang='lat' dir='ltr'>supponere</span> <span class='ocrx_word' id='word_1_104' title='bbox 614 1302 732 1339; x_wconf 82' lang='lat' dir='ltr'>valeat3</span> <span class='ocrx_word' id='word_1_105' title='bbox 748 1307 778 1332; x_wconf 88' lang='lat' dir='ltr'>et</span> <span class='ocrx_word' id='word_1_106' title='bbox 795 1307 828 1333; x_wconf 93' lang='lat' dir='ltr'>ut</span> <span class='ocrx_word' id='word_1_107' title='bbox 843 1304 920 1342; x_wconf 87' lang='lat' dir='ltr'>ipsi,</span> <span class='ocrx_word' id='word_1_108' title='bbox 937 1304 1107 1343; x_wconf 79' lang='lat' dir='ltr'>quuslibet</span> 
     </span>
     <span class='ocr_line' id='line_1_16' title="bbox 103 1355 1106 1395; baseline 0.001 -9"><span class='ocrx_word' id='word_1_109' title='bbox 103 1356 264 1386; x_wconf 79' lang='lat' dir='ltr'>interdicti</span> <span class='ocrx_word' id='word_1_110' title='bbox 289 1361 446 1394; x_wconf 83' lang='lat' dir='ltr'>tempore,</span> <span class='ocrx_word' id='word_1_111' title='bbox 471 1355 723 1395; x_wconf 73' lang='lat' dir='ltr'>clausisJ&#39;anuis‚</span> <span class='ocrx_word' id='word_1_112' title='bbox 738 1356 916 1386; x_wconf 84' lang='lat' dir='ltr'>interdictis</span> <span class='ocrx_word' id='word_1_113' title='bbox 936 1362 966 1387; x_wconf 88' lang='lat' dir='ltr'>et</span> <span class='ocrx_word' id='word_1_114' title='bbox 980 1366 1106 1388; x_wconf 87' lang='lat' dir='ltr'>excom-</span> 
     </span>
     <span class='ocr_line' id='line_1_17' title="bbox 103 1407 1104 1448; baseline 0.002 -9"><span class='ocrx_word' id='word_1_115' title='bbox 103 1409 275 1439; x_wconf 89' lang='lat' dir='ltr'>municatis</span> <span class='ocrx_word' id='word_1_116' title='bbox 289 1407 443 1445; x_wconf 81' lang='lat' dir='ltr'>exclusis,</span> <span class='ocrx_word' id='word_1_117' title='bbox 457 1408 617 1438; x_wconf 86' lang='lat' dir='ltr'>celebrare</span> <span class='ocrx_word' id='word_1_118' title='bbox 633 1409 742 1438; x_wconf 88' lang='lat' dir='ltr'>divina</span> <span class='ocrx_word' id='word_1_119' title='bbox 757 1413 787 1439; x_wconf 90' lang='lat' dir='ltr'>et</span> <span class='ocrx_word' id='word_1_120' title='bbox 801 1409 864 1439; x_wconf 86' lang='lat' dir='ltr'>alta</span> <span class='ocrx_word' id='word_1_121' title='bbox 878 1419 951 1440; x_wconf 90' lang='lat' dir='ltr'>voce</span> <span class='ocrx_word' id='word_1_122' title='bbox 966 1416 1104 1448; x_wconf 79' lang='lat' dir='ltr'>cantare,</span> 
     </span>
     <span class='ocr_line' id='line_1_18' title="bbox 103 1461 956 1502; baseline 0.001 -10"><span class='ocrx_word' id='word_1_123' title='bbox 103 1471 139 1493; x_wconf 87' lang='lat' dir='ltr'>ac</span> <span class='ocrx_word' id='word_1_124' title='bbox 149 1462 210 1492; x_wconf 85' lang='lat' dir='ltr'>alia</span> <span class='ocrx_word' id='word_1_125' title='bbox 223 1461 433 1492; x_wconf 87' lang='lat' dir='ltr'>ecclesiastica</span> <span class='ocrx_word' id='word_1_126' title='bbox 451 1466 650 1491; x_wconf 82' lang='lat' dir='ltr'>sacramenta</span> <span class='ocrx_word' id='word_1_127' title='bbox 664 1463 808 1501; x_wconf 90' lang='lat' dir='ltr'>recipere</span> <span class='ocrx_word' id='word_1_128' title='bbox 823 1464 956 1502; x_wconf 87' lang='lat' dir='ltr'>possint.</span> 
     </span>
    </p>

    <p class='ocr_par' dir='ltr' id='par_1_7' title="bbox 104 1514 1105 1608">
     <span class='ocr_line' id='line_1_19' title="bbox 146 1514 1105 1553; baseline 0.005 -11"><span class='ocrx_word' id='word_1_129' title='bbox 146 1528 158 1542; x_wconf 77' lang='grc' dir='ltr'>ι</span> <span class='ocrx_word' id='word_1_130' title='bbox 183 1514 328 1545; x_wconf 85' lang='lat' dir='ltr'>Preclara</span> <span class='ocrx_word' id='word_1_131' title='bbox 355 1514 578 1553; x_wconf 87' lang='lat' dir='ltr'>gloriosissimi</span> <span class='ocrx_word' id='word_1_132' title='bbox 603 1515 828 1546; x_wconf 83' lang='lat' dir='ltr'>confessoris...</span> <span class='ocrx_word' id='word_1_133' title='bbox 846 1532 886 1538; x_wconf 90' lang='lat'>—</span> <span class='ocrx_word' id='word_1_134' title='bbox 904 1517 973 1547; x_wconf 88' lang='lat' dir='ltr'>Dat.</span> <span class='ocrx_word' id='word_1_135' title='bbox 996 1522 1032 1547; x_wconf 88' lang='lat' dir='ltr'>ut</span> <span class='ocrx_word' id='word_1_136' title='bbox 1054 1527 1105 1547; x_wconf 89' lang='lat' dir='ltr'>su-</span> 
     </span>
     <span class='ocr_line' id='line_1_20' title="bbox 104 1577 202 1608; baseline 0.01 -10"><span class='ocrx_word' id='word_1_137' title='bbox 104 1577 170 1608; x_wconf 87' lang='lat' dir='ltr'>pra.</span> <span class='ocrx_word' id='word_1_138' title='bbox 188 1580 202 1596; x_wconf 69' lang='lat' dir='ltr'>n</span> 
     </span>
    </p>
   </div>
   <div class='ocr_carea' id='block_1_6' title="bbox 173 1727 1021 1762">
    <p class='ocr_par' dir='ltr' id='par_1_8' title="bbox 173 1727 1021 1762">
     <span class='ocr_line' id='line_1_21' title="bbox 173 1727 1021 1762; baseline 0.002 -7"><span class='ocrx_word' id='word_1_139' title='bbox 173 1727 230 1755; x_wconf 63' lang='lat'>¹22</span> <span class='ocrx_word' id='word_1_140' title='bbox 710 1728 803 1762; x_wconf 85' lang='lat' dir='ltr'>Rieti,</span> <span class='ocrx_word' id='word_1_141' title='bbox 824 1730 854 1756; x_wconf 87' lang='lat'>14</span> <span class='ocrx_word' id='word_1_142' title='bbox 872 1729 926 1756; x_wconf 89' lang='lat' dir='ltr'>mai</span> <span class='ocrx_word' id='word_1_143' title='bbox 945 1730 1021 1757; x_wconf 69' lang='lat'>1288.</span> 
     </span>
    </p>
   </div>
   <div class='ocr_carea' id='block_1_7' title="bbox 103 1788 1106 1871">
    <p class='ocr_par' dir='ltr' id='par_1_9' title="bbox 103 1788 1106 1871">
     <span class='ocr_line' id='line_1_22' title="bbox 150 1788 1106 1824; baseline 0.005 -10"><span class='ocrx_word' id='word_1_144' title='bbox 150 1788 225 1815; x_wconf 88' lang='lat' dir='ltr'>[dem</span> <span class='ocrx_word' id='word_1_145' title='bbox 256 1789 437 1824; x_wconf 85' lang='lat' dir='ltr'>privilegium</span> <span class='ocrx_word' id='word_1_146' title='bbox 458 1792 490 1815; x_wconf 87' lang='lat' dir='ltr'>ut</span> <span class='ocrx_word' id='word_1_147' title='bbox 511 1797 607 1824; x_wconf 88' lang='lat' dir='ltr'>supra.</span> <span class='ocrx_word' id='word_1_148' title='bbox 637 1789 725 1822; x_wconf 70' lang='lat' dir='ltr'>(Rae.</span> <span class='ocrx_word' id='word_1_149' title='bbox 750 1791 798 1822; x_wconf 78' lang='lat'>44,</span> <span class='ocrx_word' id='word_1_150' title='bbox 831 1799 856 1817; x_wconf 89' lang='lat' dir='ltr'>c.</span> <span class='ocrx_word' id='word_1_151' title='bbox 889 1791 937 1824; x_wconf 80' lang='lat'>39,</span> <span class='ocrx_word' id='word_1_152' title='bbox 963 1792 980 1818; x_wconf 81' lang='lat' dir='ltr'>f.</span> <span class='ocrx_word' id='word_1_153' title='bbox 1008 1792 1040 1819; x_wconf 91' lang='lat'>10</span> <span class='ocrx_word' id='word_1_154' title='bbox 1065 1798 1106 1823; x_wconf 85' lang='lat' dir='ltr'>r⁰;</span> 
     </span>
     <span class='ocr_line' id='line_1_23' title="bbox 103 1837 343 1871; baseline 0 -7"><span class='ocrx_word' id='word_1_155' title='bbox 103 1837 218 1869; x_wconf 59' lang='lat' dir='ltr'>Porta,</span> <span class='ocrx_word' id='word_1_156' title='bbox 234 1837 343 1871; x_wconf 74' lang='lat'>22710.)</span> 
     </span>
    </p>
   </div>
   <div class='ocr_carea' id='block_1_8' title="bbox 103 1939 1108 2141">
    <p class='ocr_par' dir='ltr' id='par_1_10' title="bbox 103 1939 1108 2086">
     <span class='ocr_line' id='line_1_24' title="bbox 142 1939 1107 1982; baseline 0.005 -14"><span class='ocrx_word' id='word_1_157' title='bbox 142 1939 260 1969; x_wconf 82' lang='lat' dir='ltr'>Dilectis</span> <span class='ocrx_word' id='word_1_158' title='bbox 277 1940 375 1977; x_wconf 85' lang='lat' dir='ltr'>filiis..</span> <span class='ocrx_word' id='word_1_159' title='bbox 399 1941 543 1970; x_wconf 83' lang='lat' dir='ltr'>ministro</span> <span class='ocrx_word' id='word_1_160' title='bbox 559 1943 717 1980; x_wconf 75' lang='lat' dir='ltr'>provincie</span> <span class='ocrx_word' id='word_1_161' title='bbox 726 1944 809 1972; x_wconf 80' lang='lat' dir='ltr'>Beati</span> <span class='ocrx_word' id='word_1_162' title='bbox 825 1943 1001 1974; x_wconf 86' lang='lat' dir='ltr'>Francisci..</span> <span class='ocrx_word' id='word_1_163' title='bbox 1016 1953 1107 1982; x_wconf 81' lang='lat' dir='ltr'>9uar-</span> 
     </span>
     <span class='ocr_line' id='line_1_25' title="bbox 103 1992 1108 2031; baseline 0.006 -10"><span class='ocrx_word' id='word_1_164' title='bbox 103 1992 194 2022; x_wconf 83' lang='lat' dir='ltr'>diano</span> <span class='ocrx_word' id='word_1_165' title='bbox 207 1998 233 2022; x_wconf 84' lang='lat' dir='ltr'>et</span> <span class='ocrx_word' id='word_1_166' title='bbox 250 1994 400 2030; x_wconf 82' lang='lat' dir='ltr'>fratribus</span> <span class='ocrx_word' id='word_1_167' title='bbox 418 1994 535 2023; x_wconf 81' lang='lat' dir='ltr'>ordinis</span> <span class='ocrx_word' id='word_1_168' title='bbox 548 1995 685 2031; x_wconf 76' lang='lat' dir='ltr'>fratrum</span> <span class='ocrx_word' id='word_1_169' title='bbox 701 1997 854 2025; x_wconf 85' lang='lat' dir='ltr'>minorum</span> <span class='ocrx_word' id='word_1_170' title='bbox 873 1998 988 2026; x_wconf 83' lang='lat' dir='ltr'>ecclesie</span> <span class='ocrx_word' id='word_1_171' title='bbox 1003 1997 1108 2026; x_wconf 82' lang='lat' dir='ltr'>Sancte</span> 
     </span>
     <span class='ocr_line' id='line_1_26' title="bbox 106 2045 724 2086; baseline 0.005 -12"><span class='ocrx_word' id='word_1_172' title='bbox 106 2045 200 2074; x_wconf 85' lang='lat' dir='ltr'>Marie</span> <span class='ocrx_word' id='word_1_173' title='bbox 212 2046 247 2075; x_wconf 86' lang='lat' dir='ltr'>de</span> <span class='ocrx_word' id='word_1_174' title='bbox 263 2046 463 2076; x_wconf 82' lang='lat' dir='ltr'>Portiuncula</span> <span class='ocrx_word' id='word_1_175' title='bbox 477 2056 566 2086; x_wconf 82' lang='lat' dir='ltr'>prope</span> <span class='ocrx_word' id='word_1_176' title='bbox 578 2049 724 2077; x_wconf 73' lang='lat' dir='ltr'>Asisium.</span> 
     </span>
    </p>

    <p class='ocr_par' dir='ltr' id='par_1_11' title="bbox 144 2097 1042 2141">
     <span class='ocr_line' id='line_1_27' title="bbox 144 2097 1042 2141; baseline 0.007 -14"><span class='ocrx_word' id='word_1_177' title='bbox 144 2111 156 2124; x_wconf 70' lang='lat' dir='ltr'>c</span> <span class='ocrx_word' id='word_1_178' title='bbox 177 2097 307 2129; x_wconf 85' lang='lat' dir='ltr'>Summe</span> <span class='ocrx_word' id='word_1_179' title='bbox 323 2099 509 2130; x_wconf 86' lang='lat' dir='ltr'>devotionis</span> <span class='ocrx_word' id='word_1_180' title='bbox 525 2101 693 2131; x_wconf 85' lang='lat' dir='ltr'>affectus...</span> <span class='ocrx_word' id='word_1_181' title='bbox 709 2117 749 2124; x_wconf 92' lang='lat'><strong>—</strong></span> <span class='ocrx_word' id='word_1_182' title='bbox 764 2102 835 2131; x_wconf 86' lang='lat' dir='ltr'>Dat.</span> <span class='ocrx_word' id='word_1_183' title='bbox 854 2107 888 2132; x_wconf 91' lang='lat' dir='ltr'>ut</span> <span class='ocrx_word' id='word_1_184' title='bbox 905 2112 1009 2141; x_wconf 88' lang='lat' dir='ltr'>supra.</span> <span class='ocrx_word' id='word_1_185' title='bbox 1029 2115 1042 2129; x_wconf 75' lang='lat' dir='ltr'>n</span> 
     </span>
    </p>
   </div>
   <div class='ocr_carea' id='block_1_9' title="bbox 176 2268 1036 2324">
    <p class='ocr_par' dir='ltr' id='par_1_12' title="bbox 176 2268 1036 2324">
     <span class='ocr_line' id='line_1_28' title="bbox 176 2268 1036 2324; baseline 0.006 -28"><span class='ocrx_word' id='word_1_186' title='bbox 176 2268 232 2324; x_wconf 62' lang='lat'>¹2?</span> <span class='ocrx_word' id='word_1_187' title='bbox 725 2272 817 2304; x_wconf 70' lang='lat' dir='ltr'>Rieu,</span> <span class='ocrx_word' id='word_1_188' title='bbox 838 2274 869 2300; x_wconf 90' lang='grc'>14</span> <span class='ocrx_word' id='word_1_189' title='bbox 886 2275 942 2300; x_wconf 87' lang='lat' dir='ltr'>mai</span> <span class='ocrx_word' id='word_1_190' title='bbox 958 2274 1036 2301; x_wconf 70' lang='lat'>1288.</span> 
     </span>
    </p>
   </div>
   <div class='ocr_carea' id='block_1_10' title="bbox 102 2330 1110 2422">
    <p class='ocr_par' dir='ltr' id='par_1_13' title="bbox 102 2330 1110 2422">
     <span class='ocr_line' id='line_1_29' title="bbox 137 2330 1110 2368; baseline 0.008 -12"><span class='ocrx_word' id='word_1_191' title='bbox 137 2330 252 2358; x_wconf 86' lang='lat' dir='ltr'>Mandat</span> <span class='ocrx_word' id='word_1_192' title='bbox 270 2335 301 2358; x_wconf 89' lang='lat' dir='ltr'>ut</span> <span class='ocrx_word' id='word_1_193' title='bbox 315 2331 472 2360; x_wconf 86' lang='lat' dir='ltr'>oblationes</span> <span class='ocrx_word' id='word_1_194' title='bbox 487 2342 560 2368; x_wconf 91' lang='lat' dir='ltr'>quae</span> <span class='ocrx_word' id='word_1_195' title='bbox 578 2335 652 2361; x_wconf 88' lang='lat' dir='ltr'>fiunt</span> <span class='ocrx_word' id='word_1_196' title='bbox 671 2336 700 2361; x_wconf 90' lang='lat' dir='ltr'>in</span> <span class='ocrx_word' id='word_1_197' title='bbox 716 2336 849 2363; x_wconf 86' lang='lat' dir='ltr'>ecclesiis</span> <span class='ocrx_word' id='word_1_198' title='bbox 865 2336 896 2363; x_wconf 87' lang='lat' dir='ltr'>S.</span> <span class='ocrx_word' id='word_1_199' title='bbox 913 2337 1059 2366; x_wconf 83' lang='lat' dir='ltr'>Francisci</span> <span class='ocrx_word' id='word_1_200' title='bbox 1074 2339 1110 2366; x_wconf 89' lang='lat' dir='ltr'>de</span> 
     </span>
     <span class='ocr_line' id='line_1_30' title="bbox 102 2379 1109 2422; baseline 0.011 -18"><span class='ocrx_word' id='word_1_201' title='bbox 102 2379 217 2405; x_wconf 87' lang='lat' dir='ltr'>Assisio</span> <span class='ocrx_word' id='word_1_202' title='bbox 241 2383 269 2405; x_wconf 86' lang='lat' dir='ltr'>et</span> <span class='ocrx_word' id='word_1_203' title='bbox 291 2379 412 2407; x_wconf 83' lang='lat' dir='ltr'>Sanctae</span> <span class='ocrx_word' id='word_1_204' title='bbox 435 2381 541 2409; x_wconf 89' lang='lat' dir='ltr'>Mariae</span> <span class='ocrx_word' id='word_1_205' title='bbox 560 2382 594 2409; x_wconf 90' lang='lat' dir='ltr'>de</span> <span class='ocrx_word' id='word_1_206' title='bbox 622 2382 808 2411; x_wconf 87' lang='lat' dir='ltr'>Portiuncula</span> <span class='ocrx_word' id='word_1_207' title='bbox 832 2386 860 2411; x_wconf 91' lang='lat' dir='ltr'>in</span> <span class='ocrx_word' id='word_1_208' title='bbox 884 2394 958 2413; x_wconf 86' lang='lat' dir='ltr'>usus</span> <span class='ocrx_word' id='word_1_209' title='bbox 981 2388 1109 2422; x_wconf 87' lang='lat' dir='ltr'>ipsarum</span> 
     </span>
    </p>
   </div>
   <div class='ocr_carea' id='block_1_11' title="bbox 101 2428 1110 2512">
    <p class='ocr_par' dir='ltr' id='par_1_14' title="bbox 101 2428 1110 2512">
     <span class='ocr_line' id='line_1_31' title="bbox 101 2428 1110 2467; baseline 0.01 -14"><span class='ocrx_word' id='word_1_210' title='bbox 101 2428 289 2455; x_wconf 85' lang='lat' dir='ltr'>ecclesiarum</span> <span class='ocrx_word' id='word_1_211' title='bbox 305 2431 333 2455; x_wconf 86' lang='lat' dir='ltr'>et</span> <span class='ocrx_word' id='word_1_212' title='bbox 353 2428 471 2456; x_wconf 77' lang='lat' dir='ltr'>fratrum</span> <span class='ocrx_word' id='word_1_213' title='bbox 493 2435 706 2459; x_wconf 80' lang='lat' dir='ltr'>convertantur.</span> <span class='ocrx_word' id='word_1_214' title='bbox 734 2432 823 2466; x_wconf 69' lang='lat' dir='ltr'>(Risu.</span> <span class='ocrx_word' id='word_1_215' title='bbox 842 2434 892 2465; x_wconf 88' lang='lat'>44,</span> <span class='ocrx_word' id='word_1_216' title='bbox 919 2443 944 2461; x_wconf 94' lang='lat' dir='ltr'>c.</span> <span class='ocrx_word' id='word_1_217' title='bbox 963 2436 1013 2467; x_wconf 82' lang='lat'>40,</span> <span class='ocrx_word' id='word_1_218' title='bbox 1039 2436 1059 2463; x_wconf 81' lang='lat' dir='ltr'>f.</span> <span class='ocrx_word' id='word_1_219' title='bbox 1078 2437 1110 2463; x_wconf 83' lang='lat' dir='ltr'>to</span> 
     </span>
     <span class='ocr_line' id='line_1_32' title="bbox 102 2476 459 2512; baseline 0.006 -9"><span class='ocrx_word' id='word_1_220' title='bbox 102 2483 143 2510; x_wconf 83' lang='lat' dir='ltr'>r⁰;</span> <span class='ocrx_word' id='word_1_221' title='bbox 162 2476 278 2508; x_wconf 66' lang='lat' dir='ltr'>Poma,</span> <span class='ocrx_word' id='word_1_222' title='bbox 296 2477 396 2511; x_wconf 73' lang='lat'><strong>22711)</strong></span> <span class='ocrx_word' id='word_1_223' title='bbox 413 2479 459 2512; x_wconf 93' lang='grc'>(1).</span> 
     </span>
    </p>
   </div>
   <div class='ocr_carea' id='block_1_12' title="bbox 101 2579 1111 2725">
    <p class='ocr_par' dir='ltr' id='par_1_15' title="bbox 101 2579 1111 2725">
     <span class='ocr_line' id='line_1_33' title="bbox 141 2579 1110 2619; baseline 0.011 -12"><span class='ocrx_word' id='word_1_224' title='bbox 141 2579 262 2608; x_wconf 82' lang='lat' dir='ltr'>Dilectis</span> <span class='ocrx_word' id='word_1_225' title='bbox 277 2579 376 2616; x_wconf 69' lang='lat' dir='ltr'>fittts„</span> <span class='ocrx_word' id='word_1_226' title='bbox 392 2581 532 2611; x_wconf 84' lang='lat' dir='ltr'>ministro</span> <span class='ocrx_word' id='word_1_227' title='bbox 549 2584 705 2619; x_wconf 76' lang='lat' dir='ltr'>provincie</span> <span class='ocrx_word' id='word_1_228' title='bbox 726 2590 775 2614; x_wconf 87' lang='lat' dir='ltr'>et..</span> <span class='ocrx_word' id='word_1_229' title='bbox 789 2586 906 2615; x_wconf 79' lang='lat' dir='ltr'>custodi</span> <span class='ocrx_word' id='word_1_230' title='bbox 920 2587 1110 2618; x_wconf 83' lang='lat' dir='ltr'>BeatiFran-</span> 
     </span>
     <span class='ocr_line' id='line_1_34' title="bbox 101 2632 1110 2680; baseline 0.011 -20"><span class='ocrx_word' id='word_1_231' title='bbox 101 2633 172 2662; x_wconf 81' lang='lat' dir='ltr'>eisci</span> <span class='ocrx_word' id='word_1_232' title='bbox 196 2632 328 2662; x_wconf 85' lang='lat' dir='ltr'>mandat</span> <span class='ocrx_word' id='word_1_233' title='bbox 356 2637 514 2671; x_wconf 87' lang='lat' dir='ltr'>quatenus</span> <span class='ocrx_word' id='word_1_234' title='bbox 545 2646 558 2662; x_wconf 87' lang='lat'>«</span> <span class='ocrx_word' id='word_1_235' title='bbox 585 2637 694 2667; x_wconf 88' lang='lat' dir='ltr'>omnia</span> <span class='ocrx_word' id='word_1_236' title='bbox 718 2639 830 2677; x_wconf 90' lang='lat' dir='ltr'>quein</span> <span class='ocrx_word' id='word_1_237' title='bbox 856 2639 1110 2680; x_wconf 87' lang='lat' dir='ltr'>quibuscumque</span> 
     </span>
     <span class='ocr_line' id='line_1_35' title="bbox 102 2685 1111 2725; baseline 0.011 -12"><span class='ocrx_word' id='word_1_238' title='bbox 102 2685 246 2722; x_wconf 89' lang='lat' dir='ltr'>pecuniis</span> <span class='ocrx_word' id='word_1_239' title='bbox 269 2694 324 2715; x_wconf 91' lang='lat' dir='ltr'>seu</span> <span class='ocrx_word' id='word_1_240' title='bbox 349 2687 485 2716; x_wconf 86' lang='lat' dir='ltr'>monetis</span> <span class='ocrx_word' id='word_1_241' title='bbox 512 2698 526 2714; x_wconf 70' lang='grc' dir='ltr'><strong><em>ν</em></strong></span> <span class='ocrx_word' id='word_1_242' title='bbox 551 2687 585 2717; x_wconf 89' lang='lat' dir='ltr'>in</span> <span class='ocrx_word' id='word_1_243' title='bbox 612 2689 754 2721; x_wconf 87' lang='lat' dir='ltr'>ecclesiis</span> <span class='ocrx_word' id='word_1_244' title='bbox 774 2691 864 2722; x_wconf 88' lang='lat' dir='ltr'>Beati</span> <span class='ocrx_word' id='word_1_245' title='bbox 889 2692 1051 2724; x_wconf 85' lang='lat' dir='ltr'>Francisci</span> <span class='ocrx_word' id='word_1_246' title='bbox 1072 2694 1111 2725; x_wconf 90' lang='lat' dir='ltr'>de</span> 
     </span>
    </p>
   </div>
   <div class='ocr_carea' id='block_1_13' title="bbox 106 2815 1115 3072">
    <p class='ocr_par' dir='ltr' id='par_1_16' title="bbox 106 2815 1115 3072">
     <span class='ocr_line' id='line_1_36' title="bbox 135 2815 1113 2853; baseline 0.011 -14"><span class='ocrx_word' id='word_1_247' title='bbox 135 2816 169 2845; x_wconf 90' lang='grc'>(1)</span> <span class='ocrx_word' id='word_1_248' title='bbox 184 2815 205 2840; x_wconf 87' lang='lat' dir='ltr'>ll</span> <span class='ocrx_word' id='word_1_249' title='bbox 215 2816 277 2840; x_wconf 84' lang='lat' dir='ltr'>s&#39;est</span> <span class='ocrx_word' id='word_1_250' title='bbox 291 2817 371 2847; x_wconf 75' lang='lat' dir='ltr'>glisse</span> <span class='ocrx_word' id='word_1_251' title='bbox 387 2818 435 2843; x_wconf 80' lang='lat' dir='ltr'>ici.</span> <span class='ocrx_word' id='word_1_252' title='bbox 453 2818 518 2842; x_wconf 83' lang='lat' dir='ltr'>dans</span> <span class='ocrx_word' id='word_1_253' title='bbox 534 2819 572 2843; x_wconf 85' lang='lat' dir='ltr'>les</span> <span class='ocrx_word' id='word_1_254' title='bbox 586 2820 687 2850; x_wconf 77' lang='lat' dir='ltr'>Reyesta</span> <span class='ocrx_word' id='word_1_255' title='bbox 701 2822 732 2846; x_wconf 89' lang='lat' dir='ltr'>de</span> <span class='ocrx_word' id='word_1_256' title='bbox 748 2822 881 2853; x_wconf 85' lang='lat' dir='ltr'>Potthast,</span> <span class='ocrx_word' id='word_1_257' title='bbox 899 2831 950 2848; x_wconf 90' lang='lat' dir='ltr'>une</span> <span class='ocrx_word' id='word_1_258' title='bbox 964 2825 1060 2850; x_wconf 89' lang='lat' dir='ltr'>double</span> <span class='ocrx_word' id='word_1_259' title='bbox 1073 2833 1113 2850; x_wconf 84' lang='lat' dir='ltr'>er-</span> 
     </span>
     <span class='ocr_line' id='line_1_37' title="bbox 109 2859 1111 2901; baseline 0.012 -18"><span class='ocrx_word' id='word_1_260' title='bbox 109 2867 180 2884; x_wconf 85' lang='lat' dir='ltr'>reur.</span> <span class='ocrx_word' id='word_1_261' title='bbox 195 2859 316 2889; x_wconf 82' lang='lat' dir='ltr'>D&#39;abord.</span> <span class='ocrx_word' id='word_1_262' title='bbox 331 2862 364 2885; x_wconf 87' lang='lat' dir='ltr'>ils</span> <span class='ocrx_word' id='word_1_263' title='bbox 378 2863 514 2886; x_wconf 82' lang='lat' dir='ltr'>renvoient</span> <span class='ocrx_word' id='word_1_264' title='bbox 526 2870 592 2893; x_wconf 85' lang='lat' dir='ltr'>pour</span> <span class='ocrx_word' id='word_1_265' title='bbox 602 2867 669 2889; x_wconf 88' lang='lat' dir='ltr'>cette</span> <span class='ocrx_word' id='word_1_266' title='bbox 678 2866 754 2891; x_wconf 86' lang='lat' dir='ltr'>lettre</span> <span class='ocrx_word' id='word_1_267' title='bbox 769 2868 923 2898; x_wconf 76' lang='lat' dir='ltr'>aSbaralea,</span> <span class='ocrx_word' id='word_1_268' title='bbox 936 2869 1000 2894; x_wconf 78' lang='lat' dir='ltr'>Butt.</span> <span class='ocrx_word' id='word_1_269' title='bbox 1012 2871 1111 2901; x_wconf 76' lang='lat' dir='ltr'>praed..</span> 
     </span>
     <span class='ocr_line' id='line_1_38' title="bbox 108 2903 1114 2942; baseline 0.013 -15"><span class='ocrx_word' id='word_1_270' title='bbox 108 2903 156 2934; x_wconf 79' lang='lat' dir='ltr'>tv,</span> <span class='ocrx_word' id='word_1_271' title='bbox 172 2911 197 2935; x_wconf 90' lang='lat' dir='ltr'>p.</span> <span class='ocrx_word' id='word_1_272' title='bbox 211 2904 250 2934; x_wconf 74' lang='lat'>22,</span> <span class='ocrx_word' id='word_1_273' title='bbox 262 2909 292 2928; x_wconf 77' lang='lat' dir='ltr'>n⁰</span> <span class='ocrx_word' id='word_1_274' title='bbox 306 2905 351 2932; x_wconf 71' lang='lat'>28.</span> <span class='ocrx_word' id='word_1_275' title='bbox 367 2913 401 2929; x_wconf 88' lang='lat' dir='ltr'>au</span> <span class='ocrx_word' id='word_1_276' title='bbox 415 2907 468 2930; x_wconf 86' lang='lat' dir='ltr'>lieu</span> <span class='ocrx_word' id='word_1_277' title='bbox 483 2907 514 2930; x_wconf 81' lang='lat' dir='ltr'>de</span> <span class='ocrx_word' id='word_1_278' title='bbox 529 2906 576 2936; x_wconf 86' lang='lat' dir='ltr'>IV,</span> <span class='ocrx_word' id='word_1_279' title='bbox 592 2915 617 2939; x_wconf 86' lang='lat' dir='ltr'>p.</span> <span class='ocrx_word' id='word_1_280' title='bbox 633 2908 672 2936; x_wconf 78' lang='lat'>23.</span> <span class='ocrx_word' id='word_1_281' title='bbox 688 2914 716 2934; x_wconf 83' lang='lat' dir='ltr'>n⁰</span> <span class='ocrx_word' id='word_1_282' title='bbox 727 2911 766 2935; x_wconf 80' lang='lat'>29.</span> <span class='ocrx_word' id='word_1_283' title='bbox 784 2912 837 2942; x_wconf 79' lang='lat' dir='ltr'>(Au</span> <span class='ocrx_word' id='word_1_284' title='bbox 851 2915 982 2938; x_wconf 81' lang='lat' dir='ltr'>contraire</span> <span class='ocrx_word' id='word_1_285' title='bbox 1000 2915 1024 2938; x_wconf 88' lang='lat' dir='ltr'>la</span> <span class='ocrx_word' id='word_1_286' title='bbox 1044 2916 1114 2940; x_wconf 87' lang='lat' dir='ltr'>bulle</span> 
     </span>
     <span class='ocr_line' id='line_1_39' title="bbox 109 2949 1115 2989; baseline 0.014 -18"><span class='ocrx_word' id='word_1_287' title='bbox 109 2949 244 2978; x_wconf 85' lang='lat' dir='ltr'>suivante,</span> <span class='ocrx_word' id='word_1_288' title='bbox 261 2956 328 2980; x_wconf 87' lang='lat' dir='ltr'>pour</span> <span class='ocrx_word' id='word_1_289' title='bbox 343 2950 454 2981; x_wconf 84' lang='lat' dir='ltr'>laquelle</span> <span class='ocrx_word' id='word_1_290' title='bbox 469 2951 537 2980; x_wconf 67' lang='lat' dir='ltr'>Pot.y</span> <span class='ocrx_word' id='word_1_291' title='bbox 552 2951 636 2981; x_wconf 75' lang='lat'>2271‘2,</span> <span class='ocrx_word' id='word_1_292' title='bbox 653 2956 758 2979; x_wconf 87' lang='lat' dir='ltr'>renvoie</span> <span class='ocrx_word' id='word_1_293' title='bbox 773 2958 788 2980; x_wconf 78' lang='lat' dir='ltr'>a</span> <span class='ocrx_word' id='word_1_294' title='bbox 799 2957 823 2980; x_wconf 87' lang='lat' dir='ltr'>la</span> <span class='ocrx_word' id='word_1_295' title='bbox 838 2965 902 2989; x_wconf 83' lang='lat' dir='ltr'>page</span> <span class='ocrx_word' id='word_1_296' title='bbox 918 2958 956 2988; x_wconf 67' lang='lat'>²23.</span> <span class='ocrx_word' id='word_1_297' title='bbox 972 2963 1001 2982; x_wconf 82' lang='lat' dir='ltr'>n⁰</span> <span class='ocrx_word' id='word_1_298' title='bbox 1015 2959 1058 2987; x_wconf 79' lang='lat'>29.</span> <span class='ocrx_word' id='word_1_299' title='bbox 1075 2964 1115 2985; x_wconf 83' lang='lat' dir='ltr'>est</span> 
     </span>
     <span class='ocr_line' id='line_1_40' title="bbox 106 2993 1114 3036; baseline 0.014 -20"><span class='ocrx_word' id='word_1_300' title='bbox 106 2993 130 3016; x_wconf 89' lang='lat' dir='ltr'>le</span> <span class='ocrx_word' id='word_1_301' title='bbox 142 2997 172 3016; x_wconf 78' lang='lat' dir='ltr'>n¹²</span> <span class='ocrx_word' id='word_1_302' title='bbox 187 2993 218 3017; x_wconf 73' lang='lat'>28</span> <span class='ocrx_word' id='word_1_303' title='bbox 231 2993 263 3017; x_wconf 89' lang='lat' dir='ltr'>de</span> <span class='ocrx_word' id='word_1_304' title='bbox 280 2995 303 3018; x_wconf 90' lang='lat' dir='ltr'>la</span> <span class='ocrx_word' id='word_1_305' title='bbox 319 3002 383 3026; x_wconf 84' lang='lat' dir='ltr'>page</span> <span class='ocrx_word' id='word_1_306' title='bbox 398 2995 452 3026; x_wconf 78' lang='lat'>22).</span> <span class='ocrx_word' id='word_1_307' title='bbox 479 2996 513 3019; x_wconf 86' lang='lat' dir='ltr'>La</span> <span class='ocrx_word' id='word_1_308' title='bbox 528 2997 640 3021; x_wconf 84' lang='lat' dir='ltr'>seconde</span> <span class='ocrx_word' id='word_1_309' title='bbox 655 3004 744 3023; x_wconf 75' lang='lat' dir='ltr'>eri-eur</span> <span class='ocrx_word' id='word_1_310' title='bbox 757 3003 798 3024; x_wconf 86' lang='lat' dir='ltr'>est</span> <span class='ocrx_word' id='word_1_311' title='bbox 811 3002 915 3032; x_wconf 78' lang='lat' dir='ltr'>repete&#39;e</span> <span class='ocrx_word' id='word_1_312' title='bbox 930 3003 962 3027; x_wconf 86' lang='lat' dir='ltr'>de</span> <span class='ocrx_word' id='word_1_313' title='bbox 980 3003 1114 3036; x_wconf 79' lang='lat' dir='ltr'>Sbaragtia</span> 
     </span>
     <span class='ocr_line' id='line_1_41' title="bbox 110 3037 929 3072; baseline 0.012 -12"><span class='ocrx_word' id='word_1_314' title='bbox 110 3037 153 3067; x_wconf 86' lang='lat' dir='ltr'>qui</span> <span class='ocrx_word' id='word_1_315' title='bbox 172 3037 230 3061; x_wconf 84' lang='lat' dir='ltr'>date</span> <span class='ocrx_word' id='word_1_316' title='bbox 243 3040 312 3062; x_wconf 80' lang='lat' dir='ltr'>cette</span> <span class='ocrx_word' id='word_1_317' title='bbox 326 3040 403 3064; x_wconf 84' lang='lat' dir='ltr'>lettre</span> <span class='ocrx_word' id='word_1_318' title='bbox 416 3040 450 3064; x_wconf 91' lang='lat' dir='ltr'>du</span> <span class='ocrx_word' id='word_1_319' title='bbox 468 3040 494 3063; x_wconf 82' lang='lat'>15</span> <span class='ocrx_word' id='word_1_320' title='bbox 509 3041 561 3064; x_wconf 91' lang='lat' dir='ltr'>mai</span> <span class='ocrx_word' id='word_1_321' title='bbox 577 3041 663 3065; x_wconf 87' lang='lat' dir='ltr'>tandis</span> <span class='ocrx_word' id='word_1_322' title='bbox 679 3042 772 3072; x_wconf 80' lang='lat' dir='ltr'>qu&#39;elle</span> <span class='ocrx_word' id='word_1_323' title='bbox 786 3048 825 3068; x_wconf 84' lang='lat' dir='ltr'>est</span> <span class='ocrx_word' id='word_1_324' title='bbox 841 3046 876 3070; x_wconf 87' lang='lat' dir='ltr'>du</span> <span class='ocrx_word' id='word_1_325' title='bbox 893 3047 929 3071; x_wconf 82' lang='grc'>14,</span> 
     </span>
    </p>
   </div>
   <div class='ocr_carea' id='block_1_14' title="bbox 1190 440 2191 746">
    <p class='ocr_par' dir='ltr' id='par_1_17' title="bbox 1190 440 2191 693">
     <span class='ocr_line' id='line_1_42' title="bbox 1191 440 2190 474; baseline 0.004 -5"><span class='ocrx_word' id='word_1_326' title='bbox 1191 440 1314 469; x_wconf 85' lang='lat' dir='ltr'>Assisio</span> <span class='ocrx_word' id='word_1_327' title='bbox 1326 445 1355 469; x_wconf 89' lang='lat' dir='ltr'>et</span> <span class='ocrx_word' id='word_1_328' title='bbox 1364 440 1496 470; x_wconf 89' lang='lat' dir='ltr'>Sanctae</span> <span class='ocrx_word' id='word_1_329' title='bbox 1507 440 1627 469; x_wconf 86' lang='lat' dir='ltr'>Mariae</span> <span class='ocrx_word' id='word_1_330' title='bbox 1637 440 1676 469; x_wconf 91' lang='lat' dir='ltr'>de</span> <span class='ocrx_word' id='word_1_331' title='bbox 1689 440 1895 470; x_wconf 76' lang='lat' dir='ltr'>portiuncula</span> <span class='ocrx_word' id='word_1_332' title='bbox 1904 450 1921 470; x_wconf 90' lang='lat' dir='ltr'>a</span> <span class='ocrx_word' id='word_1_333' title='bbox 1931 441 2190 474; x_wconf 83' lang='lat' dir='ltr'>christifidelibus</span> 
     </span>
     <span class='ocr_line' id='line_1_43' title="bbox 1190 492 2190 532; baseline 0.004 -10"><span class='ocrx_word' id='word_1_334' title='bbox 1190 492 1379 530; x_wconf 81' lang='lat' dir='ltr'>offeruntur,</span> <span class='ocrx_word' id='word_1_335' title='bbox 1395 502 1450 532; x_wconf 89' lang='lat' dir='ltr'>per</span> <span class='ocrx_word' id='word_1_336' title='bbox 1459 493 1611 532; x_wconf 89' lang='lat' dir='ltr'>quasdam</span> <span class='ocrx_word' id='word_1_337' title='bbox 1624 494 1819 532; x_wconf 85' lang='lat' dir='ltr'>personasde</span> <span class='ocrx_word' id='word_1_338' title='bbox 1835 494 2067 532; x_wconf 75' lang='lat' dir='ltr'>praedictorum</span> <span class='ocrx_word' id='word_1_339' title='bbox 2079 497 2190 526; x_wconf 84' lang='lat' dir='ltr'>ordine</span> 
     </span>
     <span class='ocr_line' id='line_1_44' title="bbox 1190 546 2188 584; baseline 0.004 -10"><span class='ocrx_word' id='word_1_340' title='bbox 1190 554 1254 575; x_wconf 88' lang='lat' dir='ltr'>non</span> <span class='ocrx_word' id='word_1_341' title='bbox 1271 546 1439 576; x_wconf 81' lang='lat' dir='ltr'>existentes</span> <span class='ocrx_word' id='word_1_342' title='bbox 1458 546 1563 584; x_wconf 85' lang='lat' dir='ltr'>colligi</span> <span class='ocrx_word' id='word_1_343' title='bbox 1585 547 1702 577; x_wconf 79' lang='lat' dir='ltr'>faciant</span> <span class='ocrx_word' id='word_1_344' title='bbox 1722 550 1751 576; x_wconf 88' lang='lat' dir='ltr'>et</span> <span class='ocrx_word' id='word_1_345' title='bbox 1767 547 1918 577; x_wconf 89' lang='lat' dir='ltr'>custodiri</span> <span class='ocrx_word' id='word_1_346' title='bbox 1940 560 1952 574; x_wconf 73' lang='grc' dir='ltr'>α</span> <span class='ocrx_word' id='word_1_347' title='bbox 1971 549 2005 577; x_wconf 93' lang='lat' dir='ltr'>in</span> <span class='ocrx_word' id='word_1_348' title='bbox 2021 557 2188 578; x_wconf 85' lang='lat' dir='ltr'>conserva-</span> 
     </span>
     <span class='ocr_line' id='line_1_45' title="bbox 1190 598 2191 638; baseline 0.004 -10"><span class='ocrx_word' id='word_1_349' title='bbox 1190 598 1310 628; x_wconf 86' lang='lat' dir='ltr'>tionem</span> <span class='ocrx_word' id='word_1_350' title='bbox 1328 600 1470 638; x_wconf 91' lang='lat' dir='ltr'>ejusdem</span> <span class='ocrx_word' id='word_1_351' title='bbox 1489 600 1619 630; x_wconf 88' lang='lat' dir='ltr'>ecclesie</span> <span class='ocrx_word' id='word_1_352' title='bbox 1644 600 1752 630; x_wconf 87' lang='lat' dir='ltr'>Sancti</span> <span class='ocrx_word' id='word_1_353' title='bbox 1775 601 1935 630; x_wconf 86' lang='lat' dir='ltr'>Francisci</span> <span class='ocrx_word' id='word_1_354' title='bbox 1956 610 1991 631; x_wconf 89' lang='lat' dir='ltr'>ac</span> <span class='ocrx_word' id='word_1_355' title='bbox 2008 602 2191 632; x_wconf 81' lang='lat' dir='ltr'>subventio·</span> 
     </span>
     <span class='ocr_line' id='line_1_46' title="bbox 1190 653 2146 693; baseline 0.004 -13"><span class='ocrx_word' id='word_1_356' title='bbox 1190 660 1264 681; x_wconf 88' lang='lat' dir='ltr'>nem</span> <span class='ocrx_word' id='word_1_357' title='bbox 1285 653 1417 682; x_wconf 84' lang='lat' dir='ltr'>fratrum</span> <span class='ocrx_word' id='word_1_358' title='bbox 1437 654 1476 683; x_wconf 89' lang='lat' dir='ltr'>ad</span> <span class='ocrx_word' id='word_1_359' title='bbox 1493 653 1640 684; x_wconf 84' lang='lat' dir='ltr'>ecclesias</span> <span class='ocrx_word' id='word_1_360' title='bbox 1656 654 1886 684; x_wconf 88' lang='lat' dir='ltr'>confluentium</span> <span class='ocrx_word' id='word_1_361' title='bbox 1904 655 2110 693; x_wconf 83' lang='lat' dir='ltr'>supradictas.</span> <span class='ocrx_word' id='word_1_362' title='bbox 2134 668 2146 681; x_wconf 80' lang='lat'><strong>»</strong></span> 
     </span>
    </p>

    <p class='ocr_par' dir='ltr' id='par_1_18' title="bbox 1232 706 2024 746">
     <span class='ocr_line' id='line_1_47' title="bbox 1232 706 2024 746; baseline 0.003 -11"><span class='ocrx_word' id='word_1_363' title='bbox 1232 716 1245 731; x_wconf 84' lang='lat'><em>«</em></span> <span class='ocrx_word' id='word_1_364' title='bbox 1266 706 1466 736; x_wconf 84' lang='lat' dir='ltr'>Reducentes</span> <span class='ocrx_word' id='word_1_365' title='bbox 1482 707 1520 736; x_wconf 86' lang='lat' dir='ltr'>ad</span> <span class='ocrx_word' id='word_1_366' title='bbox 1537 707 1683 737; x_wconf 88' lang='lat' dir='ltr'>sedule...</span> <span class='ocrx_word' id='word_1_367' title='bbox 1700 724 1738 729; x_wconf 90' lang='lat'>——</span> <span class='ocrx_word' id='word_1_368' title='bbox 1754 708 1816 737; x_wconf 91' lang='lat' dir='ltr'>Dat</span> <span class='ocrx_word' id='word_1_369' title='bbox 1832 713 1866 738; x_wconf 88' lang='lat' dir='ltr'>ut</span> <span class='ocrx_word' id='word_1_370' title='bbox 1884 717 1989 746; x_wconf 88' lang='lat' dir='ltr'>supra.</span> <span class='ocrx_word' id='word_1_371' title='bbox 2012 720 2024 734; x_wconf 90' lang='lat'>»</span> 
     </span>
    </p>
   </div>
   <div class='ocr_carea' id='block_1_15' title="bbox 1261 864 2119 897">
    <p class='ocr_par' dir='ltr' id='par_1_19' title="bbox 1261 864 2119 897">
     <span class='ocr_line' id='line_1_48' title="bbox 1261 864 2119 897; baseline 0.001 -6"><span class='ocrx_word' id='word_1_372' title='bbox 1261 864 1317 892; x_wconf 71' lang='lat'>&#39;⁷4</span> <span class='ocrx_word' id='word_1_373' title='bbox 1506 882 1508 884; x_wconf 98' lang='lat'>-</span> <span class='ocrx_word' id='word_1_374' title='bbox 1815 866 1904 897; x_wconf 66' lang='lat' dir='ltr'>Rieu,</span> <span class='ocrx_word' id='word_1_375' title='bbox 1924 867 1954 893; x_wconf 88' lang='grc'>14</span> <span class='ocrx_word' id='word_1_376' title='bbox 1971 868 2025 893; x_wconf 87' lang='lat' dir='ltr'>mai</span> <span class='ocrx_word' id='word_1_377' title='bbox 2044 867 2119 893; x_wconf 67' lang='lat'>1288.</span> 
     </span>
    </p>
   </div>
   <div class='ocr_carea' id='block_1_16' title="bbox 1188 926 2192 1057">
    <p class='ocr_par' dir='ltr' id='par_1_20' title="bbox 1188 926 2192 1057">
     <span class='ocr_line' id='line_1_49' title="bbox 1223 926 2192 956; baseline 0.003 -4"><span class='ocrx_word' id='word_1_378' title='bbox 1223 926 1266 952; x_wconf 88' lang='lat' dir='ltr'>De</span> <span class='ocrx_word' id='word_1_379' title='bbox 1278 927 1468 953; x_wconf 85' lang='lat' dir='ltr'>oblationibus</span> <span class='ocrx_word' id='word_1_380' title='bbox 1480 927 1507 953; x_wconf 92' lang='lat' dir='ltr'>in</span> <span class='ocrx_word' id='word_1_381' title='bbox 1519 927 1650 953; x_wconf 84' lang='lat' dir='ltr'>ecclesiis</span> <span class='ocrx_word' id='word_1_382' title='bbox 1662 926 1691 953; x_wconf 88' lang='lat' dir='ltr'>S.</span> <span class='ocrx_word' id='word_1_383' title='bbox 1704 927 1851 954; x_wconf 88' lang='lat' dir='ltr'>Francisci</span> <span class='ocrx_word' id='word_1_384' title='bbox 1861 928 1894 954; x_wconf 91' lang='lat' dir='ltr'>de</span> <span class='ocrx_word' id='word_1_385' title='bbox 1906 928 2020 954; x_wconf 85' lang='lat' dir='ltr'>Assisio</span> <span class='ocrx_word' id='word_1_386' title='bbox 2032 932 2060 954; x_wconf 90' lang='lat' dir='ltr'>et</span> <span class='ocrx_word' id='word_1_387' title='bbox 2071 928 2192 956; x_wconf 82' lang='lat' dir='ltr'>Sanctae</span> 
     </span>
     <span class='ocr_line' id='line_1_50' title="bbox 1188 974 2191 1009; baseline 0.004 -9"><span class='ocrx_word' id='word_1_388' title='bbox 1188 974 1293 1000; x_wconf 86' lang='lat' dir='ltr'>Mariae</span> <span class='ocrx_word' id='word_1_389' title='bbox 1321 975 1355 1001; x_wconf 90' lang='lat' dir='ltr'>de</span> <span class='ocrx_word' id='word_1_390' title='bbox 1383 974 1567 1001; x_wconf 89' lang='lat' dir='ltr'>Portiuncula</span> <span class='ocrx_word' id='word_1_391' title='bbox 1583 975 1675 1002; x_wconf 77' lang='lat' dir='ltr'>factis.</span> <span class='ocrx_word' id='word_1_392' title='bbox 1707 976 1793 1008; x_wconf 69' lang='lat' dir='ltr'>(Rea.</span> <span class='ocrx_word' id='word_1_393' title='bbox 1827 976 1877 1007; x_wconf 86' lang='lat'>44,</span> <span class='ocrx_word' id='word_1_394' title='bbox 1907 984 1932 1003; x_wconf 88' lang='lat' dir='ltr'>c.</span> <span class='ocrx_word' id='word_1_395' title='bbox 1959 977 2008 1007; x_wconf 81' lang='grc'>41,</span> <span class='ocrx_word' id='word_1_396' title='bbox 2036 977 2054 1003; x_wconf 80' lang='lat' dir='ltr'>f.</span> <span class='ocrx_word' id='word_1_397' title='bbox 2088 978 2119 1004; x_wconf 89' lang='lat'>10</span> <span class='ocrx_word' id='word_1_398' title='bbox 2149 984 2191 1009; x_wconf 86' lang='lat' dir='ltr'>r⁰;</span> 
     </span>
     <span class='ocr_line' id='line_1_51' title="bbox 1188 1022 1434 1057; baseline 0.008 -9"><span class='ocrx_word' id='word_1_399' title='bbox 1188 1022 1304 1055; x_wconf 56' lang='lat' dir='ltr'>Porta,</span> <span class='ocrx_word' id='word_1_400' title='bbox 1325 1023 1434 1057; x_wconf 71' lang='lat'>22712.)</span> 
     </span>
    </p>
   </div>
   <div class='ocr_carea' id='block_1_17' title="bbox 1185 1125 2194 1751">
    <p class='ocr_par' dir='ltr' id='par_1_21' title="bbox 1185 1125 2194 1696">
     <span class='ocr_line' id='line_1_52' title="bbox 1228 1125 2190 1164; baseline 0.004 -10"><span class='ocrx_word' id='word_1_401' title='bbox 1228 1126 1349 1155; x_wconf 84' lang='lat' dir='ltr'>Dilectis</span> <span class='ocrx_word' id='word_1_402' title='bbox 1376 1125 1475 1162; x_wconf 81' lang='lat' dir='ltr'>filiis..</span> <span class='ocrx_word' id='word_1_403' title='bbox 1499 1127 1635 1164; x_wconf 73' lang='lat' dir='ltr'>yenerali</span> <span class='ocrx_word' id='word_1_404' title='bbox 1661 1127 1778 1156; x_wconf 81' lang='lat' dir='ltr'>ordinis</span> <span class='ocrx_word' id='word_1_405' title='bbox 1801 1129 1937 1163; x_wconf 74' lang='lat' dir='ltr'>fratrum</span> <span class='ocrx_word' id='word_1_406' title='bbox 1958 1129 2116 1157; x_wconf 78' lang='lat' dir='ltr'>minorum</span> <span class='ocrx_word' id='word_1_407' title='bbox 2141 1134 2190 1158; x_wconf 85' lang='lat' dir='ltr'>et..</span> 
     </span>
     <span class='ocr_line' id='line_1_53' title="bbox 1185 1179 2194 1216; baseline 0.003 -9"><span class='ocrx_word' id='word_1_408' title='bbox 1185 1180 1341 1216; x_wconf 76' lang='lat' dir='ltr'>provincie</span> <span class='ocrx_word' id='word_1_409' title='bbox 1380 1179 1484 1209; x_wconf 77' lang='lat' dir='ltr'>Sancti</span> <span class='ocrx_word' id='word_1_410' title='bbox 1518 1180 1672 1209; x_wconf 86' lang='lat' dir='ltr'>Francisci</span> <span class='ocrx_word' id='word_1_411' title='bbox 1706 1181 1861 1209; x_wconf 80' lang='lat' dir='ltr'>ministris</span> <span class='ocrx_word' id='word_1_412' title='bbox 1889 1181 2058 1210; x_wconf 86' lang='lat' dir='ltr'>committit</span> <span class='ocrx_word' id='word_1_413' title='bbox 2092 1185 2127 1210; x_wconf 87' lang='lat' dir='ltr'>ut</span> <span class='ocrx_word' id='word_1_414' title='bbox 2155 1181 2194 1211; x_wconf 88' lang='lat' dir='ltr'>de</span> 
     </span>
     <span class='ocr_line' id='line_1_54' title="bbox 1188 1230 2194 1272; baseline 0.003 -12"><span class='ocrx_word' id='word_1_415' title='bbox 1188 1230 1412 1268; x_wconf 83' lang='lat' dir='ltr'>oblationibus,</span> <span class='ocrx_word' id='word_1_416' title='bbox 1433 1241 1487 1261; x_wconf 89' lang='lat' dir='ltr'>seu</span> <span class='ocrx_word' id='word_1_417' title='bbox 1507 1231 1720 1271; x_wconf 78' lang='lat' dir='ltr'>eleemosynis</span> <span class='ocrx_word' id='word_1_418' title='bbox 1744 1233 1932 1271; x_wconf 88' lang='lat' dir='ltr'>supradictis</span> <span class='ocrx_word' id='word_1_419' title='bbox 1957 1233 1999 1271; x_wconf 84' lang='lat' dir='ltr'>(l)</span> <span class='ocrx_word' id='word_1_420' title='bbox 2020 1234 2141 1272; x_wconf 83' lang='lat' dir='ltr'>possint</span> <span class='ocrx_word' id='word_1_421' title='bbox 2156 1234 2194 1264; x_wconf 90' lang='lat' dir='ltr'>de</span> 
     </span>
     <span class='ocr_line' id='line_1_55' title="bbox 1188 1284 2194 1324; baseline 0.002 -10"><span class='ocrx_word' id='word_1_422' title='bbox 1188 1284 1399 1315; x_wconf 88' lang='lat' dir='ltr'>discretorum</span> <span class='ocrx_word' id='word_1_423' title='bbox 1416 1285 1550 1315; x_wconf 84' lang='lat' dir='ltr'>fratrum</span> <span class='ocrx_word' id='word_1_424' title='bbox 1573 1286 1716 1324; x_wconf 87' lang='lat' dir='ltr'>ejusdem</span> <span class='ocrx_word' id='word_1_425' title='bbox 1741 1286 1891 1316; x_wconf 90' lang='lat' dir='ltr'>ecclesiae</span> <span class='ocrx_word' id='word_1_426' title='bbox 1908 1286 2015 1316; x_wconf 85' lang='lat' dir='ltr'>Sancti</span> <span class='ocrx_word' id='word_1_427' title='bbox 2034 1287 2194 1317; x_wconf 89' lang='lat' dir='ltr'>Francisci</span> 
     </span>
     <span class='ocr_line' id='line_1_56' title="bbox 1189 1338 2192 1379; baseline 0.002 -11"><span class='ocrx_word' id='word_1_428' title='bbox 1189 1338 1323 1368; x_wconf 86' lang='lat' dir='ltr'>consilio</span> <span class='ocrx_word' id='word_1_429' title='bbox 1341 1339 1443 1369; x_wconf 83' lang='lat' dir='ltr'>facere</span> <span class='ocrx_word' id='word_1_430' title='bbox 1455 1340 1646 1373; x_wconf 80' lang='lat' dir='ltr'>conservari,</span> <span class='ocrx_word' id='word_1_431' title='bbox 1662 1341 1813 1378; x_wconf 82' lang='lat' dir='ltr'>reparari,</span> <span class='ocrx_word' id='word_1_432' title='bbox 1826 1340 2000 1376; x_wconf 87' lang='lat' dir='ltr'>aedificari,</span> <span class='ocrx_word' id='word_1_433' title='bbox 2017 1341 2192 1379; x_wconf 77' lang='lat' dir='ltr'>emendari,</span> 
     </span>
     <span class='ocr_line' id='line_1_57' title="bbox 1189 1392 2194 1431; baseline 0.003 -10"><span class='ocrx_word' id='word_1_434' title='bbox 1189 1392 1338 1431; x_wconf 85' lang='lat' dir='ltr'>ampliari</span> <span class='ocrx_word' id='word_1_435' title='bbox 1356 1415 1364 1429; x_wconf 91' lang='lat'><strong><em>,</em></strong></span> <span class='ocrx_word' id='word_1_436' title='bbox 1396 1392 1496 1430; x_wconf 86' lang='lat' dir='ltr'>aptari</span> <span class='ocrx_word' id='word_1_437' title='bbox 1523 1395 1552 1421; x_wconf 85' lang='lat' dir='ltr'>et</span> <span class='ocrx_word' id='word_1_438' title='bbox 1582 1393 1689 1422; x_wconf 85' lang='lat' dir='ltr'>ornari</span> <span class='ocrx_word' id='word_1_439' title='bbox 1725 1392 1871 1422; x_wconf 86' lang='lat' dir='ltr'>ecclesias</span> <span class='ocrx_word' id='word_1_440' title='bbox 1901 1393 1932 1423; x_wconf 97' lang='lat' dir='ltr'>S.</span> <span class='ocrx_word' id='word_1_441' title='bbox 1967 1394 2128 1424; x_wconf 84' lang='lat' dir='ltr'>Francisci</span> <span class='ocrx_word' id='word_1_442' title='bbox 2155 1395 2194 1424; x_wconf 89' lang='lat' dir='ltr'>de</span> 
     </span>
     <span class='ocr_line' id='line_1_58' title="bbox 1189 1445 2194 1486; baseline 0.003 -12"><span class='ocrx_word' id='word_1_443' title='bbox 1189 1446 1313 1475; x_wconf 86' lang='lat' dir='ltr'>Assisio</span> <span class='ocrx_word' id='word_1_444' title='bbox 1327 1450 1357 1475; x_wconf 87' lang='lat' dir='ltr'>et</span> <span class='ocrx_word' id='word_1_445' title='bbox 1367 1446 1500 1475; x_wconf 86' lang='lat' dir='ltr'>Sanctae</span> <span class='ocrx_word' id='word_1_446' title='bbox 1512 1446 1632 1475; x_wconf 84' lang='lat' dir='ltr'>Mariae</span> <span class='ocrx_word' id='word_1_447' title='bbox 1645 1445 1684 1476; x_wconf 91' lang='lat' dir='ltr'>de</span> <span class='ocrx_word' id='word_1_448' title='bbox 1693 1446 1911 1476; x_wconf 82' lang='lat' dir='ltr'>portiuncula.</span> <span class='ocrx_word' id='word_1_449' title='bbox 1920 1447 1966 1476; x_wconf 91' lang='lat' dir='ltr'>Ac</span> <span class='ocrx_word' id='word_1_450' title='bbox 1978 1448 2005 1476; x_wconf 87' lang='lat' dir='ltr'>si</span> <span class='ocrx_word' id='word_1_451' title='bbox 2014 1447 2143 1486; x_wconf 87' lang='lat' dir='ltr'>aliquod</span> <span class='ocrx_word' id='word_1_452' title='bbox 2156 1448 2194 1477; x_wconf 91' lang='lat' dir='ltr'>de</span> 
     </span>
     <span class='ocr_line' id='line_1_59' title="bbox 1189 1497 2192 1537; baseline 0.004 -11"><span class='ocrx_word' id='word_1_453' title='bbox 1189 1497 1401 1527; x_wconf 86' lang='lat' dir='ltr'>oblationibus</span> <span class='ocrx_word' id='word_1_454' title='bbox 1417 1502 1448 1527; x_wconf 87' lang='lat' dir='ltr'>et</span> <span class='ocrx_word' id='word_1_455' title='bbox 1472 1497 1687 1537; x_wconf 81' lang='lat' dir='ltr'>eleemosynis</span> <span class='ocrx_word' id='word_1_456' title='bbox 1703 1498 1883 1537; x_wconf 88' lang='lat' dir='ltr'>praelibatis</span> <span class='ocrx_word' id='word_1_457' title='bbox 1904 1499 2067 1529; x_wconf 88' lang='lat' dir='ltr'>residuum</span> <span class='ocrx_word' id='word_1_458' title='bbox 2086 1500 2192 1533; x_wconf 74' lang='lat' dir='ltr'>fuerit.</span> 
     </span>
     <span class='ocr_line' id='line_1_60' title="bbox 1188 1551 2194 1583; baseline 0.003 -3"><span class='ocrx_word' id='word_1_459' title='bbox 1188 1551 1248 1581; x_wconf 89' lang='lat' dir='ltr'>hoc</span> <span class='ocrx_word' id='word_1_460' title='bbox 1265 1552 1299 1581; x_wconf 92' lang='lat' dir='ltr'>in</span> <span class='ocrx_word' id='word_1_461' title='bbox 1317 1551 1519 1581; x_wconf 83' lang='lat' dir='ltr'>necessitates</span> <span class='ocrx_word' id='word_1_462' title='bbox 1536 1552 1670 1581; x_wconf 81' lang='lat' dir='ltr'>fratrum</span> <span class='ocrx_word' id='word_1_463' title='bbox 1687 1552 1726 1581; x_wconf 87' lang='lat' dir='ltr'>ad</span> <span class='ocrx_word' id='word_1_464' title='bbox 1745 1552 1894 1581; x_wconf 86' lang='lat' dir='ltr'>ecclesias</span> <span class='ocrx_word' id='word_1_465' title='bbox 1911 1557 1941 1582; x_wconf 91' lang='lat' dir='ltr'>et</span> <span class='ocrx_word' id='word_1_466' title='bbox 1956 1552 2023 1582; x_wconf 89' lang='lat' dir='ltr'>loca</span> <span class='ocrx_word' id='word_1_467' title='bbox 2033 1553 2194 1583; x_wconf 86' lang='lat' dir='ltr'>confluen—</span> 
     </span>
     <span class='ocr_line' id='line_1_61' title="bbox 1191 1605 2193 1644; baseline 0.002 -10"><span class='ocrx_word' id='word_1_468' title='bbox 1191 1606 1272 1635; x_wconf 86' lang='lat' dir='ltr'>tium</span> <span class='ocrx_word' id='word_1_469' title='bbox 1289 1605 1482 1644; x_wconf 87' lang='lat' dir='ltr'>praelibata,</span> <span class='ocrx_word' id='word_1_470' title='bbox 1500 1609 1530 1635; x_wconf 90' lang='lat' dir='ltr'>et</span> <span class='ocrx_word' id='word_1_471' title='bbox 1548 1614 1657 1635; x_wconf 88' lang='lat' dir='ltr'>eorum</span> <span class='ocrx_word' id='word_1_472' title='bbox 1673 1606 1768 1635; x_wconf 88' lang='lat' dir='ltr'>etiam</span> <span class='ocrx_word' id='word_1_473' title='bbox 1785 1606 1841 1644; x_wconf 86' lang='lat' dir='ltr'>qui</span> <span class='ocrx_word' id='word_1_474' title='bbox 1857 1610 2094 1636; x_wconf 87' lang='lat' dir='ltr'>commorantur</span> <span class='ocrx_word' id='word_1_475' title='bbox 2113 1607 2193 1636; x_wconf 88' lang='lat' dir='ltr'>inibi</span> 
     </span>
     <span class='ocr_line' id='line_1_62' title="bbox 1189 1659 1765 1696; baseline 0 -8"><span class='ocrx_word' id='word_1_476' title='bbox 1189 1667 1263 1688; x_wconf 89' lang='lat' dir='ltr'>cum</span> <span class='ocrx_word' id='word_1_477' title='bbox 1280 1659 1463 1696; x_wconf 87' lang='lat' dir='ltr'>integritate</span> <span class='ocrx_word' id='word_1_478' title='bbox 1479 1659 1620 1688; x_wconf 88' lang='lat' dir='ltr'>converti</span> <span class='ocrx_word' id='word_1_479' title='bbox 1637 1659 1765 1689; x_wconf 84' lang='lat' dir='ltr'>faciant.</span> 
     </span>
    </p>

    <p class='ocr_par' dir='ltr' id='par_1_22' title="bbox 1231 1711 2026 1751">
     <span class='ocr_line' id='line_1_63' title="bbox 1231 1711 2026 1751; baseline 0 -12"><span class='ocrx_word' id='word_1_480' title='bbox 1231 1724 1243 1739; x_wconf 90' lang='lat'>«</span> <span class='ocrx_word' id='word_1_481' title='bbox 1264 1711 1464 1742; x_wconf 86' lang='lat' dir='ltr'>Reducentes</span> <span class='ocrx_word' id='word_1_482' title='bbox 1477 1711 1516 1741; x_wconf 90' lang='lat' dir='ltr'>ad</span> <span class='ocrx_word' id='word_1_483' title='bbox 1534 1711 1680 1741; x_wconf 87' lang='lat' dir='ltr'>sedule...</span> <span class='ocrx_word' id='word_1_484' title='bbox 1696 1729 1735 1733; x_wconf 97' lang='lat'><strong>—</strong></span> <span class='ocrx_word' id='word_1_485' title='bbox 1750 1712 1819 1741; x_wconf 86' lang='lat' dir='ltr'>Dat.</span> <span class='ocrx_word' id='word_1_486' title='bbox 1841 1716 1873 1741; x_wconf 89' lang='lat' dir='ltr'>ut</span> <span class='ocrx_word' id='word_1_487' title='bbox 1890 1721 1994 1751; x_wconf 87' lang='lat' dir='ltr'>supra.</span> <span class='ocrx_word' id='word_1_488' title='bbox 2014 1725 2026 1739; x_wconf 64' lang='lat' dir='ltr'>r,</span> 
     </span>
    </p>
   </div>
   <div class='ocr_carea' id='block_1_18' title="bbox 1261 1870 2122 1903">
    <p class='ocr_par' dir='ltr' id='par_1_23' title="bbox 1261 1870 2122 1903">
     <span class='ocr_line' id='line_1_64' title="bbox 1261 1870 2122 1903; baseline -0.001 -5"><span class='ocrx_word' id='word_1_489' title='bbox 1261 1870 1320 1902; x_wconf 60' lang='grc' dir='ltr'>’τε</span> <span class='ocrx_word' id='word_1_490' title='bbox 1814 1870 1907 1903; x_wconf 76' lang='lat' dir='ltr'>Rieu,</span> <span class='ocrx_word' id='word_1_491' title='bbox 1927 1871 1957 1897; x_wconf 87' lang='lat'>18</span> <span class='ocrx_word' id='word_1_492' title='bbox 1973 1871 2028 1897; x_wconf 77' lang='lat' dir='ltr'>mai</span> <span class='ocrx_word' id='word_1_493' title='bbox 2047 1871 2122 1898; x_wconf 70' lang='lat'>1288.</span> 
     </span>
    </p>
   </div>
   <div class='ocr_carea' id='block_1_19' title="bbox 1191 1932 2194 2063">
    <p class='ocr_par' dir='ltr' id='par_1_24' title="bbox 1191 1932 2194 2063">
     <span class='ocr_line' id='line_1_65' title="bbox 1224 1932 2194 1963; baseline 0 -4"><span class='ocrx_word' id='word_1_494' title='bbox 1224 1933 1422 1959; x_wconf 84' lang='lat' dir='ltr'>Januensibus</span> <span class='ocrx_word' id='word_1_495' title='bbox 1443 1933 1585 1959; x_wconf 88' lang='lat' dir='ltr'>licentiam</span> <span class='ocrx_word' id='word_1_496' title='bbox 1606 1933 1737 1959; x_wconf 86' lang='lat' dir='ltr'>concedit</span> <span class='ocrx_word' id='word_1_497' title='bbox 1752 1932 1982 1960; x_wconf 88' lang='lat' dir='ltr'>communicandi</span> <span class='ocrx_word' id='word_1_498' title='bbox 1995 1954 2001 1963; x_wconf 74' lang='grc'>,</span> <span class='ocrx_word' id='word_1_499' title='bbox 2029 1933 2194 1959; x_wconf 81' lang='lat' dir='ltr'>victualium</span> 
     </span>
     <span class='ocr_line' id='line_1_66' title="bbox 1191 1981 2192 2014; baseline -0.002 -6"><span class='ocrx_word' id='word_1_500' title='bbox 1191 1981 1415 2008; x_wconf 86' lang='lat' dir='ltr'>obtinendorum</span> <span class='ocrx_word' id='word_1_501' title='bbox 1431 1989 1534 2011; x_wconf 83' lang='lat' dir='ltr'>causa,</span> <span class='ocrx_word' id='word_1_502' title='bbox 1559 1989 1625 2007; x_wconf 91' lang='lat' dir='ltr'>cum</span> <span class='ocrx_word' id='word_1_503' title='bbox 1641 1981 1757 2008; x_wconf 86' lang='lat' dir='ltr'>Siculis.</span> <span class='ocrx_word' id='word_1_504' title='bbox 1780 1981 1866 2014; x_wconf 72' lang='lat' dir='ltr'>(Res.</span> <span class='ocrx_word' id='word_1_505' title='bbox 1889 1982 1932 2012; x_wconf 81' lang='lat'>44,</span> <span class='ocrx_word' id='word_1_506' title='bbox 1954 1989 1979 2007; x_wconf 64' lang='lat' dir='ltr'>c.</span> <span class='ocrx_word' id='word_1_507' title='bbox 2002 1981 2044 2014; x_wconf 67' lang='lat'>42,</span> <span class='ocrx_word' id='word_1_508' title='bbox 2070 1982 2088 2007; x_wconf 85' lang='lat' dir='ltr'>f.</span> <span class='ocrx_word' id='word_1_509' title='bbox 2104 1981 2135 2007; x_wconf 89' lang='lat'>10</span> <span class='ocrx_word' id='word_1_510' title='bbox 2150 1987 2192 2013; x_wconf 84' lang='lat' dir='ltr'>v⁰;</span> 
     </span>
     <span class='ocr_line' id='line_1_67' title="bbox 1191 2030 1435 2063; baseline 0.004 -7"><span class='ocrx_word' id='word_1_511' title='bbox 1191 2030 1308 2061; x_wconf 58' lang='lat' dir='ltr'>Pom-rm,</span> <span class='ocrx_word' id='word_1_512' title='bbox 1325 2031 1435 2063; x_wconf 72' lang='lat'>22715.)</span> 
     </span>
    </p>
   </div>
   <div class='ocr_carea' id='block_1_20' title="bbox 1190 2132 2196 2705">
    <p class='ocr_par' dir='ltr' id='par_1_25' title="bbox 1190 2132 2196 2590">
     <span class='ocr_line' id='line_1_68' title="bbox 1230 2132 2196 2171; baseline -0.001 -9"><span class='ocrx_word' id='word_1_513' title='bbox 1230 2134 1352 2163; x_wconf 81' lang='lat' dir='ltr'>Dilectis</span> <span class='ocrx_word' id='word_1_514' title='bbox 1373 2132 1472 2170; x_wconf 85' lang='lat' dir='ltr'>filiis..</span> <span class='ocrx_word' id='word_1_515' title='bbox 1493 2135 1657 2171; x_wconf 81' lang='lat' dir='ltr'>potestati..</span> <span class='ocrx_word' id='word_1_516' title='bbox 1674 2134 1855 2170; x_wconf 74' lang='lat' dir='ltr'>capitaneis,</span> <span class='ocrx_word' id='word_1_517' title='bbox 1876 2133 2061 2162; x_wconf 83' lang='lat' dir='ltr'>consiliariis</span> <span class='ocrx_word' id='word_1_518' title='bbox 2075 2138 2102 2162; x_wconf 89' lang='lat' dir='ltr'>et</span> <span class='ocrx_word' id='word_1_519' title='bbox 2119 2141 2196 2161; x_wconf 86' lang='lat' dir='ltr'>com-</span> 
     </span>
     <span class='ocr_line' id='line_1_69' title="bbox 1191 2185 2196 2224; baseline -0.001 -8"><span class='ocrx_word' id='word_1_520' title='bbox 1191 2188 1281 2216; x_wconf 84' lang='lat' dir='ltr'>muni</span> <span class='ocrx_word' id='word_1_521' title='bbox 1305 2187 1508 2216; x_wconf 81' lang='lat' dir='ltr'>Januensibus</span> <span class='ocrx_word' id='word_1_522' title='bbox 1529 2186 1692 2224; x_wconf 77' lang='lat' dir='ltr'>indulget,</span> <span class='ocrx_word' id='word_1_523' title='bbox 1715 2195 1815 2224; x_wconf 88' lang='lat' dir='ltr'>usque</span> <span class='ocrx_word' id='word_1_524' title='bbox 1839 2185 1879 2215; x_wconf 88' lang='lat' dir='ltr'>ad</span> <span class='ocrx_word' id='word_1_525' title='bbox 1902 2186 1987 2216; x_wconf 87' lang='lat' dir='ltr'>sedis</span> <span class='ocrx_word' id='word_1_526' title='bbox 2008 2185 2196 2224; x_wconf 86' lang='lat' dir='ltr'>apostolicae</span> 
     </span>
     <span class='ocr_line' id='line_1_70' title="bbox 1190 2239 2196 2278; baseline -0.001 -9"><span class='ocrx_word' id='word_1_527' title='bbox 1190 2239 1444 2278; x_wconf 85' lang='lat' dir='ltr'>beneplacitum,</span> <span class='ocrx_word' id='word_1_528' title='bbox 1468 2248 1509 2268; x_wconf 86' lang='lat' dir='ltr'>ne</span> <span class='ocrx_word' id='word_1_529' title='bbox 1529 2240 1803 2269; x_wconf 86' lang='lat' dir='ltr'>communicantes</span> <span class='ocrx_word' id='word_1_530' title='bbox 1823 2247 1897 2269; x_wconf 89' lang='lat' dir='ltr'>curn</span> <span class='ocrx_word' id='word_1_531' title='bbox 1921 2239 2055 2274; x_wconf 87' lang='lat' dir='ltr'>Siculis,</span> <span class='ocrx_word' id='word_1_532' title='bbox 2074 2240 2196 2269; x_wconf 73' lang='lat' dir='ltr'>victua-</span> 
     </span>
     <span class='ocr_line' id='line_1_71' title="bbox 1190 2292 2196 2331; baseline -0.001 -9"><span class='ocrx_word' id='word_1_533' title='bbox 1190 2292 1272 2322; x_wconf 89' lang='lat' dir='ltr'>lium</span> <span class='ocrx_word' id='word_1_534' title='bbox 1294 2293 1333 2322; x_wconf 86' lang='lat' dir='ltr'>ab</span> <span class='ocrx_word' id='word_1_535' title='bbox 1351 2293 1429 2331; x_wconf 86' lang='lat' dir='ltr'>ipsis</span> <span class='ocrx_word' id='word_1_536' title='bbox 1450 2292 1697 2322; x_wconf 87' lang='lat' dir='ltr'>obtinendorum</span> <span class='ocrx_word' id='word_1_537' title='bbox 1719 2301 1832 2329; x_wconf 81' lang='lat' dir='ltr'>causa,</span> <span class='ocrx_word' id='word_1_538' title='bbox 1857 2292 2196 2322; x_wconf 85' lang='lat' dir='ltr'>excommunicationis</span> 
     </span>
     <span class='ocr_line' id='line_1_72' title="bbox 1191 2345 2196 2384; baseline -0.001 -8"><span class='ocrx_word' id='word_1_539' title='bbox 1191 2347 1383 2376; x_wconf 87' lang='lat' dir='ltr'>sententiam</span> <span class='ocrx_word' id='word_1_540' title='bbox 1395 2347 1570 2376; x_wconf 85' lang='lat' dir='ltr'>incurrant.</span> <span class='ocrx_word' id='word_1_541' title='bbox 1585 2346 1716 2376; x_wconf 88' lang='lat' dir='ltr'>Proviso</span> <span class='ocrx_word' id='word_1_542' title='bbox 1726 2346 1878 2376; x_wconf 86' lang='lat' dir='ltr'>attentius</span> <span class='ocrx_word' id='word_1_543' title='bbox 1885 2345 1970 2384; x_wconf 89' lang='lat' dir='ltr'>quod</span> <span class='ocrx_word' id='word_1_544' title='bbox 1980 2345 2107 2375; x_wconf 88' lang='lat' dir='ltr'>nullum</span> <span class='ocrx_word' id='word_1_545' title='bbox 2118 2345 2196 2375; x_wconf 84' lang='lat' dir='ltr'>alias</span> 
     </span>
     <span class='ocr_line' id='line_1_73' title="bbox 1191 2398 2196 2437; baseline -0.001 -8"><span class='ocrx_word' id='word_1_546' title='bbox 1191 2399 1385 2436; x_wconf 84' lang='lat' dir='ltr'>consilium,</span> <span class='ocrx_word' id='word_1_547' title='bbox 1411 2399 1566 2429; x_wconf 86' lang='lat' dir='ltr'>auxilium</span> <span class='ocrx_word' id='word_1_548' title='bbox 1591 2408 1647 2428; x_wconf 88' lang='lat' dir='ltr'>seu</span> <span class='ocrx_word' id='word_1_549' title='bbox 1669 2399 1811 2429; x_wconf 81' lang='lat' dir='ltr'>favorem</span> <span class='ocrx_word' id='word_1_550' title='bbox 1831 2399 1910 2437; x_wconf 88' lang='lat' dir='ltr'>ipsis</span> <span class='ocrx_word' id='word_1_551' title='bbox 1931 2398 2048 2429; x_wconf 88' lang='lat' dir='ltr'>Siculis</span> <span class='ocrx_word' id='word_1_552' title='bbox 2070 2403 2125 2428; x_wconf 89' lang='lat' dir='ltr'>aut</span> <span class='ocrx_word' id='word_1_553' title='bbox 2141 2399 2196 2428; x_wconf 89' lang='lat' dir='ltr'>Ja-</span> 
     </span>
     <span class='ocr_line' id='line_1_74' title="bbox 1191 2453 2195 2492; baseline -0.003 -9"><span class='ocrx_word' id='word_1_554' title='bbox 1191 2454 1267 2483; x_wconf 89' lang='lat' dir='ltr'>cobo</span> <span class='ocrx_word' id='word_1_555' title='bbox 1290 2454 1357 2492; x_wconf 87' lang='lat' dir='ltr'>regi</span> <span class='ocrx_word' id='word_1_556' title='bbox 1383 2454 1570 2491; x_wconf 86' lang='lat' dir='ltr'>Aragonum</span> <span class='ocrx_word' id='word_1_557' title='bbox 1592 2453 1642 2483; x_wconf 87' lang='lat' dir='ltr'>vel</span> <span class='ocrx_word' id='word_1_558' title='bbox 1667 2454 1736 2491; x_wconf 85' lang='lat' dir='ltr'>ejus</span> <span class='ocrx_word' id='word_1_559' title='bbox 1761 2453 1985 2491; x_wconf 82' lang='lat' dir='ltr'>complicibus,</span> <span class='ocrx_word' id='word_1_560' title='bbox 2012 2453 2045 2481; x_wconf 93' lang='lat' dir='ltr'>in</span> <span class='ocrx_word' id='word_1_561' title='bbox 2068 2453 2120 2489; x_wconf 78' lang='lat' dir='ltr'>iis,</span> <span class='ocrx_word' id='word_1_562' title='bbox 2141 2460 2195 2490; x_wconf 90' lang='lat' dir='ltr'>pro</span> 
     </span>
     <span class='ocr_line' id='line_1_75' title="bbox 1191 2506 2196 2546; baseline -0.003 -9"><span class='ocrx_word' id='word_1_563' title='bbox 1191 2507 1308 2546; x_wconf 87' lang='lat' dir='ltr'>quibus</span> <span class='ocrx_word' id='word_1_564' title='bbox 1332 2507 1598 2537; x_wconf 81' lang='lat' dir='ltr'>excommunicati</span> <span class='ocrx_word' id='word_1_565' title='bbox 1620 2507 1791 2543; x_wconf 79' lang='lat' dir='ltr'>habentur,</span> <span class='ocrx_word' id='word_1_566' title='bbox 1815 2506 2049 2545; x_wconf 89' lang='lat' dir='ltr'>quomodolibet</span> <span class='ocrx_word' id='word_1_567' title='bbox 2070 2506 2196 2543; x_wconf 87' lang='lat' dir='ltr'>impen-</span> 
     </span>
     <span class='ocr_line' id='line_1_76' title="bbox 1192 2560 1279 2590; baseline 0 -1"><span class='ocrx_word' id='word_1_568' title='bbox 1192 2560 1279 2590; x_wconf 85' lang='lat' dir='ltr'>dant.</span> 
     </span>
    </p>

    <p class='ocr_par' dir='ltr' id='par_1_26' title="bbox 1192 2611 2193 2705">
     <span class='ocr_line' id='line_1_77' title="bbox 1234 2611 2193 2652; baseline -0.002 -11"><span class='ocrx_word' id='word_1_569' title='bbox 1234 2625 1248 2640; x_wconf 78' lang='grc' dir='ltr'>α</span> <span class='ocrx_word' id='word_1_570' title='bbox 1266 2613 1352 2643; x_wconf 91' lang='lat' dir='ltr'>Olim</span> <span class='ocrx_word' id='word_1_571' title='bbox 1369 2623 1422 2652; x_wconf 88' lang='lat' dir='ltr'>per</span> <span class='ocrx_word' id='word_1_572' title='bbox 1438 2613 1578 2643; x_wconf 86' lang='lat' dir='ltr'>sedem...</span> <span class='ocrx_word' id='word_1_573' title='bbox 1592 2629 1632 2634; x_wconf 96' lang='lat'><strong>—</strong></span> <span class='ocrx_word' id='word_1_574' title='bbox 1647 2613 1718 2642; x_wconf 86' lang='lat' dir='ltr'>Dat.</span> <span class='ocrx_word' id='word_1_575' title='bbox 1738 2613 1853 2648; x_wconf 80' lang='lat' dir='ltr'>Reate,</span> <span class='ocrx_word' id='word_1_576' title='bbox 1874 2621 1912 2641; x_wconf 78' lang='lat' dir='ltr'>xv</span> <span class='ocrx_word' id='word_1_577' title='bbox 1930 2611 2082 2641; x_wconf 86' lang='lat' dir='ltr'>kalendas</span> <span class='ocrx_word' id='word_1_578' title='bbox 2095 2611 2193 2649; x_wconf 81' lang='lat' dir='ltr'>junii,</span> 
     </span>
     <span class='ocr_line' id='line_1_78' title="bbox 1192 2667 1440 2705; baseline 0 -9"><span class='ocrx_word' id='word_1_579' title='bbox 1192 2675 1278 2696; x_wconf 85' lang='lat' dir='ltr'>anno</span> <span class='ocrx_word' id='word_1_580' title='bbox 1293 2667 1406 2705; x_wconf 89' lang='lat' dir='ltr'>primo.</span> <span class='ocrx_word' id='word_1_581' title='bbox 1426 2678 1440 2693; x_wconf 67' lang='lat' dir='ltr'>n</span> 
     </span>
    </p>
   </div>
   <div class='ocr_carea' id='block_1_21' title="bbox 1266 2816 2124 2847">
    <p class='ocr_par' dir='ltr' id='par_1_27' title="bbox 1266 2816 2124 2847">
     <span class='ocr_line' id='line_1_79' title="bbox 1266 2816 2124 2847; baseline -0.005 -1"><span class='ocrx_word' id='word_1_582' title='bbox 1266 2818 1322 2846; x_wconf 59' lang='lat' dir='ltr'>*2ss</span> <span class='ocrx_word' id='word_1_583' title='bbox 1815 2816 1904 2847; x_wconf 73' lang='lat' dir='ltr'>Rieu,</span> <span class='ocrx_word' id='word_1_584' title='bbox 1928 2817 1958 2843; x_wconf 84' lang='lat'>18</span> <span class='ocrx_word' id='word_1_585' title='bbox 1976 2818 2031 2843; x_wconf 89' lang='lat' dir='ltr'>mai</span> <span class='ocrx_word' id='word_1_586' title='bbox 2050 2816 2124 2843; x_wconf 64' lang='lat'>1288.</span> 
     </span>
    </p>
   </div>
   <div class='ocr_carea' id='block_1_22' title="bbox 1194 2878 2196 2961">
    <p class='ocr_par' dir='ltr' id='par_1_28' title="bbox 1194 2878 2196 2961">
     <span class='ocr_line' id='line_1_80' title="bbox 1230 2878 2196 2916; baseline -0.004 -8"><span class='ocrx_word' id='word_1_587' title='bbox 1230 2882 1383 2908; x_wconf 90' lang='lat' dir='ltr'>Absolutio</span> <span class='ocrx_word' id='word_1_588' title='bbox 1400 2888 1450 2916; x_wconf 86' lang='lat' dir='ltr'>pro</span> <span class='ocrx_word' id='word_1_589' title='bbox 1465 2879 1662 2906; x_wconf 87' lang='lat' dir='ltr'>Januensibus</span> <span class='ocrx_word' id='word_1_590' title='bbox 1678 2879 1934 2906; x_wconf 84' lang='lat' dir='ltr'>excommunicatis</span> <span class='ocrx_word' id='word_1_591' title='bbox 1950 2878 2033 2912; x_wconf 73' lang='lat' dir='ltr'>(Res.</span> <span class='ocrx_word' id='word_1_592' title='bbox 2051 2879 2093 2907; x_wconf 84' lang='grc'>44.</span> <span class='ocrx_word' id='word_1_593' title='bbox 2109 2886 2134 2905; x_wconf 90' lang='lat' dir='ltr'>c.</span> <span class='ocrx_word' id='word_1_594' title='bbox 2153 2879 2196 2911; x_wconf 82' lang='lat'>43,</span> 
     </span>
     <span class='ocr_line' id='line_1_81' title="bbox 1194 2929 1585 2961; baseline -0.005 -4"><span class='ocrx_word' id='word_1_595' title='bbox 1194 2931 1214 2957; x_wconf 82' lang='lat' dir='ltr'>f.</span> <span class='ocrx_word' id='word_1_596' title='bbox 1232 2931 1264 2957; x_wconf 89' lang='grc'>10</span> <span class='ocrx_word' id='word_1_597' title='bbox 1280 2937 1326 2961; x_wconf 84' lang='lat' dir='ltr'>v⁰;</span> <span class='ocrx_word' id='word_1_598' title='bbox 1345 2929 1460 2959; x_wconf 67' lang='lat' dir='ltr'>Porta.=</span> <span class='ocrx_word' id='word_1_599' title='bbox 1478 2929 1585 2959; x_wconf 70' lang='lat'>22714.)</span> 
     </span>
    </p>
   </div>
   <div class='ocr_carea' id='block_1_23' title="bbox 1226 3044 1616 3076">
    <p class='ocr_par' dir='ltr' id='par_1_29' title="bbox 1226 3044 1616 3076">
     <span class='ocr_line' id='line_1_82' title="bbox 1226 3044 1616 3076; baseline -0.005 -7"><span class='ocrx_word' id='word_1_600' title='bbox 1226 3046 1261 3076; x_wconf 86' lang='lat'>(1)</span> <span class='ocrx_word' id='word_1_601' title='bbox 1273 3044 1311 3069; x_wconf 83' lang='lat' dir='ltr'>Gr.</span> <span class='ocrx_word' id='word_1_602' title='bbox 1326 3045 1350 3069; x_wconf 84' lang='lat' dir='ltr'>la</span> <span class='ocrx_word' id='word_1_603' title='bbox 1363 3045 1438 3068; x_wconf 86' lang='lat' dir='ltr'>lettre</span> <span class='ocrx_word' id='word_1_604' title='bbox 1453 3044 1616 3075; x_wconf 77' lang='lat' dir='ltr'>precedente.</span> 
     </span>
    </p>
   </div>
  </div>
 </body>
</html>
