2342 3652
923 377 1150 415 DEUXIEME
1173 385 1329 414 ANNEE.
1670 395 1676 400 ·
2111 391 2168 421 389

89 450 189 485 deris,
206 449 245 478 ad
261 449 311 485 id,
329 449 538 487 appellatione
557 450 744 487 postposita,
764 450 996 488 compellendo.
1015 450 1084 479 Dat.

63 513 66 515 ’
89 508 240 541 utsupra.
259 514 273 529 n

156 674 270 703 2¹9³?

122 739 252 766 Facultas
268 738 434 765 absolvendi
448 747 463 764 a
478 739 625 765 canonicis
641 738 801 765 sententiis.
820 737 902 771 (Rae.
925 738 957 764 44
968 759 975 771 ,
993 746 1017 765 c.
1035 738 1067 764 27
1082 761 1086 769 ‚

86 789 104 815 f.
118 787 168 815 310
182 789 230 819 r0.)

705 674 791 705 Rieti,
809 675 841 700 ‘22
855 675 920 708 jtiin
938 674 1015 701 1289,

123 889 220 919 Eidem
247 887 428 918 facultatem
453 888 597 918 concedit
618 888 823 927 dispensandi
846 897 918 917 cum
941 887 1087 918 ecclesia-

86 951 156 972 rum
185 941 330 981 praelatis
354 944 384 970 et
409 941 552 980 personis
578 940 797 970 ecclesiasticis
820 950 894 970 suae
917 940 1086 978 legationis

86 1004 178 1034 super
193 994 427 1032 irregularitate
441 1003 535 1032 qnam
554 994 771 1024 contraxerint
786 994 846 1024 hac
860 994 1018 1032 legatione
1031 994 1087 1023 du—

85 1052 173 1078 rante
197 1047 327 1077 ferendo
352 1048 387 1076 in
414 1047 493 1077 alios
521 1047 861 1077 excommunicationis
894 1047 1086 1077 sententiam

85 1101 152 1131 sine
168 1101 292 1139 scriptis
314 1105 361 1137 et,
383 1104 457 1129 tunc
476 1100 760 1136 excommunicati,
778 1108 841 1130 non
863 1099 1051 1130 abstinendo
1069 1109 1086 1129 a

85 1153 199 1183 divinis
214 1153 339 1183 officiis.

124 1218 137 1233 ι
155 1205 236 1236 Cum
253 1212 282 1236 te
298 1206 374 1237 ad...
394 1224 425 1227 -
446 1207 518 1236 Dat.
536 1210 689 1245 utsupra.
712 1219 724 1233 n
766 1218 770 1222 -

151 1379 267 1409 2198

117 1441 247 1469 Facultas
263 1441 448 1477 dispensandi
463 1449 550 1476 super
563 1441 676 1468 defectu
690 1442 834 1468 natalium.
851 1441 933 1474 (Rso.
947 1442 990 1474 44,
1003 1449 1027 1468 c.
1041 1441 1082 1472 28,

47 1490 51 1494 ”
82 1491 101 1518 f.
121 1491 171 1518 310
187 1494 235 1525 ro.)

707 1379 795 1412 Rieu,
808 1379 841 1405 ‘22
854 1379 917 1413 Juin
936 1379 1012 1406 1289.

119 1594 220 1624 Eidem
227 1592 410 1624 facultatem
421 1592 566 1623 concedit
575 1592 784 1631 dispensandi
795 1601 867 1622 cum
875 1592 998 1622 clericis
1009 1601 1085 1623 suae

81 1646 246 1685 legationis
261 1646 420 1676 defectum
434 1645 591 1675 natalium
606 1645 818 1685 patientibus,
837 1655 852 1675 e
872 1645 973 1676 soluto
990 1650 1019 1675 et
1035 1654 1084 1676 so-

81 1699 148 1730 luta
164 1700 293 1738 genitis,
308 1705 342 1730 ut
356 1700 390 1729 in
405 1699 559 1739 susceptis
574 1699 756 1729 ministrare
769 1699 946 1736 ordinibus,
960 1708 1083 1738 promo-

83 1753 149 1782 veri
173 1753 211 1782 ad
235 1753 414 1792 superiores
439 1758 468 1782 et
486 1752 736 1782 ecclesiasticum
756 1752 967 1796 beneficium,
989 1753 1083 1782 etiam

79 1807 104 1836 si
119 1815 228 1836 curam
242 1806 357 1836 habeat
371 1806 571 1842 animarum,
590 1806 734 1836 obtinere
750 1805 891 1843 valeant,
910 1806 1084 1836 dummodo

78 1867 94 1889 e
109 1859 318 1899 presbyteris,
338 1859 557 1898 regularibus,
575 1859 614 1889 de
631 1858 788 1890 adulterio
815 1864 870 1889 aut
894 1859 933 1890 de
959 1860 1082 1890 incestu

54 1933 60 1938 .
79 1913 179 1950 geniti
194 1921 258 1943 non
275 1913 350 1942 sint.

122 1978 133 1992 ι
149 1965 231 1996 Cum
249 1971 277 1996 te
292 1966 369 1996 ad...
386 1982 426 2005 -.·
441 1967 512 1996 Dat.
530 1971 687 2005 utsupra.
708 1979 721 1993 n

147 2139 266 2167 2189
702 2138 788 2170 Rieti,
802 2138 835 2166 22
847 2139 912 2174 J'uin
930 2138 1008 2166 1289.

113 2200 242 2228 Facultas
258 2200 425 2228 absolvendi
445 2201 479 2227 ab
501 2201 808 2228 excommunicationis
825 2202 976 2228 sententia.
998 2201 1079 2231 (Rea.

80 2249 121 2284 44,
137 2257 163 2277 c.
179 2249 224 2283 29,
240 2249 259 2276 f.
278 2249 328 2276 310
344 2251 391 2282 ro.)

118 2352 220 2381 Eidem
236 2350 418 2381 facultatem
434 2351 581 2381 concedit
594 2351 779 2382 absolvendi
794 2352 922 2382 clericos
939 2355 968 2381 et
983 2351 1082 2382 laicos

81 2404 118 2434 ab
133 2405 502 2435 excommunicationum
516 2405 684 2435 sententiis
695 2414 772 2444 quas
791 2405 977 2435 Sarraeenis
993 2414 1083 2434 arma

83 2461 112 2487 et
128 2457 190 2488 alia
206 2458 365 2497 prohibita
382 2458 560 2489 deferentes
575 2459 787 2496 incurrerint,
809 2458 983 2488 dummodo
1001 2467 1083 2497 quae

10 2505 11 2517 ³
43 2528 56 2538 -.
81 2511 122 2541 ita
137 2510 247 2542 lucrati
265 2512 330 2542 sint
344 2512 378 2541 in
394 2511 575 2541 subsidium
590 2512 707 2542 Terrae
723 2512 856 2542 Sanctae
868 2512 1083 2542 convertenda

81 2565 257 2594 restituant.

122 2629 137 2644 «
155 2617 236 2648 Cum
254 2622 282 2648 te
295 2618 372 2648 ad...
390 2635 428 2640 —
444 2619 515 2649 Dat.
537 2622 571 2649 ut
589 2628 692 2657 supra.
716 2631 727 2646 »

151 2783 270 2815 2200
701 2785 789 2818 Rieu,
805 2786 839 2812 ‘22
852 2785 915 2820 juin
934 2785 1011 2812 1289.

118 2845 160 2872 De
184 2847 435 2881 procurationibus
463 2847 555 2882 legato
581 2847 759 2874 exhibendis.
788 2847 871 2881 (Rae.
898 2848 945 2878 44,
974 2855 999 2873 c.
1031 2846 1083 2881 30,

85 2894 103 2920 f.
120 2893 170 2922 310
186 2897 237 2928 νο.)

124 2997 236 3026 Eidem.
266 3009 281 3025 «
306 2997 389 3028 Cum
417 3002 446 3029 te
471 2998 549 3028 ad...
569 2998 773 3028 Fraternitati
798 3001 849 3028 tue
873 2997 1087 3037 compellendi

87 3049 241 3087 quoslibet
255 3050 410 3090 prelatos,
428 3052 659 3091 cujuscumque
679 3051 893 3090 preminentie
908 3051 958 3081 vel
976 3050 1086 3089 digni-

1174 451 1245 479 tatis
1277 451 1457 492 extiterint,
1485 462 1608 483 necnou
1640 454 1799 491 regulares
1830 454 2065 491 Cisterciensis,
2096 457 2171 486 Pre-

1174 506 1430 542 monstratensis,
1455 506 1676 536 Cluniacensis
1699 511 1729 536 et
1750 507 1884 537 aliorum
1909 507 2073 544 ordinum,
2101 518 2169 538 ma-

1173 556 1287 593 gistros
1323 566 1465 596 quoque,
1504 560 1640 598 priores,
1675 564 1885 598 preceptores,
1920 561 2030 590 fratres
2062 561 2169 591 Sancti

1172 609 1331 638 ‚Iohannis
1346 611 1605 647 Jerosolimitnni,
1624 613 1738 642 militie
1754 613 1877 652 Templi
1895 618 1924 642 et
1939 613 2074 643 aliorum
2091 624 2168 653 quo-

1173 671 1384 701 rumcumque
1399 665 1599 704 hospitalium
1618 675 1671 695 seu
1688 666 1867 706 domorum,
1885 671 1914 695 et
1929 666 2005 696 alias
2021 676 2170 706 personas

1174 715 1400 746 ecclesiastivas
1418 719 1647 748 cathedralium
1672 724 1700 748 et
1722 720 1856 749 aliarum
1876 721 2081 750 ecclesiarum
2103 721 2170 750 sive

1172 770 1454 807 monasteriorum,
1479 776 1695 809 exemptorum
1722 777 1750 801 et
1773 782 1835 802 non
1859 777 2092 811 exemptorum,
2118 784 2171 813 per

1171 831 1338 852 censuram
1357 824 1612 861 ecclesiasticam,
1631 825 1668 854 ad
1683 826 1950 855 contribuendum
1970 827 2003 855 in
2024 836 2169 864 procura-

1173 875 1312 904 tionibus
1342 876 1396 906 tibi
1423 877 1573 906 debitis...
1605 878 1731 915 plenam
1763 879 1947 908 auctoritate
1976 881 2170 917 presentium

1171 930 1376 959 concedimus
1392 934 1587 967 potestatem.
1609 931 1678 961 Dat.
1697 935 1731 960 ut
1747 940 1851 969 supra.
1872 944 1883 957 n

1243 1075 1355 1103 2201

1206 1135 1338 1163 Facultas
1355 1137 1519 1163 absolvendi
1535 1146 1550 1163 a
1566 1137 1712 1163 canonicis
1729 1138 1891 1163 sententiis.
1910 1137 1993 1170 (Καὶ.
2012 1138 2042 1163 44
2056 1159 2062 1170 ,
2078 1146 2103 1165 c.
2121 1138 2149 1164 31
2163 1160 2168 1169 ,

1170 1185 1189 1210 s.
1208 1184 1258 1211 310
1275 1186 1325 1217 vo.)
2141 1182 2145 1187 ”

1794 1075 1879 1106 Rieti,
1896 1076 1929 1101 ‘22
1942 1077 2005 1109 juin
2025 1076 2100 1103 1289.

1212 1288 1324 1317 Eidem.
1356 1300 1368 1314 α
1398 1287 1478 1317 Cum
1508 1292 1536 1316 te
1563 1288 1639 1318 ad...
1663 1288 1863 1318 Fraternitati
1889 1292 1939 1318 tue
1966 1288 2171 1326 dispensandi

1170 1350 1225 1379 per
1242 1346 1269 1369 te
1286 1340 1334 1369 vel
1352 1350 1405 1379 per
1421 1340 1521 1370 alium
1536 1346 1589 1370 aut
1603 1341 1682 1371 alios
1694 1350 1766 1370 cum
1780 1342 1923 1379 personis
1938 1342 2169 1378 ecclesiasticis,

1170 1394 1327 1431 religiosis
1349 1399 1378 1423 et
1403 1394 1597 1423 secularibus
1619 1398 1670 1423 tue
1691 1394 1858 1431 legationis
1875 1404 1968 1434 super
1985 1395 2170 1432 irregulari-

1171 1451 1231 1476 tate
1255 1457 1351 1486 quam
1376 1452 1601 1477 contraxerunt
1624 1447 1672 1476 vel
1693 1448 1906 1477 contraxerint
1931 1448 2087 1486 legatione
2112 1449 2171 1477 du-

1170 1505 1259 1530 rante
1276 1501 1414 1539 predicta
1430 1511 1465 1531 ex
1483 1509 1519 1531 eo
1537 1501 1620 1539 quod
1633 1502 1904 1531 excommunicate
1922 1506 2109 1539 receperunt
2122 1511 2171 1531 or-

1169 1554 1260 1584 dines
1282 1559 1312 1583 et
1337 1555 1561 1583 ministrarunt
1578 1555 1610 1583 iu
1632 1555 1723 1593 ipsis,
1741 1559 1795 1584 aut
1813 1555 2167 1591 excommunicationis,

1169 1608 1389 1646 suspensionis
1416 1608 1463 1637 vel
1491 1608 1652 1637 interdicti
1684 1608 1850 1637 sententiis
1880 1608 2031 1637 innodate
2061 1608 2171 1637 divina

1168 1662 1271 1691 officia
1286 1661 1487 1691 celebrarunt
1500 1665 1665 1699 postquam
1677 1661 1716 1690 ab
1729 1661 1914 1699 hujusmodi
1930 1661 2094 1690 sententiis
2111 1661 2171 1691 rite

1169 1714 1289 1744 suerint
1306 1714 1457 1749 absolute,
1478 1715 1624 1753 injuncta
1643 1715 1689 1743 eis
1703 1723 1758 1752 pro
1778 1714 1869 1744 modo
1888 1714 1978 1753 culpe
1996 1714 2171 1752 penitentia

1168 1768 1377 1806 competenti,
1395 1767 1527 1797 liberam
1550 1768 1756 1797 concedimus
1773 1767 1958 1797 auctoritate
1974 1768 2170 1806 presentium

1168 1821 1362 1852 facultatem.
1381 1822 1451 1851 Dat.
1475 1825 1627 1859 utsupra.
1649 1833 1661 1847 a
1787 1809 1791 1813 ⁴

1239 1967 1355 1995 2202

1204 2030 1336 2056 Facultas
1352 2030 1519 2068 absolvendi
1535 2038 1550 2056 a
1565 2030 1712 2056 canonicis
1731 2029 1894 2056 sententiis.
1917 2028 1998 2062 (nm.
2020 2028 2062 2059 44,
2080 2037 2104 2055 c.
2124 2028 2170 2058 32.

1167 2079 1187 2105 f.
1206 2079 1260 2105 310
1277 2086 1316 2104 vo.

1792 1967 1882 2000 Rieu,
1899 1966 1932 1992 ‘22
1945 1967 2008 2000 juin
2025 1966 2100 1993 1289.

1207 2169 1323 2197 Eidem.
1339 2179 1352 2194 κ
1367 2167 1449 2197 Cum
1465 2170 1493 2197 te
1506 2166 1582 2196 ad...
1602 2166 1815 2205 Dispensaudi
1829 2175 1883 2204 per
1900 2171 1928 2195 te
1945 2165 1993 2195 vel
2007 2174 2062 2203 per
2072 2164 2171 2194 alium

1167 2226 1222 2251 aut
1236 2220 1314 2250 alios
1330 2229 1403 2250 cum
1419 2220 1544 2250 clericis
1562 2224 1613 2249 tue
1624 2220 1791 2257 legationis
1802 2219 1856 2258 qui
1870 2219 1909 2249 ab
1924 2218 2170 2257 archiepiscopis

1168 2278 1199 2303 et
1212 2274 1366 2313 episcopis
1381 2273 1507 2303 vinculo
1522 2273 1862 2303 excommunicationis
1875 2272 2011 2301 astrictis
2024 2272 2170 2309 ignoran-

1168 2331 1214 2357 ter
1229 2327 1357 2357 ordines
1372 2331 1571 2366 receperunt,
1586 2327 1723 2364 exceptis
1736 2326 1800 2355 illis
1816 2325 1872 2364 qui
1887 2325 2025 2355 ordinati
2042 2325 2170 2354 suerunt

1168 2381 1208 2411 ab
1228 2381 1291 2410 hiis
1313 2382 1368 2420 qui
1391 2389 1448 2420 per
1471 2380 1578 2410 sedem
1598 2379 1732 2409 eandem
1757 2380 1885 2409 fuerunt
1903 2379 2035 2416 depositi
2059 2386 2112 2416 pro
2133 2387 2168 2407 eo

1168 2435 1253 2474 quod
1268 2435 1484 2464 interfuerunt
1499 2433 1696 2463 coronationi
1714 2432 1885 2469 Mansredi,
1903 2431 2063 2470 quondam
2080 2431 2166 2468 prin-

1167 2489 1248 2527 cipis
1263 2487 1443 2524 Tarentini,
1462 2487 1545 2525 quod
1568 2487 1613 2515 sic
1634 2487 1666 2515 in
1689 2486 1841 2524 susceptis
1862 2485 2027 2515 ordinibus
2045 2483 2169 2512 valeant

1168 2542 1364 2577 ministrare,
1380 2541 1525 2578 injuncta
1543 2540 1589 2569 eis
1604 2540 1780 2577 penitentia
1797 2538 1943 2573 salutari,
1960 2537 2093 2566 liberam
2113 2536 2168 2565 tibi

1168 2594 1370 2625 concedimus
1393 2593 1577 2623 auctoritate
1602 2593 1797 2630 presentium
1810 2590 2014 2628 vfacultatem.
2040 2590 2111 2619 Dat.
2137 2594 2169 2618 ut

1170 2658 1274 2687 supra.
1298 2660 1310 2674 a

1239 2792 1358 2821 2203
1788 2789 1877 2819 Rieu,
1896 2788 1928 2815 22
1943 2788 2005 2822 juin
2023 2787 2099 2814 1289.

1203 2854 1334 2881 Facultas
1349 2852 1524 2879 concedendi
1538 2855 1659 2886 quatuor
1675 2850 1807 2885 personis
1820 2850 2019 2876 tabellionatus
2031 2849 2167 2876 officium.

1169 2904 1251 2938 (Rso.
1265 2903 1307 2934 44,
1320 2911 1345 2929 c.
1359 2901 1401 2935 33,
1413 2901 1434 2928 f.
1448 2902 1497 2928 310
1509 2902 1561 2933 v0.)

1209 2991 1323 3021 Eidem.

1211 3056 1224 3071 α
1242 3043 1324 3074 Cum
1342 3047 1369 3073 te
1385 3042 1463 3072 ad...
1476 3057 1515 3064 —
1533 3041 1601 3071 Dat.
1624 3045 1779 3080 utsupra.
1798 3052 1811 3067 n
