2342 3652
686 353 918 392 TnoisinME
940 351 1098 391 ANNnE.
1121 376 1159 382 —
1181 360 1369 390 LETTRES
1391 360 1616 391 cumALEs.
2142 361 2198 391 629

102 429 243 467 piscopos
263 434 291 458 et
308 429 480 468 episcopos,
499 429 625 465 electos,
643 429 781 464 abbates,
802 430 940 468 prioreS‚
959 428 1108 463 decanos,

103 481 356 518 archidiaconos,
368 483 561 521 praepositos
573 488 602 512 et
614 482 694 512 alios
707 482 860 521 praelatos
870 486 963 520 atque
973 480 1110 519 capitula

103 535 309 565 ecclesiarum
326 537 417 574 regui
434 537 586 566 Franciae
609 535 801 574 generaliter
817 535 865 565 vel
883 535 1062 574 specialiter
1080 538 1111 563 et

103 589 297 627 injungendi
322 590 365 619 eis
391 594 420 619 et
440 598 549 619 eorum
568 589 699 619 cuilibet
723 597 943 627 quaecumque
967 596 1111 626 prosecu-

107 642 182 672 tioni
199 643 316 680 negotii
333 643 381 672 sui
401 643 549 681 expedire
565 642 715 672 viderint.

147 708 159 722 α
185 696 339 726 Gerentes
355 697 395 725 de
411 701 551 726 vestre...
564 713 602 717 —
616 697 687 726 Dat.
708 697 824 731 Rome,
841 701 875 725 nt
891 704 1001 734 supra,
1018 704 1036 724 x
1057 694 1109 724 ka·

104 749 215 778 lendas
231 749 353 788 aprilis,
371 758 456 779 anno
475 750 575 779 tertio.
597 762 609 776 n

177 900 428 929 4284-4286
474 900 822 935 Satnte-Marie-Majeure,
833 901 866 927 ι23
877 908 953 926 mars
964 900 1041 927 1‘290.

141 963 205 990 Alia
220 962 341 989 facultas
357 962 465 989 eisdem
482 971 631 990 concessa.
651 964 733 996 (ΗΕΘ,
751 964 793 995 45,
811 972 835 991 c.
852 964 897 993 28,
914 963 933 990 f.
953 963 999 990 161
1017 964 1068 995 vo.)

145 1066 275 1094 Eisdem.
295 1077 307 1091 ιι
327 1064 457 1093 Pridem
474 1065 712 1094 venerabilibus
729 1065 880 1095 fratribus
897 1066 1014 1095 nostris
1031 1088 1050 1093 ..
1065 1073 1112 1093 ar-

105 1118 307 1156 chiepiscopo
332 1117 516 1147 senonensi
533 1121 564 1146 et
584 1140 603 1146 ..
622 1118 766 1156 episcopo
784 1117 1055 1153 Autisiodorensi,
1073 1117 1112 1146 ad

104 1170 291 1201 instantiam
316 1170 505 1199 dilectorum
524 1170 664 1199 filiorum
683 1194 701 1200 ..
721 1171 834 1201 decani
858 1175 887 1201 et
912 1169 1043 1209 capituli
1060 1178 1112 1199 ec-

103 1224 198 1254 clesie
214 1223 437 1258 Carnotensis,
456 1232 551 1261 super
572 1223 764 1261 quibusdam
787 1227 895 1253 contra
917 1224 1001 1262 ipsos
1020 1223 1111 1252 deca-

106 1286 185 1307 num
202 1281 233 1306 et
247 1276 424 1315 capitulum
443 1285 498 1315 per
514 1276 636 1306 balivos
653 1281 683 1306 et
697 1277 774 1306 alios
791 1277 940 1307 officiales
953 1275 1112 1306 carissimi

103 1331 136 1360 iu
160 1329 291 1360 Christo
310 1330 369 1359 filii
393 1331 493 1360 nostri
513 1330 681 1369 Phylippi,
700 1331 782 1368 regis
803 1331 999 1360 Francorum
1018 1329 1112 1359 illus-

105 1384 180 1419 tris,
196 1388 230 1413 ut
248 1384 378 1419 dicitur,
397 1384 577 1413 commissis
591 1384 790 1420 excessibus,
811 1389 934 1413 nostras
955 1384 1013 1413 sub
1029 1388 1113 1413 certa

105 1437 207 1467 forma
231 1437 353 1466 litteras
377 1437 528 1466 duximus
554 1437 775 1474 dirigendas...
797 1438 894 1467 Vobis
918 1443 948 1467 et
973 1441 1112 1466 vestrum

105 1490 237 1521 cuilibet
247 1490 460 1528 compellendi
473 1490 659 1520 auctoritate
674 1495 780 1520 nostra
796 1491 930 1520 prefatos
944 1489 1113 1528 archiepis-

107 1553 220 1582 copum
237 1547 266 1573 et
282 1544 464 1583 episcopum
481 1544 519 1572 ad
539 1543 749 1573 relaxandum
772 1532 935 1582 processus
957 1542 1116 1582 quoslibet

108 1606 163 1636 per
181 1606 235 1626 eos
253 1597 384 1626 forsitan
404 1596 543 1632 habitos,
563 1597 727 1626 occasione
751 1606 935 1626 excessuum
961 1596 1114 1635 predicto-

107 1659 198 1686 rum,
217 1650 244 1679 si
261 1650 407 1689 expedire
433 1649 597 1686 videritis,
619 1649 753 1679 liberam
771 1650 955 1680 auctoritate
977 1649 1115 1688 predicta

107 1704 315 1734 concedimus
335 1703 527 1733 facultatem.
547 1703 619 1734 Dat.
637 1708 792 1742 utsupra.
812 1716 824 1730 n

153 1770 165 1785 ι
191 1758 229 1787 In
251 1766 279 1786 e.
303 1766 346 1787 m.
375 1757 507 1786 eisdem.
539 1756 667 1786 Pridem
698 1756 935 1796 venerabilibus
965 1757 1116 1786 fratribus

108 1811 225 1841 nostris
247 1833 267 1840 ..
290 1811 528 1849 archiepiscopo
550 1811 729 1840 Viennensi
753 1815 783 1840 et
806 1835 825 1841 ..
850 1812 994 1849 episcopo
1018 1810 1115 1840 Belli-

107 1865 207 1900 ceusi,
221 1864 260 1893 ad
278 1864 466 1893 instantiam
486 1864 674 1894 dilectorum
693 1864 837 1894 filiorum
855 1864 969 1893 decani
985 1868 1014 1893 et
1031 1864 1115 1902 capi-

108 1916 167 1946 tuli
187 1915 318 1946 ecclesie
339 1917 581 1955 Lugdunensis,
601 1926 695 1955 super
712 1917 922 1956 quibusdam,
941 1921 1011 1953 etc.,
1031 1920 1065 1946 ut
1082 1917 1115 1945 in

106 1969 168 1999 alia
186 1970 334 2008 usquein
352 1970 427 2000 fine.
448 1982 461 1996 »

148 2035 161 2049 «
181 2023 219 2052 In
237 2032 264 2053 e.
283 2032 325 2053 m.
345 2023 477 2052 eisdem.
502 2023 633 2053 Pridem
657 2023 781 2053 dilectis
804 2023 880 2053 filiis
903 2047 924 2054 ..
948 2023 1067 2053 decano
1088 2027 1117 2052 et

108 2100 129 2107 ..
146 2076 338 2107 cancellario
355 2077 488 2107 ecclesie
504 2077 708 2113 Parisiensis,
722 2078 761 2106 ad
779 2077 965 2107 instantiam
983 2086 1116 2107 venera-

106 2129 180 2160 hilis
196 2130 300 2159 fratris
318 2130 419 2159 nostri
437 2153 458 2161 ..
478 2131 616 2169 episcopi
632 2130 856 2163 Pictaviensis.
876 2140 971 2169 super
985 2130 1116 2169 quibus-

106 2183 179 2214 dam
195 2187 303 2213 contra
322 2193 396 2213 eum
411 2193 467 2222 per
482 2184 617 2221 balivos,
635 2188 707 2221 etc„
728 2193 830 2222 usque
849 2184 882 2213 in
902 2184 977 2213 fine.
996 2196 1007 2210 n

178 2337 426 2366 4282-4289
477 2337 825 2372 Sainte-Marie-Majeure,
835 2337 868 2364 ²23
879 2346 955 2363 mars
966 2338 1043 2364 11290.

143 2400 209 2426 Alia
224 2400 344 2426 facultas
362 2400 471 2426 eisdem
488 2408 638 2426 concessa.
656 2400 740 2433 (Rea.
757 2400 800 2431 45,
818 2409 843 2427 c.
859 2400 904 2431 ⁸29,
917 2400 936 2426 f.
955 2401 998 2427 161
1018 2400 1067 2433 v⁰.)

148 2502 265 2531 Eisdem
283 2501 466 2531 facultatem
482 2501 638 2539 concedit,
656 2505 822 2541 postquam
838 2501 1013 2540 praedictos
1029 2525 1049 2532 ..
1066 2510 1115 2530 ar-

107 2555 347 2594 chiepiscopum
363 2555 583 2585 Senonensem
597 2559 627 2584 et
641 2577 661 2585 ..
675 2555 858 2594 episcopum
875 2554 1117 2584 Autisiodoren-

107 2617 175 2638 sem
190 2608 229 2638 ad
239 2608 427 2639 relaxandos
439 2609 596 2647 praefatos
610 2617 775 2647 processus
791 2608 1017 2647 compulerint,
1029 2617 1117 2646 prae-

106 2661 247 2700 cipiendi
262 2661 383 2691 eisdem
399 2661 639 2701 archiepiscopo
655 2666 685 2692 et
701 2662 860 2701 episcopo,
878 2662 903 2691 si
927 2661 1114 2700 expedierit,

108 2718 142 2744 ut
158 2715 192 2743 in
209 2714 337 2752 negotio
355 2714 515 2753 praedicto
531 2715 701 2754 procedant
712 2716 802 2754 juxta
822 2715 965 2754 priorum
982 2715 1116 2744 directa-

107 2776 179 2797 rum
196 2767 316 2797 eisdem
333 2766 513 2797 litterarum
529 2772 682 2799 tenorem.

150 2832 163 2846 α
184 2820 312 2849 Pridem
328 2820 566 2850 venerabilibus
582 2821 770 2851 fratribus...
783 2837 823 2844 —
836 2821 908 2850 Dat.
929 2825 963 2851 ut
979 2829 1084 2859 supra.
1102 2832 1114 2847 n

147 2874 187 2903 In
207 2882 233 2902 e.
254 2882 297 2902 m.
321 2873 459 2911 eisdem,
479 2882 534 2912 pro
552 2896 571 2903 ..
589 2874 829 2913 archiepiscopo
848 2875 1026 2905 Viennensi
1047 2878 1076 2904 et
1095 2897 1115 2904 ..

108 2927 254 2966 episcopo
273 2925 457 2956 Bellicensi.

149 2980 188 3010 In
206 2990 234 3010 e.
252 2989 296 3009 m.
315 2980 453 3017 eisdem,
470 2989 525 3020 pro
542 3004 563 3012 ..
581 2981 700 3011 decano
714 2985 744 3011 et
759 2981 949 3012 cancellario
968 2981 1118 3012 ecelesiae

108 3033 313 3064 Parisiensis.

1262 427 1508 456 42304232
1555 427 1904 462 Sainte-Marie-Majeure,
1914 428 1947 454 ‘23
1961 436 2036 454 mars
2048 428 2125 455 1290.

1228 487 1393 515 Mandatum
1409 489 1518 515 eisdem
1534 490 1652 516 factum.
1672 489 1753 518 (Rae.
1771 490 1813 521 45,
1831 498 1856 516 c.
1873 490 1914 520 30,
1932 490 1951 517 f.
1971 490 2019 517 162
2034 492 2079 522 ro.)

1234 591 1353 619 Eisdem
1377 590 1509 620 mandat
1530 595 1579 627 ut,
1600 591 1625 620 si
1650 591 1726 621 utile
1749 591 1814 621 fore
1839 591 1992 627 viderint,
2014 615 2034 622 ..
2055 593 2199 632 episcopo

1194 643 1390 673 Pictaviensi
1416 644 1585 681 injungere
1607 644 1754 674 studeant
1779 648 1812 674 ut
1834 645 2009 674 sententias
2028 649 2057 675 et
2073 654 2198 683 proces-

1193 704 1248 724 sus
1265 696 1423 734 quoslibet
1438 706 1494 735 per
1508 697 1614 735 ipsum
1632 702 1742 727 contra
1755 697 1888 728 ballivos
1908 703 1938 727 et
1955 698 2034 728 alios
2048 698 2199 728 officiales

1192 757 1228 778 ac
1246 753 1362 785 terras,
1380 749 1473 779 villas
1491 754 1521 779 et
1545 749 1608 779 alia
1623 750 1691 780 loca
1711 750 1867 789 Philippi,
1885 751 1970 789 regis
1986 752 2196 787 Francorum,

1193 802 1317 832 habitos
1333 803 1462 834 relaxet.

1235 867 1249 882 «
1267 855 1355 885 Sicut
1373 865 1474 895 nuper
1491 856 1569 886 ad...
1587 874 1624 878 -
1640 857 1711 886 Dat.
1731 861 1885 896 utsupra.
1905 869 1918 884 n

1234 908 1271 937 In
1294 918 1320 938 e.
1343 918 1387 938 m.
1415 909 1552 947 eisdem,
1574 918 1666 948 pro..
1689 910 1808 940 decano
1833 914 1863 939 et
1887 910 2025 948 capitulo
2050 911 2200 941 ecclesiae

1195 962 1433 1000 Lugdunensis.

1236 1015 1273 1044 In
1295 1024 1323 1045 e.
1347 1025 1390 1045 m.
1415 1016 1552 1052 eisdem,
1577 1024 1632 1054 pro
1651 1038 1670 1045 ..
1689 1016 1808 1047 decano
1830 1021 1859 1046 et
1885 1017 2023 1055 capitulo
2049 1017 2201 1047 ecclesiae

1194 1068 1410 1098 Carnotensis.

1265 1247 1520 1275 4293-4295
1558 1246 1910 1282 Sainte-Marie-Majeuve,
1922 1248 1955 1274 ‘23
1966 1257 2043 1275 mars
2058 1249 2133 1276 1290.

1232 1309 1295 1335 Alia
1314 1310 1432 1335 facultas
1448 1309 1557 1335 eisdem
1573 1317 1722 1336 concessa.
1740 1310 1822 1342 (Res.
1842 1311 1884 1343 45,
1902 1319 1926 1337 c.
1945 1311 1987 1341 31,
2005 1312 2024 1338 f.
2047 1312 2093 1338 16⁵2
2110 1313 2157 1345 10.)

1237 1412 1354 1440 Eisdem
1375 1410 1554 1440 facultatem
1571 1411 1724 1446 concedit,
1743 1416 1909 1450 postquam
1927 1413 2111 1452 episcopum
2129 1413 2201 1443 Pic-

1199 1463 1375 1493 taviensem
1392 1463 1430 1493 ad
1452 1464 1625 1493 sententias
1642 1468 1671 1493 et
1689 1473 1851 1503 processus
1872 1466 2009 1504 praefata
2033 1466 2203 1496 relaxanda

1196 1517 1419 1556 compulerint,
1438 1517 1654 1556 praecipiendi
1673 1518 1778 1548 eidem
1797 1519 1954 1558 episcopo,
1972 1521 1998 1550 si
2017 1521 2202 1559 expedierit,

1198 1575 1232 1600 ut
1256 1571 1290 1599 in
1316 1571 1442 1608 negotio
1466 1570 1624 1609 praedicto
1653 1571 1801 1609 procedat
1823 1573 1914 1611 juxta
1938 1574 2080 1612 priorum
2100 1574 2203 1604 eidem

1197 1624 1389 1654 directarum
1406 1624 1585 1653 litterarum
1605 1629 1757 1654 tenorem.

1240 1690 1252 1705 α
1276 1678 1364 1707 Sicut
1380 1686 1481 1716 nuper
1497 1678 1573 1708 ad...
1590 1694 1629 1699 —
1645 1678 1715 1708 Dat.
1734 1683 1889 1717 utsupra.
1909 1691 1922 1706 n

1239 1731 1276 1760 In
1303 1740 1330 1760 e.
1350 1740 1393 1760 m.
1413 1731 1549 1768 eisdem,
1573 1739 1628 1769 pro
1651 1753 1671 1760 ..
1694 1731 1813 1761 decano
1836 1737 1866 1762 et
1890 1732 2027 1771 capitulo
2054 1733 2205 1763 ecclesiae

1198 1784 1435 1821 Lugdunensis.

1238 1837 1276 1866 In
1295 1846 1322 1867 e.
1346 1847 1387 1866 m.
1412 1837 1549 1873 eisdem,
1575 1846 1630 1876 pro
1653 1861 1672 1868 ..
1697 1838 1818 1869 decano
1839 1843 1868 1869 et
1892 1840 2029 1878 capitulo
2055 1840 2205 1871 ecclesiae

1198 1890 1413 1920 Carnotensis.

1267 2070 1388 2099 4296

1234 2131 1376 2167 Philippo,
1389 2134 1450 2167 regi
1468 2132 1653 2167 Francorum,
1667 2134 1767 2160 scribit
1782 2134 1816 2160 de
1833 2135 1931 2161 multis
1946 2138 1974 2161 et
1990 2136 2075 2162 variis
2092 2136 2207 2170 injuriis

1197 2181 1232 2206 ab
1248 2181 1417 2207 officialibus
1433 2182 1522 2216 regiis
1537 2183 1613 2208 clero
1631 2182 1777 2216 Franciae,
1794 2183 1918 2210 maxime
1934 2183 2120 2219 pictaviensi,
2137 2184 2206 2211 Car-

1198 2230 1311 2256 notensi
1328 2234 1356 2256 et
1373 2230 1559 2265 Lugdunensi
1576 2232 1722 2266 episcopis
1739 2233 1844 2265 illatis;
1862 2233 1946 2267 eique
1961 2234 2136 2267 Gerardum,
2153 2234 2207 2261 Sa-

1198 2279 1347 2306 binensem
1359 2280 1539 2315 episcopum,
1552 2285 1580 2307 et
1594 2280 1793 2312 Benedictum,
1807 2282 1905 2308 Sancti
1918 2282 2029 2309 Nicolai
2044 2284 2072 2310 in
2087 2283 2207 2310 Carcere

1197 2328 1327 2354 Tulliano
1347 2328 1499 2355 diaconum
1515 2330 1700 2360 cardinalem,
1720 2339 1793 2364 quos
1809 2330 1843 2356 ad
1860 2339 1924 2357 eum
1941 2332 2042 2363 mittit,
2058 2340 2207 2358 commen—

1198 2377 1255 2404 dat.
1272 2377 1355 2410 (Res.
1373 2377 1416 2408 45,
1433 2386 1457 2404 c.
1477 2378 1520 2409 32,
1537 2379 1555 2405 f.
1575 2379 1624 2405 162
1641 2386 1681 2411 ro,
1701 2379 1818 2413 Poma„
1836 2379 1946 2413 23225.)

1533 2070 1895 2106 Sainte-Marie-Majeure,
1913 2073 1945 2099 23
1962 2081 2038 2099 mars
2055 2074 2133 2101 1290.

1238 2479 1404 2509 Carissimo
1420 2482 1453 2510 in
1471 2480 1587 2510 Christo
1603 2482 1668 2518 filio
1685 2480 1835 2519 Philippo,
1853 2484 1920 2519 reyi
1934 2483 2063 2512 Francia
2076 2483 2205 2512 illustri.

1240 2544 1253 2560 α
1273 2533 1413 2570 Attente,
1435 2533 1492 2567 fili,
1511 2538 1577 2564 et...
1595 2551 1633 2556 —
1649 2535 1718 2564 Dat.
1738 2536 1850 2571 Rome,
1867 2536 1950 2574 apud
1969 2536 2118 2566 Sanctam
2136 2537 2207 2566 Ma-

1199 2586 1281 2615 riam
1299 2586 1463 2625 MaJ'orem,
1480 2596 1498 2615 x
1514 2587 1667 2616 kalendas
1683 2588 1803 2626 aprilis,
1824 2597 1910 2618 anno
1929 2590 2030 2618 tertio.
2051 2601 2064 2616 n

1269 2764 1389 2793 4292

1236 2827 1310 2862 Regi
1332 2827 1467 2854 Franciae
1485 2827 1531 2861 G.,
1549 2828 1737 2855 Sabinensem
1753 2829 1936 2864 episcopum,
1957 2833 1986 2857 et
2001 2830 2204 2864 Benedictum,

1471 2763 1842 2801 [Sainte-Marie-Majeure,
1855 2767 1888 2793 ‘23
1900 2775 1976 2794 mars
1991 2767 2066 2802 1290]
2086 2768 2133 2801 (l).

1231 2950 1263 2980 (1)
1278 2950 1318 2974 La
1340 2950 1401 2974 date
1423 2950 1455 2974 de
1479 2951 1504 2973 la
1525 2951 1597 2974 bulle
1615 2951 1684 2974 n'est
1699 2958 1746 2981 pas
1762 2952 1908 2982 indiquee:
1927 2953 1946 2976 il
1962 2953 2020 2977 faut
2035 2953 2090 2978 tres
2106 2956 2207 2985 proba-

1200 2995 1320 3018 blement
1335 2994 1464 3025 suppleer
1481 3002 1485 3018 :
1503 2997 1562 3018 Dat.
1579 2998 1608 3018 ut
1624 3002 1720 3025 supra.
1737 3008 1767 3013 ——
1783 2996 1823 3020 En
1845 3003 1951 3027 marge,
1964 2997 1989 3021 le
2004 2998 2178 3023 rubricateur
2193 3007 2207 3024 a

1201 3039 1268 3063 ecrit
1284 3039 1299 3062 a
1314 3039 1414 3062 l'encre
1432 3046 1517 3069 rouge
1532 3046 1536 3062 :
1555 3041 1610 3063 Ista
1625 3041 1678 3068 suit
1697 3042 1801 3065 clausa.
