2477 3637
235 382 290 412 646
977 371 1212 405 REGISTRES
1234 371 1288 402 DE
1310 370 1494 400 NICOLAS
1516 370 1572 400 IV.

235 447 350 477 soluta.
370 445 470 484 primo
496 449 528 473 ut
554 443 593 472 ad
611 451 722 472 omnes
742 441 872 471 ordines
894 440 1071 479 promoveri
1088 444 1118 468 et
1135 437 1235 468 eccle-

234 499 395 529 siasticum
421 496 611 527 beneficium
638 495 778 533 recipere
798 493 930 528 valeret,
956 496 1078 531 postea,
1103 491 1142 520 ab
1167 492 1235 529 ipso

234 551 364 582 Nicolao
390 550 445 585 IV,
472 554 505 578 ut
530 552 730 587 personatum
758 547 806 576 vel
832 546 1039 584 dignitatem,
1065 543 1235 583 episcopali

235 607 377 642 excepta,
397 602 536 640 recipere
555 605 668 640 [zosset.
693 600 772 630 Cum
791 608 826 629 eo
843 607 929 628 nunc
946 606 1057 628 rursus
1073 597 1236 635 dispensat

234 662 267 687 ut
287 657 381 685 etiam
398 654 436 684 ad
455 653 663 693 episcopalem
688 652 736 682 vel
757 650 1058 691 archiepiscopalem
1079 650 1235 680 bonorem

232 709 350 739 assumi
367 708 474 747 possit.

274 775 286 789 α
309 761 459 792 Exhiberi
476 760 609 798 gratiam
626 759 825 797 generosis...
842 775 880 781 —
898 758 968 788 Dat.
991 761 1144 797 utsupra.
1163 769 1177 784 n

302 940 544 968 4441-—1451
771 937 896 967 Orvieto,
914 937 945 963 27
964 936 1067 963 sevrier
1086 936 1162 963 1291.

268 1002 473 1036 Indulgentiae.
489 1001 570 1034 (Rea.
588 1001 630 1034 45,
648 1009 673 1027 c.
693 1001 718 1034 ἶ,
735 1000 755 1026 s.
775 1000 782 1025 l
803 1000 854 1031 νῦ.)

275 1110 426 1141 l'nicersis
449 1110 561 1139 Christi
581 1109 719 1147 fidelibus
739 1112 888 1146 presentes
908 1108 1023 1136 litteras
1041 1107 1234 1144 inspecturis.

234 1163 472 1201 Indulgentiam
492 1162 589 1192 unius
606 1162 683 1191 anni
705 1165 735 1191 et
759 1171 796 1190 xi.
821 1160 944 1190 dierum
964 1159 1108 1190 concedit
1126 1160 1236 1198 poeui-

235 1217 372 1247 tentibus
389 1221 418 1245 et
435 1216 587 1246 confessis
605 1215 659 1254 qui
675 1214 838 1245 ecclesiam
857 1214 964 1244 Sancti
981 1213 1110 1251 Georgii
1127 1214 1166 1242 de
1181 1213 1236 1243 Co-

232 1270 354 1306 lenica,
373 1269 578 1299 Pistoriensis
595 1268 765 1305 dioecesis,
783 1269 815 1297 iu
834 1267 976 1306 ejusdem
993 1267 1094 1297 sancti
1111 1267 1235 1296 festivi-

233 1327 312 1354 tate,
344 1331 398 1361 per
426 1328 493 1352 octo
521 1322 588 1351 dies
617 1325 787 1360 sequentes
816 1327 846 1351 et
875 1321 909 1350 in
935 1319 1157 1350 anniversario
1185 1320 1237 1350 die

231 1376 438 1407 dedicationis
456 1375 598 1415 ejusdem
615 1374 765 1405 ecclesiae
783 1374 991 1404 visitaverint.

274 1444 285 1456 a
310 1430 396 1460 Licet
410 1430 438 1459 is
453 1429 528 1459 de...
545 1446 583 1451 —
597 1429 667 1459 Dat.
685 1428 768 1468 apud
786 1428 1062 1464 Urbemveterem,
1079 1437 1111 1457 ιιι
1127 1427 1235 1458 kalen-

231 1483 285 1514 das
301 1483 419 1520 martii,
435 1490 520 1513 anno
537 1487 660 1521 quarto.
682 1494 695 1509 ι)

771 1568 898 1600 Orvieto,
916 1569 950 1595 ‘22
965 1569 1070 1596 fevi-ier
1085 1568 1163 1596 1291.

271 1641 308 1669 Iu
326 1649 352 1669 e.
371 1649 413 1669 m.
433 1639 565 1675 eisdem,
587 1648 640 1678 pro
656 1639 789 1669 ecclesia
808 1638 917 1669 Sancti
931 1639 1092 1669 Johannis
1111 1639 1236 1678 Baptis-

232 1697 280 1723 tae
294 1694 331 1723 de
348 1692 517 1729 Brithulio.
532 1693 736 1722 Belvacensis
749 1692 914 1729 dioecesis,
930 1692 963 1721 iu
978 1696 1115 1731 quatuor
1129 1692 1237 1723 beatae

232 1747 350 1776 Mariae
370 1746 507 1784 virginis
526 1746 748 1776 festivitatibus
766 1751 797 1775 et
812 1754 867 1784 per
886 1750 954 1776 octo
970 1745 1038 1776 dies
1055 1750 1234 1785 sequentes.

233 1799 302 1829 Dat.
328 1799 410 1839 apud
441 1799 714 1835 Urhernveterem,
740 1809 795 1829 vin
822 1798 976 1829 kalendas
1003 1799 1124 1837 martii,
1152 1808 1238 1830 anno

231 1857 353 1893 quarto.

272 1907 308 1937 In
332 1915 358 1936 e.
382 1915 423 1935 m.
445 1905 584 1941 eisdem,
607 1914 662 1944 pro
682 1905 802 1944 capella
826 1905 939 1936 Beatae
962 1906 1081 1936 Mariae
1101 1906 1238 1944 virginis

233 1961 419 1999 leprosariae
437 1959 650 1998 Nigellensis,
669 1960 896 1990 Noviomensis
912 1959 1085 1997 dioecesis,
1102 1961 1136 1990 in
1155 1969 1237 1999 qua-

233 2018 304 2043 tuor
319 2012 425 2042 beatae
443 2013 561 2042 Mariae
578 2012 714 2050 virginis
732 2017 762 2042 et
778 2012 810 2042 S.
830 2013 930 2044 Marci
948 2013 1163 2052 evangelistae
1177 2037 1185 2051 ‚
1203 2014 1235 2044 S.

232 2067 340 2097 Lazari
359 2071 389 2096 et
406 2070 532 2096 sanctae
551 2066 695 2096 Marthae
713 2066 937 2097 festivitatibus
958 2071 987 2097 et
1005 2077 1060 2106 per
1080 2072 1149 2098 octo
1169 2068 1238 2098 dies

232 2125 410 2159 sequentes.

274 2186 287 2199 α
304 2173 384 2204 Cum
400 2173 438 2203 ad
456 2172 701 2212 promerenda...
718 2189 756 2195 -—
774 2173 844 2203 Dat.
866 2177 1022 2213 utsupra.
1042 2184 1056 2203 i>

273 2227 309 2257 ln
338 2236 364 2256 e.
394 2235 436 2255 m.
465 2225 582 2256 eisdem
596 2249 603 2263 ‚
630 2234 686 2265 pro
716 2225 848 2256 ecclesia
880 2226 996 2257 Beatae
1023 2227 1144 2257 Mariae
1170 2228 1238 2257 vir-

233 2280 316 2319 ginis
344 2279 381 2309 de
415 2279 577 2316 Hamello,
606 2278 813 2309 Belvacensis
839 2279 1008 2317 dioecesis,
1037 2281 1070 2310 iu
1101 2285 1238 2319 quatuor

232 2335 341 2364 beatae
359 2334 479 2363 Mariae
500 2333 635 2371 virginis
651 2333 876 2364 festivitatibus
893 2337 923 2364 et
938 2343 993 2372 per
1008 2338 1077 2364 octo
1098 2334 1167 2364 dies
1187 2343 1236 2365 se-

233 2393 379 2427 quentes.

275 2453 287 2467 α
308 2441 389 2471 Loca
404 2445 585 2471 sanctorum
601 2440 787 2470 omnium...
806 2457 845 2462 —-
862 2440 934 2470 Dat.
954 2446 988 2470 ut
1006 2450 1111 2480 supra.
1131 2453 1145 2468 n

773 2526 900 2559 Orvieto‚
916 2528 950 2554 ‘25
966 2527 1069 2554 fevrier
1087 2527 1165 2555 >1⁶291.

272 2599 308 2629 In
325 2608 352 2629 e.
368 2607 411 2628 m.
426 2597 557 2634 eisdem,
574 2607 629 2637 pro
644 2597 775 2628 ecclesia
789 2597 903 2628 Beatae
915 2597 1036 2628 Mariae
1048 2598 1237 2636 Nigellensi,

234 2652 459 2684 Noviomeusis
475 2651 639 2685 dioecesis.
659 2651 691 2680 in
707 2656 890 2681 sanctorum
906 2651 1056 2687 Quintini
1072 2652 1236 2692 martyris,

231 2705 377 2745 Gregorii
404 2710 434 2736 et
462 2705 605 2743 Remigii
632 2705 849 2735 confessorum
875 2704 1101 2735 festivitatibus
1127 2709 1158 2735 et
1183 2714 1239 2744 per

231 2765 298 2791 octo
313 2759 380 2790 dies
395 2763 574 2798 sequentes

274 2826 286 2839 u
305 2813 377 2842 Vite
397 2813 545 2851 perennis
561 2811 700 2850 gloria...
717 2829 755 2834 —
771 2812 843 2842 Dat.
866 2816 901 2842 ut
917 2821 1029 2851 supra,
1046 2823 1065 2842 v
1085 2812 1238 2843 kalendas

233 2867 349 2902 martii,
369 2874 453 2895 auno
472 2870 595 2904 quarto.
616 2878 628 2892 n

759 2925 886 2957 Orvioto,
904 2926 936 2953 26
953 2926 1057 2953 fevi-ier
1075 2926 1151 2954 1291.

274 2996 309 3024 In
334 3003 361 3025 e.
386 3004 428 3024 m.
457 2995 596 3031 eisdem,
621 3003 676 3034 pro
698 2995 832 3024 ecclesia
854 2996 1038 3025 monasterii
1067 2995 1236 3034 Kalensss,

234 3048 355 3078 ordinis
376 3049 407 3077 S.
433 3047 615 3084 Benedicti,
641 3048 833 3077 Purisiensis
853 3048 1024 3084 dioecesis,
1047 3050 1080 3078 in
1101 3053 1237 3088 quatuor

1268 2444 1271 2446 ,
1319 2409 1484 2440 Prothassi
1510 2413 1541 2439 et
1563 2409 1665 2439 sancti
1684 2408 1811 2439 Juliani
1832 2408 1989 2447 episcopi,
2014 2408 2049 2437 in
2069 2415 2209 2447 quorum
2228 2406 2346 2453 [ωηο-ἧ

1317 436 1426 466 beatae
1448 435 1568 465 Mariae
1591 434 1728 472 virginis
1749 438 1779 463 et
1799 433 1830 464 S.
1851 432 2013 464 «Iohannis
2031 433 2190 473 Baptistae
2206 433 2330 464 festivi-

1319 489 1449 524 tatibus,
1472 497 1526 526 pei·
1549 491 1618 518 octo
1637 487 1704 517 dies
1727 491 1896 526 sequentes
1919 492 1950 517 et
1973 487 2008 516 in
2033 486 2256 517 anniversario
2273 486 2328 518 die

1317 541 1530 572 dedicationis
1547 540 1692 578 ejusdem
1711 539 1873 570 ecclesiae.
2346 579 2348 582 v

1361 606 1373 621 a
1394 594 1467 624 Vite
1483 594 1635 633 perennis
1649 593 1789 632 gloria...
1806 610 1846 615 —
1862 593 1933 625 Dat.
1950 593 2033 633 apud
2050 593 2328 633 Urbemveterem,

1319 657 1363 676 uu
1381 647 1534 676 kalendas
1553 646 1672 683 martii,
1691 654 1778 677 anno
1794 651 1918 686 quarto.
1937 658 1951 674 »

1359 700 1398 730 Iu
1419 708 1447 730 e.
1474 709 1518 729 m.
1540 699 1677 737 eisdem,
1698 708 1754 738 pro
1775 699 1910 730 ecclesia
1930 700 2117 730 monasterii
2138 699 2248 730 Sancti
2268 699 2326 731 Se-

1317 753 1419 792 pulcri
1444 752 1700 789 Cameracensis,
1721 752 1847 783 ordinis
1872 752 1904 782 S.
1928 752 2108 793 Benedicti,
2133 753 2166 783 iu
2192 757 2331 792 quatuor
2356 741 2359 746 ’

1317 805 1425 836 beatae
1449 805 1570 835 Mariae
1593 805 1728 844 virginis
1751 805 1976 836 festivitatibus
1999 810 2028 836 et
2050 807 2083 836 in
2106 806 2346 842 anniversario,

1317 859 1368 889 die
1384 859 1594 890 dedicationis
1613 859 1758 898 ejusdem
1774 858 1938 890 ecclesiae.
1958 859 2029 890 Dat.
2048 864 2082 890 ut
2099 869 2204 899 supra.

1904 949 2036 981 Orvieto,
2053 951 2068 978 5
2084 959 2161 978 mars
2177 950 2255 979 1291.

1358 1021 1395 1050 In
1420 1029 1447 1050 e.
1473 1029 1516 1050 m.
1540 1020 1678 1057 eisdem,
1697 1029 1754 1060 pro
1777 1020 1911 1051 ecclesia
1935 1019 2071 1051 Sanctae
2097 1020 2243 1060 Agathae
2269 1007 2351 1052 Fe-'

1318 1074 1488 1111 rentinati,
1516 1074 1551 1104 in
1575 1073 1714 1112 siugulis
1739 1078 1922 1105 sanctorum
1950 1075 2037 1105 Petri
2059 1079 2090 1105 et
2116 1075 2211 1106 Pauli
2236 1083 2331 1115 apos-

1320 1127 1454 1158 tolorum
1487 1127 1729 1165 festivitatibus,
1761 1137 1817 1167 per
1844 1133 1913 1158 octo
1939 1127 2008 1158 dies
2038 1132 2208 1167 sequentes
2235 1133 2268 1160 et
2292 1129 2350 1162 in,

1318 1181 1542 1211 anniversario
1570 1181 1622 1211 die
1648 1181 1860 1211 dedicationis
1886 1181 2031 1221 ejusdem
2063 1181 2228 1212 ecclesiae.
2254 1183 2330 1213 Dat.

1317 1235 1402 1274 apud
1431 1235 1715 1272 Urbemveterem,
1744 1244 1777 1265 ιη
1808 1242 1912 1266 nonas
1936 1235 2062 1273 martii,
2091 1243 2177 1266 auno
2194 1237 2350 1275 ,quai-ms

1317 1288 1377 1328 (En
1395 1289 1523 1326 mar-qe.)

1903 1360 2021 1389 Orvieto
2037 1363 2069 1389 17
2086 1370 2163 1390 mars
2178 1361 2257 1391 1291.

1359 1439 1396 1468 In
1417 1447 1445 1468 e.
1466 1447 1509 1468 m.
1529 1438 1670 1476 eisdem,
1689 1447 1744 1477 pro
1764 1438 1899 1469 ecclesia
1917 1461 1938 1469 ..
1958 1438 2130 1477 guardiani
2148 1443 2179 1469 et
2193 1438 2331 1470 fratrum

1317 1492 1438 1523 ordinis
1457 1492 1619 1522 minorum
1639 1491 1679 1522 de
1700 1491 1814 1522 Penna
1833 1491 1943 1522 Sancti
1961 1492 2140 1530 Johaunis,
2157 1491 2332 1523 Fit-manae

1317 1545 1481 1582 dioecesis,
1498 1545 1532 1575 in
1549 1549 1686 1584 quatuor
1700 1545 1809 1575 beatae
1828 1545 1948 1575 Mariae
1963 1545 2111 1584 virginis,
2132 1545 2216 1576 beati
2234 1545 2350 1576 Fran-..

1317 1599 1395 1630 cisci
1411 1604 1442 1629 et
1457 1599 1592 1630 Sanctae
1610 1599 1724 1629 Crucis
1741 1599 1970 1630 festivitatibus
1986 1604 2017 1629 et
2033 1609 2088 1639 per
2103 1604 2172 1630 octo
2191 1599 2261 1630 dies
2279 1607 2330 1630 se-

1318 1658 1464 1692 quentes.
1485 1653 1554 1683 Dat.
1573 1652 1656 1691 apud
1672 1653 1950 1689 Urbemveterem‚
1967 1662 2020 1683 xw
2037 1652 2192 1683 kalendas
2206 1652 2342 1692 aprilis,

1317 1714 1404 1736 anno
1419 1710 1542 1745 quarto.
1559 1705 1652 1745 (Ibid.
1668 1716 1674 1742 ;
1693 1705 1830 1740 POTTH.‚
1849 1704 1975 1744 23605.)

1906 1797 2033 1831 Orvieto,
2055 1799 2069 1825 7
2086 1806 2163 1826 mars
2180 1798 2258 1827 129¹.

1360 1877 1397 1906 In
1416 1885 1444 1906 e.
1469 1885 1510 1905 m.
1537 1875 1673 1913 eisdem,
1697 1884 1752 1915 pro
1775 1875 1908 1906 ecclesia
1928 1875 2063 1906 Sanctae
2081 1875 2251 1918 Gertrudis
2271 1862 2352 1907 Ni-z'

1319 1929 1476 1967 vellensi,
1497 1929 1685 1960 Leodiensis
1705 1929 1878 1968 dioecesis,
1903 1929 1938 1959 in
1960 1929 2200 1970 Assumptiouis
2222 1919 2332 1962 heatae

1320 1984 1443 2019 Mariae
1462 1987 1492 2013 et
1510 1987 1638 2013 sanctae
1654 1983 1822 2013 Gertrudis
1840 1983 2066 2013 festivitatibus
2078 2007 2085 2021 ‚
2104 1992 2161 2022 per
2176 1987 2245 2014 octo
2262 1981 2334 2014 dies
2343 1979 2350 1989 ⁶

1319 2042 1489 2077 sequentes
1516 2041 1547 2066 et
1567 2037 1602 2066 iu
1627 2037 1848 2067 anniversario
1874 2037 1926 2067 die
1952 2036 2164 2067 dedicationis
2186 2036 2331 2076 ejusdem
2343 2039 2355 2061 ⁴·

1320 2090 1482 2122 ecclesiae.
1502 2091 1574 2120 Dat.
1591 2090 1673 2129 apud
1692 2090 1975 2128 Urbemveterem,
1994 2090 2090 2120 nonis
2104 2089 2229 2127 martii,
2245 2097 2341 2132 anuo*

1320 2149 1444 2184 quarto.
1467 2143 1572 2184 (Ibid.)
2276 2136 2278 2138 ’

1889 2222 2020 2255 Orvieto,
2040 2224 2072 2252 19
2087 2228 2164 2250 mai-s
2181 2223 2259 2251 1291.

1358 2303 1397 2334 In
1411 2311 1439 2333 e.
1458 2311 1500 2339 m.
1518 2302 1652 2340 eisdem,
1668 2309 1724 2341 pro
1740 2300 1915 2331 cathedrali
1930 2299 2064 2331 ecclesia
2079 2299 2346 2342 Cenomanensis

1318 2357 1351 2387 in
1366 2360 1501 2396 quatuor
1515 2355 1625 2386 beatae
1639 2355 1760 2385 Mariae
1776 2355 1926 2393 virginis,
1944 2358 2128 2384 sanctorum
2141 2353 2288 2385 Gervasii
2300 2355 2335 2388 et

1317 2473 1386 2494 rem
1403 2463 1563 2503 praedicta
1576 2462 1710 2493 ecclesia
1726 2467 1773 2493 est
1787 2466 1978 2500 constructa,
1994 2461 2220 2492 festivitatibus
2233 2465 2263 2492 et
2275 2450 2350 2502 pet-'-

1318 2522 1388 2548 octo
1407 2517 1475 2547 dies
1493 2520 1674 2556 sequentes.
1698 2517 1768 2547 Dat.
1786 2515 1869 2555 apud
1888 2516 2151 2546 Urbemveterem
2163 2538 2170 2552 ‚
2187 2523 2255 2545 xun
2269 2513 2343 2548 ka-.

1318 2571 1432 2602 lendas
1447 2571 1569 2610 aprilis,
1590 2579 1677 2601 anno
1694 2574 1816 2610 quarto.
1834 2569 1939 2609 (laid.)
2320 2561 2328 2567 “

1390 2770 1650 2799 4452-4453
1865 2768 1991 2801 οι-νῑοιο,
2010 2768 2043 2795 ‘25
2059 2768 2162 2796 sevi-101-
2179 2767 2258 2796 1291.
2309 2786 2314 2792 .
2337 2758 2345 2790 .“

1353 2832 1478 2859 Thomas
1494 2833 1668 2859 monasterio
1685 2832 1781 2859 Sancti
1799 2831 1902 2867 Angeli
1919 2831 1948 2859 in
1965 2831 2061 2858 Massa
2076 2829 2231 2858 Narniensi
2246 2836 2348 2867 prae-².

1318 2881 1422 2908 ficitur.
1444 2881 1524 2914 (Rau.
1543 2881 1585 2915 46,
1602 2889 1628 2909 c.
1646 2881 1672 2916 8,
1689 2881 1707 2908 f.
1724 2881 1740 2908 ‘3
1757 2882 1803 2915 r0.)
2306 2879 2314 2887 ⁸

1361 2998 1486 3035 Thomu,
1507 2998 1608 3027 abbati
1628 2998 1808 3028 monasterii
1825 2997 1932 3027 Sancti
1952 2997 2059 3035 Anqeli
2077 2998 2111 3026 in
2130 2995 2227 3027 Massa
2244 2993 2339 3024 Nar-

1318 3051 1448 3088 niensis,
1466 3052 1586 3081 ordinis
1603 3051 1632 3081 S.
1652 3051 1810 3081 Benedicti.
1831 3051 1929 3088 Eum,
1951 3054 2026 3081 tunc
2041 3048 2236 3080 monachum
2253 3053 2327 3078 mo-
2343 3055 2348 3058 ·
