2342 3652
924 384 1153 421 DEUXIEME
1174 384 1334 419 ΑΝΝΕΕ.
2117 395 2174 424 001

158 461 275 490 1⁰14
418 458 786 493 Sainte-Marie-MaJeure,
806 458 837 483 Π
855 457 925 483 avril
944 457 1019 484 1289.

119 523 323 558 Indulgentiae.
341 521 425 552 (Rea.
443 521 475 547 44
490 543 495 552 ,
514 529 539 547 c.
557 520 640 551 2692,
658 520 678 546 f.
699 520 745 547 167
762 519 809 552 νῦ.)

127 665 277 696 Universis
300 663 412 692 Christi
436 663 575 699 fidelibus
591 665 740 698 presentes
764 661 883 690 litteras
899 659 1096 706 inspecturis·

88 717 326 755 Indulgentiam
340 715 437 746 unius
451 715 531 744 anni
546 719 576 743 et
587 714 800 752 quadraginta
812 714 939 743 dierum
953 712 1098 744 concedit

88 771 234 804 omnibus
257 778 330 799 vere
353 768 589 807 poenitentibus
615 771 645 797 et
672 767 825 797 confessis
848 767 903 804 qui
930 765 1098 795 ecclesiam

89 825 220 856 Sanctae
231 823 352 853 Mariae
365 822 404 851 ad
412 821 536 851 Gradus
549 821 787 858 Maguntinam,
801 820 835 848 in
845 819 1096 857 Purificassonis,

89 875 370 912 Annuntiationis,
394 875 635 912 Assumptiouis
651 878 682 903 et
700 873 885 902 Nativitatis
901 873 1009 902 beatae
1027 873 1098 902 Ma-

89 931 154 962 riae
170 928 404 964 festivitatibus,
423 931 451 957 et
475 927 697 956 anniversario
720 926 772 956 die
788 926 998 956 dedicationis
1014 926 1098 964 ejus-

90 985 171 1021 dem,
185 983 279 1013 annis
295 981 433 1020 singulis
450 981 665 1010 visitaverint.

131 1049 145 1065 α
159 1037 230 1067 Vite
244 1036 427 1075 perempnis
438 1034 577 1072 gloria...
588 1051 626 1055 -
636 1034 708 1063 Dat.
725 1034 835 1069 Rome,
849 1033 932 1072 apud
947 1032 1097 1063 Sanctam

90 1091 223 1122 Mariam
238 1079 404 1128 MaJooem,
423 1098 463 1118 xv
478 1087 633 1118 kalendas
650 1087 739 1122 maii,
761 1095 847 1116 anno
863 1086 1015 1116 secundo.
1042 1099 1053 1111 »

165 1304 283 1333 1015
699 1300 791 1333 Rieti,
809 1302 822 1327 4
835 1300 930 1335 juillet
947 1300 1025 1327 1289.

126 1373 240 1401 Mandat
254 1375 301 1404 ut,
319 1380 376 1399 non
399 1371 530 1398 obstante
556 1371 782 1398 constructionis
804 1371 872 1397 vitio
895 1370 922 1397 in
947 1371 1050 1412 litteris
1065 1370 1099 1396 ad

91 1424 220 1451 abbatem
233 1421 399 1449 monasterii
415 1419 616 1447 Cluniacensis
632 1420 742 1451 missis
759 1420 921 1447 secundum
933 1419 1099 1446 earumdem

89 1472 246 1510 'litterarum
261 1474 390 1497 tenorem
405 1470 587 1505 procedatur.
606 1470 690 1503 (Rae.
706 1470 754 1502 44,
772 1478 797 1496 c.
813 1469 866 1496 270
881 1492 886 1500 ,
902 1470 922 1496 f.
941 1469 989 1496 167
1005 1470 1057 1501 v0.)

138 1639 158 1646 ..
180 1615 412 1645 Bethleemitano
436 1618 461 1643 et
486 1636 504 1642 ..
527 1613 677 1642 Asz’sinati
697 1614 850 1651 episcopis.
871 1612 951 1643 Cum
969 1613 1102 1652 Stepha-

98 1677 157 1698 nus
172 1668 210 1698 de
232 1667 391 1706 Crispeio,
412 1667 525 1696 Petrus
545 1666 583 1696 de
607 1667 766 1703 Lautona,
795 1667 951 1697 [tobei-tus
976 1667 1014 1696 de
1037 1667 1102 1697 No-

97 1725 201 1760 gento,
218 1721 321 1751 Guido
343 1721 381 1751 de
400 1721 516 1751 Sancto
537 1720 683 1756 Gelasio,
704 1720 904 1750 Guillermus
926 1720 964 1750 de
987 1720 1103 1750 Sancto

98 1774 278 1805 Theobaldo
296 1778 326 1804 et
343 1774 547 1804 Guichardus
564 1774 602 1803 de
622 1773 766 1811 Flabeio,
792 1774 930 1812 priores,
954 1773 1103 1804 monachi

99 1829 281 1859 monasterii
305 1828 548 1864 Cluniacensis,
572 1828 611 1857 ad
639 1828 746 1857 sedern
767 1827 972 1866 apostolicam
998 1828 1104 1857 venis-

98 1889 182 1921 sent,
199 1883 413 1922 supplicantes
431 1883 572 1913 Honorio
594 1883 661 1913 IIII
687 1888 720 1912 ut
743 1883 926 1913 reformatio
942 1893 959 1913 a
981 1884 1103 1921 Grego-

99 1937 147 1968 rio
176 1937 269 1967 VIIII
296 1940 410 1966 statuta
438 1937 472 1966 in
500 1937 608 1967 eodem
639 1937 832 1967 monasterio
860 1938 1101 1974 observaretur,

99 1991 273 2022 nonnullos
285 1999 396 2020 eorum
408 1991 504 2020 abbas
516 1991 854 2021 administrationibus
867 1996 897 2020 et
912 1991 1104 2030 prioratibus

101 2043 266 2084 spoliavit3
287 2053 387 2083 quare
403 2044 556 2074 Nicolaus
572 2053 650 2082 papa
666 2044 834 2083 praedictis
848 2044 1002 2083 episcopis
1017 2054 1105 2074 man-

99 2097 184 2128 davit
206 2102 364 2136 quatenus
387 2097 533 2127 abbatem
559 2102 728 2127 monerent
746 2102 780 2127 ut
802 2098 921 2128 eisdem
947 2098 1123 2137 prioribus

101 2151 239 2190 quolibet
258 2160 386 2187 mense,
408 2152 626 2190 prosecutione
651 2151 771 2189 negotii
797 2151 949 2187 durante,
973 2160 1027 2189 pro
1051 2160 1103 2181 eo-

101 2212 171 2235 rum
193 2205 381 2234 necessariis
403 2208 434 2234 et
457 2205 604 2243 expensis
627 2209 754 2234 centum
784 2209 813 2233 et
838 2204 972 2242 viginti,
997 2209 1026 2234 et
1051 2213 1106 2244 pro

101 2256 213 2287 salario
235 2257 461 2288 advocatorum
482 2257 562 2287 anni
587 2257 756 2296 cujuslibet
774 2258 927 2287 ducentas
951 2262 1105 2288 turonen-

101 2310 183 2340 sium
194 2319 363 2349 parvorum
379 2311 490 2348 libras,
504 2320 559 2350 pro
571 2316 638 2340 rata
652 2311 773 2341 scilicet
789 2312 950 2350 temporis,
969 2313 1002 2342 in
1017 2312 1105 2342 curia

102 2371 231 2394 romana
261 2364 300 2394 de
327 2365 532 2403 proventibus
566 2364 755 2394 monasterii
783 2365 943 2402 assignari
975 2365 1104 2395 faceret.

103 2416 271 2456 Episcopus
292 2425 366 2447 vero
388 2417 664 2447 Bethleemitanus
685 2418 720 2446 in
744 2418 802 2447 hoc
826 2419 953 2456 negotio
974 2442 993 2448 ..
1011 2418 1106 2448 Cabi-

104 2469 226 2500 lonensi
244 2470 390 2510 episcopo
406 2471 490 2501 vices
506 2480 578 2500 suas
597 2471 702 2507 dedit3
725 2484 737 2498 u
757 2480 880 2509 verum,
901 2472 976 2510 quia
993 2473 1025 2501 in
1044 2472 1107 2501 eis-

105 2523 174 2553 dem
198 2523 327 2561 litteris‚
346 2525 398 2553 ubi
425 2525 561 2554 ducente
587 2524 668 2554 libre
693 2525 789 2554 scribi
811 2525 934 2562 debuit,
956 2526 1108 2554 ducentas

105 2575 200 2606 libras
224 2577 384 2615 scriptoris
404 2577 482 2607 vitio
502 2578 654 2616 scriptum
675 2578 778 2607 extitit
799 2587 854 2617 per
876 2587 1033 2613 errorem,
1053 2587 1108 2616 pro

105 2634 190 2668 parte
201 2631 275 2660 dicti
291 2631 413 2660 abbatis
429 2631 489 2661 suit
504 2640 612 2661 coram
631 2631 751 2661 eisdem
771 2631 976 2662 Cabilonensi
995 2637 1024 2661 et
1041 2633 1108 2670 ejus

104 2677 232 2722 collegis
249 2684 435 2722 excipiendo
452 2686 647 2723 propositum
669 2685 752 2723 quod
776 2685 895 2714 eisdem
912 2685 1026 2714 litteris
1043 2693 1108 2715 non

107 2740 171 2766 erat
194 2741 320 2776 propter
345 2738 403 2767 lioc
426 2738 519 2773 fides,
542 2743 646 2776 utpote
664 2738 872 2767 manifestum
890 2739 923 2767 in
945 2742 1110 2768 construc-

108 2789 191 2819 tione
207 2796 369 2829 peccatum
386 2791 638 2827 contineutibus
654 2791 846 2825 adhibenda,
861 2796 891 2820 et
907 2800 946 2820 ne
963 2791 1110 2830 procede-

108 2847 193 2873 r-etur
209 2853 264 2882 per
279 2844 365 2883 ipsas
380 2848 489 2873 contra
507 2853 581 2873 eum
599 2844 638 2873 ad
661 2844 768 2873 sedem
784 2844 988 2883 apostolicam
1007 2844 1112 2874 extitit

106 2895 309 2934 appellatum.
330 2909 344 2923 ι)
366 2897 498 2927 Mandat
516 2905 591 2927 vero
614 2906 692 2935 papa
714 2901 765 2933 ut,
789 2907 894 2928 errore
918 2902 947 2928 et
971 2898 1110 2937 appella-

109 2947 192 2979 tione
207 2949 394 2989 hujusmodi
411 2959 476 2980 non
495 2950 705 2986 obstantibus,
722 2951 917 2989 procedatur.

150 3013 165 3029 α
189 3002 302 3033 Dilecti
326 3003 384 3032 filii
405 3002 624 3041 Stephanus...
649 3020 682 3023 -
705 3003 779 3032 Dat.
806 3004 919 3038 Reate,
942 3013 988 3033 1111
1013 3013 1113 3034 non-as

108 3053 194 3092 julii,
210 3063 295 3086 anno
312 3056 462 3086 seeundo.
483 3068 496 3082 n

2118 415 2153 424 —e

1254 455 1507 486 1016-101'2
1759 458 1856 490 Rieu,
1876 459 1906 485 15
1919 458 2012 492 juillet
2031 459 2106 486 1289.

1213 516 1421 551 Indulgentiae.
1439 519 1521 552 (Hi-zo.
1538 520 1587 551 44,
1605 529 1631 546 c.
1649 520 1717 552 271,
1735 521 1755 547 f.
1773 521 1821 547 167
1839 523 1889 554 νῦ.)

1220 640 1239 647 ..
1263 618 1410 649 abbatisse
1436 626 1460 650 et
1487 624 1650 651 conventui
1671 623 1847 652 monasterii
1869 624 2053 653 monialium
2075 624 2182 653 Sancte

1179 671 1265 700 Lucie
1280 677 1366 700 extra
1384 682 1488 702 muros
1499 674 1607 711 Setini,
1624 676 1741 704 ordinis
1757 676 1787 705 S.
1806 677 1964 709 Benedicti.
1982 678 2180 706 Terraconen-

1180 725 1221 752 sis
1242 725 1373 754 diocesis.
1401 726 1639 763 Indulgentiain
1661 733 1790 757 centum
1809 729 1933 758 dierum
1953 729 2097 759 concedit
2112 738 2181 759 om-

1181 776 1276 806 nibus
1292 787 1365 807 vere
1382 779 1616 816 poenitentibus
1632 784 1661 809 et
1676 781 1827 810 confessis
1843 783 1898 819 qui
1914 782 2079 812 ecclesiam
2096 792 2183 820 prae-

1181 830 1257 860 dicti
1271 832 1456 861 monasterii
1470 833 1503 861 iu
1519 833 1651 862 Sanctae
1668 834 1784 863 Luciae
1798 839 1828 863 et
1844 835 1978 864 Sanctae
1992 836 2183 873 Margaritae

1182 884 1422 919 festivitatibus
1436 890 1466 914 et
1483 896 1535 923 per
1550 891 1618 916 octo
1629 887 1697 916 dies
1707 887 1892 918 festivitates
1906 890 1988 927 ipsas
2000 894 2182 927 sequentes,

1180 938 1349 966 annuatim
1369 938 1581 968 visitaverint.

1223 1002 1235 1017 α
1255 991 1326 1020 Vite
1343 993 1523 1030 perempnis
1539 993 1679 1029 gloria...
1696 1009 1736 1015 —
1752 993 1822 1022 Dat.
1841 993 1954 1027 Reate,
1975 994 2083 1023 idibus
2095 994 2184 1032 julii,

1180 1052 1266 1073 anno
1282 1045 1434 1074 seeundo.
1455 1057 1468 1071 n

1767 1099 1860 1131 Rieti,
1878 1100 1911 1126 ΞΟ
1925 1100 2019 1134 juillet
2038 1101 2114 1127 1289.

1221 1160 1258 1189 In
1276 1169 1303 1190 e.
1322 1169 1365 1189 m.
1383 1183 1401 1190 ..
1417 1161 1697 1200 archipresbytero
1713 1166 1742 1192 et
1758 1162 1894 1201 capitulo
1911 1162 2060 1192 ecclesiae
2079 1163 2187 1193 Sancti

1182 1213 1300 1251 Angeli
1316 1214 1354 1243 de
1377 1214 1549 1252 Porziano,
1567 1215 1759 1253 Anagninae
1784 1216 1947 1246 dioecesis.
1973 1216 2112 1246 Eandem
2136 1217 2187 1246 in-

1182 1267 1378 1305 dulgentiam
1412 1268 1557 1298 concedit
1588 1269 1632 1298 eis
1659 1269 1715 1307 qui
1743 1269 1826 1299 hauc
1857 1269 2023 1299 ecclesiam
2051 1269 2188 1307 singulis

1183 1322 1283 1351 sancti
1299 1321 1416 1359 Angeli
1433 1327 1462 1351 et
1484 1322 1592 1352 beatae
1612 1323 1731 1352 Mariae
1747 1323 1983 1359 festivitatibus,
2003 1327 2033 1353 et
2053 1332 2107 1362 per
2121 1327 2188 1353 octo

1183 1374 1250 1404 dies
1262 1380 1442 1413 sequentes,
1453 1376 1622 1405 annuatim
1635 1376 1845 1405 visitaverint.
1858 1376 1929 1405 Dat.
1946 1377 2055 1412 Reate,
2067 1386 2121 1406 xm
2134 1376 2188 1406 ka-

1183 1427 1294 1458 lendas
1308 1428 1447 1466 augusti,
1465 1437 1550 1458 anno
1568 1428 1719 1458 secundo.
1735 1430 1792 1464 (Εη
1808 1428 1940 1467 mai-qe.)

1261 1615 1509 1644 lois-1019

1220 1678 1427 1713 Indulgentiae.
1446 1678 1527 1712 (Rae.
1545 1678 1595 1708 44,
1613 1686 1638 1704 e.
1659 1677 1738 1709 271²,
1756 1677 1776 1703 f.
1795 1678 1842 1704 167
1860 1683 1905 1708 v⁰;
1923 1685 1958 1703 en
1981 1678 2099 1711 mai-ge.)

1776 1614 1863 1645 Rieti,
1881 1614 1914 1641 ‘28
1928 1614 2024 1648 juillet
2042 1614 2118 1641 1289.

1229 1781 1381 1810 Universis
1403 1781 1516 1810 Christi
1535 1781 1675 1817 fidelibus
1691 1785 1841 1817 presentes
1862 1780 1977 1809 litteras
2000 1780 2186 1816 inspecturis.

1186 1833 1426 1871 Indulgentiam
1457 1837 1585 1862 centum
1613 1832 1739 1862 dierum
1769 1832 1913 1862 concedit
1939 1832 2088 1861 omnibus
2117 1840 2190 1861 vere

1186 1887 1421 1925 poenitentibus
1438 1891 1468 1915 et
1489 1886 1642 1915 confessis
1664 1885 1720 1923 qui
1742 1884 1841 1914 altare
1860 1885 1894 1914 in
1919 1884 2051 1914 ecclesia
2077 1885 2191 1914 Beatae

1187 1940 1306 1970 Mariae
1330 1940 1509 1970 Deauratae
1526 1939 1716 1974 Tholosana,
1741 1939 1776 1967 in
1799 1938 1955 1968 honorem
1972 1937 2004 1968 S.
2024 1936 2190 1967 Michaelis

1186 1993 1373 2031 archangeli
1383 1992 1577 2029 dedicatum,
1591 1991 1760 2021 ubimulta
1775 1996 1804 2021 et
1819 1999 1935 2029 magna
1951 1990 2105 2020 miracula
2120 2000 2191 2028 per-

1187 2051 1368 2086 petrantur,
1386 2046 1420 2075 in
1442 2046 1474 2076 S.
1493 2045 1661 2075 Michaelis
1679 2045 1902 2075 festivitatibus
1918 2044 2116 2074 visitaverint
2133 2051 2191 2073 an-

1187 2101 1323 2131 nuatim.

1229 2166 1243 2180 u
1262 2154 1343 2183 Loca
1359 2157 1541 2183 sanctorum
1555 2151 1741 2181 omnium...
1765 2168 1803 2172 —
1822 2151 1892 2180 Dat.
1912 2151 2024 2186 Reate,
2044 2160 2063 2179 v
2081 2150 2192 2179 halen-

1187 2207 1243 2237 das
1258 2207 1396 2245 augusti,
1416 2214 1502 2235 anno
1518 2205 1667 2235 secundo.
1692 2217 1704 2231 »

1783 2284 1868 2317 Rieti,
1886 2284 1917 2311 21
1932 2284 2027 2318 juillet
2046 2283 2120 2310 1-289.

1228 2350 1267 2379 In
1285 2358 1312 2380 e.
1329 2357 1373 2379 m.
1393 2371 1410 2378 ..
1428 2348 1525 2387 priori
1541 2352 1569 2377 et
1587 2347 1724 2386 capitulo
1737 2346 1911 2376 saecularis
1923 2346 2073 2376 ecclesiae
2086 2345 2192 2375 Sancti

1189 2402 1355 2432 Laurentii
1372 2402 1410 2431 de
1426 2401 1573 2437 Gubiata,
1594 2400 1789 2430 Tudertinae
1806 2399 1970 2429 dioecesis.
1990 2398 2131 2428 Eandem
2146 2398 2194 2426 in-

1189 2455 1388 2494 dulgentiam
1405 2454 1548 2484 concedit
1568 2455 1612 2483 eis
1627 2453 1683 2492 qui
1701 2452 1868 2482 ecclesiam
1884 2451 2035 2488 eandem,
2054 2452 2087 2480 in
2113 2450 2192 2480 festo

1190 2510 1221 2539 S.
1243 2508 1420 2543 Laurentii,
1438 2512 1467 2537 et
1481 2516 1534 2545 per
1549 2511 1618 2536 octo
1637 2506 1704 2535 dies
1721 2509 1900 2543 sequentes,
1919 2504 2118 2533 visitaverint
2135 2512 2192 2532 an-

1190 2563 1325 2592 nuatim.
1341 2561 1412 2590 Dat.
1432 2561 1538 2594 Reate,
1556 2569 1598 2589 xn
1617 2559 1770 2588 kalendas
1786 2558 1923 2595 augusti,
1942 2566 2028 2586 anno
2041 2556 2189 2585 secundo.

1266 2733 1382 2762 1020

1227 2797 1272 2823 Ad
1287 2797 1458 2822 solutionem
1469 2794 1630 2820 debitorum
1643 2793 1929 2826 Caesarnugustanae
1946 2792 2098 2818 ecclesiae.
2114 2791 2194 2822 (Rau.

1194 2847 1225 2873 44
1239 2867 1245 2877 ,
1268 2854 1292 2871 c.
1311 2844 1382 2870 271³.
1402 2844 1420 2870 i.
1444 2844 1490 2869 168
1508 2845 1555 2874 ro.)

1807 2729 1901 2762 nien,
1919 2729 1951 2754 -25
1964 2729 2028 2762 juin
2048 2728 2123 2755 1289.

1241 2945 1404 2976 Venerabili
1418 2946 1513 2981 fratri
1530 2944 1660 2981 Hizyorzi,
1683 2943 1814 2980 episcopo
1832 2941 2103 2978 Cesarauqustino‚
2123 2949 2197 2971 con-

1195 3000 1276 3030 cedit
1298 3004 1330 3028 ut
1346 2999 1484 3032 fructus,
1502 2996 1641 3025 redditus
1664 2998 1693 3024 et
1716 2998 1886 3032 proventus
1909 2994 2006 3032 primi
2030 2993 2109 3023 anni
2127 3002 2197 3023 om-

1197 3054 1288 3083 nium
1306 3051 1534 3082 beneficiorum
1554 3048 1842 3079 ecclesiasticorum
1865 3056 1946 3086 quae
1967 3047 2001 3077 in
2026 3047 2199 3077 Caesarau-
