2477 3637
241 397 278 428 30
989 387 1226 420 REGISTRES
1247 388 1302 418 DE
1324 385 1508 417 NICOLAS
1530 385 1585 415 IV.

242 462 390 493 electioni
413 470 446 491 se
469 464 646 500 opponente
669 463 697 489 et
713 458 842 488 demum
862 466 897 486 ex
913 456 1005 486 certis
1022 455 1127 485 causis
1141 454 1180 484 ad
1197 463 1245 484 se-

241 517 313 547 dem
339 514 541 555 apostolicam
565 512 762 552 appellante,
784 511 885 541 felicis
910 509 1062 539 memorie
1084 507 1246 538 Honorius

240 578 337 609 papa,
354 568 555 608 predecessor
578 570 702 602 noster,
721 565 801 594 bone
820 563 973 592 memorie
989 561 1144 592 Comitem
1162 559 1246 590 tituli

240 623 429 654 Sanctorum
453 619 633 651 Marcellini
656 623 684 648 et
707 617 791 647 Petri
813 616 1034 655 presbyterum
1051 614 1246 645 cardinalem

240 677 342 715 primo
368 679 398 704 et
430 679 496 713 post
521 673 645 711 aliquos
674 679 836 710 processus
861 678 966 699 coram
993 670 1060 707 ipso
1085 666 1246 698 cardinale

240 729 362 759 habitos
394 732 456 757 tam
487 726 597 756 eodem
628 724 847 763 predecessore
871 722 1015 752 Honorio
1042 729 1137 760 quam
1164 719 1247 749 dicto

239 780 400 812 cardinale
412 781 496 810 viam
510 780 656 809 universe
673 777 779 807 carnis
795 777 960 814 ingressis,
974 784 1029 806 nos
1046 774 1245 814 postmodum

239 835 352 866 dilecto
380 834 448 864 filio
475 837 582 863 nostro
608 832 736 862 Matheo
766 830 850 861 tituli
879 830 987 860 Sancti
1021 829 1185 859 Laurentii
1213 828 1246 857 in

241 890 376 919 Damaso
393 887 577 926 presbytero
599 884 756 915 cardinali
776 884 939 922 negotium
960 881 1145 921 hujusmodi
1161 889 1245 911 com-

239 942 386 971 misimus
402 939 609 970 audiendum.
628 938 717 968 Idem
735 947 808 968 vero
827 937 973 967 Matheus
988 934 1160 966 cardinalis
1177 942 1245 973 pre-

238 995 358 1025 dictum
374 993 583 1023 Guillelmun]
602 992 721 1031 pluries
737 991 826 1020 citari
850 990 922 1020 fecit
944 990 977 1019 in
1000 988 1164 1018 audientia
1188 996 1246 1025 pu-

238 1048 330 1084 blica,
348 1052 382 1077 ut
397 1051 443 1077 est
457 1047 566 1082 moris,
579 1050 609 1075 et
624 1046 776 1084 cumipse
787 1045 853 1074 sive
866 1043 948 1073 alius
966 1051 1020 1081 pro
1033 1041 1116 1071 eoin
1131 1043 1247 1069 statuto

238 1101 298 1131 sibi
321 1100 456 1130 termino
476 1099 687 1138 peremptorio
708 1105 892 1136 comparere
915 1104 1021 1126 coram
1044 1094 1154 1124 eodem
1174 1093 1246 1122 Ma-

240 1155 311 1185 theo
328 1152 481 1184 cardinali
505 1152 734 1182 contumaciter
762 1159 824 1180 non
848 1153 1005 1184 curasset,
1026 1147 1166 1186 predicto
1186 1146 1247 1175 Be-

237 1207 385 1246 rengario
399 1207 433 1236 in
450 1205 587 1243 singulis
604 1204 751 1234 terminis
767 1206 970 1241 comparente
986 1210 1022 1230 ac
1040 1201 1139 1238 ipsius
1156 1198 1248 1228 Guil-

236 1261 325 1291 lelmi
336 1259 563 1290 contumatiam
575 1261 755 1293 accusante,
765 1255 905 1294 prefatus
917 1254 1066 1284 Matbeus
1076 1251 1248 1282 cardinalis

237 1317 446 1344 memoratum
476 1310 689 1341 Guillelmum
719 1308 896 1347 reputavit,
925 1308 1072 1344 exigente
1100 1304 1226 1343 justitia
1240 1332 1247 1345 Ἰ

236 1374 472 1404 contumacem,
496 1376 531 1397 ac
558 1365 674 1395 deinde
696 1364 771 1393 visis
787 1367 817 1393 et
832 1363 951 1392 auditis
975 1361 1105 1398 litteris,
1126 1361 1247 1389 instru-

238 1422 353 1453 mentis
375 1425 404 1450 et
426 1420 555 1459 juribus
578 1427 633 1457 pro
657 1421 745 1456 parte
766 1416 841 1446 dicti
860 1414 1047 1453 Berengarii
1070 1414 1103 1443 in
1126 1413 1249 1452 judicio

237 1474 391 1505 exhibitis
414 1474 559 1511 factaque
577 1471 668 1502 nobis
690 1479 786 1509 super
808 1469 872 1499 hiis
894 1468 1048 1498 relatione
1071 1466 1159 1496 fideli
1180 1470 1210 1496 et
1230 1474 1248 1495 a

240 1529 329 1559 nobis
354 1525 581 1567 pronuntiandi
604 1533 699 1564 super
719 1524 778 1553 hoc
796 1523 924 1553 obtenta
940 1521 1069 1551 licentia
1085 1519 1248 1559 negotium

239 1582 415 1621 predictum
436 1580 535 1619 ipsius
556 1578 719 1609 electionis
743 1577 819 1607 dicti
837 1575 1004 1606 Guillelmi
1028 1584 1083 1613 per
1105 1572 1245 1612 appella-

242 1635 357 1665 tionem
377 1633 519 1672 eJusdem
537 1631 723 1670 Berengarii
739 1630 778 1660 ad
794 1629 902 1659 sedem
921 1628 1096 1667 predictam
1114 1625 1246 1656 devolu-

241 1693 307 1718 tum
330 1687 394 1716 sore
414 1691 444 1716 et
465 1686 548 1725 apud
566 1694 635 1715 eam
656 1684 783 1714 tractari
799 1683 913 1712 debere
930 1680 1162 1721 pronuntiavit,
1176 1680 1248 1718 jus-

240 1742 308 1771 titia
338 1741 502 1771 suadente.
530 1739 612 1769 Cum
641 1743 766 1774 autem,
794 1737 874 1766 sicut
903 1735 1137 1771 intelleximus,
1161 1734 1248 1763 idem

240 1793 434 1824 Guillelmus
446 1792 618 1832 predictam
633 1791 822 1821 electionem
837 1798 928 1819 suam
939 1798 957 1818 a
970 1786 1107 1827 capitulo
1117 1786 1248 1817 ecclesie

241 1845 496 1881 Terraconensis,
510 1844 570 1875 loci
584 1842 833 1882 Metropolitani,
851 1850 938 1871 nunc
954 1846 1076 1880 pastore
1093 1839 1246 1876 vacantis,

241 1905 310 1939 post
324 1899 569 1938 appellationem
584 1895 758 1937 predictam
775 1896 901 1935 petierit
914 1894 1099 1925 confirmari
1121 1902 1157 1923 ac
1176 1902 1248 1932 pre-

242 1953 314 1983 dicti
333 1952 508 1991 capitulum
531 1950 801 1981 examinationem
819 1953 850 1978 et
868 1946 1146 1978 confirmationem
1167 1945 1247 1976 elec-

245 2007 337 2037 tionis
355 2005 499 2045 ejusdem
517 2028 536 2034 ..
556 2004 727 2043 preposito,
747 2025 767 2031 ..
786 2001 963 2041 precentori
982 2004 1012 2030 et
1029 1999 1192 2030 Bernardo
1210 1998 1249 2028 de

245 2061 380 2090 Vei-neto
405 2058 558 2089 canonico
584 2055 875 2087 Terraconensibus
900 2058 987 2084 motu
1010 2053 1137 2092 proprio
1162 2060 1249 2082 com-

243 2116 367 2146 misisse
390 2115 557 2150 dicantur,
580 2122 638 2143 nos
663 2112 863 2142 attendentes
884 2110 968 2149 quod
993 2109 1092 2148 ipsius
1118 2107 1249 2138 ecclesie

247 2168 417 2199 ilerdensis
433 2167 572 2207 provisio
585 2167 674 2205 juxta
690 2163 937 2194 reservationem
952 2167 981 2192 et
995 2162 1157 2192 decretum
1173 2161 1250 2190 dicti

244 2222 472 2262 predecessoris
497 2221 597 2251 nostri
616 2219 748 2249 Martini
766 2219 800 2247 iu
820 2217 958 2257 predicte
980 2216 1064 2246 sedis
1082 2214 1250 2254 apostolice

244 2276 450 2315 dispositione
478 2273 636 2310 consistit,
661 2271 845 2302 discretioni
872 2275 974 2300 vestre
1000 2279 1055 2308 per
1081 2267 1251 2307 apostolica

244 2330 360 2368 scripta
383 2328 574 2358 mandamus
597 2330 755 2365 quatenus
776 2333 830 2354 vos
854 2323 903 2354 vel
926 2323 1005 2353 alter
1028 2328 1168 2352 vestrum
1195 2330 1251 2360 per

246 2391 298 2412 vos
316 2382 365 2412 vel
384 2391 438 2421 per
454 2381 553 2411 aliurn
571 2389 625 2410 seu
642 2379 718 2409 alios
733 2377 871 2417 capitulo
889 2380 919 2407 et
940 2375 1089 2415 predictis
1106 2384 1161 2404 seu
1177 2374 1250 2412 qui-

244 2437 442 2474 buscumque
464 2434 537 2465 aliis
558 2432 701 2473 ejusdem
720 2430 850 2470 capituli
868 2428 1096 2460 commissariis
1111 2437 1148 2457 ex
1164 2430 1252 2466 parte

245 2494 352 2520 nostra
373 2488 520 2518 inhibere
544 2487 662 2517 curetis
682 2494 723 2515 ne
743 2484 782 2514 de
804 2483 943 2523 predicta
960 2482 1113 2512 electione
1129 2488 1251 2510 memo-

246 2544 303 2573 rati
319 2541 484 2573 Guillelmi
501 2539 715 2571 examinando
734 2537 784 2568 vel
807 2535 1027 2568 confirmando
1046 2534 1181 2565 eandem
1197 2537 1253 2563 aut

245 2597 307 2627 alio
331 2596 443 2635 quovis
462 2594 555 2625 modo
576 2603 609 2624 se
630 2593 834 2632 aliquatenus
853 2590 1069 2620 intromittant
1089 2596 1193 2626 neque
1213 2586 1252 2616 de

245 2652 312 2689 ipsa
338 2650 510 2689 quicquam
533 2648 702 2687 disponere
725 2645 790 2675 sive
815 2647 1002 2682 attemptare
1027 2645 1250 2680 presumant...

248 2704 319 2733 Dat.
337 2704 447 2740 Reate,
462 2712 527 2732 xvn
544 2700 699 2731 kalendas
716 2698 859 2738 augusti,
874 2705 960 2727 anno
978 2696 1092 2735 primo.
1117 2706 1130 2721 ι)

321 2889 406 2918 ¹84
865 2883 956 2917 Rieti,
975 2882 1006 2910 13
1019 2883 1084 2917 juin
1101 2880 1178 2908 1288.

284 2951 469 2987 Dispensatio
485 2949 668 2977 matrimonii.
687 2948 769 2982 (Rae.
785 2948 828 2979 44,
845 2955 869 2974 c.
887 2947 930 2979 99,
948 2946 967 2972 f.
984 2945 1017 2972 ‘34
1034 2944 1084 2978 νο.)

295 3067 461 3098 Venerabili
476 3066 570 3103 fratri
588 3087 607 3095 ..
622 3065 754 3102 episcopo
770 3062 926 3092 Eistetensi
946 3059 1075 3090 mandat
1094 3061 1252 3098 quatenus

1329 462 1402 484 cum
1428 451 1526 482 nobili
1552 451 1618 480 viro
1648 448 1815 479 Frederico
1843 448 1958 478 comite
1982 448 2020 478 de
2047 447 2278 485 Truendingen
2304 450 2334 476 et

1331 505 1429 536 nobili
1461 505 1596 535 muliere
1623 504 1747 541 Agnete
1770 505 1844 531 nata
1865 501 2027 539 quondam
2054 501 2186 531 Heni-ici
2209 499 2333 530 comitis

1330 559 1368 589 de
1385 558 1584 589 Wirtenbert
1607 556 1768 595 dispenset
1784 559 1835 591 ut,
1858 563 2043 594 quanquam
2061 559 2173 593 quarto
2197 561 2333 583 consan-

1330 612 1496 651 guinitatis
1512 610 1610 649 gradu
1624 608 1786 648 conjuncti
1799 608 1863 638 sint
1877 612 1907 638 et
1917 607 2019 638 dictus
2034 607 2221 638 Fredericus
2233 615 2334 645 quon—

1330 665 1404 695 dam
1425 664 1570 695 Conrado
1593 663 1699 694 comiti
1721 662 1759 692 de
1777 661 1937 699 Oetingen
1961 661 2037 691 olim
2060 662 2127 691 viro
2150 661 2249 699 ipsius
2266 660 2333 696 Ag-

1331 719 1412 748 netis
1428 718 1528 756 gradu
1545 717 1654 753 simili,
1666 716 1741 746 dum
1759 715 1888 752 viveret,
1905 715 2064 751 attineret,
2078 715 2109 744 in
2127 712 2334 743 matrimonio

1331 771 1413 810 qnod
1429 770 1505 801 olim
1525 772 1751 800 contraxerunt
1771 772 1801 798 et
1823 769 1856 797 in
1879 776 1940 806 quo
1965 766 2070 806 plures
2090 766 2172 797 filios
2188 773 2333 805 procrea-

1330 829 1418 862 runt,
1431 833 1531 863 quum
1548 822 1732 863 hujusmodi
1748 821 2016 861 impedimentum
2027 820 2223 858 ignorarent,
2234 826 2336 848 rema-

1330 886 1407 907 nere
1422 876 1558 907 valeant.

1372 943 1384 958 u
1405 930 1552 960 Exhibita
1569 930 1658 960 nobis
1674 929 1819 959 dilecti...
1836 944 1876 950 —
1897 927 1966 957 Dat.
1986 926 2099 963 Reate,
2115 926 2222 956 idibus
2237 925 2334 964 junii,

1329 993 1415 1014 anno
1436 984 1548 1023 primo.
1568 995 1580 1010 n

1405 1181 1596 1211 185-186
1935 1180 2027 1210 Rieu,
2049 1179 2078 1206 13
2094 1179 2161 1206 aout
2180 1177 2256 1206 1288.

1367 1245 1499 1280 Philippo
1517 1244 1690 1270 Francorum
1707 1244 1768 1278 regi
1790 1243 1919 1277 indulget
1936 1246 1965 1269 ut
1987 1241 2082 1268 clerici
2102 1242 2167 1275 eJ'us
2191 1240 2339 1275 obsequiis

1332 1295 1500 1321 insistentes
1513 1293 1634 1325 fructus,
1647 1292 1775 1319 redditus
1786 1297 1814 1319 et
1825 1296 1981 1327 proventus
1997 1290 2203 1317 beneficiorum
2219 1297 2339 1316 suorum

1332 1343 1442 1375 integre
1460 1341 1608 1377 percipere
1624 1341 1746 1376 possint.
1763 1341 1846 1373 (Rae.
1864 1341 1913 1374 44,
1930 1349 1955 1367 c.
1982 1341 2046 1371 lot),
2064 1340 2083 1366 f.
2106 1339 2140 1366 24
2157 1344 2203 1372 νος
2218 1337 2286 1365 Lae.
2303 1346 2339 1366 nu

1330 1392 1435 1423 Tanis,
1453 1391 1485 1422 I,
1504 1390 1556 1420 33.)

1372 1508 1538 1537 Carissimo
1556 1507 1588 1536 in
1607 1507 1724 1536 Christo
1742 1506 1806 1543 filio
1824 1506 1964 1544 Philippo
1980 1507 2044 1543 reqi
2062 1507 2190 1536 Francie
2208 1506 2337 1535 illustri.

1333 1573 1346 1588 α
1371 1560 1509 1591 Grandis
1532 1560 1663 1589 affectus
1691 1568 1787 1598 quem
1818 1558 1857 1588 ad
1885 1567 2054 1597 personam
2080 1563 2165 1589 tuam
2196 1558 2339 1597 gerimus

1331 1615 1444 1644 merito
1461 1622 1518 1644 nos
1536 1613 1661 1643 inducit
1677 1616 1710 1642 ut
1725 1612 1765 1642 ad
1779 1612 1851 1642 illos
1867 1612 1921 1651 qui
1937 1612 1990 1642 tibi
2006 1612 2202 1651 obsequntur
2212 1615 2339 1651 aposto—

1331 1668 1425 1698 licam
1437 1667 1571 1706 gratiam
1584 1666 1804 1696 extendamus.
1817 1666 1927 1704 Regiis
1939 1666 2046 1705 itaque
2060 1665 2206 1704 precihus
2221 1665 2339 1696 favora⁴

1330 1721 1437 1751 biliter
1452 1724 1631 1750 annuentes
1647 1720 1834 1750 auctoritate
1852 1720 1908 1749 tibi
1924 1719 2121 1758 presentium
2132 1717 2340 1757 indulgemus

1331 1779 1365 1805 ut
1380 1774 1486 1804 clerici
1513 1774 1568 1811 tui,
1592 1782 1671 1813 quos
1692 1782 1780 1803 nnnc
1805 1773 1904 1803 habes
1921 1777 1951 1802 et
1970 1772 2102 1802 habebis
2124 1772 2157 1802 in
2179 1776 2340 1812 posterum

1332 1828 1395 1858 tuis
1406 1827 1568 1866 obsequiis
1586 1827 1782 1864 insistentes,
1798 1826 1942 1864 quandiu
1955 1825 2076 1855 eisdem
2092 1824 2254 1864 obsequiis
2270 1825 2340 1855 fue-

1331 1881 1396 1912 rint
1410 1881 1590 1917 immorati,
1611 1880 1748 1915 fructus,
1766 1879 1910 1909 redditus
1927 1883 1957 1908 et
1977 1882 2149 1917 proventus
2167 1877 2340 1908 beneflcio-

1331 1944 1403 1965 rum
1431 1943 1564 1964 suorum
1591 1933 1898 1970 ecclesiasticorum,
1923 1932 2048 1962 etiamsi
2074 1935 2262 1970 personatus
2286 1937 2342 1961 aut

1332 1989 1502 2027 dignitates
1517 1987 1655 2018 existant
1671 1991 1701 2016 et
1716 1995 1752 2016 cu
1760 1995 1826 2016 ram
1843 1986 1984 2015 habeant
1997 1985 2194 2021 animarum,
2207 1984 2339 2015 cotidia-

1332 2042 1382 2071 nis
1396 2040 1678 2071 distributionibus
1692 2040 1856 2069 dumtaxat
1871 2039 2018 2077 exceptis,
2036 2038 2161 2076 integre
2178 2038 2340 2077 percipere

1332 2094 1469 2131 valeant,
1488 2103 1524 2124 ac
1539 2093 1566 2123 si
1587 2092 1796 2132 personaliter
1812 2092 1845 2121 in
1862 2091 2014 2126 ecclesiis,
2033 2091 2067 2120 in
2090 2091 2206 2130 quibus
2231 2098 2340 2130 perso-

1333 2152 1426 2178 natus
1442 2147 1493 2178 vel
1509 2147 1682 2185 dignitates
1697 2150 1751 2175 aut
1771 2145 1927 2175 beneficia
1947 2145 2015 2184 ipsa
2037 2144 2198 2181 obtinent,
2219 2143 2338 2174 reside-

1331 2205 1415 2237 rent,
1435 2209 1493 2231 nec
1510 2200 1638 2230 interim
1658 2199 1696 2229 ad
1712 2198 1894 2228 faciendum
1910 2198 1945 2227 in
1961 2197 2054 2227 dictis
2072 2196 2214 2227 ecclesiis
2230 2205 2340 2236 perso-

1333 2254 1441 2284 nalem
1460 2253 1667 2283 residentiam
1688 2256 1870 2291 teneantur‚
1888 2260 1991 2290 neque
2015 2250 2054 2280 ad
2082 2250 2114 2280 id
2141 2259 2158 2280 a
2179 2259 2340 2290 quoquam

1333 2307 1613 2342 valeantcoartari,
1629 2314 1693 2336 non
1705 2305 1904 2335 obstantibus
1917 2305 1943 2334 si
1954 2304 2030 2334 dicti
2046 2304 2155 2334 clerici
2167 2304 2202 2333 in
2218 2303 2339 2335 eisdem

1335 2361 1477 2391 ecclesiis
1500 2368 1564 2390 non
1592 2359 1726 2389 fecerint
1744 2358 1880 2397 primam
1906 2357 2107 2396 personalem
2133 2357 2340 2387 residentiam

1334 2418 1518 2446 consuetam
1535 2421 1631 2452 quam
1647 2412 1750 2442 facere
1768 2415 1935 2441 teneantur
1957 2419 1976 2440 a
1995 2411 2055 2440 tuis
2070 2411 2234 2450 obsequiis
2250 2419 2340 2441 rece—

1334 2469 1445 2498 dentes
1456 2491 1463 2504 ,
1482 2475 1536 2497 seu
1552 2467 1735 2505 juramento
1750 2465 1789 2495 ab
1804 2465 1881 2504 ipsis
1896 2465 2043 2504 prestito,
2063 2464 2148 2503 quod
2163 2472 2228 2494 non
2244 2464 2343 2502 impe-

1335 2521 1464 2552 trabunt
1487 2529 1543 2559 per
1570 2528 1603 2549 se
1628 2519 1679 2549 vel
1704 2518 1782 2549 alios
1812 2527 1906 2557 super
1933 2518 1998 2547 hiis
2022 2518 2061 2548 ab
2076 2517 2246 2557 apostolica
2267 2517 2341 2548 sede

1334 2575 1468 2614 gratiam
1488 2577 1518 2603 et
1535 2573 1702 2612 impetrata
1720 2572 1816 2602 etiam
1832 2572 1871 2601 ab
1887 2571 1951 2601 alio
1967 2580 2031 2602 non
2050 2575 2193 2608 utentur,
2210 2574 2241 2600 et
2262 2578 2341 2601 con-

1335 2629 1440 2659 trariis
1456 2627 1662 2658 ecclesiarum
1678 2627 1821 2665 ipsarum
1837 2625 2125 2656 consuetudinibus
2136 2623 2187 2655 vel
2202 2625 2339 2662 statutis,

1331 2683 1524 2721 juramento,
1537 2679 1779 2710 confirmatione
1794 2679 1877 2708 sedis
1893 2678 2064 2718 apostolice
2078 2682 2133 2708 aut
2148 2677 2211 2708 alia
2226 2678 2341 2717 quavis

1334 2735 1485 2764 firmitate
1501 2733 1636 2770 vallatis,
1654 2737 1684 2762 et
1699 2732 1843 2771 qualibet
1858 2732 1920 2763 alia
1936 2732 2055 2772 prefate
2071 2731 2154 2762 sedis
2169 2730 2340 2770 indulgen-

1336 2789 1378 2818 tia
1403 2787 1544 2826 generali
1575 2785 1625 2816 vel
1651 2785 1779 2825 speciali
1804 2786 2036 2825 cujuscumque
2065 2785 2183 2816 tenoris
2208 2785 2339 2822 existat,

1335 2849 1390 2880 per
1411 2848 1507 2879 quam
1533 2839 1565 2869 id
1586 2839 1734 2878 impediri
1759 2839 1861 2869 valeat
1880 2839 1930 2870 vel
1952 2838 2094 2874 differri,
2115 2840 2145 2868 et
2168 2837 2207 2868 de
2225 2837 2340 2876 quain

1335 2893 1535 2933 presentibus
1558 2891 1652 2931 plena
1674 2897 1704 2922 et
1726 2901 1875 2932 expressa
1891 2901 1945 2923 seu
1971 2892 2010 2922 de
2027 2891 2123 2922 verbo
2145 2891 2185 2920 ad
2207 2890 2340 2921 verbum

1335 2946 1455 2977 mentio
1479 2946 1519 2975 sit
1546 2945 1705 2975 habenda.
1735 2946 1866 2977 Proviso
1889 2945 1973 2985 quod
1997 2945 2127 2976 interim
2154 2933 2339 2983 huJusmodi

1335 3000 1516 3038 dignitateS,
1532 3004 1719 3038 personatus
1736 3004 1766 3029 et
1780 2999 1935 3030 beneficia
1953 2999 2068 3029 debitis
2093 2997 2255 3037 obsequiis
2276 3005 2340 3028 non

1335 3053 1534 3090 fraudentur,
1551 3057 1582 3082 et
1603 3053 1788 3083 animarum
1806 3062 1881 3084 cura
1896 3053 1929 3083 in
1952 3053 1996 3082 eis
2017 3052 2133 3091 quibus
2157 3051 2214 3082 illa
2230 3051 2341 3081 immi-
