2342 3652
891 335 1119 376 DEUXInME
1140 332 1298 374 ANNiin.
2084 344 2136 374 151

49 430 64 446 n
87 417 237 448 omnibns
253 419 283 445 et
301 415 342 454 (1)
358 414 496 452 singulis
517 413 659 444 ecclesiis
682 417 712 443 et
736 412 956 443 ecclesiasticis
975 420 1048 450 per-

47 483 61 498 »
87 470 173 500 sonis
192 468 285 506 regni
304 468 435 506 predicti
452 467 695 506 stipulantibus,
713 465 914 496 sollemniter
931 464 1049 503 promi-

47 536 60 552 ι
86 526 205 558 serunt,
220 521 349 551 nomine
362 521 475 559 prefati
489 520 573 558 regis
583 524 614 549 et
627 528 683 558 pro
693 519 772 557 ipso,
786 518 925 548 eundem
941 525 1049 554 regem

49 588 64 604 2
86 583 229 614 expresse
255 574 507 607 ratificaturum‚
538 571 786 611 approbaturum
813 575 844 600 et
868 574 1047 608 acceptatu-

48 641 63 658 ι
85 637 155 658 rum
177 627 286 657 omnia
311 632 340 656 et
367 626 495 664 singula
514 630 661 656 contenta
678 624 712 653 in
729 623 773 663 (2)
788 622 1048 662 responsionibus

49 695 64 711 n
87 680 294 720 supradictis,
320 684 349 709 et
376 684 439 709 tam
462 688 494 708 se
521 687 618 717 quam
645 686 717 707 suos
743 676 901 715 quoslibet
926 684 1048 705 succes-

49 747 64 763 »
85 743 168 765 sores
185 734 217 763 in
238 741 336 770 reguo
355 732 474 770 prefato
493 731 604 761 eadem
622 730 729 760 omnia
747 734 777 758 et
792 728 919 766 singula
935 737 996 766 que
1012 728 1047 757 in

49 800 63 816 ι
85 786 176 818 dictis
192 785 454 824 responsionibus
472 783 688 818 continentur,
706 786 798 821 prout
813 790 925 811 eorum
941 782 1049 819 singu-

49 853 62 869 ι
84 840 188 871 lorum
203 838 340 877 qualitas
365 838 477 875 exigit,
494 836 588 876 plene
606 835 834 874 adimplendis,
853 839 881 864 et
897 839 1048 873 perpetuo

0 893 1 899 ¹
47 905 62 922 ι
84 902 138 933 per
162 901 195 922 se
219 900 254 921 ac
276 899 472 920 successores
495 898 568 919 suos
589 888 819 918 inviolabiliter
841 887 1047 918 observandis

0 951 1 954 ’
47 959 62 976 x
83 947 116 977 in
134 945 235 976 forma
253 952 348 982 quam
368 943 457 972 sedes
473 943 583 972 eadem
602 951 696 979 super
712 941 772 971 hoc
787 941 817 970 ei
833 940 959 970 duxerit
976 940 1047 969 des-

46 1011 62 1028 »
83 999 255 1030 tinaudam.

84 1063 99 1080 »
123 1051 228 1081 Tenor
248 1059 322 1080 vero
345 1048 553 1079 articulorum
576 1047 790 1086 predictorum
813 1050 843 1076 et
866 1046 1046 1085 responsio-

46 1117 61 1134 »
81 1113 176 1142 num,
196 1107 229 1133 ut
247 1103 434 1141 predicitur,
458 1101 700 1131 subsecutarum
724 1100 763 1129 ad
786 1100 870 1139 ipsas
889 1100 928 1129 de
952 1099 1047 1129 verbo

45 1169 61 1187 »v
81 1157 120 1188 ad
141 1157 272 1186 verbum
297 1155 366 1185 talis
390 1160 446 1186 est.

83 1275 97 1292 ι
121 1263 175 1294 Hii
200 1267 274 1293 sunt
299 1262 425 1292 articuli
451 1261 508 1300 qui
534 1269 590 1299 pro
616 1264 702 1299 parte
734 1259 929 1298 prelatorum
955 1259 1047 1297 regni

46 1330 62 1347 ι
83 1317 262 1355 Portugalie
278 1321 308 1346 et
325 1315 471 1354 Algarbii
486 1323 593 1345 coram
609 1314 712 1344 felicis
728 1313 957 1344 recordationis
972 1322 1045 1352 pre-

45 1383 62 1400 »
82 1371 165 1401 dicto
180 1370 310 1400 domino
326 1369 490 1399 Clemente
508 1377 586 1407 papa
603 1368 669 1397 IIII
686 1368 815 1397 fuerunt
830 1367 927 1397 oblati
946 1377 953 1396 ε

83 1436 98 1452 ιι
121 1424 250 1454 Primus
269 1422 421 1453 articulus
442 1426 489 1451 est
511 1431 517 1451 :
538 1421 576 1450 In
599 1421 710 1460 primis
730 1421 816 1450 idem
841 1430 893 1450 rex
917 1428 971 1458 pro
989 1429 1045 1450 sua

45 1489 61 1506 »
83 1477 243 1508 voluntate
264 1474 426 1514 compellit
449 1475 571 1513 priores
594 1479 623 1503 et
644 1474 817 1503 abbatissas
838 1483 873 1503 ac
897 1473 1044 1503 ecclesia-

46 1541 61 1559 ι
82 1539 152 1560 rum
166 1533 302 1560 rectores
318 1533 352 1558 ut
367 1528 558 1567 prioratibus
575 1532 605 1557 et
619 1527 755 1557 abbatiis
773 1532 802 1556 et
819 1526 961 1556 ecclesiis
979 1527 1045 1556 suis

46 1596 61 1612 ι
82 1585 279 1620 renuntient,
296 1583 437 1612 maxime
453 1583 487 1611 in
503 1581 569 1611 illis
585 1581 789 1611 monasteriis
805 1585 835 1610 et
853 1581 996 1610 ecclesiis
1010 1581 1044 1610 in

47 1649 62 1666 ι
82 1637 195 1677 quibus
219 1636 382 1666 contendit
403 1636 458 1674 jus
481 1639 665 1674 patronatus
686 1634 814 1676 habere.
840 1633 1046 1672 Respondent

46 1702 61 1719 a
82 1690 233 1720 Martinus
250 1689 352 1724 Petri,
376 1693 486 1719 cantor
503 1688 707 1724 Elborensis‚
727 1692 758 1717 et
774 1687 939 1717 Johannes
959 1687 1044 1716 Mar-

47 1755 62 1772 »
84 1743 157 1780 tini,
181 1743 353 1773 canonicus
381 1741 642 1778 Colimbriensis,
673 1745 890 1780 procuratores
914 1740 1047 1779 predicti

49 1807 62 1824 n
82 1795 204 1827 domini
220 1796 274 1832 D.,
291 1795 375 1833 regis
392 1794 576 1833 Portugalie
592 1799 621 1824 et
637 1793 895 1832 Alga1·hii,‘quod
910 1794 976 1832 ipse
993 1803 1046 1822 rex

48 1861 63 1877 ι
84 1857 145 1879 non
168 1849 242 1880 fecit
266 1849 420 1878 hactenus
445 1848 519 1885 hec,
547 1852 577 1877 et
602 1847 793 1887 promittunt
820 1848 889 1886 ejus
915 1847 1046 1877 nomine

46 1913 59 1929 ι
84 1902 165 1942 quod
180 1911 243 1933 non
259 1902 353 1932 faciet
368 1902 402 1931 in
418 1902 573 1931 futurum.

85 1967 99 1983 n
122 1955 284 1986 Secundus
299 1955 453 1985 articulus
470 1959 516 1984 est
534 1965 540 1984 :
559 1954 593 1984 Si
612 1954 749 1993 episcopi
770 1953 819 1983 vel
838 1953 1046 1983 ecclesiarum

48 2019 63 2036 ι
83 2012 215 2039 rectores
230 2009 264 2038 in
280 2008 506 2047 parrochianos
521 2007 566 2047 (3)
581 2016 665 2044 suos,
682 2016 738 2046 pro
754 2016 789 2037 eo
805 2007 890 2045 quod
909 2006 1047 2036 decimas

48 2073 62 2090 ι
84 2066 114 2092 et
127 2051 189 2092 alia
199 2063 273 2101 jura
290 2062 352 2092 sibi
369 2062 473 2092 debita
491 2070 555 2091 non
576 2060 705 2091 solvunt
720 2060 852 2097 eisdem,
867 2068 1049 2089 excommu-

47 2125 62 2142 n
84 2115 250 2146 nicationis
268 2115 375 2144 ferunt
391 2114 579 2150 sententias,
597 2113 647 2143 vel
661 2113 730 2143 loca
747 2117 929 2151 supponunt
949 2112 1048 2142 eccle-

49 2179 63 2196 »
85 2168 208 2199 siastico
225 2168 410 2205 interdicto,
431 2167 558 2206 justitia
579 2167 743 2204 exigente,
770 2166 919 2196 dominus
942 2175 997 2194 rex
1021 2168 1051 2195 et

46 2233 60 2248 ι
84 2221 146 2260 sui,
166 2221 329 2252 occasione
353 2221 554 2260 hujusmodi,
575 2220 903 2250 excommunicatores
920 2219 1051 2248 banniri

49 2285 64 2302 ι
85 2274 203 2306 faciunt
217 2279 248 2305 et
262 2275 324 2305 alia
339 2275 423 2305 bona
442 2283 558 2304 eorum
574 2273 732 2312 occupari.
750 2272 957 2311 Respondent
976 2273 1052 2314 dicti

50 2337 64 2354 ι
85 2332 297 2367 procuratores
320 2327 403 2366 quod
426 2327 513 2357 idem
540 2336 595 2357 rex
617 2330 764 2357 contenta
783 2326 815 2355 in
836 2326 971 2356 articulo
986 2334 1050 2355 non

1 2415 4 2419 ἦ
50 2391 64 2408 o
85 2380 156 2411 fecit
169 2380 338 2417 hactenus,
357 2384 387 2410 et
402 2380 594 2419 promittunt
615 2379 698 2418 quod
721 2388 784 2409 non
805 2379 899 2409 saciet
917 2380 948 2408 in
965 2379 1052 2408 futu-

0 2447 2 2459 ι
51 2445 64 2460 n
86 2442 167 2469 rum,
185 2437 216 2463 et
230 2433 313 2472 qnod
325 2457 332 2471 ,
351 2434 377 2462 si
397 2437 509 2463 contra
525 2442 581 2472 per
599 2441 671 2462 suos
691 2432 833 2462 subditos
849 2432 966 2462 factum
983 2432 1052 2461 fne-

51 2497 66 2512 ι
87 2487 141 2523 rit,
157 2486 280 2525 J'ustitie
298 2485 571 2524 complementum
587 2485 856 2524 conquerentibus
875 2484 1048 2521 exhibebit,

52 2550 65 2566 ι
87 2543 232 2578 occupata
248 2539 372 2568 restitui
389 2543 420 2568 et
435 2538 472 2568 de
488 2539 622 2578 injuriis
639 2539 789 2568 satisfieri
804 2538 960 2569 faciendo.

91 2603 105 2619 ι»
127 2592 254 2622 Tertius
272 2591 426 2621 articulus
443 2596 490 2621 est
508 2601 514 2621 :
536 2592 618 2622 Item
636 2592 663 2621 si
682 2592 819 2631 episcopi
835 2591 884 2621 vel
900 2591 956 2621 alii
977 2600 1051 2622 con-

53 2655 67 2672 »
88 2645 222 2675 veniunt
238 2653 293 2675 seu
310 2645 484 2674 convenire
500 2644 600 2674 velint
614 2645 752 2681 abbates,
770 2645 954 2681 abbatissas,
972 2645 1052 2684 prio-

53 2708 68 2724 »
89 2705 140 2728 res
157 2702 211 2728 aut
231 2697 311 2728 alias
333 2706 484 2736 personas
504 2698 744 2736 ecclesiasticas,
765 2698 952 2729 auctoritate
968 2699 1053 2729 litte-

54 2761 69 2777 »
91 2759 197 2781 rarum
221 2751 306 2781 sedis
326 2750 511 2789 apostolice,
528 2751 667 2790 prelatus
682 2761 736 2782 rex
758 2752 791 2781 id
813 2752 883 2782 fieri
900 2761 964 2782 non
981 2761 1053 2791 per-

55 2813 69 2829 »
91 2803 197 2833 mittit.
225 2803 432 2842 Respondent
458 2808 675 2841 procuratores
701 2804 832 2843 predicti
857 2805 941 2844 quod
967 2805 1052 2835 idem

83 2927 179 2959 (1)·Με.
195 2937 201 2952 ;
218 2931 245 2952 et.
258 2929 394 2953 omnibus.

84 2971 116 3004 (2)
130 2975 179 2997 Ms.
196 2982 203 2997 .·
219 2976 245 2997 et
261 2980 298 2997 au
315 2975 370 2997 lieu
388 2975 421 2997 de
436 2973 474 2998 in.

85 3016 118 3048 (³)
132 3019 182 3042 Με.
199 3026 205 3041 .·
218 3018 369 3048 parrochia.

1135 421 1148 436 2>
1172 419 1227 439 rex
1248 418 1312 439 non
1334 410 1408 440 fecit
1426 411 1485 440 hec
1507 410 1681 446 hactenus,
1706 413 1736 439 et
1758 408 1949 447 promittunt
1967 409 2051 447 quod
2070 410 2140 448 ipse

1131 475 1143 489 n
1172 471 1237 492 non
1253 463 1346 493 faciet
1366 465 1401 493 in
1426 464 1590 500 futurum,
1609 467 1638 493 et
1659 462 1743 502 quod
1760 462 1919 501 permittet
1938 462 2023 500 ipsos
2039 461 2140 492 libere

1132 527 1147 543 n
1171 516 1219 546 uti
1235 516 1348 546 litteris
1365 517 1556 555 apostolicis.

1173 581 1186 597 α
1210 569 1349 605 Quartus
1366 570 1519 599 articulus
1539 574 1585 599 est
1602 579 1608 598 :
1627 569 1709 598 Item
1729 569 1755 598 si
1778 568 1857 598 forte
1874 568 1993 597 feratur
2008 568 2139 597 deffini-

1132 634 1145 649 ι)
1171 622 1235 651 tiva
1256 622 1416 652 sententia
1432 631 1487 661 pro
1503 627 1624 659 actore,
1646 631 1710 651 non
1735 621 1946 661 permittit(l)
1960 620 2140 651 executioni

1132 686 1146 701 »
1171 675 1317 705 mandari
1335 681 1365 705 et
1382 676 1480 706 actori
1494 675 1636 714 judicata
1652 675 1787 714 precipit
1801 675 1964 714 occupari,
1987 675 2046 704 sibi
2063 674 2140 704 reti-

1132 740 1145 755 »
1171 737 1252 759 nens
1267 734 1428 768 occupata.
1447 729 1656 767 Respondent
1673 733 1891 767 procuratores
1909 721 2040 767 predicti
2055 728 2140 767 quod

1132 794 1146 808 r>
1169 781 1257 811 idem
1273 791 1326 811 rex
1344 790 1408 811 non
1428 782 1500 811 fecit
1522 782 1580 811 bec
1602 781 1775 818 hactenus,
1796 785 1826 811 et
1847 782 2038 819 promittunt
2054 780 2140 820 quod

1134 846 1145 860 n
1170 834 1238 872 ipse
1263 843 1327 864 non
1349 835 1443 864 faciet
1465 835 1498 863 in
1524 835 1688 870 futurum,
1711 839 1741 863 et
1765 834 1849 872 quod
1876 834 2036 873 permittet
2055 834 2140 873 quod

1131 898 1146 914 »
1171 888 1327 917 sententie
1344 888 1523 917 executioni
1540 887 1682 925 legitime
1697 887 1944 917 demandentur.

1173 952 1185 968 n
1205 941 1345 976 Quintus
1363 940 1516 973 articulus
1535 945 1581 970 est
1598 950 1604 970 :
1625 941 1706 970 Item
1725 941 1751 970 si
1769 941 2038 979 archiepiscopus,
2056 942 2140 979 epis-

1131 1006 1145 1021 »
1171 995 1238 1033 copi
1259 994 1309 1024 vel
1334 1002 1444 1024 eorum
1471 994 1583 1023 vicarii
1605 993 1711 1023 locum
1736 993 1877 1032 aliquem
1902 993 1951 1023 vel
1974 993 2141 1024 ecclesiam

1131 1059 1145 1074 n
1171 1052 1356 1086 supponunt
1384 1047 1597 1077 ecclesiastico
1626 1047 1814 1084 interdicto,
1845 1047 1896 1077 vel
1926 1047 1961 1076 in
1991 1048 2141 1078 homines

1131 1112 1145 1127 n
1169 1100 1270 1138 ipsius
1294 1100 1380 1137 regis
1403 1100 1759 1136 excommunicationis,
1775 1101 2004 1139 proutjustitia
2019 1100 2138 1139 exigit,

1131 1168 1144 1183 »
1169 1156 1273 1185 serant
1301 1156 1493 1192 sententias,
1515 1156 1665 1185 dominus
1692 1164 1745 1185 rex
1771 1160 1801 1185 et
1824 1156 1873 1185 sui
1902 1156 2062 1194 episcopos
2089 1155 2140 1185 vel

1131 1221 1145 1236 ι)
1170 1217 1280 1238 eorum
1304 1209 1437 1238 vicarios
1456 1209 1494 1238 ad
1520 1208 1730 1238 relaxandum
1755 1209 1943 1247 huiusmodi
1966 1209 2140 1239 sententias

1131 1274 1145 1289 »
1169 1272 1224 1301 per
1239 1262 1344 1291 minas
1364 1266 1395 1291 et
1417 1266 1551 1292 terrores
1574 1266 1604 1291 et
1626 1262 1866 1300 occupationem
1885 1262 2041 1292 bonorum
2065 1271 2138 1293 sno-

1128 1327 1141 1342 »
1169 1324 1241 1344 rum
1262 1314 1472 1354 compellunt⁷
1490 1315 1639 1351 judicans
1658 1324 1728 1351 eos,
1753 1315 1780 1344 si
1806 1315 1979 1344 sententias
1998 1315 2140 1345 relaxare

1129 1382 1141 1395 ι
1170 1369 1352 1405 noluerint,
1367 1369 1693 1407 jwhciojudeorum,
1711 1368 1928 1398 subtrahendo
1953 1369 2028 1407 ipsis
2051 1377 2139 1398 com-

1130 1435 1143 1450 »
1168 1423 1359 1452 munionem
1375 1422 1537 1458 fidelium,
1556 1431 1590 1451 ac
1616 1421 1726 1452 fideles
1748 1422 1848 1460 ipsos,
1867 1422 1894 1451 si
1914 1422 2008 1451 eisin
2029 1422 2139 1460 aliquo

1130 1489 1143 1504 n
1168 1477 1487 1510 communicaverint,
1503 1475 1553 1505 vel
1569 1475 1748 1513 receperint
1764 1475 1849 1514 ipsos
1865 1475 1900 1504 in
1913 1476 2035 1511 castris,
2053 1475 2140 1506 villis

1130 1542 1143 1557 ι)
1169 1534 1224 1560 aut
1239 1529 1389 1560 domibus
1403 1530 1480 1565 suis,
1495 1529 1662 1567 capiendo,
1678 1528 1906 1558 incarcerando
1924 1528 2059 1559 ethonis
2072 1537 2140 1567 pro-

1130 1596 1143 1610 »
1169 1584 1246 1622 priis
1260 1582 1436 1621 spoliando.
1455 1582 1891 1620 Respondentprocuratores
1909 1581 2039 1620 predicti
2055 1581 2140 1620 quod

1129 1649 1143 1663 υ
1168 1636 1254 1665 idem
1275 1645 1329 1664 rex
1352 1639 1500 1665 contenta
1519 1635 1552 1663 in
1577 1633 1710 1664 articulo
1735 1643 1799 1664 non
1825 1634 1898 1664 fecit
1922 1634 2090 1669 hactenus,
2110 1637 2141 1664 et

1130 1702 1143 1716 n
1167 1689 1359 1728 promittunt
1380 1688 1464 1726 quod
1487 1696 1550 1717 non
1575 1687 1670 1717 faciet
1694 1687 1728 1716 in
1754 1687 1919 1723 futurum3
1948 1691 1979 1716 et
2003 1686 2086 1725 quod
2113 1687 2140 1716 si

1130 1754 1144 1769 »
1168 1746 1278 1772 contra
1301 1751 1356 1780 per
1382 1750 1455 1771 suos
1478 1741 1619 1770 subditos
1642 1740 1761 1770 factum
1787 1740 2032 1778 fuerit,justitie
2054 1748 2141 1769 com-

1130 1808 1144 1822 »
1168 1795 1366 1834 plementum
1389 1795 1661 1833 conquerentibus
1684 1794 1863 1831 exhibebit,
1881 1794 1919 1823 de
1941 1794 2088 1832 dampnis
2111 1798 2141 1824 et

1129 1862 1144 1876 »
1169 1849 1298 1887 injuriis
1318 1848 1465 1877 satisfieri
1484 1848 1642 1884 faciendo,
1657 1851 1687 1877 et
1704 1847 1868 1886 puniendo
1883 1847 2080 1877 contrarium
2093 1847 2140 1876 fa-

1131 1915 1144 1930 „
1169 1903 1304 1935 cientes.
1325 1905 1417 1940 prout
1434 1901 1555 1930 fuerint
1573 1901 1741 1939 puniendi.

1170 1968 1185 1982 »
1210 1955 1323 1985 Sextus
1340 1954 1494 1984 articulus
1519 1958 1565 1983 est
1583 1963 1589 1984 :
1610 1954 1692 1983 Item
1715 1954 1741 1983 si
1765 1953 1867 1992 aliqui
1885 1953 2008 1993 judices
2029 1962 2048 1983 a
2067 1952 2141 1983 sede

1129 2022 1141 2036 ι
1169 2008 1339 2048 apostolica
1362 2008 1411 2037 vel
1436 2008 1474 2037 ab
1501 2007 1674 2038 ordinariis
1701 2007 1855 2045 delegati,
1879 2011 1934 2036 aut
1959 2007 2054 2036 etiam
2079 2006 2142 2045 ipsi

1131 2074 1146 2089 »
1170 2061 1340 2097 ordinarii,
1358 2070 1413 2100 pro
1428 2060 1589 2100 aliquibus
1603 2060 1739 2096 clericis,
1754 2063 1864 2090 contra
1877 2060 2142 2089 communitatem

1132 2128 1146 2143 n
1171 2115 1312 2153 aliquam
1329 2115 1369 2144 ad
1384 2124 1493 2152 regem
1511 2114 1726 2153 pertinentem
1744 2113 1883 2143 eundem
1896 2113 1946 2142 vel
1962 2112 2087 2151 aliquos
2103 2112 2142 2142 de

1134 2181 1147 2196 n
1172 2169 1241 2207 ipsa
1270 2168 1499 2198 communitate
1529 2167 1692 2197 interdicti
1723 2166 1773 2196 vel
1803 2165 2142 2196 excommunicationis

1118 2232 1148 2249 ⁷»
1171 2221 1363 2251 sententiam
1377 2221 1495 2257 ferunt,
1511 2220 1714 2258 exigentibus
1730 2219 1832 2258 culpis
1848 2220 1925 2256 suis,
1940 2218 2143 2248 interdicitur

1134 2287 1149 2303 »
1174 2275 1367 2314 quandoque
1383 2283 1438 2313 per
1453 2283 1562 2312 regem
1578 2274 1697 2312 ipsum,
1715 2273 1907 2312 quandoque
1924 2281 1978 2311 per
1993 2271 2143 2302 officiales

1135 2341 1149 2356 »
1174 2337 1263 2364 suos,
1291 2327 1482 2366 quandoque
1514 2336 1568 2365 per
1597 2327 1700 2365 ipsam
1729 2326 1994 2356 communitatem
2018 2324 2143 2354 clericis

1135 2394 1149 2409 »
1173 2382 1252 2420 ipsis
1276 2389 1446 2411 commune
1469 2380 1714 2416 commertium;
1740 2384 1770 2409 et
1796 2388 1837 2408 ne
1860 2380 1945 2417 ipsos
1969 2377 2086 2416 aliquis
2108 2377 2143 2406 in

1135 2446 1150 2462 n
1174 2435 1241 2464 suis
1264 2434 1412 2464 domibus
1436 2434 1568 2472 recipiat
1588 2432 1785 2471 prohibetur,
1802 2441 1884 2471 aqua
1904 2436 1934 2461 et
1951 2432 2025 2469 igne
2045 2430 2141 2468 ipsis,

1135 2500 1150 2516 »
1174 2497 1256 2528 pena
1272 2497 1366 2526 super
1381 2488 1440 2517 hoc
1458 2488 1549 2525 gravi
1567 2487 1708 2525 apposita
1722 2486 1787 2515 hiis
1803 2485 1860 2524 qni
1873 2488 1981 2515 contra
1995 2483 2142 2519 fecerint,

1135 2554 1149 2570 >³
1174 2542 1368 2578 interdictis,
1387 2546 1417 2571 et
1436 2541 1495 2570 hec
1518 2540 1668 2570 officiales
1689 2540 1790 2579 ipsius
1813 2539 1897 2576 regis
1915 2543 1944 2567 et
1961 2536 2142 2567 communi-

1102 2617 1107 2620 .
1136 2608 1149 2623 n
1176 2600 1252 2625 tates
1273 2604 1329 2634 per
1351 2603 1460 2624 muros
1483 2598 1512 2624 et
1536 2593 1716 2622 districtum
1737 2592 1783 2631 (ᾖ)
1808 2600 1903 2628 suum
1928 2599 1964 2620 ac
1986 2590 2050 2619 alia
2075 2589 2144 2619 loca

1135 2661 1150 2677 »
1174 2658 1250 2679 voce
1265 2648 1388 2678 faciunt
1405 2647 1554 2686 preconia
1570 2646 1777 2685 proclamari;
1797 2644 2029 2674 nichilominus
2044 2642 2145 2672 iidem

1136 2714 1151 2730 »
1175 2702 1282 2733 clerici
1303 2701 1489 2731 diffidantur
1512 2702 1541 2730 et
1567 2700 1659 2730 bouis
1684 2698 1863 2737 spoliantur
1885 2697 1952 2727 suis
1979 2695 2144 2726 ecclesias-

1137 2768 1151 2783 »
1176 2756 1246 2786 ticis
1267 2760 1296 2785 et
1319 2754 1480 2793 paternis;
1500 2753 1586 2782 idem
1609 2752 1703 2782 etiam
1723 2752 1763 2780 sit
1786 2750 1958 2781 ordinariis
1981 2753 2011 2779 et
2033 2757 2145 2779 eorum

1139 2822 1151 2837 »
1176 2808 1328 2846 delegatis
1353 2812 1383 2836 et
1406 2806 1556 2840 vicariis,
1584 2805 1611 2834 si
1635 2804 1809 2834 sententias
1831 2812 1869 2833 ex
1893 2802 2054 2841 aliquibus
2071 2801 2144 2831 aliis

1138 2876 1152 2891 »
1176 2861 1279 2893 causis
1301 2860 1414 2890 ferant.
1438 2858 1644 2897 Respondent
1660 2861 1878 2896 procuratores
1901 2855 2035 2895 predicti
2059 2854 2145 2894 quod

1169 2975 1201 3005 (i)
1217 2976 1267 2998 Ms.
1286 2983 1292 2997 .·
1309 2973 1456 3004 permittet.

1168 3019 1202 3051 (2)
1217 3021 1268 3043 Ms.
1286 3027 1293 3042 :
1309 3018 1443 3041 strictum.
