2342 3652
891 368 1113 405 PREMIERE
1134 365 1291 406 ANNE'E.
2095 379 2131 408 75

856 418 866 429 .

51 446 188 486 quedam
209 444 322 475 frivola
341 443 586 483 pretendentes,
604 441 991 480 tanquaminobedientie
1006 441 1056 470 fili

51 500 90 529 de
105 507 238 529 romana
253 497 343 527 curia
361 497 591 532 discesserunt,
614 504 632 524 a
652 494 742 524 nobis
765 493 815 522 vel
838 493 1053 523 cardinalibus

52 552 131 591 ipsis
146 559 211 581 non
221 551 317 590 petita
331 549 461 580 licentia
473 558 530 578 nec
541 548 704 578 obtenta...
718 546 910 576 Discretioni
929 549 981 575 tue
999 555 1054 584 per

52 603 219 644 apostolica
236 603 352 641 scripta
369 602 560 632 mandamus
575 604 732 639 quatenus
748 598 885 628 eundem
909 598 1053 628 Odonem

52 665 89 686 ex
105 660 191 695 parte
208 660 315 686 nostra
331 664 386 694 per
402 660 430 684 te
455 654 502 684 vel
529 662 584 692 per
600 652 700 682 alium
724 651 933 690 peremptorie
958 651 1053 681 citare

51 718 218 748 procures,
237 713 271 738 ut
288 709 373 738 infra
391 717 443 738 sex
472 706 716 737 ebdomadarum
731 705 868 742 spatium
882 708 950 742 post
977 704 1053 734 cita-

52 762 170 792 tionem
187 765 272 791 tuam
292 765 471 799 compareat
486 758 696 798 personaliter
708 765 814 787 coram
831 757 960 786 nobis...
980 757 1050 786 Dat.

53 815 154 845 Rome
174 815 258 854 apud
282 814 432 844 Sanctam
454 813 585 842 Mariam
608 811 778 849 MaJorem,
798 809 905 839 idibus
925 810 1051 839 decem-

52 867 130 903 bris,
149 877 235 898 anno
253 868 366 906 primo.
387 879 400 894 »

94 922 133 951 In
147 930 173 951 e.
190 930 233 950 m.
249 944 268 951 ..
285 921 402 950 vicario
415 944 434 950 ..
448 918 584 958 episcopi
596 917 820 955 Pergamensis
830 917 961 946 mandat
974 926 1051 955 qua-

55 977 149 1003 tenus
167 973 362 1011 praedictum
381 972 556 1002 Berardum
575 971 648 1000 citet
665 974 697 999 ut
718 970 802 998 infra
819 970 914 999 nnius
931 970 1052 999 mensis

55 1028 192 1066 spatium
216 1031 285 1065 post
307 1026 490 1056 citationem
513 1028 690 1062 compareat
713 1023 922 1061 personaliter
946 1032 1051 1053 coram

56 1079 130 1109 sede
149 1079 328 1118 apostolica.

409 1265 752 1299 Sainte-Marie-Majeure,
764 1266 797 1292 ‘25
810 1266 925 1292 octobre
940 1266 1014 1294 1288.

90 1269 178 1298 418

90 1330 242 1358 Judicatus
257 1334 285 1357 et
299 1329 495 1356 tabellionatus
510 1328 609 1354 officia.
629 1327 712 1361 (Rae.
729 1328 776 1359 44,
794 1337 818 1354 c.
835 1328 901 1356 252.
918 1330 937 1355 f.
955 1330 987 1355 58
1003 1331 1050 1362 r0.)

94 1432 228 1461 Johanni
245 1431 428 1461 Paschalntit‘
448 1431 481 1460 de
500 1430 620 1465 Μιιννο,
645 1431 720 1459 laico
741 1431 884 1459 Firmane
905 1431 1048 1467 diocesis,

53 1484 214 1524 judicatus
244 1472 274 1514 et
302 1483 519 1514 tabellionatus
545 1483 665 1519 officia,
685 1483 724 1512 ad
751 1492 831 1521 quae
853 1485 1052 1514 examinatus

56 1546 112 1576 per
132 1537 320 1575 magistrum
338 1535 567 1575 Raymundum
586 1535 624 1565 de
643 1536 759 1571 Ponte,
781 1536 938 1566 decanum
956 1537 1049 1566 Com-

56 1589 267 1629 postellanum
281 1613 287 1626 ,
302 1589 500 1628 capellanum
516 1597 626 1627 papae,
646 1589 795 1627 ydoneus
811 1589 871 1618 fuit
886 1595 1050 1628 repertus,

57 1642 212 1673 concedit.

99 1707 112 1722 α
133 1695 169 1725 Et
192 1695 220 1725 si
239 1695 329 1734 jus...
353 1711 392 1717 —-
409 1695 480 1725 Dat.
509 1694 611 1724 Rome
637 1695 720 1734 apud
739 1695 887 1725 Sanctam
914 1696 1050 1726 Mariam

58 1748 226 1788 Majorem,
241 1757 298 1778 vni
314 1748 467 1778 kalendas
482 1748 665 1778 novembris
677 1773 684 1785 ,
701 1757 786 1778 anno
803 1749 917 1787 primo.
936 1762 949 1776 ι»

89 1918 174 1948 419

90 1981 272 2016 Dispensatio
291 1983 470 2010 matrimonii.
493 1982 576 2016 (Rae.
593 1983 640 2015 44,
659 1992 685 2010 c.
702 1983 768 2017 253,
784 1984 804 2010 f.
822 1984 854 2010 58
870 1991 912 2016 r⁰;
932 1984 997 2011 Lar.
1014 1994 1049 2011 nc

53 2030 150 2062 Τειειι,
166 2030 189 2064 Ι,
205 2031 274 2063 107.)

366 1920 714 1954 sainte-Marieolajeure,
728 1921 758 1947 18
771 1921 921 1947 decembre
936 1921 1023 1954 1288.)

98 2131 264 2161 Venerabili
283 2133 377 2168 fratri
391 2133 522 2170 episcopo
542 2133 724 2170 Lmqonensi
746 2133 875 2163 mandat
891 2138 1047 2171 quatenns

53 2192 126 2214 cum
151 2183 251 2213 nobili
277 2184 344 2213 viro
372 2184 536 2222 Gnidone,
562 2190 635 2216 nato
667 2185 800 2215 Galterii
824 2186 862 2215 de
882 2186 1047 2215 Firmitate

53 2245 146 2275 super
162 2237 369 2273 Amantoam,
388 2241 418 2266 et
431 2237 529 2268 nobili
543 2238 678 2268 muliere
695 2239 809 2268 Aelide
821 2263 828 2277 ‚
847 2248 942 2269 uxore
960 2240 1044 2277 ejus,

51 2289 151 2327 ipsius
170 2288 334 2325 dioecesis,
345 2290 399 2328 qui
412 2291 477 2329 iam
493 2300 546 2330 per
563 2292 714 2322 tredecim
725 2301 826 2322 annos
839 2293 1045 2322 matrimonio

52 2342 212 2381 conjuncti
233 2346 294 2372 tres
318 2342 400 2372 filios
425 2347 453 2373 et
480 2353 576 2374 unam
602 2345 703 2374 filiam
728 2350 954 2384 procrearunt,
979 2345 1043 2375 dis-

50 2400 161 2434 penset
189 2399 240 2434 ut,
269 2404 453 2435 quanquam
488 2402 599 2436 quarto
627 2399 913 2437 consanguinitatis
945 2400 1045 2437 gradu

51 2451 214 2489 conjuncti
239 2450 322 2488 sint,
342 2452 495 2482 tamenin
515 2453 624 2484 eodem
649 2455 855 2484 matrimonio
880 2463 1046 2484 remanere

49 2502 188 2533 valeant.

92 2568 105 2583 κ
123 2556 271 2586 Exhibita
282 2557 376 2587 nobis
392 2557 534 2589 dilecti...
546 2576 585 2581 —
596 2560 669 2590 Dat.
682 2560 785 2590 Rome
796 2561 880 2599 apud
895 2561 1045 2591 Sanctam

50 2609 186 2639 Mariam
209 2609 364 2648 Majorem
375 2633 384 2647 ‚
401 2619 440 2640 xv
454 2610 604 2642 kalendas
619 2613 772 2652 januarii,
792 2622 877 2644 anno
893 2614 1008 2653 primo.
1027 2628 1039 2641 n

81 2779 170 2808 420

85 2862 103 2869 ..
125 2842 232 2869 decano
253 2842 411 2869 Parisiensi
433 2843 546 2870 mandat
567 2849 707 2879 quatenus
731 2847 888 2876 discordias
908 2850 982 2877 inter
1000 2860 1046 2877 ar-

46 2890 262 2926 chiepiscopum
291 2896 320 2918 et
348 2891 503 2926 capitulum
539 2893 692 2922 Remensis
728 2897 865 2925 ecclesiae
902 2900 1044 2927 terminet.

46 2938 128 2973 (Rsso.
145 2939 187 2972 44,
205 2948 231 2967 c.
246 2940 308 2976 254,
329 2941 349 2967 f.
367 2940 399 2967 58
418 2941 468 2973 vo.)

409 2780 748 2818 SainteMarie-Majeure,
762 2785 794 2813 23
805 2787 921 2814 octobre
936 2788 1013 2816 1288.

85 3042 193 3071 Dilecto
214 3042 278 3079 filio
303 3064 324 3072 ..
349 3042 459 3072 decano
481 3044 659 3074 Parisiensi.
679 3057 693 3072 ιι
711 3045 775 3076 Sua
797 3048 891 3078 nobis
909 3057 1046 3079 venera-

1135 441 1209 471 bilis
1235 442 1332 472 frater
1354 448 1495 473 noster..
1514 443 1769 482 archiepiscopus
1788 443 1956 472 Remensis
1982 444 2133 481 petitione

1135 495 1261 524 monuit
1283 496 1367 534 quod
1389 520 1408 526 ..
1435 497 1574 526 decanus
1598 501 1627 526 et
1653 495 1827 534 capitulum
1845 495 1975 526 ecclesie
1992 497 2132 526 Remen-

1135 547 1194 583 sis,
1220 548 1331 578 minus
1354 549 1508 579 veraciter
1532 554 1710 579 asserentes
1736 548 1819 587 qnod
1847 549 1967 578 scabini
1996 549 2133 579 civitatis

1135 601 1305 631 Remensis
1333 606 1361 632 et
1391 603 1562 634 talliatores
1588 603 1689 633 banni
1716 602 1883 631 Remensis
1912 602 2054 641 ejusdem
2082 612 2133 632 ar-

1134 654 1325 694 chiepiscopi
1346 665 1400 695 per
1420 657 1548 686 eosdem
1570 657 1714 687 scabinos
1732 655 1824 686 electi
1842 656 1881 685 ad
1902 656 2133 695 imponendum

1135 708 1254 737 talliam
1272 709 1428 738 carissimi
1453 710 1487 738 in
1504 709 1630 739 Christo
1650 709 1705 738 filii
1723 710 1822 738 nostri
1848 732 1867 738 ..
1894 709 1977 747 regis
1999 709 2132 739 Francie

1133 760 1285 795 illustris,
1312 762 1351 791 ad
1374 771 1452 800 quas
1480 762 1648 792 solvendas
1669 762 1738 801 (sic)
1763 762 1838 792 dicti
1861 763 1981 792 scabini
2009 763 2134 792 fuerant

1133 814 1166 843 in
1196 814 1273 844 dicti
1305 816 1389 852 regis
1420 816 1509 845 curia
1536 815 1780 854 condempnati,
1810 816 1920 845 domos
1952 816 2132 846 francorum

1135 868 1342 897 servientium
1371 869 1512 905 ipsorum
1545 868 1657 898 decani
1680 872 1710 897 et
1735 868 1881 906 capituli,
1902 869 1936 897 in
1962 877 2039 906 quos
2064 878 2132 899 om-

1134 919 1297 949 nimodam
1321 920 1578 959 jurisdictionem
1602 925 1751 950 asserunt
1774 930 1806 949 se
1831 921 1962 954 habere,
1981 922 2012 949 in
2037 930 2133 959 grave

1133 973 1346 1011 prejudicium
1360 973 1613 1012 privilegiorum,
1629 973 1810 1003 libertatum
1822 978 1851 1003 et
1864 974 2133 1003 consuetudinum

1134 1025 1264 1055 ecclesie
1287 1027 1465 1065 supradicte
1493 1027 1646 1057 violenter
1668 1028 1823 1056 intrantes
1849 1036 1902 1056 seu
1929 1028 2042 1057 intrari
2060 1036 2132 1066 pro-

1133 1083 1300 1116 curanteS,
1321 1080 1436 1109 exinde
1459 1080 1569 1109 invitis
1594 1080 1741 1118 predictis
1765 1080 1976 1110 servientibus
1994 1090 2066 1111 vasa
2084 1092 2132 1111 ar·

1134 1137 1258 1170 gentea‚
1276 1137 1376 1162 vestes
1394 1133 1519 1172 aliaque
1539 1134 1638 1163 multa
1654 1134 1735 1163 bona
1752 1133 1883 1163 mobilia
1906 1134 2035 1164 inventa
2051 1135 2133 1165 inibi

1132 1190 1334 1224 asportarunt
1350 1195 1404 1216 seu
1419 1187 1574 1225 asportari
1584 1187 1742 1223 fecerunt3
1761 1191 1791 1216 et
1806 1187 1888 1225 qnod
1902 1187 1999 1216 iidem
2013 1188 2133 1218 scabini

1133 1243 1163 1268 et
1183 1239 1353 1269 talliatores
1377 1240 1456 1269 alias
1481 1241 1639 1278 propriam
1660 1244 1775 1269 terram
1798 1240 1939 1279 ipsorum
1967 1241 2078 1270 decani
2104 1246 2134 1271 et

1132 1292 1261 1330 capituli
1278 1292 1378 1322 simili
1389 1293 1482 1322 modo
1497 1293 1634 1331 ingressi
1646 1294 1773 1323 fuerant
1787 1298 1817 1322 et
1832 1293 1870 1322 de
1886 1293 2133 1323 domibus-man-

1133 1346 1348 1375 sionariorum
1371 1347 1514 1384 ipsorum
1531 1346 1686 1376 nonnulla
1707 1347 1806 1382 bona,
1828 1356 1889 1385 que
1907 1346 1975 1376 illic
2000 1347 2133 1377 invene-

1133 1403 1215 1435 rant,
1234 1399 1389 1433 duxerant
1404 1400 1591 1438 asportanda
1604 1403 1633 1429 et
1646 1399 1751 1429 adhuc
1764 1400 1873 1429 eadem
1887 1400 2088 1437 detinebant3
2104 1406 2134 1430 et

1133 1452 1216 1490 quod
1234 1452 1402 1482 talliatores
1420 1453 1496 1482 ville
1510 1453 1612 1492 ipsius
1625 1453 1853 1491 archiepiscopi
1865 1453 1903 1482 de
1918 1453 2132 1484 Channisiaco

1133 1505 1242 1534 villam
1262 1515 1371 1535 eorum
1388 1506 1426 1535 de
1446 1506 1584 1536 Merfaus
1610 1515 1663 1545 per
1688 1506 1873 1536 violentiam
1898 1507 2071 1543 intrantes,
2095 1507 2133 1536 de

1133 1559 1281 1588 domibus
1303 1559 1404 1597 ipsius
1428 1559 1503 1589 ville
1526 1560 1608 1590 bona
1639 1560 1876 1598 quamplurima
1909 1560 2057 1590 similiter
2083 1570 2133 1590 as-

1134 1617 1311 1650 portarant,
1331 1613 1478 1651 quodque
1501 1613 1726 1642 ministeriales
1745 1613 1819 1643 dicti
1839 1614 2069 1652 archiepiscopi
2094 1615 2132 1644 de

1134 1666 1345 1704 Betignevilla
1357 1666 1511 1705 quosdam
1532 1666 1681 1696 homines
1700 1667 1856 1696 dictorum
1871 1667 1984 1697 decani
2003 1669 2035 1697 et*
2046 1668 2131 1705 capi-

1134 1719 1191 1748 tuli
1223 1719 1261 1748 de
1290 1720 1541 1749 Pontet‘abricato
1573 1720 1691 1758 absque
1720 1728 1815 1749 causa
1846 1720 2030 1749 rationabili
2062 1721 2133 1758 capi

1131 1773 1271 1802 fecerant
1288 1777 1318 1802 et
1333 1777 1436 1810 captos
1452 1772 1636 1802 detinebant
1659 1772 1785 1801 eosdem
1811 1773 1843 1801 in
1865 1781 1973 1802 eorum
1993 1773 2130 1812 prejudi-

1131 1826 1216 1855 cium
1235 1830 1263 1855 et
1282 1834 1466 1863 gravamen,
1488 1834 1542 1864 per
1559 1834 1631 1854 suas
1647 1825 1768 1854 litteras
1784 1825 1910 1854 fuerant
1920 1826 2001 1855 dicto
2011 1826 2133 1856 archie-

1131 1879 1258 1917 piscopo
1281 1879 1468 1908 comminati
1492 1878 1596 1917 quod,
1625 1878 1689 1907 nisi
1715 1878 1971 1917 archiepiscopus
1997 1879 2063 1917 ipse
2094 1880 2132 1909 de

1131 1932 1260 1970 injuriis
1277 1937 1306 1961 et
1321 1932 1469 1970 dampnis
1492 1931 1690 1970 hujusmodi,
1717 1932 1762 1960 eis
1788 1936 1817 1960 et
1840 1932 1970 1961 ecclesie
1995 1933 2132 1970 predicte

1130 1994 1166 2015 ac
1181 1995 1290 2015 eorum
1314 1984 1450 2014 subditis
1474 1994 1527 2023 per
1552 1986 1714 2014 ministros
1738 1989 1767 2014 et
1791 1985 1932 2014 subditos
1958 1986 2132 2024 archiepis-

1131 2039 1198 2076 copi
1213 2038 1368 2077 ejusdem,
1385 2039 1418 2067 in
1431 2047 1508 2076 quos
1519 2043 1702 2076 potestatem
1716 2043 1744 2067 et
1757 2039 2013 2077 jurisdictionem
2031 2039 2132 2069 omni-

1130 2092 1257 2122 modam
1274 2092 1423 2128 habebat,
1443 2096 1476 2121 ut
1492 2091 1656 2125 dicebant,
1673 2091 1789 2128 illatis,
1809 2101 1903 2130 super
1918 2092 2033 2130 quibus
2052 2101 2130 2122 eun-

1130 2146 1202 2175 dem
1223 2146 1495 2184 archiepiscopum
1521 2145 1599 2174 alias
1628 2150 1844 2184 competenter
1867 2154 1899 2175 se
1925 2146 2132 2184 requisivisse

1129 2199 1203 2229 licet
1231 2199 1309 2228 salso
1338 2207 1392 2237 pro
1424 2208 1479 2228 sue
1510 2198 1684 2228 voluntatis
1716 2198 1808 2228 libito
1836 2199 2072 2237 proponebant,
2103 2203 2134 2229 et

1130 2253 1212 2291 qnod
1224 2252 1291 2290 ipse
1303 2252 1358 2281 illa
1370 2260 1433 2281 non
1450 2252 1566 2281 fecerat
1581 2252 1757 2287 emendari,
1775 2252 1848 2282 licet
1863 2252 1940 2282 adeo
1957 2256 2062 2282 essent
2079 2261 2132 2282 no—

1130 2306 1209 2336 toria
1220 2302 1307 2344 'quod
1322 2306 1421 2335 multa
1439 2310 1582 2344 poterant
1595 2306 1856 2343 tergiversatione
1867 2305 1964 2336 celari
1976 2305 2128 2344 plenarie,

1129 2359 1322 2389 satisfaceret
1339 2359 1422 2388 infra
1444 2367 1604 2394 mensem,
1629 2363 1795 2397 postquam
1812 2359 1840 2388 ei
1857 2364 1963 2388 essent
1979 2359 2061 2388 dicte
2077 2359 2130 2387 lit-

1129 2416 1193 2442 tere
1209 2416 1404 2450 presentate,
1422 2412 1632 2441 intendebant
1645 2421 1661 2441 a
1678 2411 1798 2441 divinis
1815 2421 1938 2441 cessare
1954 2436 1960 2447 ,
1978 2417 2069 2452 prout
2085 2411 2131 2440 eis

1127 2465 1242 2495 licebat
1258 2469 1321 2495 tam
1339 2475 1374 2495 ex
1392 2465 1569 2504 privilegiis
1584 2464 1764 2503 apostolicis
1780 2474 1874 2504 quam
1892 2465 2130 2504 compositioni-

1127 2519 1186 2549 bus
1201 2519 1277 2549 olim
1293 2519 1376 2549 inter
1396 2519 1555 2548 Bemense
1576 2518 1749 2556 capitulum
1773 2523 1802 2548 et
1823 2518 1996 2548 nonnullos
2017 2518 2131 2556 prede-

1127 2581 1266 2602 cessores
1281 2572 1510 2610 archiepiscopi
1526 2572 1670 2610 ejusdem
1690 2571 1781 2600 initis
1799 2576 1828 2600 et
1845 2570 2130 2600 consuetudinibus

1127 2625 1227 2664 ipsius
1243 2625 1373 2655 ecclesie
1387 2625 1561 2654 observatis
1583 2633 1600 2653 a
1621 2629 1758 2662 tempore
1778 2624 1875 2662 cujus
1891 2624 2048 2653 memoria
2065 2632 2129 2653 non

1127 2682 1265 2714 extabat,
1291 2682 1322 2707 et
1349 2678 1556 2707 cessationem
1585 2677 1769 2716 hujusmodi
1799 2686 1973 2714 aggravare
1998 2676 2128 2715 quando

1128 2732 1172 2761 eis
1192 2731 1362 2770 expediens
1390 2731 1567 2767 videretur,
1594 2735 1623 2760 et
1646 2739 1686 2759 ne
1702 2730 1787 2759 idem
1803 2729 2063 2768 archiepiscopus
2079 2729 2130 2759 vel

1127 2783 1242 2823 aliquis
1261 2783 1522 2813 ministerialium
1540 2792 1669 2814 suorum
1686 2788 1794 2813 contra
1809 2783 1893 2821 ipsos
1918 2782 1967 2812 vel
1986 2791 2058 2812 suos
2076 2787 2130 2812 aut

1128 2837 1334 2866 cessationem
1351 2836 1537 2875 hujusmodi
1554 2836 1603 2866 vel
1625 2836 1811 2874 privilegia,
1835 2835 2084 2865 consuetudines
2100 2841 2129 2864 et

1128 2889 1373 2928 compositiones
1400 2892 1454 2919 aut
1490 2893 1606 2919 statuta
1635 2888 1766 2918 ecclesie
1798 2888 1975 2927 supradicte
2007 2888 2129 2927 aliquid

1128 2946 1371 2982 attemptarent,
1402 2943 1440 2972 ad
1471 2942 1578 2972 sedem
1607 2941 1810 2980 apostolicam
1847 2940 2056 2980 appellarunt.
2086 2941 2129 2970 Ex

1128 3001 1214 3035 parte
1240 3004 1313 3026 vero
1330 2995 1407 3025 dicti
1423 2995 1651 3034 archiepiscopi
1667 2994 1728 3024 fuit
1750 2995 1870 3024 eisdem
1892 2990 2011 3024 decano
2029 2997 2058 3023 et
2075 3002 2127 3023 ca-

1128 3049 1228 3088 pitulo
1246 3049 1286 3078 ad
1300 3049 1454 3088 premissa
1470 3057 1657 3087 responsum
1681 3048 1764 3087 quod
1782 3047 1920 3086 predicte
1943 3055 2034 3077 cause
2050 3046 2128 3076 alle-
