2477 3637
277 393 314 423 48
1025 383 1260 415 REGISTRES
1282 383 1337 414 DE
1359 381 1541 414 NICOLAS
1564 382 1620 412 IV.

276 459 315 490 ad
342 457 575 498 perceptionem
599 460 629 485 et
651 454 863 485 retentionem
889 450 1073 490 hujusmodi
1098 459 1213 481 census
1234 449 1282 480 vel

277 513 409 544 canonis
435 515 489 541 aut
516 509 718 549 prestationis
742 507 791 538 vel
813 507 895 546 juris
924 506 1155 544 cujuscumque
1181 503 1285 534 taliter

276 566 445 601 reservati,
468 574 521 604 per
543 564 601 593 hoc
625 562 750 592 nullum
768 561 812 590 eis
833 561 867 589 in
888 563 1048 598 posterum
1072 557 1283 597 prejudicium

276 624 484 658 generetur...
516 618 585 646 Dat.
616 616 732 650 Reate,
763 624 810 643 1111
837 622 937 644 nouas
962 611 1170 651 septembris,
1198 619 1284 653 anno

276 673 390 712 primo.
413 682 427 701 1·

347 858 434 886 285
792 854 885 888 Rieti,
906 854 936 881 10
952 853 1116 889 septembre
1133 852 1210 879 1288.

310 920 482 947 Defenditur
497 919 566 946 ordo
580 918 805 945 humiliatorum.
826 917 906 950 (Rso.
924 917 966 947 44,
985 924 1010 942 c.
1031 915 1090 946 148,
1108 915 1127 941 s.
1145 914 1177 942 38
1195 915 1247 947 vo.)

315 1023 422 1052 Dilecto
436 1023 501 1059 lilio
522 1022 548 1051 J.
563 1045 569 1057 ,
586 1022 692 1051 Sancte
708 1021 802 1050 ,Πανία
820 1021 851 1048 in
874 1020 924 1048 Via
945 1019 1018 1047 Lata
1037 1018 1162 1046 diacono
1179 1016 1282 1045 cardi-

276 1078 357 1111 nali,
377 1081 403 1105 et
420 1075 641 1105 venerabilibus
657 1074 808 1110 fratribus
825 1094 846 1101 ..
865 1071 1004 1109 papiensi
1021 1075 1047 1099 et
1063 1092 1085 1099 ..
1111 1069 1283 1098 vercellensi

273 1130 429 1168 episcopis,
450 1127 581 1158 mandat
596 1131 754 1166 qnatenus
774 1125 938 1163 magistro,
955 1122 1105 1162 capitulo,
1125 1120 1284 1160 praeposi-

274 1183 325 1219 tis,
339 1182 501 1221 praelatis,
519 1181 664 1220 personis
680 1184 710 1209 et
725 1178 935 1209 conventibus
948 1177 1083 1206 fratrum
1097 1179 1127 1205 et
1137 1183 1281 1204 sororum

273 1237 445 1267 domorum
461 1239 491 1265 et
509 1234 650 1265 locorum
667 1232 789 1263 ordinis
806 1230 1069 1265 humiliatorum,
1092 1228 1149 1267 qui
1168 1229 1283 1258 imme-

273 1290 358 1320 diate
381 1297 513 1319 romano
535 1286 678 1326 pontifici
703 1290 734 1315 et
752 1293 903 1315 romanae
923 1282 1075 1313 ecclesiae
1095 1281 1279 1320 subjacent,

274 1343 443 1378 assistant,
470 1350 527 1370 nec
550 1348 602 1370 eos
626 1339 675 1368 vel
702 1346 813 1368 eorum
836 1338 919 1367 bona
942 1335 1064 1365 turbari
1084 1334 1280 1373 permittant.

274 1397 434 1425 Asserunt
463 1394 551 1424 enim
586 1416 606 1422 ..
638 1392 894 1430 archiepiscopus
924 1388 1173 1420 Mediolanensis
1201 1396 1237 1417 ac
1261 1409 1280 1417 ..

276 1447 465 1484 Brixieusis,
485 1470 504 1476 ..
523 1446 689 1477 Cumanus
709 1449 740 1475 et
754 1444 887 1484 quidam
910 1443 965 1473 alii
984 1442 1133 1482 episcopi,
1149 1442 1186 1471 in
1204 1449 1282 1480 quo-

274 1511 345 1531 rum
364 1501 547 1531 civitatibus
563 1504 594 1529 et
615 1499 814 1529 dioecesibus
827 1499 936 1535 jacent
953 1496 1061 1536 plures
1078 1496 1190 1526 domus
1206 1494 1283 1525 dicti

274 1555 409 1590 ordinis,
432 1555 562 1590 fratres,
581 1561 704 1583 sorores
725 1561 760 1582 ac
780 1552 890 1581 domos
910 1555 941 1581 et
956 1550 1024 1581 loca
1043 1549 1204 1589 praedicta
1222 1548 1283 1578 sibi

274 1609 340 1638 sore
357 1608 497 1646 subjecta
511 1612 541 1636 et
554 1616 586 1637 se
606 1606 638 1635 in
656 1606 777 1635 eisdem
790 1607 843 1644 J'us
859 1604 977 1634 habere
997 1602 1199 1640 visitationis,
1217 1610 1283 1632 cor-

276 1661 426 1692 rectionis
443 1670 479 1690 ac
498 1660 772 1699 procurationum.

317 1729 329 1741 α
351 1716 387 1744 Et
403 1716 428 1744 si
445 1714 682 1753 quibuslibet...
700 1731 738 1734 —
756 1713 826 1742 Dat.
846 1712 962 1747 Reate,
988 1720 1036 1741 1111
1055 1710 1128 1740 idus
1144 1713 1283 1748 septem-

277 1770 355 1803 bris,
375 1777 461 1798 anno
480 1769 593 1806 primo.
615 1780 626 1794 n

347 1948 433 1976 26ss

312 2011 496 2046 Dispensatio
514 2009 693 2036 matrimonii.
714 2008 795 2040 (Res.
810 2008 852 2040 44,
870 2016 896 2034 c.
917 2007 976 2040 149,
995 2007 1013 2033 f.
1031 2007 1065 2034 39
1081 2008 1128 2039 ro.)

790 1946 883 1979 Rieu,
900 1945 934 1972 23
950 1945 1114 1981 septembre
1134 1944 1210 1972 1288.

323 2128 491 2156 Venerabili?
520 2127 614 2163 fratri
636 2148 656 2155 ..
680 2125 856 2163 patriarche
881 2124 1126 2153 Jerosolimitano
1154 2121 1286 2151 mandat

277 2187 433 2220 quatenus
450 2190 523 2210 cum
540 2180 691 2210 Jolianne
714 2179 907 2214 Antiaume,
925 2177 1029 2207 milite
1045 2176 1237 2212 Acconensi,
1256 2180 1286 2206 et

280 2235 439 2273 Lyenors,
461 2243 557 2263 uxore
576 2235 660 2272 ejus,
681 2233 862 2271 dispenset,
881 2236 913 2261 ut
929 2231 962 2260 in
981 2230 1186 2260 matrimonio
1207 2229 1284 2260 olim

277 2288 316 2317 ab
333 2288 424 2326 ipsis,
445 2287 668 2323 ignorantibus
692 2285 960 2324 impedimentum
976 2293 1044 2314 esse
1061 2292 1097 2313 ex
1114 2292 1150 2314 eo
1166 2295 1179 2309 «s
1200 2283 1286 2322 quod

277 2343 439 2382 quondam
455 2342 620 2378 Greniaut,
637 2342 715 2371 olim
734 2340 876 2378 ejusdem
893 2327 1038 2379 Lyenors
1052 2339 1198 2374 maritus,
1218 2347 1285 2377 pre-

278 2397 341 2426 fato
363 2396 505 2426 Johanni
535 2396 569 2424 iu
595 2400 707 2433 quarto
734 2395 836 2423 fuerat
865 2393 965 2431 gradu
995 2391 1286 2430 consanguinitatis

278 2451 477 2489 conjunctus.
500 2461 513 2475 1>
532 2453 706 2484 contracto,
726 2456 891 2477 remanere
906 2447 1044 2477 valeant.

320 2516 332 2529 u
355 2504 482 2533 Intenta
501 2502 613 2532 salutis
635 2502 821 2540 operibns...
838 2517 878 2523 —
897 2501 967 2530 Dat.
986 2500 1104 2537 Reate,
1134 2509 1205 2529 vnit
1230 2499 1285 2529 ka-

278 2557 390 2587 lendas
405 2557 556 2593 octobris,
576 2564 662 2585 anno
679 2555 793 2593 primo.
814 2567 826 2581 »

350 2744 540 2772 zat-268

316 2808 499 2842 Dispensatio
521 2806 691 2833 residentiae
713 2806 916 2832 executoribus
936 2805 1101 2832 testamenti
1124 2803 1285 2837 Johannis,

281 2857 363 2884 ducis
386 2856 565 2888 Britanniae,
590 2864 738 2882 concessa.
763 2855 845 2887 (iti-20.
874 2855 915 2886 44,
942 2862 967 2882 c.
990 2854 1051 2886 150,
1068 2854 1087 2881 f.
1106 2853 1139 2881 39
1156 2852 1285 2886 v0;LA1›.

282 2915 315 2933 nu
331 2905 554 2937 'rn1111„,l,51.)

792 2741 880 2772 Rieti,
901 2741 939 2767 10¹·
955 2740 1118 2775 septembre
1137 2739 1214 2766 1288.

321 3009 437 3038 Dilerlis
452 3007 527 3046 filiis
545 3009 688 3044 numism-0
708 3008 867 3036 Guz‘ltelmo
885 3007 920 3035 (Ie
937 3005 1053 3041 Riusio,
1072 3006 1182 3035 decano
1198 3003 1287 3033 Brio-

281 3063 375 3091 censis
388 3085 393 3097 ,
407 3067 431 3091 et
446 3061 581 3089 Joltanns
598 3062 632 3089 de
645 3061 732 3096 AUota,
749 3061 901 3089 scolastico
917 3059 1125 3095 Natmetensis,
1143 3058 1286 3087 canonico

1367 450 1546 480 Redonensis
1564 449 1778 484 ecclesiarum,
1800 448 2002 476 executoribus
2027 447 2198 476 testamenti
2219 445 2370 483 quondam

1365 503 1535 538 Johannis,
1553 502 1638 531 ducis
1653 501 1808 537 Britanie,
1826 499 1973 538 indulget
1993 504 2028 530 ut
2050 509 2105 539 per
2125 498 2302 529 trienninm
2318 498 2370 528 in-

1367 556 1508 586 sistendo
1521 554 1700 585 executioni
1713 553 1867 593 praedicti
1884 554 2063 584 testamenti
2079 553 2212 589 fructus,
2229 552 2372 582 redditus

1367 613 1397 639 et
1407 612 1578 648 proventus
1590 608 1773 642 decanatuS,
1783 606 1965 637 scolasticae
1977 615 2013 643 ac
2027 606 2279 646 praebendarum
2291 613 2372 644 quos

1367 661 1401 691 in
1428 662 1609 698 Briocensi,
1632 661 1833 691 Nannetensi
1857 664 1888 690 et
1911 659 2094 690 Redonensi
2120 658 2262 689 ecclesiis
2284 658 2370 688 obti-

1367 720 1462 752 nent,
1481 716 1604 753 integre
1622 715 1783 753 percipere
1804 714 1943 750 valeant‚
1965 722 2024 744 nec
2047 713 2177 744 interim
2194 713 2233 743 ad
2253 713 2372 743 facien-

1366 769 1439 798 dam
1460 769 1491 798 in
1509 769 1586 807 ipsis
1604 767 1803 808 personalem
1821 766 2028 797 residentiam
2047 770 2225 797 teneantur.

1412 834 1425 848 ι
1446 822 1487 851 Ex
1512 826 1597 861 parte
1622 821 1766 852 dilecti...
1789 837 1829 844 —
1850 820 1920 850 Dat.
1940 821 2055 857 Beate,
2072 820 2218 850 kalendis
2233 823 2371 858 sep-tem-

1367 875 1444 912 bris,
1461 884 1548 905 anno
1564 875 1677 914 primo.
1695 887 1707 901 n

1408 929 1445 958 In
1460 938 1485 958 e.
1505 937 1548 958 m.
1569 952 1588 958 ..
1607 929 1715 959 Sancti
1735 927 1888 958 Florentii
1905 927 2135 958 salmuriensis
2150 931 2180 957 et
2200 949 2220 956 ..
2237 926 2277 957 de
2293 926 2374 956 Bur-

1366 981 1450 1020 golio
1468 983 1734 1012 monasteriorum
1753 981 1931 1017 abbatibus,
1946 980 2190 1018 Andegavensis
2204 979 2371 1017 dioecesis,

1366 1035 1497 1066 mandat
1512 1040 1669 1074 quatenus
1685 1036 1812 1066 eosdem
1830 1035 1972 1064 redditus
1988 1034 2106 1064 saciant
2123 1043 2177 1073 per
2194 1034 2373 1064 triennium

1366 1088 1534 1128 praedictis
1551 1090 1770 1120 executoribus
1784 1089 1973 1119 ministrari.

1437 1275 1524 1304 269

1404 1336 1589 1371 Privilegium
1605 1336 1671 1363 duci
1694 1336 1857 1364 Britanniae
1882 1346 2055 1365 concessum
2082 1337 2168 1370 (ΠΕΟ.
2187 1337 2220 1364 44
2233 1359 2239 1370 ,
2262 1344 2288 1364 c.
2306 1336 2374 1371 151,

1366 1386 1385 1413 f.
1404 1386 1436 1413 39
1452 1388 1504 1418 νο).

1878 1276 1969 1307 Ricti,
1991 1277 2027 1302 10r
2042 1275 2206 1311 septembre
2224 1274 2301 1302 1288.

1406 1475 1515 1504 Dilecto
1530 1475 1595 1512 silio
1613 1476 1759 1512 Johanm',
1778 1476 1849 1506 duci
1865 1476 2011 1512 Britanie,
2029 1477 2132 1506 comiti
2147 1476 2373 1513 Richemundie,

1367 1528 1513 1566 indulget
1528 1532 1563 1558 ut
1579 1528 1617 1558 ad
1634 1528 1716 1559 bona
1732 1538 1812 1568 quae
1828 1529 1861 1558 in
1880 1529 1992 1559 ultima
2008 1529 2170 1560 voluntate
2186 1529 2374 1559 indistincte

1367 1581 1520 1619 legaverit
1540 1581 1725 1612 nullatenus
1745 1582 1874 1612 extendi
1890 1581 1994 1612 valeat
2014 1582 2195 1618 concessio,
2219 1590 2301 1621 quae
2320 1591 2376 1621 per

1366 1635 1596 1665 Innocentium
1611 1636 1676 1666 1111
1689 1639 1719 1665 et
1730 1635 1950 1665 Alexandrum
1964 1635 2125 1675 aliquibus
2141 1641 2188 1666 est
2202 1637 2295 1674 facta,
2313 1648 2326 1664 α
2341 1640 2376 1667 ut

1367 1688 1470 1727 legata
1493 1698 1512 1718 a
1536 1689 1792 1728 quibuscumque
1817 1690 1851 1718 in
1874 1689 1987 1719 ultima
2009 1689 2171 1720 voluntate
2189 1690 2375 1720 indistincte

1367 1742 1476 1772 relicta
1496 1742 1541 1782 (1)
1560 1742 1745 1773 auctoritate
1767 1743 1982 1773 concessionis
1998 1743 2183 1782 hujusmodi
2202 1743 2241 1773 ad
2260 1752 2376 1774 manus

1368 1795 1541 1825 deveniant
1555 1796 1803 1834 praedictorum.
1824 1808 1836 1823 n

1410 1862 1421 1876 α
1443 1849 1589 1879 Procedit
1605 1858 1640 1879 ex
1659 1849 1874 1880 devotionis...
1891 1866 1931 1872 —
1947 1850 2018 1880 Dat.
2039 1855 2195 1889 utsupra.
2215 1863 2227 1876 »

1440 2036 1529 2065 zv«)
1876 2036 1951 2063 Rieti
1962 2058 1968 2068 ‚
1990 2038 2028 2063 1⁶¹·
2043 2037 2208 2072 septembre
2224 2036 2302 2065 1‘288.

1405 2099 1444 2126 Ut
1459 2107 1555 2134 supra.
1574 2098 1656 2132 (Rea.
1675 2099 1718 2130 44,
1735 2107 1760 2126 c.
1779 2098 1838 2130 152,
1856 2099 1875 2125 f.
1895 2099 1927 2126 39
1943 2100 1994 2131 vo.)

1410 2215 1520 2245 Dilecto
1542 2216 1606 2252 filio
1626 2216 1719 2244 nobili
1736 2216 1803 2245 viro
1821 2216 1975 2247 Jolzanm'.
1997 2216 2067 2244 duci
2092 2217 2248 2252 Britanic,
2273 2215 2376 2246 licen-

1371 2268 1447 2298 tiam
1462 2267 1607 2297 concedit
1623 2267 1775 2297 audiendi
1791 2267 1912 2304 divina,
1931 2277 1993 2298 una
2012 2277 2083 2298 cnm
2105 2267 2317 2299 familiaribus
2331 2269 2378 2308 ip-

1370 2322 1447 2358 sius,
1464 2322 1498 2351 in
1515 2321 1593 2351 locis
1610 2320 1821 2351 ecclesiastico
1837 2322 2020 2351 summissis
2034 2322 2213 2352 interdicto.

1413 2388 1425 2402 α
1445 2376 1539 2405 Pium
1558 2375 1752 2405 arbitramur
1768 2379 1834 2405 et...
1853 2392 1891 2396 —
1907 2376 1976 2405 Dat.
1998 2377 2032 2405 nt
2046 2385 2151 2415 supra.
2171 2388 2185 2403 n

1441 2563 1522 2591 221

1406 2624 1445 2652 Ut
1462 2633 1558 2660 supra.
1573 2624 1656 2658 (Rea.
1670 2625 1713 2659 44,
1730 2633 1754 2651 c.
1777 2624 1834 2655 153,
1852 2625 1870 2651 f.
1887 2625 1919 2652 39
1929 2626 1980 2658 v0.)

1882 2562 1972 2596 meti,
1992 2562 2030 2588 1⁰¹·
2045 2562 2208 2597 septembre
2225 2561 2304 2590 1288.

1410 2741 1511 2770 Eidem
1537 2739 1741 2779 privilegium
1761 2741 1906 2770 concedit
1931 2740 2088 2778 eligendi,
2111 2741 2376 2780 quotiescumque

1371 2793 1488 2824 viderit
1506 2793 1664 2832 expedire,
1682 2793 1904 2832 presbyterum
1922 2793 2107 2832 religiosum
2125 2802 2180 2824 seu
2200 2793 2375 2824 secularem

1370 2847 1403 2876 iu
1423 2847 1645 2877 consessorem.

1413 2912 1426 2927 α
1446 2901 1618 2930 Personam
1638 2904 1722 2929 tuam
1740 2901 1901 2930 sincera...
1919 2917 1956 2921 -
1974 2900 2044 2930 Dat.
2064 2904 2100 2930 ut
2115 2909 2221 2939 supra.
2240 2912 2254 2928 n

1403 3019 1436 3049 (l)
1452 3019 1494 3042 Au
1509 3019 1562 3042 lieu
1575 3019 1606 3042 de
1622 3019 1709 3043 relicta
1729 3021 1752 3044 le
1777 3027 1825 3044 ms.
1846 3022 1918 3051 porte
1944 3020 2077 3050 ligaveris,
2102 3026 2131 3044 ce
2155 3020 2199 3050 qui
2220 3019 2261 3044 n'a
2280 3025 2326 3050 pas
2344 3019 2376 3043 de

1370 3070 1440 3087 sens.
