2342 3652
919 359 1172 406 QUATRIEME
1194 358 1350 397 ANNE'E.
2124 367 2182 396 669

87 437 191 467 eidem
210 437 355 477 episcopo
379 438 565 467 auctoritate
590 441 714 474 nostra,
735 447 789 476 per
804 441 833 466 te
850 436 899 466 vel
920 446 975 475 per
996 436 1095 465 alium

88 500 143 520 seu
165 491 261 527 alios,
284 491 459 521 districtius
482 491 628 521 inhibere
651 500 798 530 procures
814 500 854 520 ne
872 490 1005 520 ulterius
1024 489 1096 519 talia

89 544 192 574 facere
210 553 336 583 quoquo
354 545 446 575 modo
463 550 634 584 presumat,
651 545 755 583 ipsum
772 545 811 574 ab
827 544 906 579 biis,
928 544 953 572 si
970 551 1097 572 necesse

90 598 198 634 fuerit,
216 607 270 637 per
285 607 453 628 censuram
470 598 729 634 ecclesiasticam,
743 597 953 636 appellatIOne
973 601 1096 635 postpo-

91 651 169 686 sita,
191 651 457 689 compescendo...
486 651 557 680 Dat.
581 651 663 689 apud
687 651 969 683 Urbemveterem,
994 648 1098 678 idibus

91 704 210 738 martii,
227 712 313 733 anno
329 707 450 741 quarto.
473 715 486 729 ι»

164 875 282 904 4646

125 937 281 965 Concessio
289 938 431 972 prioratus
439 938 612 963 monasterio
620 936 717 964 Sancti
725 936 790 963 Rufi
800 935 1100 969 Valentino.(R1‹:G.46‚

93 996 120 1014 c.
140 987 183 1019 80,
203 987 222 1014 f.
244 988 275 1015 15
293 988 345 1019 νῦ.)

681 873 807 904 Orvieto,
826 874 840 900 5
856 882 933 900 mars
952 873 1026 901 1291*

137 1112 156 1120 ..
174 1091 274 1120 abbati
292 1091 472 1119 monasterii
487 1089 592 1119 Sancti
610 1089 674 1126 Rufi
697 1089 865 1123 Valentini,
884 1089 922 1117 ad
941 1097 1102 1116 romanam

94 1144 246 1173 ecclesiam
267 1144 353 1173 'nullo
382 1144 478 1172 medio
498 1143 697 1180 pertinentis,
722 1142 839 1171 ordinis
861 1142 891 1171 S.
918 1142 1080 1180 Anyustini
1095 1164 1101 1175 ‚

95 1196 261 1233 indulget,
283 1200 350 1235 post
376 1196 649 1225 examinationem
675 1195 793 1232 negotii
818 1204 872 1233 per
890 1217 910 1223 ..
928 1194 1103 1232 archiepis-

94 1257 207 1287 copum
237 1249 453 1279 Viennensem
485 1249 615 1284 factam,
647 1253 695 1284 ut,
723 1248 762 1277 ad
792 1248 1006 1286 supportanda
1035 1256 1103 1276 mo-

95 1302 227 1331 nasterii
251 1310 363 1338 onera,
385 1311 485 1331 unum
512 1311 548 1331 ex
573 1301 764 1340 prioratibus
785 1301 887 1330 eidem
913 1301 1104 1330 monasterio

97 1355 249 1394 subjectis
265 1355 405 1385 retinere
423 1355 536 1385 valeat.

138 1420 151 1436 α
174 1409 350 1439 Desideriis
372 1409 436 1438 tuis
458 1409 530 1438 in...
556 1427 594 1431 —
615 1409 684 1438 Dat.
714 1409 796 1448 apud
821 1409 1104 1445 Urbemveterem‚

97 1471 132 1492 111
149 1470 250 1492 nonas
266 1462 388 1498 martii,
407 1471 493 1493 anno
508 1467 632 1501 quarto.
653 1475 666 1489 »

169 1634 286 1663 434³?

137 1696 180 1723 De
196 1697 370 1724 monasterio
393 1696 490 1723 Sancti
512 1697 576 1723 Rufi
596 1696 745 1723 Valentino
766 1700 865 1723 contra
885 1696 1036 1723 Rodanum
1057 1696 1110 1722 de-

100 1746 252 1773 fendendo.
270 1746 353 1779 (Rae.
365 1746 409 1781 46,
428 1754 453 1772 c.
470 1746 524 1777 802,
543 1746 562 1772 f.
580 1746 611 1773 16
628 1747 675 1778 ro.)

685 1634 816 1664 Orvieto,
834 1635 849 1661 5
866 1642 942 1661 mars
958 1633 1036 1661 1291,

143 1849 263 1878 Dilectis
286 1847 361 1886 siliis
383 1848 394 1888 (
414 1871 433 1878 ..
452 1850 551 1879 abbati
577 1850 757 1878 monasterii
784 1849 888 1878 Sancti
912 1849 977 1885 Rufi
1006 1849 1110 1878 Valen-

103 1902 182 1941 tini)
205 1902 267 1941 (1),
295 1925 315 1932 ..
344 1902 427 1931 Beate
454 1903 548 1931 Marie
578 1903 612 1931 de
641 1903 798 1935 Plataria,
824 1902 1050 1939 Luyclunensis,
1078 1910 1112 1930 ac

105 1979 125 1985 ..
140 1956 355 1986 SanctiJacobt
367 1956 400 1984 de
411 1957 563 1995 Μεῖρονίο,
577 1956 800 1992 Μαῃαίοηεηείε
813 1956 988 1990 diocesinm,
998 1956 1111 1992 priori-

102 2010 170 2045 bus,
192 2009 324 2038 mandat
341 2013 374 2038 ut
392 2031 412 2038 ..
430 2009 537 2038 abbati
556 2012 586 2038 et
601 2009 774 2038 conventui
795 2008 982 2038 monasterii
1003 2008 1112 2037 Sancti

102 2062 179 2092 Rufi
208 2061 374 2092 Valentini
411 2062 569 2092 decimam
598 2062 795 2100 prioratuum
829 2066 859 2092 et
893 2061 1111 2091 membrorum

103 2115 246 2154 ejusdem
272 2116 476 2152 monasterii,
497 2115 536 2144 ad
555 2116 785 2145 monasterium
809 2119 918 2145 contra
942 2114 1112 2145 Rodanum

103 2168 240 2199 fluvium
261 2169 500 2199 defendendum
525 2168 791 2205 convertendam,
816 2168 860 2198 eis
883 2169 923 2198 ab
942 2167 1113 2206 apostolica

104 2222 179 2252 sede
202 2230 385 2252 concessam
406 2231 506 2261 usque
527 2222 566 2251 ad
587 2231 640 2252 sex
664 2230 766 2251 annos
790 2223 914 2259 integre
935 2220 1113 2250 ministrari

104 2275 233 2305 faciant.

147 2340 161 2355 «ι
179 2328 283 2359 Officii
299 2329 401 2359 nostri
417 2328 597 2358 debitum...
616 2346 653 2350 —
669 2329 740 2358 Dat.
761 2333 796 2358 ut
810 2337 916 2366 supra.
938 2340 952 2354 η

178 2503 296 2532 4648

144 2566 187 2593 De
202 2566 302 2593 eodem
318 2566 444 2600 negotio.
464 2564 544 2598 (Rae.
564 2563 608 2594 46,
626 2572 651 2590 c.
669 2563 724 2597 80³,
742 2564 761 2590 f.
781 2564 813 2590 16
829 2569 865 2595 r0,
882 2571 914 2589 en
932 2566 1050 2597 marge.)

699 2500 825 2531 Orvieto,
844 2502 858 2527 5
875 2508 951 2527 mars
967 2500 1045 2527 1291.

148 2669 289 2698 Nicotaus
301 2690 308 2704 ,
326 2654 378 2697 etc]
397 2667 517 2696 Dilectis
533 2667 609 2704 filiis
626 2688 646 2695 ..
661 2666 762 2695 abbati
778 2670 803 2694 et
817 2666 980 2694 conventui
996 2672 1117 2692 monas-

111 2723 182 2752 terii
203 2721 307 2751 Sancti
327 2721 393 2758 Rufi
418 2721 589 2756 Valentini,
608 2720 647 2749 ad
668 2728 832 2748 romanam
857 2719 1010 2747 ecclesiam
1033 2717 1118 2746 mollo

109 2775 208 2804 medio
223 2775 421 2812 pertinentis,
438 2774 557 2803 ordinis
572 2773 603 2802 S.
620 2773 803 2810 Augustini,
820 2771 1012 2810 praedictam
1032 2770 1119 2799 deci-

110 2836 197 2858 mam
213 2827 369 2858 concedit.

153 2892 167 2908 «
187 2880 293 2911 Officii
309 2879 409 2910 nostri
427 2878 608 2909 debitum...
625 2895 663 2900 —-
683 2878 754 2907 Dat.
770 2880 805 2907 ut
820 2885 926 2915 supra.
946 2888 959 2903 n

144 3006 177 3037 (1)
193 3006 214 3030 ll
228 3013 247 3036 y
263 3012 278 3029 a
293 3005 476 3029 evidemment
495 3011 549 3028 une
567 3011 661 3028 erreur
677 3003 745 3027 dans
760 3003 786 3026 la
801 3002 888 3033 partie
903 3001 935 3024 de
951 3001 976 3024 la.
991 3000 1121 3030 rubrique

112 3058 166 3082 que
179 3051 224 3081 J‘ai
238 3051 305 3074 mise
322 3056 356 3073 en
371 3048 543 3080 parenthese.

1247 433 1502 462 4649-4654
1748 431 1874 463 Orvieto,
1892 431 1925 458 28
1941 440 2017 458 mars
2034 432 2111 459 1291.

1212 495 1423 530 Indulgentiae.
1441 494 1523 528 (Rau.
1541 494 1582 525 46,
1601 502 1626 520 c.
1644 494 1692 524 81,
1708 493 1727 519 f.
1747 493 1778 519 16
1793 495 1840 525 1-0.)

1221 607 1240 613 ..
1259 585 1379 617 decano,
1407 607 1427 612 ..
1453 584 1602 621 preposito
1627 588 1652 611 et
1675 583 1808 620 capitulo
1837 582 1953 610 ecclesie
1979 581 2182 610 Carnotensis.

1179 636 1420 674 Indulgentiam
1437 636 1572 666 duorum
1589 644 1749 665 annorum
1766 639 1795 663 et
1812 635 1947 663 duarum
1968 634 2186 672 quadragena-

1182 699 1251 718 rum
1278 690 1422 719 concedit
1442 689 1647 718 visitantibus
1674 689 1845 727 praefatam
1870 687 2054 723 ecclesiam,
2073 687 2188 716 Beatae

1182 743 1302 772 Mariae
1317 742 1473 781 'vocabulo
1495 742 1701 780 insignitam,
1725 742 1757 770 in
1775 745 1910 780 quatuor
1925 739 2068 779 ejusdem
2086 739 2187 777 virgi-

1182 797 1231 825 nis
1248 796 1488 831 festivitatibus,
1509 805 1564 834 per
1580 800 1648 825 octo
1669 795 1736 824 dies
1754 799 1920 833 sequentes
1937 799 1967 823 et
1982 794 2016 823 iu
2035 793 2188 822 anniver-

1183 850 1264 879 sario
1281 849 1331 878 die
1348 849 1556 879 dedicationis
1576 849 1718 887 eJ'usdem
1737 847 1899 877 ecclesiae.

1225 915 1237 929 ι(
1257 903 1386 932 Excelsa
1402 912 1495 940 super
1514 902 1654 931 sidera...
1667 917 1707 924 —-
1723 902 1793 930 Dat.
1812 901 1895 939 apud
1911 901 2187 935 Urbemveterem,

1183 965 1202 984 v
1218 955 1371 985 kalendas
1387 955 1510 994 aprilis,
1527 963 1612 984 anno
1631 959 1753 993 quarto.
1774 966 1786 980 n

1750 1035 1881 1067 tlt-vieto,
1902 1034 1933 1060 15
1950 1041 2025 1059 mars
2042 1033 2119 1059 1291.

1226 1099 1261 1127 In
1282 1108 1308 1127 e.
1330 1107 1372 1127 m.
1395 1120 1414 1127 ..
1436 1097 1610 1136 praeposito
1633 1103 1663 1126 et
1684 1096 1823 1134 capitulo
1848 1096 2020 1125 saecularis
2043 1095 2192 1125 ecclesiae

1187 1151 1302 1180 Belitae
1324 1151 1443 1180 Mariae
1464 1151 1502 1179 de
1521 1151 1692 1179 Martoreto
1717 1149 1755 1178 de
1773 1149 1901 1185 Riomo,
1919 1148 2193 1178 Claromontensis

1185 1204 1350 1234 dioecesis
1371 1203 1608 1240 Indulgentiam
1627 1202 1724 1232 unius
1740 1202 1819 1230 anni
1838 1207 1868 1231 et
1882 1211 1918 1230 XL
1935 1201 2060 1231 dierum
2079 1210 2192 1231 conce-

1185 1257 1231 1285 dit
1247 1257 1450 1286 visitantibus
1473 1256 1665 1294 praedictam
1689 1255 1855 1285 ecclesiam
1877 1255 1910 1283 in
1934 1258 2070 1293 quatuor
2087 1254 2195 1284 beatae

1187 1311 1306 1339 Mariae
1324 1310 1556 1344 festivitatibus,
1574 1318 1628 1347 per
1642 1313 1710 1338 octo
1729 1308 1797 1337 dies
1817 1312 1986 1345 sequentes
2002 1312 2032 1337 et
2048 1308 2082 1336 in
2098 1308 2193 1336 anni-

1187 1365 1326 1393 versario
1354 1364 1405 1393 die
1431 1363 1639 1392 dedicationis
1665 1362 1808 1400 ejusdem
1829 1361 1992 1391 ecclesiae.
2016 1361 2087 1390 Dat.
2111 1359 2195 1399 apud

1189 1418 1467 1453 Urbemveterein,
1484 1416 1590 1446 idibus
1606 1416 1728 1451 martii,
1749 1423 1834 1444 anno
1851 1418 1973 1453 quarto.

1755 1495 1887 1529 Orvieto,
1904 1495 1936 1521 2¹3
1953 1503 2030 1521 mars
2046 1494 2124 1521 1291.

1230 1562 1268 1591 In
1286 1570 1312 1590 e.
1331 1570 1374 1590 m.
1393 1560 1551 1590 universis
1571 1559 1693 1589 Christi
1714 1557 1862 1587 fidelibus
1880 1561 2060 1596 praesentes
2076 1556 2197 1586 litteras

1190 1614 1399 1653 inspecturis,
1417 1622 1472 1652 pro
1493 1612 1614 1651 capella
1633 1635 1651 1641 ..
1671 1611 1817 1649 magistri
1833 1614 1863 1640 et
1880 1611 2013 1640 fratrum
2032 1609 2198 1647 hospitalis

1193 1668 1307 1697 Beatae
1321 1667 1440 1696 Mariae
1452 1667 1572 1695 Reineu
1579 1665 1633 1701 sis,
1642 1665 1675 1693 in
1683 1663 1951 1693 Annuntiationis
1962 1663 2069 1692 beatae
2080 1662 2199 1691 Mariae

1192 1726 1222 1751 et
1237 1721 1344 1750 beatae
1359 1719 1562 1754 Catlierinae,
1576 1718 1610 1747 in
1627 1718 1718 1756 cujus
1734 1717 1888 1747 honorem
1906 1716 2063 1754 praedicta
2079 1715 2200 1754 capella

1192 1778 1238 1804 est
1254 1777 1443 1808 constructa,
1456 1771 1692 1807 festivitatibus,
1705 1779 1759 1809 per
1773 1773 1839 1799 octo
1853 1769 1919 1799 dies
1936 1773 2104 1808 sequentes
2120 1772 2150 1798 et
2165 1768 2199 1797 in

1192 1826 1414 1857 anniversario
1430 1826 1481 1855 die
1498 1825 1705 1854 dedicationis
1721 1823 1863 1862 ejusdem
1881 1822 2028 1861 capellae.

1236 1893 1248 1907 (t
1269 1881 1339 1909 Vite
1357 1880 1507 1917 perennis
1526 1878 1664 1915 gloria...
1682 1894 1719 1898 —
1737 1877 1806 1905 Dat.
1824 1876 1908 1914 apud
1924 1875 2198 1909 Urbemveterem,

1192 1944 1211 1964 x
1229 1933 1382 1963 kalendas
1398 1932 1519 1970 aprilis,
1537 1940 1623 1961 anno
1638 1935 1761 1969 quarto.
1782 1942 1794 1956 »

1235 1988 1271 2017 In
1284 1997 1312 2016 e.
1324 1995 1380 2021 m.‚
1392 1994 1446 2024 pro
1459 1985 1645 2014 eorumdem
1656 1983 1787 2022 capella,
1796 1983 1830 2012 iu
1840 1982 2081 2020 Assumptionis
2094 1982 2203 2011 beatae

1196 2041 1315 2070 Mariae
1340 2038 1478 2075 virginis
1500 2042 1529 2067 et
1545 2038 1576 2067 S.
1597 2037 1759 2071 Tbomae,
1777 2037 1809 2065 in
1832 2036 1923 2074 cujus
1939 2035 2094 2065 honorem
2113 2043 2203 2073 prae-

1195 2094 1278 2123 dicta
1293 2091 1412 2131 capella
1426 2097 1472 2121 est
1487 2093 1678 2125 constructa,
1698 2089 1938 2125 festivitatibus,
1956 2094 2028 2124 etc.,
2046 2092 2081 2117 ut
2097 2096 2201 2126 supra.

1197 2147 1255 2185 (En
1273 2144 1403 2183 mctrye.)

1238 2200 1276 2228 In
1288 2208 1315 2227 e.
1326 2207 1381 2231 m.‚
1394 2206 1448 2235 pro
1460 2196 1647 2226 eorumdem
1658 2194 1790 2233 capella,
1800 2194 1832 2223 in
1846 2193 2086 2232 Assumptionis
2096 2193 2205 2222 beatae

1199 2252 1318 2282 Mariae
1340 2251 1476 2288 virginis
1492 2255 1521 2279 et
1539 2250 1572 2279 S.
1592 2249 1685 2287 Lupi,
1702 2249 1735 2278 in
1757 2249 1847 2286 ouJ'us
1868 2248 2024 2277 honorem
2047 2246 2207 2284 praedicta

1196 2304 1317 2344 capella
1342 2309 1388 2333 est
1414 2308 1594 2334 constructa
1608 2325 1616 2339 ,
1649 2301 1894 2335 festivitatibus,
1924 2304 2001 2336 etc.,
2034 2303 2067 2328 ut
2099 2307 2204 2337 supra.

1198 2357 1300 2397 (Ibtd.)

1769 2394 1897 2424 Orvieto,
1916 2392 1947 2419 28
1964 2400 2040 2418 mars
2057 2391 2134 2418 1291.

1238 2461 1276 2489 In
1289 2469 1317 2489 e.
1330 2468 1372 2488 m.
1381 2483 1387 2495 ,
1397 2468 1451 2497 pro
1462 2458 1596 2488 ecclesia
1609 2480 1629 2488 ..
1643 2457 1812 2495 guardiani
1825 2460 1854 2485 et
1867 2456 2002 2485 fratrum
2014 2454 2136 2485 ordinis
2147 2453 2207 2483 mi-

1199 2522 1314 2543 norum
1329 2512 1601 2546 Limiricensium,
1616 2512 1649 2540 in
1665 2514 1800 2549 quatuor
1813 2510 1922 2539 beatae
1937 2508 2057 2538 Mariae
2073 2506 2208 2545 virginis

1200 2572 1230 2597 et
1244 2567 1278 2595 in
1295 2570 1477 2595 sanctorum
1493 2564 1667 2600 Francisci,
1683 2563 1818 2593 Antonii
1837 2567 1867 2592 et
1882 2566 2008 2591 sauctae
2023 2561 2134 2591 Clarae
2150 2560 2209 2589 fes-

1201 2620 1388 2655 tivitatibus⁷
1406 2628 1460 2657 per
1476 2621 1544 2648 octo
1560 2618 1629 2648 dies
1644 2622 1812 2656 sequentes
1828 2621 1857 2646 et
1872 2616 1906 2645 iu
1921 2615 2143 2645 anniversario
2159 2614 2210 2644 die

1200 2673 1407 2704 dedicationis
1418 2665 1564 2711 ‘ejusdem
1583 2671 1744 2702 ecclesiae.
1764 2671 1834 2700 Dat.
1853 2675 1887 2699 ut
1902 2678 2007 2708 supra,
2025 2678 2043 2698 v
2057 2668 2210 2698 kalendas

1201 2726 1323 2765 aprilis,
1340 2734 1426 2755 anno
1441 2729 1564 2764 quarto.
1582 2725 1684 2760 (Ibid.,
1707 2724 1842 2759 ΡοΤΤΗἾ
1861 2722 1984 2760 23629.)

1273 2882 1525 2912 4655-4656

1239 2945 1357 2972 Collatio
1373 2945 1515 2972 beneficii.
1533 2945 1614 2978 (Rae.
1635 2944 1681 2975 46,
1701 2952 1725 2969 c.
1744 2943 1790 2974 82,
1810 2943 1829 2969 f.
1849 2943 1880 2969 16
1896 2943 1947 2975 νο.)

1769 2880 1895 2913 Orvieto,
1916 2880 1953 2905 1ο·-
1969 2886 2045 2906 mars
2062 2879 2138 2906 1291.

1245 3034 1378 3063 Arnotdo
1394 3034 1428 3063 de
1444 3034 1675 3068 Blancltenhem,
1692 3032 1846 3061 scolastico
1863 3031 1979 3060 ecclesie
1995 3031 2214 3060 Monasterien-
