2342 3652
920 370 1146 409 DEUXIEME
1168 371 1324 408 ANNEE.
2106 391 2162 421 355

78 451 134 473 sue
156 442 366 480 malignitatis
392 442 540 471 astutiam
569 444 767 480 procuravit,
794 445 1078 475 amministrationi

77 496 231 525 bonorum
247 493 466 532 temporalium
484 494 668 532 episcopalis
685 495 768 524 sedis
784 496 1007 533 Ti-:ijectensis,
1022 496 1078 526 hu-

73 547 210 587 jusmodi
225 546 388 576 electionis
405 555 461 575 sue
476 546 717 576 confirmatione
736 556 797 577 non
817 548 924 577 habita
939 558 996 578 nec
1012 558 1077 587 pos-

76 599 239 630 tulationis
255 598 449 628 admissione
465 603 581 631 secuta,
600 599 764 636 nephariis
779 601 909 630 ausibus
927 610 959 630 se
975 602 1079 639 inges-

77 654 134 690 sit,
169 653 252 682 bona
287 652 355 691 ipsa
390 652 561 690 multiplici
598 652 827 690 dilapidatione
862 663 1053 683 consumens
1070 678 1076 689 ‚

74 706 243 746 predictam
265 705 428 735 ecclesiam
453 705 601 742 gravibus
626 710 655 734 et
684 706 940 744 importabilibus
963 707 1076 737 debitis

75 758 261 797 obligando,
283 762 329 794 et,
352 763 384 787 ut
401 768 493 797 prave
513 767 568 787 sue
586 758 775 788 intentionis
792 760 987 798 propositum
1005 769 1075 799 pos-

75 816 121 843 set
134 821 228 850 super
246 811 304 841 hoc
322 810 448 840 facilius
465 815 493 840 et
510 810 645 840 celerius
661 811 841 849 adimpleri,
859 812 957 841 nobili
974 813 1074 842 viro..

75 864 180 896 comiti
204 863 381 893 Juliacensi
398 886 406 900 ‚
434 863 489 902 qui
516 868 590 892 tunc
617 863 698 893 bone
720 865 872 894 memorie
898 865 1075 902 Engelber-

75 921 140 948 tum
153 939 162 953 ‚
180 916 468 954 archiepiscopum,
495 920 525 945 et
541 915 704 945 ecclesiam
721 916 926 946 Colonienses
937 940 944 952 ,
960 918 1076 956 quibus

73 970 190 1010 prefata
207 970 417 1009 Trajectensis
440 969 570 998 ecclesia
597 969 826 1008 metropolitico
845 971 917 1008 jure
935 971 1075 1009 subjecta

72 1023 204 1060 dicitur,
233 1023 374 1052 indebite
396 1023 624 1060 impugnabat,
652 1023 790 1053 favorem
818 1033 873 1061 pro
899 1025 1020 1054 viribus
1046 1030 1076 1054 et

72 1076 225 1108 auxilium
254 1076 408 1105 exhibens
424 1099 429 1110 ,
462 1076 618 1114 prefatum
646 1076 923 1115 archiepiscopum
941 1101 947 1109 ,
979 1087 1073 1124 quem

71 1129 156 1160 idem
171 1137 275 1159 comes
290 1128 323 1157 in
339 1128 481 1166 ejusdem
501 1128 663 1169 «1011301115
683 1130 841 1167 presentia
857 1135 992 1168 ceperat,
1010 1135 1074 1159 tan-

71 1182 144 1219 diu,
163 1186 254 1221 prout
268 1182 301 1211 111
318 1182 460 1220 partibus
483 1182 546 1211 illis
565 1182 675 1211 haberi
694 1184 878 1221 proponitur
893 1186 1074 1214 communis

70 1236 196 1276 opinio,
212 1236 393 1274 procuravit
408 1236 440 1264 in
459 1236 600 1265 vinculis
618 1236 765 1272 detineri.v
784 1237 884 1267 donec
902 1238 1073 1276 archiepis-

24 1297 28 1300 ’
69 1297 164 1328 oopus
177 1288 262 1327 ipse,
277 1289 411 1318 carceris
430 1289 576 1327 squalore
592 1294 726 1325 coactus,
745 1290 828 1319 bone
847 1291 1000 1320 memorie
1018 1292 1073 1321 At-

68 1342 174 1380 herto‚
199 1342 361 1381 quondam
384 1342 611 1380 Ratisponensi
632 1344 793 1381 episcopo,
819 1349 903 1374 motu
927 1346 1069 1383 proprio,

68 1394 295 1434 metropolitica
314 1398 418 1424 tamen
435 1396 635 1430 auctoritate,
660 1397 820 1426 commisit
837 1402 869 1427 ut
885 1397 1070 1428 electionem

68 1457 122 1480 seu
137 1448 381 1488 postulationem
399 1448 583 1487 hujusmodi
600 1449 638 1479 de
654 1450 773 1488 prefato
794 1451 943 1480 Johanne
966 1452 1009 1481 sic
1033 1452 1071 1482 de

67 1502 146 1533 facto
168 1506 351 1541 presumpta
377 1503 561 1532 auctoritate
583 1503 683 1541 ipsius
708 1503 936 1543 archiepiscopi
958 1506 1071 1535 confir-

66 1563 152 1586 mare
175 1563 228 1585 seu
248 1555 418 1584 admittere
443 1559 634 1593 promraret.
659 1556 774 1595 Sicque
798 1558 998 1595 postmodum
1016 1568 1072 1596 per

17 1634 26 1642 .
67 1608 201 1639 eundem
220 1608 402 1646 episcopum
417 1632 424 1646 ,
446 1612 589 1646 pretextu
606 1610 840 1639 commissionis
862 1611 1044 1650 hujusmodi
1061 1636 1067 1647 ‚

68 1661 218 1692 electione
234 1661 388 1699 predicta,
408 1666 439 1690 ut
456 1662 584 1699 dicitur,
603 1663 807 1695 confirmata,
826 1664 999 1702 prelibatus
1014 1666 1068 1695 Jo-

68 1713 211 1750 hannes,
231 1714 334 1744 adhuc
359 1715 509 1752 predictis
524 1714 639 1753 ligatus
658 1717 838 1751 sententiis,
857 1722 885 1746 et
902 1718 997 1747 etiarn
1016 1728 1069 1748 ex—

67 1768 354 1798 communicatione
377 1776 471 1806 quam
496 1768 529 1797 in
553 1769 696 1807 captione
718 1770 945 1809 archiepiscopi
963 1782 1069 1811 supra—

68 1819 160 1857 dicti,
177 1821 258 1850 sicut
273 1821 478 1859 premittitur,
502 1822 671 1860 prestando
687 1823 845 1853 auxilium
864 1829 893 1853 et
910 1825 1068 1863 savorem,

66 1873 254 1910 incurrerat,
269 1873 444 1911 involutus,
459 1883 491 1904 se
507 1875 580 1904 fecit
594 1875 627 1904 in
643 1876 864 1914 presbyterum
879 1880 1068 1916 promoveri,

66 1926 217 1966 nullaque
233 1936 326 1966 super
338 1927 396 1957 hoc
409 1928 607 1958 absolutione
619 1929 668 1958 vel
681 1929 919 1968 dispensatione
931 1932 1067 1970 obtenta,

65 1979 99 2010 iu
114 1979 187 2009 sede
197 1980 391 2019 Trajectensi
408 1981 546 2019 predicta
561 1982 628 2020 jam
643 1991 698 2020 per
715 1983 829 2021 viginti
846 1994 947 2014 annos
964 1990 993 2015 et
1005 1996 1068 2016 am-

2 2033 4 2040 '
51 2032 147 2075 *plius
165 2035 401 2072 presumptione
419 2034 618 2074 dampnabili
637 2036 845 2074 spiritualiter
866 2043 895 2067 et
914 2043 1068 2078 tempora-

65 2085 139 2116 liter
153 2086 400 2123 administram,
418 2087 548 2117 clericos
565 2089 775 2128 Trajectensis
796 2091 931 2120 civitatis
955 2097 983 2121 et
1002 2093 1070 2123 dio-

66 2139 144 2170 cesis
163 2140 270 2170 minus
290 2140 432 2179 ydoneos
454 2141 493 2170 ad
517 2150 620 2171 sacros
643 2143 770 2172 ordines
799 2148 828 2172 et
852 2145 891 2173 ad
914 2143 1068 2175 beneficia

66 2192 287 2229 ecclesiastica,
307 2202 381 2223 cum
398 2203 473 2224 cura
495 2199 524 2224 et
547 2195 617 2225 sine
640 2205 735 2233 cura,
761 2199 876 2235 passim
902 2199 1068 2229 admittere

66 2254 129 2276 non
153 2247 287 2286 expavit.
316 2247 481 2277 Decimam
511 2249 643 2287 insuper
665 2249 761 2280 Terre
789 2251 900 2280 Sancte
927 2253 1068 2284 subsidio

64 2298 243 2338 deputatam
257 2324 264 2336 ,
288 2305 318 2330 et
338 2310 393 2339 per
409 2301 589 2332 collectores
607 2303 706 2341 ipsius
723 2304 754 2332 in
772 2305 922 2342 predictis
941 2307 1067 2338 civitate

65 2360 102 2383 ac
121 2352 236 2383 diocesi
260 2358 334 2383 tunc
356 2354 541 2391 collectam,
573 2359 602 2385 et
629 2356 661 2384 in
691 2356 759 2387 loco
785 2358 917 2388 fratrum
944 2360 1067 2389 ordinis

65 2405 295 2444 predicatorum
311 2407 507 2446 Trajectensi
527 2409 656 2438 nomine
674 2410 804 2440 ecclesie
821 2420 951 2442 romane
972 2413 1066 2452 depo-

67 2458 170 2497 sitam,
184 2459 291 2489 fractis
307 2460 385 2490 seris
399 2461 494 2490 arche
508 2463 541 2491 in
556 2471 618 2500 qua
632 2462 714 2492 dicta
731 2463 854 2493 decima
870 2466 1065 2505 servabatur,

65 2519 121 2550 per
135 2511 319 2552 violentiam
334 2515 509 2552 occupavit,
526 2523 596 2544 eam
610 2524 717 2545 secum
735 2520 852 2547 temere
865 2520 1064 2558 asportando,

66 2568 189 2604 propter
204 2565 287 2604 quod
301 2566 334 2595 in
348 2575 439 2602 eum,
456 2567 531 2606 quia
547 2567 704 2598 decimam
716 2569 818 2607 ipsam
834 2572 997 2602 restituere
1011 2583 1066 2603 seu

66 2616 105 2648 de
115 2616 170 2648 illa
179 2618 427 2649 satisfactionem
445 2620 629 2659 impendere
648 2622 785 2652 debitam
802 2625 1004 2662 pertinaciter
1020 2636 1066 2655 re-

66 2671 197 2709 cusavit,
211 2673 550 2704 excommunicationis
562 2676 718 2705 sententia
734 2686 790 2715 per
803 2679 1008 2716 apostolicam
1021 2690 1065 2710 50-

65 2722 136 2756 dem
151 2724 252 2754 extitit
268 2726 477 2764 promulgata.
492 2727 529 2756 Et
545 2728 779 2759 nichilominus
794 2732 933 2769 prefatus
947 2733 1067 2763 ,1011311-

65 2783 122 2806 nes
137 2800 144 2814 ,
175 2779 337 2816 premissis
369 2781 536 2810 sententiis
567 2781 729 2819 irretitus,
762 2783 871 2814 divina
907 2786 1066 2817 celebrare

65 2828 184 2868 officia,
209 2831 310 2862 immo
331 2833 455 2871 potius,
482 2839 638 2872 quantum
665 2836 697 2865 in
721 2845 756 2866 eo
778 2842 840 2874 est,
867 2840 1065 2879 prophanare

62 2884 228 2920 presumit.
247 2885 394 2915 Preterea
407 2891 508 2917 castra
525 2892 556 2917 et
573 2889 787 2926 possessiones
802 2900 838 2920 ac
852 2892 925 2929 jura
940 2894 1023 2923 sedis
1037 2886 1067 2924 et

67 2934 197 2967 ecclesie
220 2938 472 2977 Trajectensium
489 2941 702 2978 predictarum
724 2944 889 2973 nonnulli<
908 2947 1066 2978 nobilibus

67 2991 99 3017 et
114 2990 290 3028 potentibus
307 2992 477 3030 obligavit,
494 3002 530 3023 ac
544 2993 623 3024 alias
638 2995 720 3024 bona
736 2999 919 3027 earumiivru
937 3000 1021 3029 sedis
1037 3005 1067 3030 et

62 3039 196 3075 ,ecclesie
218 3042 404 3082 dilapidavit
423 3049 453 3074 et
472 3045 649 3084 dilapidare
673 3056 735 3078 non
759 3049 890 3086 desini,
915 3056 1065 3090 tanquam

1160 445 1193 473 in
1210 453 1339 474 sensum
1358 448 1524 485 reprobum
1547 449 1671 479 deditus
1687 474 1694 486 ‚
1711 451 1788 480 adeo
1805 453 1979 483 enormiter
1999 460 2028 484 et
2046 465 2160 485 consu-

1160 497 1218 525 mit
1234 498 1338 534 quod7
1359 499 1423 527 nisi
1447 509 1501 538 per
1524 501 1623 539 ipsius
1643 504 1813 540 apostolice
1835 505 1918 534 sedis
1941 512 2094 545 oportuna
2113 518 2159 537 re-

1161 549 1264 578 media
1285 551 1331 579 eis
1348 551 1492 581 celeriter
1509 560 1721 591 succurratur,
1740 557 1821 585 bona
1837 558 1946 587 eadem
1962 560 1999 589 ad
2018 564 2162 591 extermi-

1161 602 1250 630 nium
1268 603 1464 633 collabentur
1482 611 1676 644 extremum,
1699 614 1728 637 et
1743 610 1800 638 sub
1824 610 2001 641 detestabili
2019 614 2161 652 ejusdem

1159 655 1318 685 Johannis
1336 658 1478 696 exemplo
1497 660 1610 697 peribit
1626 661 1656 689 in
1679 662 1823 699 predictis
1840 664 1964 694 civitate
1987 674 2022 695 ac
2044 667 2161 696 diocesi

1160 707 1327 744 religionis
1343 710 1543 740 observantia
1558 712 1724 749 clericalis,
1740 719 1769 743 et
1785 714 1925 746 locorum
1938 717 2161 749 ecclesiastico-

1160 769 1229 789 rum
1249 762 1360 799 prelati
1381 764 1542 793 facultates
1557 774 1666 794 eorum
1683 767 1809 797 111-11505
1823 771 2029 799 convertendi
2046 773 2161 809 nepha-

1159 812 1221 841 rios
1239 822 1367 843 causam
1387 821 1529 852 sument⁷
1554 818 1585 845 in
1612 819 1734 856 proprie
1755 829 1788 848 at·
1812 821 1948 851 aliorum
1970 823 2078 852 salutis
2099 825 2161 853 dis-

1159 866 1311 902 pendium
1329 872 1358 896 01
1378 868 1461 897 sedis
1486 873 1515 897 et
1537 870 1668 899 ecclesie
1688 872 1937 909 Trajectensiuni
1963 884 1998 904 ac
2021 876 2159 905 locorum

1159 917 1298 955 ipsorum
1320 928 1383 949 non
1411 921 1569 950 modicum
1597 922 1835 953 detrimentum.
1864 926 1927 954 Nos
1952 927 2076 965 itaque,
2103 937 2159 958 no-

1157 969 1259 999 lentes
1284 974 1454 1010 premissa,
1477 975 1502 1002 si
1523 975 1662 1003 vei-itatis
1684 977 1893 1007 amminiculo
1911 979 2085 1015 foveantur,
2103 981 2161 1009 sub

1159 1023 1405 1054 dissimilatione
1430 1027 1580 1062 transire,
1605 1036 1645 1056 ne
1670 1029 1783 1058 ceteris
1802 1038 1915 1059 ausum
1943 1032 2160 1062 committendi

1158 1077 1277 1106 similia
1300 1078 1563 1115 snlnninistrent,
1588 1080 1771 1110 discretioni
1794 1087 1895 1111 vestre
1918 1092 1972 1120 per
1993 1085 2160 1122 apostolica

1158 1132 1273 1168 scripta
1289 1131 1480 1160 mandamus
1499 1137 1657 1169 quatenus
1674 1142 1743 1169 vos,
1769 1133 1818 1163 vel
1838 1134 1900 1164 duo
1920 1140 1974 1164 aut
1993 1145 2076 1166 unus
2093 1146 2161 1166 ves-

1158 1187 1261 1219 trum,
1279 1184 1435 1221 prefatum
1458 1184 1641 1214 Johannem
1662 1194 1697 1214 ex
1719 1190 1805 1224 parte
1826 1191 1932 1217 nostra
1953 1190 2161 1228 peremptorie

1156 1237 1251 1266 citare
1273 1237 1407 1273 curetis,
1433 1236 1494 1266 sibi
1520 1237 1750 1268 nichilominus
1767 1240 1825 1269 sub
1841 1241 2058 1271 ammissionis
2077 1243 2160 1280 juris

1156 1293 1186 1318 et
1201 1290 1335 1319 actionis
1354 1290 1542 1328 cujuslibet,
1558 1299 1620 1328 que
1638 1291 1670 1319 in
1689 1292 1798 1321 eadem
1816 1294 2009 1332 'Pi-ajectensi
2027 1295 2158 1325 ecclesia

1155 1343 1183 1372 ei
1198 1347 1375 1381 competere
1391 1343 1612 1380 dinoscuntur,
1638 1354 1736 1382 pena,
1755 1354 1851 1383 quam
1875 1355 1910 1376 eo
1928 1347 1996 1385 ipso
2013 1357 2085 1377 eum
2108 1349 2157 1377 in-

1154 1405 1282 1425 currere
1298 1396 1462 1433 volumus,
1483 1397 1509 1426 si
1532 1398 1661 1433 vestris,
1685 1399 1784 1428 immo
1812 1400 1912 1437 potius
1936 1402 2069 1437 nostris,
2095 1410 2157 1431 non

1154 1450 1311 1479 curaverit
1333 1450 1501 1479 efficaciter
1517 1450 1643 1479 obedire
1662 1452 1833 1488 mandatis,
1856 1453 2029 1482 districtius
2048 1455 2156 1492 iujun-

1152 1502 1267 1539 gendo,
1285 1507 1319 1531 ut
1334 1503 1417 1531 inira
1436 1508 1570 1541 quatuor
1587 1512 1710 1533 menses
1728 1512 1793 1543 post
1809 1505 1991 1535 citationem
2006 1511 2156 1544 vestram,

1152 1565 1225 1585 cuni
1242 1556 1393 1586 omnibus
1411 1556 1622 1586 munimentis
1639 1562 1668 1586 et
1683 1557 1922 1588 defensionibus
1945 1560 2027 1595 suis,
2048 1569 2157 1598 perso-

1153 1609 1268 1638 naliter
1279 1614 1458 1647 compareat
1474 1619 1578 1639 roram
1594 1611 1693 1645 uobis,
1708 1612 1892 1640 meritorum
1909 1621 2050 1650 suorum,
2066 1618 2156 1650 prout

1148 1663 1272 1701 justitia
1289 1663 1448 1698 suadebit,
1467 1663 1626 1700 condigna
1647 1668 1828 1702 recepturus
1844 1665 2001 1702 stipendia
2013 1689 2020 1701 ‚
2038 1670 2067 1694 et
2084 1675 2157 1695 nos-

1154 1715 1208 1744 tris
1220 1724 1274 1753 per
1285 1715 1394 1745 omnia
1409 1716 1614 1753 beneplacitis
1632 1717 1802 1753 pariturus.
1821 1718 1853 1746 s'i
1870 1726 1941 1746 vero
1957 1718 1994 1747 ad
2014 1718 2157 1755 ejusdem

1151 1769 1309 1798 <Iohannis
1327 1770 1540 1807 presentiam,
1561 1774 1684 1807 propter
1704 1770 1804 1807 ipsius
1825 1771 1996 1808 potentiam
2017 1777 2046 1800 et
2067 1772 2157 1800 mali-

1154 1822 1246 1858 tiam,
1269 1822 1318 1851 vel
1336 1822 1374 1851 ad
1392 1823 1543 1860 prefatam
1566 1823 1730 1852 ecclesiam
1758 1824 1991 1861 'l'rajectensem
2013 1824 2159 1854 accedere

1153 1884 1262 1905 secure
1279 1876 1357 1904 sorte
1375 1884 1436 1904 non
1462 1877 1576 1913 poteris
1599 1876 1648 1905 vel
1672 1876 1825 1906 nuntium
1849 1877 2028 1913 destinare,
2050 1886 2103 1907 vos
2126 1878 2158 1906 in

1151 1928 1258 1967 aliquo
1274 1928 1323 1958 vel
1339 1928 1501 1967 aliquibus
1518 1929 1631 1957 vicinis
1648 1934 1676 1958 et
1698 1930 1770 1958 tutis
1787 1929 1864 1959 locis
1888 1930 1927 1958 ad
1952 1930 2010 1959 hec
2032 1939 2158 1969 compe-

1154 1982 1309 2017 tentibus,
1328 1982 1365 2010 de
1382 1991 1444 2020 quo
1460 1981 1509 2011 vel
1524 1982 1641 2020 quibus
1658 1983 1876 2012 verisimiliter
1893 1983 1978 2012 credi
1995 1984 2095 2013 valeat
2110 1984 2156 2013 vel

1151 2035 1293 2073 presumi
1309 2034 1392 2073 quod
1408 2043 1444 2064 ea
1457 2044 1518 2073 que
1534 2040 1685 2072 gerentur
1698 2036 1816 2064 ibidem
1829 2036 1869 2064 ad
1882 2036 1979 2074 ipsius
1992 2037 2154 2065 Joliannis

1151 2088 1273 2126 possint
1292 2088 1438 2118 notitiam
1457 2089 1641 2127 pervenire,
1662 2090 1835 2127 procedatis
1854 2090 1886 2118 in
1909 2089 2093 2128 hujusmodi
2111 2090 2155 2119 ci-

1153 2141 1278 2171 tationis
1296 2142 1422 2179 negotio
1436 2143 1526 2181 juxta
1544 2142 1689 2171 traditam
1706 2143 1794 2172 vobis
1811 2143 1955 2172 sormam.
1973 2143 2066 2172 Diem
2083 2152 2155 2172 vero

1119 2232 1121 2234 Ι
1151 2195 1313 2224 citationis
1327 2200 1359 2224 et>
1372 2195 1506 2225 formam
1523 2201 1552 2225 et
1568 2196 1721 2234 quicquid
1738 2205 1832 2234 super
1852 2196 1910 2225 hoc
1936 2196 2089 2225 duxeritis
2109 2197 2153 2225 ia-

1151 2248 1301 2278 ciendum
1323 2249 1415 2278 nobis
1432 2258 1486 2287 per
1503 2253 1620 2278 vestras
1640 2249 1762 2278 litteras
1785 2249 1897 2278 harum
1921 2250 2036 2279 seriem
2053 2251 2155 2279 conti-

1152 2306 1263 2331 nentes
1290 2302 1442 2331 studeatis
1471 2301 1607 2331 fideliter
1634 2302 1796 2331 intimare.
1827 2303 1894 2332 Dat.
1926 2304 2044 2338 Rome,
2071 2303 2153 2342 apud

1151 2355 1299 2385 Sanctam
1318 2356 1450 2385 Mariam
1471 2356 1635 2394 Maj0rem,
1650 2365 1704 2384 vni
1722 2355 1873 2385 kalendas
1891 2356 2054 2392 februarii,
2068 2365 2153 2385 anno

1151 2410 1302 2439 secundo.
1325 2422 1338 2436 n

1224 2548 1336 2576 199ss

1185 2610 1335 2636 Contentio
1351 2610 1424 2636 inter
1438 2609 1684 2644 archiepiscopum
1702 2610 1937 2636 Cantuariensem
1959 2613 1986 2635 et
2004 2614 2151 2636 monaste-

1150 2659 1222 2685 rium
1240 2658 1421 2685 Fiscanense.
1436 2658 1519 2691 (Reg.
1537 2659 1580 2688 44.
1598 2667 1622 2684 0.
1640 2658 1701 2691 Ἱῦῗ,
1718 2658 1736 2684 f.
1754 2658 1801 2684 ‘281
1821 2657 1938 2687 1¹⁰2LAP.
1957 2666 1991 2684 nt*
2003 2658 2099 2688 Tacit,
2114 2658 2149 2689 11,

1150 2708 1221 2737 369.)

1407 2547 1770 2581 Sainte-Marie-Majeure‚
1792 2548 1820 2574 13
1837 2548 1986 2573 decembre
2006 2548 2080 2574 1289.

1192 2813 1210 2818 ..
1229 2790 1354 2826 officiali
1371 2790 1578 2818 Ambiunenst'.
1598 2801 1611 2815 α
1627 2789 1690 2819 Sua
1707 2789 1798 2818 nobis
1816 2789 1923 2818 dilecti
1938 2788 1998 2818 filii
2016 2811 2036 2818 ..
2055 2789 2151 2819 abbas

1149 2846 1179 2872 et
1193 2846 1367 2872 conventus
1384 2841 1569 2871 monasterii
1586 2841 1804 2877 Fiscanensis,
1821 2841 1858 2870 ad
1875 2850 2038 2870 romanam
2055 2841 2149 2870 eccle-

1149 2896 1229 2926 siam
1246 2895 1335 2925 nullo
1353 2896 1455 2925 medio
1473 2895 1678 2933 pertinentis,
1701 2894 1823 2924 ordinis
1840 2895 1948 2924 Sancti
1970 2895 2147 2931 Benedicti,

1150 2949 1416 2986 Rotliomagensis
1445 2948 1600 2984 diocesis,
1628 2947 1778 2986 petitione
1800 2952 2018 2977 monstrarunt
2043 2948 2147 2986 quod,

1148 3003 1193 3032 eis
1210 3002 1332 3031 dudum
1353 3001 1611 3039 significantibus
1634 3000 1735 3030 felicis
1759 3001 1986 3031 recordationis
2011 3001 2149 3030 Martino

1148 3064 1238 3094 pape,
1258 3054 1471 3094 predecessori
1488 3059 1610 3091 nostro,
1630 3054 1714 3092 quod
1731 3054 1830 3084 iidem
1849 3055 1881 3083 in
1899 3055 2001 3084 causis
2017 3064 2077 3093 que
2096 3055 2148 3083 in-
