2342 3652
931 361 1158 401 nnuxn'sMn
1175 360 1332 399 ANNE'n.
2115 378 2168 409 371

85 435 172 466 linea
186 435 374 474 conjunctos
390 443 469 471 esse,
480 438 707 464 contraxerunt
722 438 751 464 et
767 435 799 464 in
814 444 876 473 quo
888 435 993 474 plures
1006 435 1088 465 filios

84 493 290 528 procrearunt
306 496 473 517 remanere
488 486 625 516 valeant.
643 486 733 516 Idem
749 487 1004 527 archiepiscopus
1023 490 1086 525 eis,

85 545 159 571 noto
172 540 232 570 hoc
248 539 492 578 impedimento,
506 539 786 576 cohabitationem,
801 541 859 570 sub
873 541 1089 570 excommuni-

85 593 219 624 cationis
232 601 346 632 poena,
363 593 578 622 interdicerat.

125 659 139 674 a
156 647 271 676 Petitio
287 645 395 675 dilecti
410 645 508 676 filii...
532 662 570 666 —
595 646 666 675 Dat.
690 646 807 682 Rome,
834 647 917 685 apud
939 647 1087 676 Sanctam

84 700 220 731 Mariam
236 700 404 738 Majorem,
421 708 461 728 xv
477 699 630 728 kalendas
646 699 765 735 martii,
789 708 875 730 anno
902 699 1052 729 secundo.
1071 711 1086 726 »

119 844 368 873 znoz-zioa

117 899 325 934 Indulgentiae.
343 899 426 931 (Rm.
444 899 487 930 44,
509 907 535 925 c.
558 898 619 932 831,
636 899 656 925 f.
677 899 723 925 ‘291
742 901 792 930 vv.)

442 843 796 878 Sainte-Marie-Majeure‚
810 844 839 869 11
854 844 958 869 sevrier
973 843 1050 870 1‘290.

98 1021 103 1026 ,
125 994 275 1023 Universis
300 993 411 1023 Christi
434 994 572 1030 fidelibus
591 997 736 1031 presentes
757 994 873 1022 litteras
893 995 1085 1031 inspecturis.

82 1047 319 1085 Indulgentiam
338 1056 376 1076 xi.
399 1046 525 1076 dierum
546 1047 692 1076 concedit
712 1047 863 1076 omnibns
888 1055 961 1076 vere
981 1047 1088 1085 poeni-

82 1094 220 1125 tentibus
235 1097 265 1123 et
280 1093 431 1123 confessis
446 1093 501 1132 qui
521 1093 696 1132 cappellam
726 1092 894 1131 hospitalis
917 1093 955 1122 de
981 1093 1086 1122 Gran-

81 1158 168 1189 ceyo,
185 1149 399 1187 Lingonensis
417 1149 580 1183 dioecesis,
598 1149 632 1177 in
651 1149 806 1179 honorem
822 1149 905 1178 beati
925 1149 1086 1178 Johannis

80 1203 238 1242 Baptistae
255 1206 480 1237 constructam,
498 1203 533 1231 in
552 1202 687 1240 singulis
711 1202 819 1231 beatae
839 1202 960 1231 Mariae
978 1207 1007 1231 et
1027 1202 1082 1232 SS.

79 1256 248 1293 Johannis,
266 1256 353 1285 Petri
369 1260 399 1285 et
414 1255 510 1285 Pauli
525 1255 751 1285 festivitatibus
771 1255 983 1286 visitaverint.

120 1321 134 1337 α
151 1309 238 1339 Licet
249 1309 276 1339 is
293 1309 370 1339 de'...
386 1326 426 1331 —
444 1309 518 1338 Dat.
536 1309 651 1342 Rome,
672 1309 756 1347 apud
778 1309 926 1338 Sanctam
951 1308 1085 1337 Mariam

80 1363 244 1401 Maiorem,
261 1371 295 1391 111
308 1363 380 1392 idus
397 1362 563 1398 februarii,
583 1371 669 1392 anno
686 1362 837 1391 secundo.
861 1374 873 1388 υ

378 1428 740 1463 Sainte-Marie-Majeure,
758 1429 790 1455 ‘23
803 1430 915 1463 janvier
936 1429 1010 1455 1290.

116 1479 155 1508 In
173 1488 200 1509 e.
221 1487 262 1507 m.
288 1478 417 1508 eisdem.
436 1477 677 1515 Indulgentiam
694 1478 788 1506 unius
805 1478 882 1506 anni
900 1482 929 1506 et
954 1487 990 1506 XL
1013 1478 1083 1506 die-

77 1541 150 1562 rum
162 1532 307 1562 concedit
320 1532 365 1561 eis
381 1531 435 1570 qni
450 1531 616 1561 ecclesiam
632 1530 871 1567 Belvacensem,
883 1531 914 1560 in
929 1531 1082 1560 honorem

77 1585 161 1616 beati
176 1585 263 1615 Petri
278 1584 463 1621 fundatam,
480 1585 514 1613 111
535 1584 670 1622 singulis
694 1584 803 1614 beatae
827 1585 947 1613 Mariae
973 1587 1002 1613 et
1025 1584 1081 1614 SS.

78 1639 174 1676 Petri,
186 1639 270 1669 Justi
285 1638 447 1676 martyris,
461 1637 627 1667 Geremari
643 1638 837 1676 etEbrnlphi
851 1638 1081 1674 confessorum,

57 1686 60 1690 ’
78 1702 212 1732 quorum
230 1700 358 1730 corpora
374 1692 455 1721 inibi
471 1691 686 1730 requiescunt,
706 1700 741 1720 ac
759 1691 790 1721 S.
811 1692 961 1720 Matthaei
979 1691 1083 1720 Evan-

77 1745 217 1785 gelistae,
235 1746 325 1783 cujus
342 1748 434 1783 caput
449 1744 483 1773 in
501 1744 611 1774 eadem
628 1744 760 1774 ecclesia
779 1748 841 1780 est,
859 1744 1083 1774 festivitatibus

78 1803 176 1838 etper
192 1803 260 1828 octo
276 1798 344 1828 dies
361 1802 532 1837 sequentes
548 1798 758 1828 visitaverint.

121 1863 134 1878 ι
162 1852 243 1881 Loca
270 1855 452 1881 sanctorum
478 1852 663 1881 omnium...
695 1868 733 1872 —
751 1851 823 1880 Dat.
858 1852 976 1885 Rome,
999 1852 1082 1890 apud

77 1904 224 1935 Sanctam
241 1905 377 1934 Mariam
404 1905 570 1943 Majorem,
591 1914 609 1933 x
631 1904 784 1934 kalendas
805 1904 975 1940 februarii,
997 1914 1082 1934 anno

76 1958 224 1988 secundo.
244 1970 258 1985 »

145 2104 263 2132 2104
384 2103 747 2138 Sainte—Marie-Majeure,
766 2103 796 2130 13
813 2104 916 2130 fevi-ier
932 2104 1009 2131 1290.

111 2151 224 2180 Erectio
239 2152 378 2179 ecclesiae
390 2152 417 2178 in
430 2156 525 2178 castro
540 2152 575 2178 de
587 2152 711 2179 Sablolio
727 2156 755 2178 et
770 2152 917 2178 translatio
939 2153 1082 2187 prioratus

77 2201 207 2237 ejusdem
223 2201 320 2228 castri.
336 2201 417 2235 (Rae.
435 2201 478 2233 44,
495 2209 520 2227 0.
538 2201 600 2232 832,
616 2201 637 2227 f.
654 2201 703 2228 291
722 2203 773 2234 v0.)

121 2291 287 2320 Venerabili
309 2291 406 2326 fratri
429 2312 447 2318 ..
472 2290 693 2327 archiepiscopo
724 2289 900 2318 Turonensi.
929 2302 940 2316 α
968 2290 1081 2319 Petitio

78 2343 182 2373 dilecti
200 2343 260 2372 filii
283 2342 399 2373 nobilis
420 2343 481 2372 viri
502 2342 672 2378 Mam-ion,
697 2343 735 2372 de
751 2342 911 2373 Crodonio
927 2348 956 2372 et
974 2343 1011 2372 de
1028 2343 1082 2372 Sa-

76 2395 184 2432 blolio,
195 2395 449 2426 Cenomanensis
461 2399 492 2425 et
502 2395 745 2433 Andegavensis
759 2396 948 2432 diocesium,
963 2400 1081 2426 castro-

77 2459 148 2480 rum
170 2449 314 2484 domini,
337 2449 428 2478 nobis
447 2448 587 2478 exhibita
603 2449 787 2478 continebat
804 2449 887 2488 qnod
906 2449 990 2478 inl‘ra
1008 2458 1080 2479 mu—

76 2502 142 2533 rale
173 2502 273 2541 ipsius
309 2502 405 2533 castri
434 2502 473 2531 de
505 2501 644 2532 Sablolio
672 2506 719 2531 est
747 2502 877 2541 quidam
905 2503 1077 2541 prioratus,

77 2556 235 2595 subjectus
252 2555 366 2594 majori
381 2555 576 2584 monasterio
591 2555 784 2592 Turonensi,
798 2561 828 2585 et
838 2556 922 2585 infra
935 2560 1078 2586 antemu-

75 2609 141 2640 rale
155 2609 250 2639 castri
265 2609 377 2647 prefati
390 2608 598 2647 parrochialis
613 2608 759 2646 ecclesia,
776 2608 830 2638 tibi
847 2610 1078 2647 metropolitico

75 2663 145 2702 iure
159 2663 310 2701 subiecta,
323 2661 362 2691 ad
376 2671 473 2700 quam
491 2661 691 2700 parrochiani
707 2662 863 2701 ejusdem,
877 2667 1003 2701 propter
1018 2663 1078 2693 loci

76 2715 258 2746 distantiam
281 2719 312 2744 et
331 2714 551 2744 difficultatem
574 2715 759 2753 ingressus,
777 2716 908 2745 comode
929 2716 1078 2746 accedere

77 2773 241 2808 nequeunt
264 2777 320 2807 pro
345 2768 515 2798 audiendis
537 2768 657 2797 divinis
685 2768 798 2799 officiis
826 2773 857 2798 et
887 2770 1078 2808 recipiendis

77 2821 298 2853 ecclesiasticis
316 2821 535 2851 sacramentis.
556 2821 661 2857 Quare
678 2822 837 2860 predictus
855 2822 971 2852 nobilis
988 2823 1079 2853 nobis

75 2874 241 2906 humiliter
261 2875 451 2914 supplicavit
473 2879 526 2909 ut,
548 2883 622 2904 cum
644 2875 729 2913 prior
756 2875 832 2904 dicti
855 2877 1012 2913 prioratus
1038 2877 1078 2906 ad

75 2929 231 2968 prefatam
246 2928 411 2958 ecclesiam
428 2927 534 2966 cupiat
550 2936 582 2956 se
601 2927 782 2964 transferre,
801 2928 883 2958 dicto
900 2929 999 2959 nobili
1017 2931 1077 2959 eri-

77 2981 172 3019 gendi
187 2985 218 3011 et
232 2980 370 3011 faciendi
388 2980 424 3009 in
442 2980 517 3009 villa
533 2979 668 3018 predicti
684 2981 799 3017 castri,
816 2980 852 3010 in
869 2981 937 3011 1000
954 2983 1079 3012 decenti

56 3026 59 3028 ’
78 3038 108 3064 et
120 3043 271 3073 congruo,
287 3033 518 3073 parrochialem
533 3032 700 3063 ecclesiam
715 3037 958 3072 competentem,
976 3034 1076 3065 dicto-

1169 444 1231 473 que
1247 436 1343 473 priori
1361 438 1572 467 transferendi
1593 447 1626 468 se
1647 447 1683 468 ac
1704 440 1877 477 prioratum
1892 441 1998 479 ipsum
2015 443 2054 472 ad
2071 444 2171 474 eccle-

1170 487 1250 517 siam
1273 494 1480 519 memoratam
1498 490 1659 520 licentiam
1681 493 1854 523 concedere
1869 494 2087 531 dignaremur.
2106 497 2171 527 Nos

1168 540 1287 578 itaque,
1305 541 1447 572 volentes
1463 543 1518 572 tibi
1540 544 1573 572 in
1590 544 1648 574 hac
1666 550 1751 583 parte
1767 546 1899 582 deferre,
1917 556 1990 577 cum
2006 550 2170 579 venerabi-

1168 592 1210 621 lis
1228 593 1324 623 frater
1342 600 1448 625 noster
1466 619 1485 626 ..
1503 596 1756 627 Cenomanensis
1779 599 1942 638 episcopus
1959 609 2026 631 esse
2048 601 2172 632 dicatur

1168 645 1271 683 ipsius
1295 648 1412 677 nobilis
1440 649 1610 687 inimicus,
1634 651 1824 681 fraternitati
1849 657 1900 683 tue
1925 663 1979 692 per
2003 655 2172 693 apostolica

1168 698 1287 737 scripta
1299 701 1489 731 mandamus
1502 707 1670 740 quatenus,
1684 705 1800 734 vocatis
1811 706 1864 743 qui
1876 706 1994 736 suerint
2006 708 2171 745 evocandi,

1169 750 1194 779 si
1213 751 1269 780 tibi
1285 754 1462 783 constiterit
1481 755 1524 783 ita
1547 764 1635 792 esse,
1656 759 1718 784 tam
1740 757 1839 786 nobili
1862 767 1957 796 quarn
1977 760 2075 797 priori
2098 770 2171 800 pre-

1169 803 1272 840 dictis,
1289 806 1314 834 si
1331 807 1478 845 expedire
1494 807 1624 844 videris,
1641 812 1671 837 et
1687 817 1795 838 eorum
1809 810 1925 848 quibus
1938 812 2053 842 exinde
2069 818 2172 851 posset

1169 859 1315 894 generari
1332 859 1545 897 prejudicium
1561 860 1601 889 ad
1620 861 1652 889 id
1668 861 1794 891 accedat
1810 871 1968 900 assensus,
1986 866 2170 897 auctoritate

1170 906 1275 940 nostra
1291 911 1447 949 postulata
1463 913 1627 941 concedas.
1649 914 1780 943 Proviso
1801 915 1883 952 quod
1904 916 2023 954 capella
2039 919 2171 956 predicti

1168 964 1325 1001 prioratus
1348 965 1465 994 debitis
1486 965 1648 1004 obsequiis
1670 975 1736 996 11011
1758 967 1930 998 fraudetur.
1954 969 2024 999 Dat.
2051 971 2169 1008 Rome,

1167 1017 1251 1054 apud
1268 1017 1417 1047 Sanctam
1435 1019 1569 1047 Mariam
1589 1019 1755 1057 Majorem,
1773 1020 1879 1050 idibus
1895 1022 2068 1059 februarii,
2085 1033 2169 1054 anno

1168 1070 1318 1099 secundo.
1342 1082 1354 1097 »

1239 1215 1359 1244 2105

1202 1276 1317 1303 Mandat
1342 1282 1373 1304 ut
1399 1279 1532 1312 antiquae
1559 1280 1765 1306 conventiones
1794 1281 1867 1306 inter
1893 1282 2170 1317 archiepiscopatum

1167 1324 1403 1352 cantuariensem
1428 1330 1456 1353 et
1475 1327 1626 1361 hospitalia
1647 1328 1681 1353 de
1702 1327 1864 1355 Herbaldon
1887 1333 1915 1355 et
1941 1330 1976 1355 de
1996 1330 2171 1365 Northgates

1167 1375 1364 1401 restituantur.
1383 1375 1465 1409 (Rae.
1483 1376 1526 1407 44,
1543 1385 1568 1402 0.
1588 1376 1662 1409 8322,
1680 1377 1699 1402 f.
1716 1377 1765 1404 291
1784 1380 1835 1410 νῦ.)

1485 1216 1835 1252 Sainte-Maric-Majeure,
1856 1219 1886 1245 13
1902 1219 2006 1246 fevrier
2024 1220 2098 1248 1290.

1204 1478 1346 1514 ,llayi'stro
1363 1478 1489 1514 Giffricio
1503 1479 1537 1507 (le
1556 1479 1679 1513 tezano,
1697 1481 1838 1508 canonico
1856 1481 2074 1519 Cameracensi,
2090 1492 2169 1512 nun—

1168 1531 1207 1559 tio
1228 1536 1329 1560 nostro
1354 1532 1386 1560 in
1410 1531 1536 1569 Angylia.
1561 1544 1573 1557 <a
1600 1532 1799 1569 Significavit
1821 1533 1912 1563 nobis
1937 1535 2167 1566 venerabilis...

1165 1584 1252 1613 Olim
1273 1584 1312 1614 de
1329 1584 1513 1614 Herbaldon
1531 1584 1727 1623 leprosorum
1745 1591 1774 1615 et
1790 1586 1828 1615 de
1844 1587 2034 1625 Northgates
2051 1598 2166 1628 paupe-

1165 1648 1237 1668 rum
1252 1638 1432 1677 hospitalia,
1448 1638 1688 1668 Cantuariensis
1704 1640 1848 1673 diocesis,
1866 1649 1919 1678 pro
1935 1642 2168 1673 sustentatione

1164 1692 1368 1721 infirmorum
1387 1697 1416 1721 et
1432 1701 1607 1730 pauperum
1625 1694 1764 1730 ipsorum
1782 1693 1999 1731 hospitalium,
2017 1694 2168 1725 ducentas

1166 1749 1195 1774 et
1210 1745 1420 1784 qnadraginta
1436 1754 1558 1775 marcas
1574 1745 1814 1783 sterlingorum,
1833 1756 1868 1776 ex
1887 1747 2019 1785 antiqua
2035 1756 2167 1778 consue-

1165 1799 1277 1828 tudine
1296 1808 1389 1837 super
1414 1799 1472 1829 hoc
1496 1799 1621 1835 habita,
1645 1799 1683 1828 de
1704 1808 1830 1829 camera
1853 1800 2094 1830 Cautuariensis
2115 1811 2166 1831 ar-

1165 1852 1358 1891 chiepiscopi
1373 1875 1379 1887 ,
1397 1853 1451 1890 qui
1472 1856 1538 1882 erat
1560 1861 1614 1890 pro
1636 1857 1774 1890 tempore
1790 1876 1795 1886 ,
1817 1858 2053 1883 consueverunt
2071 1855 2169 1893 perci-

1163 1914 1238 1944 pere
1267 1906 1454 1940 annuatim,
1489 1910 1519 1935 et
1550 1910 1611 1934 tam
1642 1905 1725 1935 beati
1755 1906 1875 1936 Thome
1905 1916 2000 1945 quam
2031 1907 2169 1938 aliorum

1163 1959 1475 1997 archiepiscoporum
1498 1959 1801 1996 Cantuariensinm,
1824 1968 2042 1989 successorum
2069 1961 2169 1999 ipsius

1163 2013 1247 2042 beati
1263 2013 1395 2048 Thome,
1412 2017 1562 2051 tempore,
1581 2022 1681 2051 usqne
1697 2013 1736 2042 ad
1752 2013 1833 2042 bone
1851 2013 2003 2043 memorie
2020 2015 2074 2050 R.,
2090 2015 2169 2045 Por-

1164 2071 1309 2096 tnensem
1337 2067 1542 2104 episcopum„
1567 2071 1641 2095 tunc
1670 2066 1934 2096 Cantnariensem
1957 2067 2168 2106 archiepisco-

1164 2130 1254 2160 pum,
1287 2120 1511 2149 immediatum
1537 2120 1791 2158 predecessorem
1820 2119 1920 2158 ipsius
1942 2121 1987 2157 J„
2015 2121 2165 2150 continue

1163 2178 1381 2213 perceperunt.
1407 2173 1469 2203 Sed
1494 2173 1579 2202 idem
1603 2173 1778 2207 Hobertus,
1800 2173 1904 2202 adhuc
1920 2172 2164 2203 Cantuariensis

1163 2227 1294 2257 ecclesie
1310 2227 1462 2265 regimini
1482 2226 1658 2265 presidens,
1682 2231 1713 2255 ut
1731 2235 1890 2255 cameram
1906 2235 1995 2255 suam
2016 2227 2054 2256 ab
2069 2235 2166 2257 onere

1161 2281 1363 2320 prestationis
1380 2280 1565 2319 hujusmodi
1582 2279 1739 2314 liberaret,
1759 2278 1923 2308 ecclesiam
1941 2280 1978 2309 de
1996 2280 2165 2317 Recofflre,

1162 2335 1305 2373 ejusdem
1323 2334 1477 2370 diocesis,
1493 2333 1531 2362 ad
1547 2333 1681 2363 liberam
1701 2333 1900 2362 collationem
1924 2333 2165 2363 Cantuariensis

1161 2387 1389 2426 archiepiscopi
1403 2387 1628 2425 pertinentem,
1644 2387 1675 2414 in
1694 2386 1835 2424 proprios
1849 2395 1925 2415 usus
1939 2386 2016 2424 ipsis
2027 2386 2166 2424 hospita-

1160 2440 1246 2470 libus
1261 2441 1294 2470 in
1314 2440 1572 2478 compensatione
1589 2439 1669 2468 dicte
1686 2439 1889 2477 quantitatis,
1909 2439 1958 2468 sui
1977 2438 2104 2477 capituli
2123 2439 2164 2468 ad

1160 2494 1219 2524 hoc
1234 2497 1398 2532 procurato
1415 2501 1570 2522 consensu
1585 2514 1592 2527 ,
1610 2501 1665 2530 pro
1683 2500 1740 2521 sua
1756 2491 1919 2521 voluntate
1935 2492 2108 2527 concessit,
2128 2491 2163 2520 in

1162 2547 1291 2577 ecclesie
1313 2555 1348 2576 ac
1370 2545 1575 2584 hospitalium
1596 2546 1807 2583 predictorum
1835 2553 1928 2582 grave
1950 2544 2163 2583 prejudicium

1161 2604 1190 2630 et
1204 2602 1398 2639 jacturam...
1417 2600 1486 2629 Dat.
1507 2600 1627 2636 Rome,
1648 2598 1729 2636 apud
1746 2599 1894 2628 Sanctam
1913 2597 2046 2626 Mariam
2070 2598 2163 2636 Maj0-

1161 2663 1239 2689 rem,
1256 2653 1363 2682 idibus
1379 2652 1546 2688 februarii,
1564 2659 1650 2681 anno
1668 2651 1816 2681 secundo.
1838 2662 1852 2677 n

1230 2818 1349 2846 211)ss
1469 2815 1824 2850 Sainte-Marie-Majeure,
1843 2816 1879 2841 ler
1894 2815 1996 2842 sevrier
2013 2815 2090 2842 1‘290.

1194 2880 1237 2906 De
1258 2880 1440 2906 contentione
1465 2879 1538 2905 inter
1560 2879 1765 2904 monasterium
1786 2877 1877 2904 Mansi
1900 2878 1991 2904 Asilis
2007 2881 2034 2904 et
2054 2885 2163 2905 execu-

1158 2934 1235 2956 tores
1250 2929 1414 2955 testamenti
1428 2927 1581 2954 Tholosani
1598 2928 1736 2962 episcopi.
1752 2927 1834 2961 (Rae.
1849 2927 1891 2960 44,
1905 2935 1930 2953 c.
1943 2927 2004 2960 833,
2019 2926 2039 2953 f.
2052 2927 2104 2953 ‘292
2115 2927 2162 2961 ro.)

1201 3056 1220 3062 ..
1238 3032 1341 3062 abbati
1351 3031 1531 3060 monasterii
1546 3030 1579 3058 de
1594 3030 1689 3065 Elnis,
1712 3029 1915 3059 Cisterciensis
1935 3030 2063 3065 ordinis,
2085 3029 2161 3058 Tho-
