2477 3637
216 360 271 390 275
961 353 1196 385 REGISTRES
1218 354 1272 384 DE
1295 353 1478 384 NICOLAS
1500 354 1556 384 IV.

288 425 396 454 1321
829 420 921 452 Rieu.
941 420 972 447 18
987 421 1055 447 aout
1070 420 1148 448 1289.

252 495 436 530 Dispensatio
448 491 631 520 matrimonii.
649 490 729 525 (Rae.
746 490 789 521 44,
807 497 832 516 e.
853 490 914 523 471,
931 490 950 516 f.
965 490 1015 517 211
1034 495 1081 523 v⁰;
1098 489 1166 518 LAr.
1185 499 1219 518 nu

214 544 312 577 hest,
330 543 366 574 11,
388 542 460 576 243.)

262 659 427 688 Venerabili
447 658 542 694 fratri
565 679 584 686 ..
609 657 742 696 episcopo
767 656 930 686 Tholosano
951 655 1120 686 committit
1139 663 1218 695 qna-

215 717 307 743 tenus
327 721 401 741 curn
423 710 560 748 Rogerio
581 709 620 739 de
642 709 834 747 Maloleone,
860 708 1048 744 domicello,
1069 713 1100 739 et
1117 708 1219 739 nobili

214 765 349 796 muliere
365 764 508 803 Symona
521 786 529 800 ‚
548 767 621 793 nata
644 763 773 801 Rogerii
792 762 885 792 Isarii
899 785 906 799 ‚
930 762 1054 793 domini
1069 762 1164 792 castri
1181 762 1220 792 de

214 818 387 854 Dux-bano,
407 816 607 847 Tholosanae
623 815 791 851 dioecesis,
811 815 974 854 dispenset
998 818 1032 845 ut
1051 814 1085 844 in
1109 815 1218 845 matri-

213 872 323 903 monio
336 871 427 909 cujus
442 869 602 909 sponsalia
614 869 693 900 olim
706 893 712 905 ,
726 869 881 908 patientes
894 869 929 898 in
941 872 1042 899 aetate
1059 868 1219 898 defectum

214 930 245 956 et
260 925 445 963 ignorantes
461 923 729 962 impedimentum
748 931 832 960 esse,
848 921 888 952 ad
903 921 1060 952 sedandas
1075 921 1218 951 inimici-

217 980 275 1009 tias
311 979 394 1007 inter
432 980 578 1015 parentes
614 976 755 1016 ipsorum
790 979 912 1006 exortas
925 998 933 1011 ,
970 978 1218 1018 contraxerunt²

214 1032 364 1071 quodque
381 1029 579 1069 postmodum
591 1038 646 1068 per
659 1030 764 1059 carnis
780 1028 926 1068 copulam
940 1034 1219 1066 consummarunt,

215 1094 382 1117 remanere
397 1083 543 1121 valeant,
562 1092 626 1114 non
641 1083 784 1113 obstante
797 1087 910 1121 quarto
926 1082 1106 1121 parentelae
1118 1082 1219 1120 gradu

215 1148 278 1179 quo
305 1138 467 1178 eonJuncti
501 1142 586 1167 sunt.
618 1154 656 1158 —
684 1136 764 1166 Cum
794 1136 944 1175 praedicti
974 1135 1163 1166 domicellus
1191 1139 1222 1165 et

216 1193 359 1233 Symona
377 1191 461 1221 hanc
481 1189 674 1230 parentelam
692 1198 759 1219 esse
777 1192 1009 1227 cognoverunt,
1026 1197 1044 1218 a
1060 1188 1219 1218 cohabita-

216 1246 300 1277 tione
317 1250 346 1275 et
360 1244 467 1275 carnis
482 1244 672 1274 commercio
685 1242 920 1272 abstinuerunt.

257 1311 271 1326 α
288 1298 436 1328 Exhibita
452 1297 544 1327 nobis
565 1295 711 1326 dilecti...
734 1311 771 1317 —
788 1295 859 1325 Dat.
878 1295 993 1332 Reate,
1009 1304 1049 1324 xv
1066 1294 1221 1324 kalendas

215 1351 419 1391 septembris,
437 1358 523 1380 anno
539 1348 690 1379 secundo.
709 1360 722 1375 »

290 1525 402 1553 1322

252 1595 460 1629 Indulgentiae.
478 1594 560 1628 (Rae.
578 1593 626 1628 44,
644 1602 670 1621 c.
688 1593 748 1627 472,
763 1593 782 1619 f.
800 1592 852 1620 212
869 1598 913 1625 ι“ῠ;
931 1591 997 1618 [ΛΡ.
1013 1600 1048 1619 nu
1064 1590 1167 1622 Tnssin,
1185 1589 1223 1622 u,

217 1644 290 1677 246.)

756 1522 841 1553 Rieti,
860 1522 874 1548 4
892 1521 1055 1557 septembre
1073 1520 1151 1548 1289.

265 1762 431 1791 Venerabili
450 1761 544 1798 fratri
571 1783 590 1790 ..
618 1759 838 1798 archiepiscopo
863 1759 1031 1788 Tu'ronensi
1056 1756 1226 1788 committit

218 1818 376 1854 quatenus
392 1821 465 1843 cum
482 1813 575 1842 Petro
587 1812 671 1842 dicto
682 1812 779 1842 Davit
789 1834 798 1849 ‚
814 1811 975 1850 armigero
988 1834 996 1848 ,
1012 1814 1042 1841 et
1057 1810 1222 1848 Amelina,

219 1871 294 1898 nata
309 1867 470 1906 quondam
492 1865 653 1896 Johannis
673 1865 712 1896 de
728 1864 863 1904 Poleyo,
881 1864 1009 1903 militis,
1027 1864 1225 1894 Turonensis

219 1921 393 1956 dioecesis,
415 1920 576 1958 dispenset
601 1923 636 1949 ut
658 1919 692 1948 in
719 1918 926 1949 matrimonio
944 1918 1029 1957 quod
1052 1917 1145 1955 olim,
1162 1918 1225 1948 im-

219 1974 441 2014 pedimentum
465 1981 532 2002 esse
554 1971 752 2010 ignorantes,
779 1976 1021 2008 contraxerunt,
1045 1975 1076 2002 et
1103 1972 1136 2002 in
1163 1980 1225 2012 quo

220 2027 327 2067 plures
341 2026 425 2056 filios
437 2029 466 2056 et
478 2026 561 2056 filias
576 2028 799 2064 procrearunt,
815 2034 982 2056 remanere
995 2025 1141 2061 valeant,
1161 2034 1225 2056 non

218 2081 364 2112 obstante
389 2084 502 2119 quarto
528 2079 816 2118 consanguinitatis
841 2079 942 2118 gradu
969 2087 1032 2118 quo
1061 2078 1226 2118 conjuncti

220 2139 306 2165 sunt.

263 2200 276 2215 a
294 2188 359 2218 Sua
373 2187 464 2218 nobis
480 2186 653 2217 dilectus...
667 2203 705 2208 —-
721 2186 792 2216 Dat.
811 2186 925 2224 Reate,
945 2196 965 2216 11
979 2194 1080 2217 nonas
1092 2189 1227 2226 septem-

221 2241 301 2278 bris,
319 2249 404 2271 anno
420 2240 569 2270 secundo.
590 2251 605 2266 »

295 2421 409 2450 1323

257 2490 466 2526 Indulgentiae.
482 2490 564 2523 (Rea.
582 2490 626 2524 44,
643 2498 668 2517 c.
688 2490 760 2522 4722,
778 2491 797 2518 f.
815 2490 865 2518 212
882 2496 924 2522 r⁰;
942 2490 1008 2518 Lm.
1025 2499 1060 2518 nu
1075 2489 1174 2525 Tuam,
1191 2489 1229 2525 II,

222 2539 296 2573 247.)

764 2420 850 2455 Rieu,
867 2421 881 2447 4
898 2420 1061 2456 septembre
1078 2420 1156 2448 1289.

269 2657 437 2686 Venerabili
451 2657 545 2693 fratri
563 2678 584 2685 ..
603 2657 734 2694 episcopo
750 2656 952 2686 Xanctonensi
967 2656 1138 2687 committit
1152 2664 1230 2695 qua-

226 2713 318 2741 tenus
332 2718 407 2740 cum
426 2709 548 2741 Eblone
566 2709 605 2740 de
621 2709 805 2749 Rupeforti,
829 2709 954 2747 milite,
973 2714 1004 2740 et
1020 2709 1138 2748 Alitia,
1158 2714 1232 2740 nata

225 2763 388 2802 quondam
404 2762 580 2794 Theobaldi
605 2763 784 2802 Zamberti,
801 2763 1038 2795 Xanctonensis
1054 2763 1209 2794 dioecesis
1222 2787 1230 2802 ,

226 2815 388 2854 dispenset
404 2817 485 2846 utin
498 2817 707 2847 matrimonio
717 2817 795 2847 olim
807 2817 846 2847 ab
861 2817 949 2856 ipsis,
963 2817 1231 2857 impedimentum

226 2877 294 2899 esse
307 2870 440 2907 ignoran
447 2870 541 2907 tibuS,
556 2874 716 2901 contracto
725 2879 892 2901 remanere
901 2871 1037 2909 valeant,
1046 2879 1233 2910 quanquam

227 2921 387 2960 quondam
412 2923 590 2961 Aynordis,
611 2923 696 2962 prior
717 2932 795 2954 uxor
810 2924 961 2963 praedicti
979 2924 1109 2963 militis,
1130 2925 1233 2955 eidem

228 2974 344 3005 Alitiae
363 2975 395 3004 in
415 2980 527 3013 quarto
544 2977 833 3015 consanguinitatis
848 2977 949 3016 gradu
965 2979 1136 3017 conjuncta
1154 2982 1231 3009 erat.

270 3040 282 3054 u
301 3027 365 3058 Sua
388 3029 479 3058 nobis
497 3029 668 3060 dilectus...
685 3046 725 3053 —
740 3031 811 3061 Dat.
831 3035 985 3071 utsupra.
1007 3044 1020 3059 n

1252 1568 1255 1571 ·
1306 1558 1405 1586 nostri
1422 1558 1467 1594 B.,
1492 1558 1619 1594 episcopi
1636 1557 1833 1594 Parmensis,
1851 1566 1990 1596 quocum
2002 1558 2070 1597 jam
2092 1557 2323 1598 dispensatum,

1295 1985 1375 2025 pit,
1403 1994 1514 2015 rursus
1539 1984 1686 2023 indulget
1706 1990 1755 2022 ut,
1781 1994 1845 2016 non
1869 1985 2014 2017 obstante
2039 1986 2152 2017 eodem
2169 1987 2315 2025 defectu,

1375 419 1626 449 ¹374-13'25
1843 418 1928 452 Ricti,
1945 419 1961 447 9
1977 420 2139 456 septembre
2157 420 2234 448 1289.

1337 496 1463 523 Licentia
1479 495 1612 523 testandi.
1632 496 1711 528 (Rea.
1731 496 1775 530 44,
1794 503 1819 522 c.
1836 495 1897 531 473,
1916 496 1934 522 f.
1952 496 2004 523 212
2020 498 2067 530 το.)

1340 626 1493 660 Ιοὴαηηί,
1512 626 1621 655 rectori
1639 626 1756 655 ecclesie
1770 625 1877 656 Sancte
1893 626 2041 656 Praoeedis
2061 627 2242 664 macram,
2261 635 2309 658 ca·
2359 662 2362 666 ⁴

1298 679 1418 716 peltana
1435 679 1536 708 dilecti
1551 679 1611 715 lilii
1627 679 1725 708 nostri
1737 679 1845 715 fratris
1861 679 1912 715 M„
1928 679 2013 708 tituli
2029 678 2134 710 Sancti
2149 680 2308 711 Laurentii
2356 670 2367 714 ,i
2402 708 2403 711 ,

1301 733 1336 762 in
1351 733 1478 761 Damaso
1491 733 1657 770 presbyteri
1672 732 1852 761 cardinalis.

1342 797 1355 813 «
1372 785 1454 822 Quia
1469 785 1624 824 presentis
1640 785 1743 815 vite...
1763 801 1802 806 —
1816 785 1888 815 Dat.
1908 785 2005 815 Reate
2018 808 2026 822 ‚
2043 795 2063 815 v
2079 785 2152 816 idus
2172 789 2308 826 septem-

1301 839 1382 876 bris,
1401 848 1487 869 anno
1503 838 1654 870 secundo.
1675 850 1696 887 »Ι

1819 919 1906 953 Rieu,
1925 920 1963 946 1e=
1980 919 2143 955 septembre
2160 919 2237 947 1289.

1342 996 1381 1026 In
1397 1005 1424 1026 e.
1441 1005 1484 1026 m.
1504 996 1688 1032 mederico,
1709 995 1854 1034 episcopo
1873 996 2082 1027 Ferrariensi.
2100 996 2172 1027 Dat.
2191 995 2308 1036 Reate,

1302 1049 1448 1079 kalendis
1466 1049 1672 1088 septembris,
1691 1057 1777 1080 anno
1796 1049 1935 1080 secundo
1949 1049 2010 1090 (En
2024 1050 2153 1090 marye).

1377 1248 1491 1277 ¹3⁸2ss
1813 1248 1901 1282 Rieti,
1921 1248 1951 1276 13
1965 1248 2129 1283 septembre
2145 1248 2224 1278 1289.

1341 1323 1525 1359 Dispensatio
1536 1332 1625 1360 super
1634 1324 1748 1352 defectu
1759 1325 1905 1352 natalium.
1918 1324 2000 1360 (Rae.
2012 1325 2056 1360 44,
2070 1334 2096 1353 c.
2109 1326 2170 1358 474,
2183 1325 2265 1354 12212
2275 1333 2313 1359 r⁰z
2347 1350 2350 1356 .

1305 1373 1372 1401 Lar.
1389 1376 1425 1400 bu
1441 1373 1540 1406 Tuam,
1558 1373 1596 1408 ΙΙ,
1612 1374 1685 1409 249.)

1347 1503 1501 1533 Bernardo
1539 1504 1573 1532 de
1602 1504 1779 1541 Bruqeriis,
1813 1504 1967 1541 capellano
1996 1504 2175 1535 venerabilis
2203 1506 2323 1550 fratris⁴

1307 1615 1354 1641 est
1378 1614 1431 1647 ut,
1456 1619 1521 1640 non
1549 1610 1695 1640 obstante
1724 1610 1848 1641 defectu
1879 1610 2038 1642 natalium
2060 1620 2158 1651 quem
2182 1613 2311 1652 patitur,

1307 1674 1324 1695 e
1340 1664 1443 1695 soluto
1458 1666 1585 1702 genitus
1605 1668 1635 1695 et
1656 1664 1759 1695 soluta
1769 1687 1778 1702 ,
1792 1665 1832 1695 ad
1847 1673 1960 1696 omnes
1975 1665 2106 1696 ordines
2120 1666 2312 1706 promoveri,
2326 1668 2332 1675 '

1307 1721 1337 1748 et
1365 1717 1557 1747 beneficium
1584 1717 1849 1756 ecclesiasticum,
1877 1718 1974 1748 etiam
1998 1727 2108 1749 curam
2130 1719 2315 1750 animarum
2344 1751 2347 1756 ,

1306 1770 1448 1808 habens,
1475 1771 1636 1810 suscipere
1660 1775 1775 1810 posset,
1800 1771 1930 1811 quique,
1950 1775 2019 1811 post
2039 1771 2228 1812 hujusmodi
2249 1772 2316 1803 dis-

1307 1825 1544 1865 pensationem,
1562 1824 1730 1855 ecclesiam
1746 1825 1785 1855 de
1800 1825 1975 1863 Pellisano,
1997 1834 2107 1856 curam
2131 1826 2315 1858 animarum
2344 1853 2345 1858 ,

1306 1878 1495 1915 habentem,
1520 1882 1551 1908 et
1574 1877 1749 1908 ecclesiam¹
1764 1877 1898 1908 Sanctae
1920 1879 2090 1909 Trinitatis
2120 1879 2159 1910 de
2183 1879 2314 1920 Insula,

1308 1932 1377 1962 sine
1397 1940 1492 1968 cura,
1510 1931 1671 1971 Aquensis
1696 1936 1725 1962 et
1742 1931 1973 1962 Cavallicensis
1993 1932 2205 1970 dioecesium,
2228 1941 2316 1965 rece-

1309 2043 1513 2078 personatum
1527 2038 1577 2070 vel
1592 2038 1799 2077 dignitatem,
1818 2039 1974 2078 dignitate
1990 2039 2162 2080 episcopali
2176 2042 2315 2080 excepta,

1309 2093 1471 2132 suscipere
1487 2093 1599 2123 valeat.

1352 2158 1366 2174 (ι
1395 2146 1566 2185 lllegitime
1592 2147 1716 2185 genitos
1743 2155 1859 2186 quos...
1889 2162 1929 2169 —
1960 2147 2031 2178 Dat.
2061 2147 2180 2185 Reate,
2209 2147 2322 2186 idibus>

1311 2201 1514 2240 septembris,
1532 2209 1619 2231 auno
1637 2200 1787 2231 secundo.
1810 2212 1824 2227 »

1386 2400 1498 2428 13³2&
1837 2399 1925 2434 Rieti,
1941 2399 1973 2427 13
1989 2399 2152 2435 septembre
2169 2399 2247 2429 1289.

1348 2477 1533 2512 Dispensatio
1558 2485 1645 2512 super
1674 2477 1787 2504 defectu
1821 2477 1966 2504 natalium.
1997 2476 2081 2511 (Rea.
2108 2477 2160 2510 44,
2184 2485 2210 2504 c.
2241 2475 2337 2521 474¹„
2373 2492 2374 2497 =

1312 2527 1332 2553 f.
1349 2527 1400 2554 212
1415 2533 1464 2558 νος
1486 2526 1553 2553 Lim.
1570 2535 1604 2554 nu
1623 2526 1721 2561 Tuam,
1739 2526 1782 2559 11,
1799 2526 1875 2560 248.)

1352 2657 1487 2687 Iohanni
1509 2656 1542 2685 de
1569 2656 1711 2695 Veyraw,
1729 2655 1834 2687 clerico
1855 2656 2070 2686 Lemovicensis
2084 2656 2226 2694 diocesis,
2241 2661 2320 2696 quo-

1314 2719 1388 2741 cum
1398 2711 1466 2750 jam
1481 2719 1499 2740 a
1518 2709 1682 2740 Clemente
1699 2719 1778 2750 papa
1793 2709 2015 2749 dispensatum
2040 2713 2088 2741 est
2103 2713 2155 2748 ut,
2177 2717 2244 2741 non
2263 2707 2330 2754 oba⁴

1315 2767 1418 2794 stante
1438 2763 1562 2793 defectu
1581 2762 1737 2793 natalium
1757 2771 1854 2802 quem
1878 2763 2010 2802 patitur,
2027 2771 2046 2794 e
2066 2762 2169 2794 soluto
2191 2761 2330 2802 genitae·

1315 2822 1345 2848 et
1363 2816 1465 2847 soluta
1479 2839 1487 2854 ‚
1504 2817 1544 2846 ad
1559 2825 1671 2847 omnes
1685 2817 1814 2848 ordines
1831 2817 2011 2856 promoveri
2026 2820 2058 2847 et
2071 2815 2286 2848 ecclesiasticu
2310 2848 2317 2858 Ι

1315 2870 1528 2908 heneficium,
1548 2870 1618 2900 sine
1633 2879 1726 2908 cura,
1742 2870 1887 2901 obtinere
1904 2873 2025 2909 posset,
2043 2878 2154 2901 rursus
2175 2866 2328 2908 indulget*

1316 2929 1351 2956 ut
1367 2923 1558 2954 beneficium
1581 2923 1631 2953 vel
1655 2923 1863 2962 dignitatem,
1889 2923 1987 2954 etiam
2007 2923 2034 2954 si
2049 2931 2161 2954 curam
2183 2920 2330 2956 habeant*

1316 2978 1511 3014 animarum,
1529 2977 1685 3016 dignitate
1702 2975 1874 3016 episcopali
1892 2980 2031 3016 excepta,
2049 2976 2188 3016 recipere
2204 2967 2339 3007 vatem·
2358 2967 2361 2972 ’

1359 3045 1370 3057 «
1389 3031 1438 3062 Ad
1451 3030 1635 3061 faciendum
1651 3030 1744 3061 tibi...
1762 3047 1800 3053 —
1818 3030 1889 3060 Dat.
1909 3033 1944 3061 ut
1959 3037 2067 3069 supra.
2089 3041 2103 3057 n
