2477 3637
195 349 253 379 488
504 384 509 387 ἢ
945 338 1183 371 REGISTRES
1202 339 1258 369 DE
1278 338 1463 369 NICOLAS
1485 339 1542 369 lv.

197 426 211 443 ι
235 415 310 444 bere
330 412 479 443 volumus
502 410 623 439 roboris
640 408 825 437 firmitatem
850 415 886 436 ac
910 407 939 436 si
957 406 1059 436 dictus
1082 406 1202 435 Henri-

198 480 211 495 »
237 476 292 498 cus
306 464 503 496 Nicosiensis
519 463 553 492 in
571 460 738 492 concordia
752 460 864 490 suisset
880 459 1016 496 electus;
1029 459 1203 489 decernen-

197 533 211 548 ι
238 526 282 550 tes
313 518 397 558 quod
431 517 489 546 hoc
517 514 605 545 nullo
634 519 774 552 tempore
803 521 821 542 a
849 521 1010 552 quoquam
1041 512 1138 551 possit
1169 511 1203 540 in

195 586 211 602 »
235 573 367 603 dubium
388 569 536 600 revocari.
559 568 693 597 Fructus
709 574 848 605 quoque,
866 565 1008 596 redditus
1026 570 1056 595 et
1072 573 1205 603 proven-

196 639 211 654 »
237 631 285 656 tus
303 633 381 664 quos
403 632 438 653 ex
463 622 547 651 dicta
571 620 703 650 ecclesia
722 619 906 659 percepistis
935 623 965 649 et
988 627 1098 648 eorum
1125 617 1204 647 exti-

195 692 209 707 »ι
233 677 407 708 mationem
423 674 511 705 vobis
527 674 651 711 integre
666 672 896 703 condonamus
919 672 1056 702 Omnem
1073 671 1205 709 insuper

196 744 209 759 ι
232 730 390 760 maculam
414 728 481 758 sive
503 731 631 761 notam,
659 726 685 755 si
711 734 773 765 que
798 725 964 756 occasione
990 725 1203 764 predictorum

194 797 209 812 »
234 783 322 814 vobis
343 785 473 821 possent
490 780 641 818 impingi,
660 787 788 818 prorsus
803 778 986 814 abolentes,
1006 777 1153 808 volumus
1175 781 1205 807 et

195 850 208 864 »
232 836 436 867 deceruimus
457 833 542 873 quod
566 842 601 862 ex
626 832 691 862 hiis
712 832 762 862 vel
789 841 900 862 eorum
925 831 1090 862 occasione
1115 829 1205 860 vobis

195 903 208 918 ιι
234 889 360 920 nullum
385 887 482 927 possit
505 886 720 926 prejudicium
748 885 896 924 generari
921 884 970 914 vel
993 883 1122 923 aliquod
1143 891 1205 912 un-

195 955 208 971 »
232 952 328 982 quam
352 943 385 972 in
409 949 613 981 quocumque
636 939 762 978 negotio
789 937 988 969 obstaculum
1018 937 1202 976 interponi,

192 1009 207 1024 »
231 996 396 1026 vobiscum
414 1003 508 1033 super
525 993 677 1024 omnibus
694 992 842 1032 predictis
864 996 895 1021 et
912 990 1051 1030 singulis
1072 990 1111 1020 ad
1129 998 1204 1020 cau-

193 1064 206 1079 »
229 1051 323 1081 telam
342 1049 529 1079 auctoritate
547 1047 688 1087 predicta
705 1046 955 1076 misericorditer
970 1045 1203 1083 dispensantes.

193 1117 207 1132 ι»
231 1104 270 1134 In
289 1104 380 1143 cujus
396 1102 444 1132 rei
463 1101 683 1131 testimonium
701 1100 791 1131 vobis
808 1103 971 1138 presentes
986 1098 1107 1128 litteras
1126 1105 1203 1127 con-

196 1170 209 1185 »
233 1157 401 1192 cessimus
414 1155 514 1194 sigilli
526 1155 625 1185 nostri
635 1154 816 1184 munimine
828 1152 994 1191 sigillatas.
1006 1152 1076 1182 Dat.
1089 1151 1202 1188 Rome,

193 1223 206 1239 ι
230 1210 378 1241 kalendis
402 1209 498 1244 maii,
522 1208 724 1246 pontificatus
744 1206 870 1237 domini
891 1205 1017 1236 Nicolai
1037 1213 1114 1244 pape
1135 1204 1202 1234 1111

191 1277 206 1293 n
230 1272 315 1294 anno
333 1264 436 1294 tertio.
459 1274 472 1289 ²
1100 1261 1102 1263 ’

232 1330 245 1345 α
270 1317 416 1355 Benigno
439 1316 499 1346 tibi
522 1318 634 1346 sunt...
651 1331 690 1336 -
713 1314 785 1344 Dat.
809 1313 931 1351 Rome,
952 1312 1036 1352 apud
1051 1311 1201 1342 Sanctam

190 1371 324 1401 Mariam
343 1371 515 1409 Majorem,
534 1368 628 1398 nonis
643 1367 722 1396 maii
737 1391 743 1405 ‚
760 1374 846 1396 anno
863 1366 964 1396 tertio.
986 1378 1000 1393 ³>

259 1515 380 1545 2603
565 1512 926 1547 Sainte-Marie-Majeure,
945 1512 959 1538 7
975 1511 1032 1538 mai
1048 1510 1127 1538 1290.

225 1580 267 1606 De
283 1579 466 1606 dissensione
481 1577 556 1604 inter
570 1577 740 1612 episcopum
755 1580 783 1602 et
798 1575 954 1610 capitulum
977 1574 1198 1609 Lugdunenses.

188 1629 271 1662 (Rau.
289 1628 333 1659 45,
349 1636 374 1655 c.
394 1627 452 1658 134,
469 1626 488 1653 f.
505 1626 539 1653 ‘2⁴2
556 1632 603 1657 v⁰;
620 1625 688 1652 Lu».
706 1634 740 1652 nu
755 1625 854 1655 Tnerc,
872 1623 930 1658 ΙΙΙ,
949 1624 1020 1654 100.)

233 1718 399 1748 Venerabili
419 1718 515 1754 fratri
536 1716 582 1752 G.,
603 1717 734 1754 episcopo
757 1715 933 1750 Sabinensi‚
953 1719 979 1743 et
1004 1715 1110 1744 dilecto
1133 1713 1198 1750 filio

187 1773 233 1809 B.‚
253 1772 358 1801 Sancti
375 1771 493 1800 Nicolai
519 1771 554 1799 in
573 1769 696 1799 Carcere
718 1769 858 1798 Tulliano
880 1768 1006 1797 diacono
1028 1767 1196 1798 cardinali.

189 1836 203 1851 «
220 1824 301 1854 Cum
318 1824 401 1853 inter
416 1822 632 1852 venerabilem
647 1822 777 1851 fratrem
794 1826 939 1851 nostrum
958 1820 1006 1856 B.‚
1022 1819 1198 1858 archiepis-

187 1886 301 1917 copum
324 1877 590 1915 Lugdunensem,
606 1880 636 1905 et
651 1877 720 1914 ejus
742 1874 979 1914 predecessores
1001 1873 1142 1912 aliquos,
1160 1882 1197 1903 ex

186 1937 274 1971 parte
291 1939 365 1966 uua,
377 1935 407 1959 et
421 1929 553 1960 dilectos
569 1929 651 1959 filios
669 1951 689 1958 ..
707 1929 863 1958 decanum
881 1932 912 1958 et
926 1927 1101 1966 capitulum
1117 1927 1199 1965 Lug-

186 1986 360 2022 dunenseS,
378 1993 472 2022 super
488 1983 624 2013 diversis
641 1981 797 2018 articulis,
816 1991 852 2011 ex
870 1981 980 2017 altera,
998 1981 1104 2018 gravis
1131 1980 1196 2010 dis-

186 2038 346 2068 sensionis
363 2037 497 2067 materia
511 2037 552 2066 sit
567 2041 684 2071 exorta,
697 2044 766 2070 nos,
783 2035 947 2074 cupientes
963 2034 1196 2064 dissensionem

185 2092 288 2130 ipsam
311 2091 422 2130 sopiri,
444 2090 548 2125 vobis,
568 2098 646 2128 quos
671 2088 710 2118 ad
735 2093 839 2127 partes
866 2088 1118 2117 ultramontanas
1143 2095 1197 2125 pro

185 2145 378 2184 quibusdam
405 2143 577 2182 apostolice
603 2142 689 2172 sedis
718 2142 854 2180 negotiis
882 2141 1100 2178 destinamus,
1127 2150 1197 2179 pre-

185 2198 326 2229 sentium
341 2198 525 2227 auctoritate
538 2197 770 2227 committimus
786 2201 816 2225 et
831 2195 1024 2225 mandamus
1037 2197 1196 2233 quatenus

185 2261 255 2288 vos,
271 2252 360 2290 juxta
384 2252 490 2280 datam
514 2251 601 2280 vobis
621 2260 657 2280 ex
676 2250 834 2279 altissimo
861 2250 1013 2287 gratiam,
1034 2252 1138 2286 partes
1156 2248 1196 2278 ad

184 2305 386 2336 concordiam
407 2294 577 2340 revocetis,
596 2305 638 2333 ita
656 2303 758 2342 quod,
777 2302 953 2341 opitulante
979 2302 1067 2332 vobis
1085 2302 1197 2331 diviua

184 2359 302 2398 gratia,
321 2368 377 2397 per
395 2363 499 2387 vestre
516 2357 682 2395 diligentie
702 2357 843 2386 studium
866 2356 950 2386 inter
973 2356 1099 2385 easdem
1122 2364 1195 2394 par-

185 2418 229 2443 tes
247 2412 432 2452 hujusmodi
451 2412 609 2442 dissensio
629 2411 825 2450 precidatur,
842 2419 877 2440 ac
894 2410 1093 2450 postmodum
1110 2409 1194 2448 quod

182 2467 215 2496 in
240 2466 402 2505 premissis
425 2475 480 2504 per
495 2465 687 2495 industriam
704 2469 840 2494 vestram
857 2464 896 2494 de
912 2463 1080 2502 utriusque
1097 2464 1194 2502 partis

182 2529 314 2550 assensu
331 2519 557 2549 concordatum
576 2519 670 2548 luerit
686 2518 735 2547 vel
751 2518 845 2547 etiam
860 2517 1055 2553 ordinatum,
1069 2517 1193 2547 faciatis

184 2572 411 2603 iuviolabiliter
420 2572 594 2602 observari.
603 2571 859 2602 Contradictores
871 2570 1059 2600 auctoritate
1072 2574 1190 2605 nostra,

182 2625 395 2664 appellatione
415 2625 599 2664 postposita,
617 2624 858 2663 compescendo.
885 2624 956 2653 Dat.
974 2624 1084 2660 Rome,
1107 2623 1193 2662 apud

183 2681 331 2710 Sanctam
350 2680 486 2710 Mariam
503 2680 673 2717 Majorem,
692 2679 786 2709 nonis
802 2678 894 2715 maii,
911 2686 996 2708 anuo
1017 2677 1118 2707 tertio.
1141 2688 1153 2703 ι

253 2824 370 2853 2604

219 2886 360 2913 Ventlitur
376 2887 457 2913 locus
473 2887 590 2913 fratrum
613 2886 647 2912 de
673 2886 852 2913 Poenitentia
870 2885 941 2912 Jesu
960 2884 1065 2911 Christi
1086 2884 1192 2912 Massi-

183 2935 244 2960 liae.
263 2934 344 2968 (lieo.
364 2936 407 2969 45,
424 2944 449 2961 c.
471 2936 528 2966 135,
547 2936 672 2966 s.‘231·0-,
691 2934 757 2962 Lar.
775 2943 810 2962 nu
823 2934 923 2968 Tucia,
940 2933 992 2968 ΙΙΙ,
1013 2934 1084 2967 101.)

523 2823 878 2858 Sainte-Marie-Majeure,
896 2822 927 2848 ‘21
946 2830 1022 2849 mars
1041 2822 1119 2849 1290.

230 3024 394 3053 Venerabili
418 3026 511 3060 fratri
530 3044 551 3054 ..
568 3025 790 3064 archiepiscopo
806 3025 940 3062 Aquensi
963 3023 1095 3053 mandat
1112 3032 1191 3063 qua-

1230 2026 1233 2029 ·
1277 2009 1344 2047 Jam
1363 2012 1518 2038 vetustate
1532 2008 1677 2038 consumi
1695 2008 1829 2047 incepit,
1846 2013 1936 2039 tenor
1952 2009 2003 2039 hic
2018 2013 2066 2040 est
2083 2021 2090 2040 ε

1285 409 1377 435 tenus
1400 427 1420 434 ..
1443 405 1589 444 episcopo
1610 404 1805 435 Massiliensi
1827 404 1931 436 locum
1954 406 2091 437 fratrum
2113 406 2153 437 de
2174 406 2292 437 Poeni-

1286 459 1384 488 tentia
1415 458 1494 488 Jesu
1525 458 1646 488 Christi
1680 458 1798 488 vendat
1828 464 1858 488 et
1890 460 2028 498 pretium
2060 460 2095 490 in
2128 460 2195 491 loco
2229 465 2295 492 tuto

1285 511 1431 550 deponat.

1327 576 1342 591 (ι
1360 565 1404 594 Ex
1421 569 1508 602 parte
1524 563 1756 596 venerabilis...
1769 580 1809 587 -
1825 564 1896 595 Dat.
1915 565 2027 602 Rome,
2043 565 2127 605 apud
2143 565 2292 597 Sanctam

1286 617 1422 647 Mariam
1441 617 1611 656 Mnjorem,
1627 626 1670 647 xu
1687 616 1841 648 kalendas
1857 617 1985 657 aprilis,
2000 627 2087 649 anno
2105 619 2208 650 tertio.
2229 631 2244 647 ι

1358 789 1475 819 2605

1322 851 1426 880 Contra
1441 852 1659 888 dilapidationes
1674 853 1786 880 abbatis
1799 854 1971 882 monasterii
1987 853 2086 882 Sancti
2104 853 2240 882 Andreae
2259 853 2295 882 de

1286 899 1394 928 Insula.
1412 901 1496 934 (Reo.
1514 902 1557 935 45,
1575 910 1601 929 c.
1621 902 1680 933 136,
1698 902 1717 929 f.
1735 902 1769 936 523
1787 904 1834 936 το.)

1629 789 1991 826 sainte-Marie-Majeure,
2007 791 2042 819 ‘25
2057 791 2129 818 avril
2145 791 2222 820 ¹290.

1333 990 1500 1019 Venerabili
1514 991 1611 1027 fratri
1627 991 1672 1027 B.‚
1689 993 1822 1029 episcopo
1841 991 2026 1026 Peneslrino,
2043 991 2204 1030 apostolice
2218 991 2299 1022 sedit

1287 1043 1398 1082 legata,
1414 1043 1545 1074 mandat
1561 1048 1735 1083 quatenus,
1753 1044 1781 1073 si
1800 1053 1913 1074 verum
1932 1043 1974 1074 sit
1988 1043 2148 1082 Accilem,
2166 1052 2298 1075 monas-

1288 1096 1359 1125 terii
1385 1096 1495 1126 Sancti
1520 1097 1670 1127 Andreae
1693 1097 1732 1127 de
1757 1097 1888 1134 Insula,
1905 1097 2030 1128 ordinis
2054 1097 2087 1128 S.
2114 1097 2296 1136 Benedicti,

1288 1149 1515 1180 Brundusinae
1535 1150 1704 1186 dioecesis,
1723 1150 1800 1181 olim
1816 1151 1979 1188 abbatem,
1993 1151 2034 1181 ab
2048 1151 2103 1189 A.‚
2122 1151 2297 1190 archiepis·
2317 1151 2321 1170 '⁴

1286 1212 1363 1242 copo
1383 1203 1591 1234 Brundusino
1603 1228 1610 1239 ,
1625 1208 1769 1234 amotum
1781 1227 1790 1241 ‚
1807 1213 1894 1234 nunc
1911 1204 2107 1235 monachum
2118 1227 2127 1242 ,
2146 1205 2297 1236 continue
2312 1214 2315 1243 ¹.

1285 1258 1463 1298 dilapidare
1486 1259 1568 1290 bona
1591 1259 1798 1296 monasterii,
1820 1259 1899 1290 haec
1927 1264 1992 1290 tuto
2019 1259 2087 1291 loco
2113 1256 2298 1292 conservari

1284 1311 1390 1342 faciat.
2311 1349 2316 1357 ¹

1327 1378 1340 1393 <1
1371 1366 1486 1397 Petitio
1512 1366 1707 1397 venerabilis
1736 1367 1880 1398 fratris...
1903 1384 1942 1389 —-
1971 1367 2041 1398 Dat.
2067 1367 2186 1405 Rome,
2211 1367 2296 1408 apud.

1285 1418 1434 1448 Sanctam
1462 1419 1598 1449 Mariam
1627 1420 1802 1459 Majorem,
1828 1429 1871 1450 vn
1900 1419 2055 1458 kalendas
2082 1421 2182 1458 maii,
2209 1429 2296 1453 anno

1284 1471 1388 1502 tertio.
1409 1484 1421 1497 ι»

1353 1644 1473 1674 2606

1318 1707 1505 1743 privilegium
1528 1708 1745 1736 Albanensibus
1768 1709 1914 1744 episcopis
1938 1717 2122 1736 concessum.
2138 1709 2222 1744 (Rau.
2243 1697 2306 1742 45,ι

1280 1765 1306 1785 c.
1326 1758 1385 1789 137,
1402 1758 1422 1784 f.
1440 1757 1473 1784 23
1489 1759 1535 1792 ro.)

1661 1644 2022 1681 sainte-Marie-RIajeure,
2039 1646 2054 1673 4
2070 1646 2127 1674 mai
2143 1645 2222 1675 1290.

1325 1847 1478 1876 Universis
1494 1847 1610 1877 Christi
1632 1847 1772 1885 fidelibus
1789 1853 1941 1887 presentes
1961 1848 2078 1878 litteras
2098 1847 2294 1888 inspectior-isi

1281 1900 1494 1938 Privilegium
1519 1899 1651 1938 Pelagio
1665 1923 1673 1938 ,
1695 1900 1874 1931 Albauensi
1898 1901 2062 1941 episcopo,
2082 1901 2122 1932 ab
2145 1900 2295 1934 Honorio.

1282 1963 1361 1993 papa
1384 1954 1434 1984 III
1461 1963 1649 1984 conc-essum
1671 1955 1858 1992 confirmat,
1886 1955 1978 1994 cnjus
2005 1955 2184 1994 privilegii,
2206 1955 2308 2002 quod,

1322 2073 1336 2088 α
1355 2061 1517 2091 Honorius
1533 2062 1696 2100 episcopus
1712 2071 1823 2092 servus
1839 2070 2004 2093 servorum
2017 2063 2088 2094 Dei.
2100 2061 2295 2102 Venerabili,

1281 2127 1295 2142 »
1319 2115 1410 2144 fratri
1426 2115 1573 2153 Pelagio,
1594 2114 1773 2145 Albanensi
1791 2115 1952 2154 episcopo,
1976 2116 2111 2154 ejusque
2126 2123 2296 2147 successo-³·

1281 2180 1296 2196 »
1320 2168 1409 2198 ribus
1425 2168 1580 2199 canonice
1599 2168 1808 2204 intrantibus,
1829 2169 1863 2199 in
1879 2173 2080 2208 perpetuum.
2099 2168 2164 2199 Etsi
2178 2174 2299 2199 σπη’·

1281 2234 1294 2250 n
1320 2231 1461 2253 uuum...
1490 2222 1554 2260 Ego
1575 2222 1755 2260 Honorius,
1772 2222 1928 2253 catholice
1950 2222 2083 2254 ecclesie
2106 2223 2293 2263 episcopus,

1280 2287 1294 2303 n
1319 2276 1483 2314 suscripsi.

1320 2341 1334 2356 n
1361 2329 1425 2367 Ego
1439 2328 1562 2366 Gnido,
1583 2329 1792 2358 Penestrinus
1807 2329 1986 2368 episcopus,
2005 2338 2048 2359 ss.

1319 2393 1334 2409 »
1357 2383 1422 2420 Ego
1446 2381 1612 2416 Cinthius‚
1642 2382 1829 2412 Por-tuensis
1844 2386 1874 2412 et
1895 2380 2011 2413 Sancte
2027 2382 2146 2413 Rufiue
2166 2382 2286 2422 episco-

1280 2447 1293 2462 ι)
1319 2445 1395 2474 puS,
1413 2444 1454 2465 ss.

1319 2502 1332 2517 n
1359 2490 1423 2528 Ego
1442 2490 1575 2525 Petrus,
1595 2489 1783 2519 Sabinensis
1800 2490 1984 2529 episcopus,
2003 2498 2046 2519 ss.

1316 2551 1331 2572 )>
1358 2543 1421 2581 Ego
1438 2543 1516 2579 Leo,
1535 2542 1620 2572 tituli
1637 2542 1752 2573 Sancte
1767 2542 1878 2573 Crucis
1894 2542 1930 2572 in
1947 2541 2130 2573 Jerusalem
2151 2541 2286 2582 preshy-

1278 2608 1290 2622 »
1317 2601 1362 2626 ter
1377 2596 1566 2633 cardinalis,
1585 2605 1625 2625 ss.
2274 2591 2292 2639 '⁹

1317 2662 1330 2677 n
1355 2651 1420 2688 Ego
1438 2650 1610 2685 [zobel-tus,
1631 2649 1713 2680 tituli
1730 2650 1836 2680 Sancti
1859 2649 2015 2689 Stephani
2030 2649 2063 2679 in
2085 2647 2310 2680 celiomontai

1276 2716 1290 2732 n
1314 2704 1481 2743 presbyter
1497 2703 1686 2741 cardinalis,
1704 2713 1746 2734 ss.

1315 2769 1328 2784 n
1354 2757 1418 2795 Ego
1432 2757 1624 2795 Stephanus,
1633 2757 1764 2787 basilice
1775 2756 1950 2787 Duodecim
1962 2755 2187 2796 Apostolorum
2197 2763 2298 2796 pres--

1275 2823 1290 2839 >⁸
1313 2811 1407 2850 byter
1425 2811 1618 2848 cardinalis,
1636 2820 1678 2842 ss.
2267 2801 2278 2811 ¹⁸

1315 2877 1328 2891 „
1357 2865 1421 2902 Ego
1443 2864 1635 2902 Gregorius,
1666 2864 1751 2895 tituli
1775 2863 1890 2895 Sancte
1918 2863 2087 2894 Anestasie
2116 2859 2283 2902 presbyt&

1275 2929 1288 2945 n
1313 2917 1504 2954 cardinalis,
1528 2926 1569 2946 ss.
2280 2918 2293 2932 ¹*

1314 2983 1328 2998 ι»
1353 2972 1417 3008 Ego
1432 2970 1588 3008 Thomas,
1610 2969 1691 3001 tituli
1713 2969 1828 3001 Sancte
1851 2969 1968 3000 Sabine
1991 2969 2158 3009 presbyter
2176 2965 2280 2999 cardi·

1274 3033 1289 3054 »
1313 3023 1396 3054 nalis
1408 3047 1416 3062 ,
1433 3033 1476 3053 ss.

2450 2603 2477 2752 ΡΨΕΤ
2452 2471 2476 2576 '''·.
2469 2417 2473 2422 -
