2342 3652
0 1951 13 2020 Ji

912 377 1140 418 DEUXIEME
1157 376 1313 415 ΑΝΝΕΕ.

1110 455 1115 461 “
1152 452 1246 480 annis
1264 451 1342 481 citra
1355 452 1484 490 pacifica
1497 452 1655 488 extitistis,
1671 460 1725 490 per
1740 451 1897 481 incuriam
1915 455 2048 480 vestram
2061 453 2150 482 insti—

72 461 151 492 dicte
179 458 321 493 diocesis,
351 458 385 486 in
416 465 554 495 quarum
582 455 756 494 parrochiis
785 455 866 484 dicte
891 453 1072 484 consistunt

72 513 201 548 decime,
217 510 399 546 accedente,
423 513 517 548 prout
532 510 565 538 in
582 509 761 548 patentibus
777 507 891 536 litteris
906 507 982 536 inde
997 515 1071 535 con-

71 566 156 598 fectis
172 564 296 604 plenius
314 563 434 593 dicitur
451 562 623 593 contineri.
647 562 713 591 Nos
730 561 844 599 igitur,
867 560 980 589 vestris
998 568 1071 597 sup-

72 617 291 659 plicationibus
310 616 470 650 inclinati,
490 615 574 654 quod
592 624 686 653 super
702 613 865 653 premissis
882 613 998 642 factum
1015 616 1071 647 est,

74 672 149 704 etin
162 670 296 701 alterius
308 669 521 709 prejudicium
534 677 598 698 non
611 667 779 703 redundat,
791 672 897 696 ratum
908 670 938 695 et
947 669 1073 703 gratum

73 725 242 760 hahentes,
271 722 354 752 illud
377 723 561 752 auctoritate
579 720 747 762 apostolica
769 720 997 749 confirmamus
1013 722 1070 747 etc.

73 771 121 803 Ita
135 775 237 801 tamen
254 769 341 808 quod
363 769 512 807 predictis
535 767 675 797 ecclesiis
698 767 797 796 dictas
821 766 959 795 decimas
978 765 1073 794 resti-

74 829 161 856 tuere
187 822 364 853 teneamini
390 821 655 860 quandocumque
679 821 718 849 ab
738 820 879 858 ipsarum
899 818 1073 848 rectoribus

74 877 166 909 fuerit
186 876 274 906 vobis
295 875 333 905 de
353 874 541 914 hujusmodi
564 874 792 913 redemptionis
812 873 912 911 pretio
931 871 1073 911 plenarie

76 930 306 962 satisfactum...
325 929 397 958 Dat.
416 928 533 964 Rome,
553 927 637 966 apud
653 927 802 957 Sanctam
819 926 954 955 Mariam
972 925 1072 964 Maj0-

76 992 161 1020 rem,
179 992 197 1013 v
213 982 367 1012 kalendas
383 981 503 1021 aprilis,
519 990 605 1011 anno
623 981 772 1011 secundo.
795 993 806 1006 »ι

141 1154 326 1184 800-801
405 1153 769 1187 Sainte-Marie-MaJeure,
788 1152 820 1179 10
837 1152 907 1179 avril
924 1151 1002 1180 1289.

107 1217 313 1252 Indulgentiae.
333 1216 415 1249 (Rec.
437 1216 479 1247 44.
497 1225 522 1243 c.
542 1216 600 1248 106,
621 1216 640 1242 f.
660 1216 709 1243 134
725 1219 777 1248 vo.)

115 1320 265 1350 Universis
282 1319 396 1349 Christi
415 1320 554 1356 fidelibus
574 1323 726 1357 presentes
746 1319 862 1347 litteras
882 1319 1074 1355 inspecturis.

75 1373 310 1411 Indulgentiam
333 1374 429 1402 unius
453 1372 532 1402 anni
558 1377 588 1402 et
611 1372 824 1410 quadraginta
851 1371 976 1401 dierum
999 1379 1075 1401 con-

76 1427 155 1458 cedit
169 1426 318 1457 omnibus
337 1435 409 1456 vere
433 1426 671 1464 poenitentibus
690 1429 721 1455 et
735 1425 888 1455 confessis
903 1425 958 1464 qui
975 1424 1075 1455 eccle-

76 1480 153 1511 siam
167 1480 299 1510 fratrum
318 1480 483 1509 minorum
500 1480 721 1515 Tiburtinam,
737 1480 771 1509 in
788 1479 943 1510 honorem
960 1479 1075 1509 Beatae

77 1533 192 1564 Mariae
206 1536 419 1563 constructam
436 1558 442 1569 ,
459 1533 494 1562 in
509 1533 765 1570 Purificationis,
785 1533 1072 1569 Annuntiationis‚

75 1587 308 1625 Assumptionis
332 1590 362 1616 et
385 1586 567 1616 Nativitatis
588 1587 730 1624 ejusdem
754 1586 911 1624 virginis,
936 1595 972 1616 ac
992 1587 1075 1616 beati

76 1632 232 1664 Francisci
256 1633 446 1663 confessoris
468 1633 705 1670 festivitatibus,
728 1638 758 1663 et
779 1643 835 1672 per
857 1637 926 1663 octo
942 1633 1009 1663 dies
1025 1642 1075 1663 se-

77 1690 217 1726 quentes,
233 1687 328 1716 annis
344 1687 480 1725 singulis
490 1687 699 1716 visitaverint.
718 1687 771 1716 Eis
787 1695 862 1717 vero
877 1687 934 1725 qui
949 1687 988 1717 ad
999 1696 1075 1717 ean-

77 1739 147 1771 dem
171 1740 335 1770 ecclesiam
359 1739 496 1778 singulis
522 1740 653 1779 maj0ris
677 1740 941 1779 quadragesimae
963 1740 1075 1770 diebus

79 1794 275 1830 accesserint,
293 1794 531 1832 indulgentiam
548 1794 762 1833 quadraginta
776 1794 902 1824 dierum
918 1794 1073 1824 concedit.

117 1859 131 1876 α
150 1849 236 1879 Licet
250 1849 277 1878 is
289 1848 366 1878 de...
383 1864 423 1871 —
438 1849 509 1878 Dat.
531 1849 632 1878 Rome
645 1871 654 1885 ,
673 1848 757 1887 apud
774 1848 924 1878 Sanctam
938 1848 1075 1878 Mariam

80 1901 241 1942 MaJ’orem,
258 1911 305 1932 1111
321 1901 393 1932 idus
408 1901 529 1941 aprilis,
543 1910 629 1932 anno
645 1902 795 1932 secundo.
815 1914 828 1929 n

406 1982 766 2018 Sainte-Marie-Majeure‚
784 1983 817 2011 30
833 1992 909 2010 mars
926 1984 1003 2012 1289.

116 2045 153 2075 In
168 2054 195 2076 e.
213 2055 255 2075 m.
276 2046 392 2076 rectori
411 2046 561 2076 ecclesiae
580 2045 687 2076 Sancti
705 2046 829 2076 Nicolai
848 2046 887 2076 de
904 2047 986 2077 Ysso
1004 2047 1076 2076 Val-

79 2097 119 2130 lis
132 2099 319 2136 Pulciferae,
336 2100 514 2130 Januensis
539 2100 702 2130 dioecesis.
721 2099 960 2138 Indulgentiam
980 2101 1076 2130 unius

79 2153 154 2184 anni
168 2156 198 2182 et
211 2153 422 2192 quadraginta
440 2153 566 2183 dierum
583 2154 728 2183 concedit
747 2153 792 2183 eis
806 2154 861 2192 qui
882 2154 1076 2192 praedictam

80 2206 240 2237 ecclesiam
257 2206 392 2244 singulis
408 2207 502 2236 annis
521 2207 729 2236 visitaverint.
748 2207 819 2236 Dat.
839 2208 961 2237 Romae
973 2230 980 2244 ,
993 2208 1078 2246 apud

81 2258 224 2290 Sanctam
245 2260 382 2300 Mariam
407 2260 580 2299 Major-em,
608 2269 642 2289 111
665 2259 820 2290 kalendas
845 2260 973 2299 aprilis,
992 2270 1079 2291 anno

80 2313 224 2344 secundo.

147 2471 232 2501 802

115 2533 156 2561 De
183 2535 332 2562 collatione
361 2536 550 2570 quorumdam
574 2538 749 2572 prioratuum
779 2538 953 2564 monasterio
981 2537 1080 2564 Sancti

83 2581 205 2611 Victoris
219 2584 395 2612 Massiliensi
411 2586 597 2612 restituenda.
622 2585 704 2619 (Rae.
721 2586 770 2618 44,
788 2594 814 2613 c.
838 2586 886 2613 107
899 2608 906 2620 ,
923 2587 942 2613 f.
969 2587 1017 2613 134
1033 2592 1077 2620 r⁰;

82 2630 147 2661 Im>-
163 2642 198 2661 nu
212 2633 310 2666 Tnair,
327 2634 365 2666 ΙΙ,
383 2635 437 2668 57.)

413 2472 773 2508 Sainte-Marie-Majeure,
794 2473 825 2500 13
841 2474 911 2501 avril
929 2474 1006 2502 1289.

123 2758 141 2764 ..
159 2735 258 2765 abbati
273 2741 299 2765 et
317 2737 477 2766 conventui
496 2738 674 2766 monasterii
695 2737 801 2767 Sancti
827 2738 952 2767 Victoris
972 2738 1078 2767 Massi-

85 2787 202 2826 liensis,
228 2791 267 2819 ad
290 2799 455 2820 romanam
478 2792 628 2820 eeclesiam
649 2792 734 2820 nullo
759 2792 857 2821 medio
878 2793 1077 2829 pertinentis,

84 2842 198 2873 ordinis
208 2843 312 2873 Sancti
324 2845 486 2873 Benedicti.
509 2856 520 2870 α
538 2844 723 2874 Devotionis
739 2853 834 2883 quam
851 2845 928 2874 ad...
948 2845 1081 2875 Presen-

85 2897 144 2925 tata
168 2896 326 2935 siquidem
354 2898 445 2927 nobis
466 2901 570 2927 vestra
594 2897 701 2936 petitio
726 2899 909 2928 continebat
933 2898 1015 2937 quod
1044 2898 1078 2928 in

85 2949 244 2980 nonnullis
257 2950 447 2989 prioratibus
468 2960 523 2980 seu
545 2950 698 2985 ecclesiis,
721 2951 761 2981 ad
782 2951 986 2982 collationem
1010 2961 1079 2981 ves-

85 3004 163 3032 tram
177 3004 398 3042 spectantibus,
417 3004 519 3034 solitis
534 3013 589 3043 per
604 3004 776 3035 monachos
792 3005 935 3044 ejusdem
950 3013 1079 3035 monas-

87 3055 154 3086 terii
176 3057 363 3095 gubernari,
391 3058 425 3087 in
448 3066 585 3096 quorum
610 3058 809 3097 possessione
829 3068 848 3089 a
869 3059 1080 3098 quadraginta

220 3123 292 3151 Rau.
312 3123 435 3152 Niconis
455 3123 508 3150 IV.

2096 388 2148 416 177

1155 504 1211 533 tuti
1236 504 1365 533 suerunt
1387 504 1493 534 clerici
1517 504 1689 540 seculares,
1717 514 1752 533 ex
1777 513 1840 542 quo
1861 504 1944 533 dicto
1963 505 2151 535 monasterio

1153 565 1307 594 magnum
1337 557 1452 587 iminet
1482 558 1729 593 detrimentum3
1751 567 1848 596 quare
1870 557 1959 587 nobis
1986 557 2152 587 humiliter

1154 609 1352 648 supplicastis
1365 615 1398 639 ut
1413 611 1578 648 providere
1592 611 1678 640 vobis
1692 615 1721 640 et
1736 610 1840 640 eidem
1853 611 2044 640 monasterio
2060 619 2152 649 super

1155 662 1213 692 hoc
1234 663 1272 692 de
1296 668 1451 701 oportuno
1473 663 1663 701 provisionis
1689 663 1828 693 remedio
1845 663 2065 700 dignaremur.
2087 663 2152 693 Nos

1153 716 1294 754 itaque...
1314 716 1398 754 quod
1414 716 1513 745 dictos
1531 717 1686 754 prioratus
1702 721 1732 745 et
1753 716 1899 745 ecclesias
1917 716 1954 745 ad
1978 716 2068 745 illum
2090 721 2152 746 sta-

1156 773 1221 798 tum
1237 769 1386 798 reducere
1400 769 1432 798 in
1450 778 1512 808 quo
1528 774 1618 798 eraut
1633 773 1803 807 antequam
1820 771 1853 798 in
1865 770 1909 798 eis
1926 770 2065 799 instituti
2075 771 2151 799 fuis-

1154 827 1223 851 sent
1239 822 1344 852 clerici
1361 822 1528 858 seculares,
1549 831 1584 851 ac
1600 830 1650 851 eos
1668 823 1815 859 retinere,
1834 827 1862 851 et
1878 823 1967 851 ineis
1984 824 2154 853 monachos

1154 876 1250 905 vestri
1270 875 1392 905 ordinis
1415 875 1600 910 instituere,
1627 875 1800 904 rectoribus
1830 876 2034 912 eorumdem,
2056 876 2154 914 siqui

1154 933 1239 964 sunt,
1253 928 1437 958 cedentibus
1450 928 1497 957 vel
1509 927 1750 962 decedentibus,
1771 927 1869 956 libere
1884 927 2051 957 valeatis...
2068 929 2154 958 vobis

1155 983 1339 1012 auctoritate
1354 981 1548 1019 presentium
1567 980 1820 1018 indulgemus...
1840 981 1907 1009 Dat.
1937 982 2047 1016 Rome,
2072 981 2155 1020 apud

1157 1035 1305 1065 Sanctam
1334 1034 1468 1064 Mariam
1494 1034 1668 1072 Maiorem,
1697 1033 1800 1062 idibus
1832 1033 1962 1071 aprilis,
1992 1043 2076 1063 anno
2107 1043 2156 1064 se-

1156 1089 1272 1118 cundo.
1290 1100 1302 1114 ι

1228 1260 1315 1289 803

1193 1323 1399 1358 Indulgentiae.
1416 1322 1497 1357 (Rea.
1515 1323 1558 1354 44,
1576 1330 1599 1348 c.
1620 1322 1678 1351 108.
1695 1322 1715 1347 f.
1736 1322 1782 1348 134
1800 1328 1842 1354 r0;
1857 1321 1923 1348 Lar.
1941 1329 1977 1347 nn
1991 1321 2096 1355 Tucia,
2112 1321 2153 1353 ΙΙ,

1157 1374 1211 1407 58.)

1500 1258 1857 1292 Sainte-Marie—Majeure,
1878 1258 1907 1284 13
1923 1258 1991 1284 avril
2009 1258 2085 1285 1289.

1195 1476 1327 1505 Eisdem.
1345 1473 1584 1511 Indulgentiam
1607 1473 1702 1502 unius
1725 1473 1802 1501 anni
1826 1476 1855 1501 et
1878 1481 1916 1501 xi.
1941 1472 2064 1501 dierum
2083 1481 2156 1502 con-

1156 1528 1238 1558 cedit
1256 1529 1300 1558 eis
1318 1528 1373 1567 qui
1396 1527 1561 1557 ecclesiam
1584 1526 1768 1555 monasterii
1785 1525 1892 1555 Sancti
1912 1525 2045 1554 Victoris
2072 1526 2156 1554 Mas-

1157 1583 1314 1620 siliensis,
1332 1591 1412 1620 quae
1428 1582 1461 1610 in
1478 1581 1631 1610 honorem
1649 1580 1679 1609 S.
1701 1579 1838 1608 Victoris
1854 1584 1899 1608 est
1915 1583 2110 1614 constructa,
2129 1582 2159 1608 et

1155 1636 1189 1665 in
1201 1645 1263 1674 qua
1272 1635 1416 1674 ejusdem
1432 1634 1543 1669 sancti,
1562 1638 1747 1662 sanctorum
1765 1632 1989 1661 Innocentium
1999 1636 2029 1660 et
2040 1631 2071 1661 S.
2087 1631 2157 1660 Bla-

1157 1690 1197 1719 sii
1216 1689 1371 1727 reliquiae
1386 1688 1607 1727 requiescunt‚
1626 1687 1660 1715 in
1679 1685 1814 1723 siugulis
1830 1685 2014 1715 eorumdem
2037 1689 2157 1714 sancto-

1156 1752 1228 1773 rum
1244 1742 1483 1777 festivitatibus,
1509 1740 1720 1770 visitaverint.

1199 1808 1212 1823 u
1237 1796 1426 1826 Sanctorum
1441 1794 1563 1824 meritis
1581 1793 1728 1822 inclita...
1751 1809 1790 1813 —
1812 1793 1884 1821 Dat.
1905 1796 2057 1830 utsupra.
2084 1803 2096 1817 n

1228 1982 1317 2010 804

1193 2046 1393 2074 Immunitates
1409 2043 1537 2070 decimae
1553 2047 1581 2069 et
1596 2042 1829 2077 procurationum
1852 2040 2024 2066 monasterio
2041 2038 2160 2065 Sanctae

1159 2096 1265 2123 Mariae
1281 2095 1316 2121 de
1332 2094 1429 2121 Monte
1446 2093 1549 2119 Sancto
1562 2099 1727 2118 concessae.
1744 2090 1826 2123 (Rsc.
1839 2090 1880 2120 44,
1899 2097 1924 2115 c.
1944 2088 2002 2121 109,
2015 2089 2031 2114 f.
2050 2088 2095 2114 134
2109 2089 2160 2119 vo.)

1503 1978 1856 2012 Sainte-Marie-MaJeure,
1875 1978 1912 2003 1er
1926 1977 1995 2003 avril
2014 1976 2089 2003 1289.

1198 2199 1318 2229 Dilectis
1332 2196 1406 2234 filiis
1424 2195 1629 2225 collectoribus
1645 2193 1757 2222 decime
1771 2200 1901 2221 concesse
1912 2199 1964 2228 per
1973 2191 2065 2219 sedem
2076 2197 2161 2226 opos-

1161 2255 1281 2284 tolicam
1291 2251 1422 2281 subsidio
1440 2250 1550 2287 neqotii
1562 2249 1648 2285 requi
1664 2247 1783 2283 Sicilie,
1798 2254 1914 2275 necnon
1930 2249 1955 2273 et
1967 2244 2161 2283 procuratio-

1159 2317 1236 2337 num
1255 2314 1311 2344 que
1328 2304 1494 2334 venerabili
1509 2302 1604 2339 fratri
1617 2305 1718 2330 nostro
1733 2300 1778 2335 G„
1797 2300 1926 2336 episcopo
1942 2296 2115 2331 Sabinensi‚
2130 2297 2162 2324 in

1160 2362 1225 2391 illis
1234 2360 1373 2399 partibus
1388 2357 1518 2395 ejtlsdem
1530 2356 1607 2384 seclis
1625 2355 1730 2391 legato,
1743 2353 1897 2384 debentur,
1912 2351 1945 2379 in
1957 2350 2082 2387 Aprutio
2092 2357 2160 2377 con-

1161 2415 1286 2445 stitutis.
1312 2412 1399 2441 Licet
1414 2434 1434 2441 ..
1453 2409 1548 2439 abbas
1564 2409 1698 2438 Sanctae
1716 2406 1834 2435 Mariae
1850 2404 1887 2433 de
1904 2404 2010 2432 Monte
2035 2402 2159 2437 Sancto,

1160 2467 1283 2499 ordinis
1303 2466 1335 2496 S.
1361 2463 1547 2499 Benedicti,
1571 2466 1601 2491 et
1626 2484 1645 2491 ..
1671 2460 1755 2498 prior
1780 2457 1888 2488 Sancti
1914 2455 2015 2493 Egidii
2037 2454 2074 2483 de
2105 2453 2160 2482 Vi-

1160 2523 1269 2555 brata,
1286 2528 1342 2557 per
1360 2518 1497 2556 priorem
1515 2515 1601 2545 soliti
1618 2512 1807 2552 gubernari,
1832 2510 1954 2540 ordinis
1977 2508 2008 2537 S.
2032 2508 2159 2543 Augus·
2185 2507 2188 2509 ’

1161 2575 1232 2612 tini,
1258 2570 1535 2605 monasteriorum,
1563 2575 1738 2605 eorumque
1756 2568 1942 2598 conventus,
1962 2559 2160 2590 Aesculanae

1162 2626 1340 2663 dioecesis,
1361 2625 1519 2654 decimam
1542 2622 1619 2652 olim
1646 2620 1761 2649 Terrae
1783 2617 1916 2647 Sanctae
1943 2612 2082 2643 subsidio
2106 2612 2160 2641 de-

1161 2686 1304 2722 putatam
1342 2676 1563 2708 collectoribus
1593 2674 1692 2712 ipsius
1719 2673 1751 2701 in
1782 2669 1924 2700 Mai-chia
1962 2666 2162 2697 Anconitana

1160 2736 1316 2765 hactenus
1330 2730 1568 2771 persolvissent,
1592 2732 1695 2756 tamen
1715 2724 1895 2755 collectores
1910 2721 2050 2750 decimae
2067 2726 2160 2756 nego-

1163 2790 1203 2819 tio
1227 2786 1320 2824 regni
1347 2784 1478 2815 Siciliae
1500 2788 1666 2812 concessae
1691 2788 1709 2808 a
1733 2777 1875 2816 personis
1901 2773 2085 2804 eorumdem
2100 2779 2163 2800 mo-

1162 2841 1387 2874 nasteriorum,
1411 2838 1444 2866 in
1461 2834 1639 2866 confinibus
1660 2831 1751 2869 regni
1768 2829 1894 2860 Siciliae
1907 2825 2160 2861 consistentium,

1161 2895 1319 2925 decimam
1334 2890 1506 2928 exigebant
1522 2899 1528 2924 ς
1545 2883 1802 2926 quareNieolaus
1813 2890 1903 2921 papa,
1916 2878 2163 2917 tuncepiscopus

1162 2946 1382 2980 PrenestinuS,
1402 2947 1431 2973 et
1446 2943 1549 2972 bonae
1564 2937 1738 2969 memoriae
1750 2934 1935 2970 Gervasius,
1954 2931 2040 2961 tituli
2056 2930 2163 2960 Sancti

1162 3000 1293 3032 Martini
1312 2998 1476 3038 presbyter
1498 2993 1687 3030 cardinalis,
1707 2991 1746 3021 ad
1764 2990 1822 3019 hoc
1844 2988 1884 3018 ab
1904 2986 2045 3017 Honorio
2063 2985 2163 3023 depu-

1161 3056 1228 3092 tati,
1246 3053 1368 3085 eisdem
1385 3048 1603 3081 collectoribus
1622 3050 1654 3076 ut
1669 3044 1842 3084 praedictas
1858 3048 2007 3080 personas
2024 3037 2161 3067 nullate-

1989 3105 2022 3132 23
