2477 3637
344 404 382 434 88
1088 397 1322 428 REGISTRES
1345 398 1398 426 DE
1422 395 1603 425 NICOIAS
1628 395 1682 424 IV.

413 469 499 498 458
651 465 1002 499 Sanno-Mnrie-Majoure,
1019 465 1053 491 ‘28
1067 465 1177 499 janvier
1195 464 1270 491 1289·

379 531 563 566 Dispensatio
577 529 729 556 solutionis
744 529 914 554 debitorum.
932 527 1014 560 (Rau.
1035 527 1078 561 tt,
1094 536 1120 554 c.
1138 527 1200 560 29⁶2,
1217 527 1235 553 f.
1253 526 1285 553 GS
1303 532 1340 555 1¹⁰:

342 580 408 608 Lm.
426 589 459 607 or
474 580 570 610 Tne-n„
589 578 701 611 lftffss.)

383 705 400 710 ..
423 681 522 709 attan·
536 685 562 708 e!
578 678 737 707 conventui
756 678 933 706 monasterii
949 677 1053 707 Sancti
1070 677 1196 713 Remislii
1219 677 1340 704 Remen-

339 735 394 764 sis.
415 733 533 761 ordinis
551 732 654 761 Sancti
674 731 838 765 Benedicti,
861 729 1006 767 indulget
1024 734 1057 759 ut
1082 730 1140 768 ipsi
1165 733 1193 758 et
1221 728 1340 766 priora-

339 790 429 815 tuum
453 792 562 813 eorum
582 783 703 821 priores
728 791 790 812 non
815 787 983 812 teneantur
1005 782 1043 812 ad
1066 782 1255 812 solutionem
1281 780 1340 809 ali-

338 839 428 877 cujus
459 837 557 866 debiti
582 836 734 866 contracti
767 835 816 866 vel
843 836 1072 872 contrahendi,
1098 835 1160 864 nisi
1194 833 1273 863 illnd
1305 833 1336 862 in

337 891 507 921 utilitatem
526 891 665 928 ipsorum
687 889 873 919 monasterii
890 895 918 918 et
937 889 1132 927 prioratuum
1149 894 1337 917 conversum

337 945 435 974 fuisse
451 944 592 980 legitime
610 942 810 982 probaverint
826 942 1008 972 creditores.

379 1010 391 1024 «ι
418 997 644 1036 Indempnitati
662 1001 764 1026 vestre
782 1005 854 1026 ac...
872 1014 909 1018 —
930 997 999 1025 Dat.
1022 996 1121 1025 Rome
1137 993 1220 1032 apud
1237 993 1338 1023 Sanc-

337 1056 400 1081 tam
432 1051 566 1080 Mariam
600 1050 778 1088 Majorem,
808 1059 826 1079 v
856 1049 1008 1079 kalendas
1041 1046 1218 1082 februarii,
1252 1054 1337 1075 anno

335 1105 447 1144 primo.
474 1116 487 1130 r>

403 1261 488 1288 459

368 1323 573 1357 Indulgentiae.
590 1323 670 1356 (Res.
691 1323 731 1354 44,
745 1322 972 1355 c.·293,f.68r⁰;
987 1319 1246 1351 L.t1·.nuTnE1t,1,
1263 1319 1334 1352 1⁵27.)

633 1259 995 1294 Sainte-Marie-Majeure,
1013 1259 1044 1285 28
1057 1258 1167 1293 janvier
1187 1257 1262 1284 1289.

372 1427 498 1455 Et'sdem.
518 1425 754 1463 Indulgentiam
775 1424 921 1454 concedit
936 1424 1034 1453 nnius
1049 1423 1127 1453 anni
1144 1427 1174 1452 et
1195 1423 1333 1461 quadra-

329 1479 417 1517 ginta
440 1479 564 1508 dierum
590 1478 739 1507 omnibns
763 1486 836 1507 vere
859 1477 1098 1515 poenitentibus
1123 1481 1153 1506 et
1179 1476 1333 1506 confessis

329 1532 382 1571 qni
405 1532 571 1562 ecclesiam
594 1531 784 1561 monasterii
806 1531 913 1560 Sancti
938 1530 1080 1568 Remigii
1105 1529 1275 1559 Remensis
1298 1529 1333 1559 in

328 1585 495 1614 festivitate
518 1585 550 1614 S.
577 1584 738 1621 Remigii,
761 1584 852 1623 cujus
874 1592 987 1623 corpus
1011 1584 1044 1613 in
1072 1583 1181 1613 eadem
1199 1582 1334 1613 ecclesia

328 1637 510 1676 requiescit,
524 1642 554 1667 et
567 1637 600 1666 in
617 1637 846 1667 anniversariis
863 1637 975 1667 diebus
995 1636 1212 1666 translationis
1232 1637 1332 1675 ipsius

328 1690 465 1729 corporis
493 1694 522 1719 et
546 1689 760 1720 dedicationis
785 1690 928 1728 ejusdem
958 1690 1108 1720 ecclesiae
1131 1689 1332 1719 visitaverint

329 1743 505 1773 annuatim.

371 1807 384 1822 (ι
410 1796 495 1825 Licet
509 1796 536 1825 is
552 1796 626 1825 tle...
644 1813 683 1816 —
707 1796 778 1825 Dat.
799 1795 899 1826 Rome
923 1796 1007 1834 apud
1025 1796 1174 1825 Sanctam
1195 1796 1331 1826 Mariam

330 1849 494 1888 Majorem.
510 1859 529 1878 v
545 1848 697 1879 kalendas
712 1849 876 1886 februarii,
893 1858 978 1879 anno
998 1851 1110 1888 primo.
1131 1862 1143 1877 n

397 2008 486 2036 460

364 2070 548 2104 privilegium
565 2071 739 2097 monasterio
752 2070 847 2098 Sancti
862 2071 985 2105 Remigii
997 2071 1135 2097 Remensi
1147 2079 1329 2099 concessum.

328 2120 411 2153 (Rae.
430 2121 474 2147 44.
490 2128 516 2147 c.
534 2120 594 2151 5¹94,
612 2120 630 2146 f.
649 2120 682 2147 68
699 2127 741 2153 r⁰;
758 2120 824 2147 Lar.
842 2129 876 2147 nc
890 2120 987 2151 Tuan„
1005 2120 1028 2151 Ι,
1048 2121 1119 2153 128.)

642 2007 995 2042 Satnte-Marie-Majeure‚
1006 2009 1040 2035 ‘28
1052 2009 1166 2043 janvier
1185 2009 1259 2036 1289.

368 2223 486 2252 Dileclis
505 2223 566 2259 filis
586 2223 739 2258 Jnlzsmni,
765 2224 884 2260 abbati,
901 2229 925 2252 ει
947 2224 1072 2260 Royero,
1089 2224 1188 2260 priori
1206 2232 1331 2253 innuas-

328 2276 398 2304 !erz'i
419 2276 524 2305 Sancti
545 2277 672 2313 Remiqii
699 2277 864 2311 Remensis,
889 2277 1007 2305 ordinis
1035 2276 1140 2305 Samen*
1163 2277 1329 2313 Benedicti,

327 2328 474 2366 indulget
496 2338 535 2358 ne
559 2337 726 2358 causarum
749 2329 947 2366 cognitiones
970 2329 1019 2358 vel
1043 2329 1192 2359 mandata
1218 2338 1235 2359 a
1257 2330 1331 2360 sede

327 2381 495 2420 apostolica
517 2381 566 2411 vel
590 2382 657 2420 ejus
680 2382 792 2419 legatis
812 2382 971 2421 suscipere
990 2383 1127 2412 minime
1148 2387 1328 2421 teneantur,

326 2434 445 2473 absque
465 2434 564 2465 dictae
581 2435 664 2464 sedis
685 2434 815 2473 speciali
831 2435 982 2466 mandato
1002 2436 1134 2466 faciente
1150 2445 1329 2475 expressam

325 2488 364 2519 de
379 2488 504 2519 indulto
520 2488 707 2527 hujusmodi
724 2489 932 2519 mentionem.

368 2554 380 2568 ιι
406 2542 454 2571 Ne
469 2545 594 2581 propter
610 2550 817 2572 causarum...
833 2559 873 2564 —
892 2542 964 2572 Dat.
982 2547 1133 2583 utsupra.
1156 2556 1168 2570 n

395 2701 474 2741 413¹
658 2701 1017 2737 Sainte-Marie-Majeure,
1034 2704 1049 2730 7
1067 2703 1169 2729 fevrier
1182 2703 1256 2731 1289.

361 2763 518 2791 Conventni
539 2765 655 2792 fratrum
679 2764 782 2792 (lomus
802 2765 836 2792 de
859 2764 1002 2798 Bet-wico,
1023 2766 1130 2792 ordinis
1152 2766 1329 2800 praedicato-

327 2820 404 2843 rum,
428 2812 524 2839 Sancti
550 2813 681 2840 Andreae
706 2814 865 2846 dioecesis,
892 2814 1035 2841 licentiam
1059 2814 1191 2841 concedit
1215 2814 1329 2841 emendi

326 2861 415 2895 pretio
433 2861 576 2888 moderato
593 2862 686 2888 locum
698 2870 783 2897 quem
801 2862 902 2889 fratres
918 2862 1028 2890 ordinis
1044 2863 1240 2890 Poenitentiae
1255 2862 1327 2889 Jesu

325 2909 431 2935 Christi
455 2910 523 2935 infra
547 2911 639 2937 villam
660 2911 694 2936 de
719 2911 847 2938 Bet-wico
871 2911 1022 2939 habebant.
1045 2911 1125 2943 inm.
1145 2912 1195 2943 44,
1217 2920 1242 2938 c.
1259 2911 1326 2945 ⁶295,

326 2958 345 2984 s.
363 2958 395 2984 68
411 2965 450 2990 r⁰;
471 2957 585 2992 l'orrn„
600 2959 705 2990 22874.)

372 3059 536 3089 Venerabili
551 3061 642 3096 fratri
657 3083 676 3089 ..
690 3063 821 3099 episcopo
833 3062 936 3091 Sancti
953 3064 1068 3092 Δηώ-ει»
1080 3063 1111 3092 in
1128 3062 1227 3092 scotia
1241 3066 1266 3090 el
1278 3062 1326 3091 di-

1427 463 1496 491 lecto
1507 463 1570 498 lilio
1581 461 1708 498 Giffrido
1717 461 1752 490 de
1769 461 1893 496 Vesano,
1908 470 2024 491 camere
2035 467 2135 492 nostre
2144 463 2262 500 clerico,
2278 464 2429 500 inAnqlia

1425 514 1637 543 commoranti.
1666 512 1748 543 Cum
1773 513 1876 543 eidem
1897 514 2042 553 episcopo
2067 515 2229 545 Honorius
2259 524 2339 555 papa
2364 515 2429 546 1111

1424 566 1491 595 suis
1506 565 1644 595 dedisset
1661 566 1773 596 litteris
1791 566 1824 596 in
1842 566 2001 597 mandatis
2020 571 2055 597 ut
2075 567 2180 598 locum
2200 577 2296 607 quem
2317 568 2430 599 fratres

1423 619 1546 649 ordinis
1557 619 1776 650 Poenitentiae
1786 620 1862 650 Jesn
1875 620 1996 650 Christi
2008 621 2091 651 infra
2100 621 2210 651 villam
2221 622 2259 652 de
2270 622 2427 660 Berwico,

1424 672 1534 702 Sancti
1559 672 1709 703 Andreae
1725 673 1899 710 dioecesis,
1919 673 2118 711 habuerant,
2136 683 2209 705 cum
2227 674 2429 714 pertinentiis

1424 725 1502 763 ejus,
1522 725 1621 764 priori
1638 730 1668 756 et
1683 727 1854 756 conventui
1875 727 2008 756 fratrum
2026 727 2278 766 praedicatorum
2295 727 2334 758 de
2353 727 2428 758 Ber—

1422 779 1515 816 wico,
1531 787 1667 818 quorum
1686 779 1799 809 domus
1812 789 1829 810 a
1845 779 1922 810 villa
1939 780 1977 810 de
1995 780 2141 811 Berwico
2158 785 2189 811 et
2203 782 2243 812 ab
2257 781 2427 812 hominum
2476 791 2477 794 ¹

1422 831 1617 862 habitatione
1636 833 1733 862 nimis
1746 838 1864 863 remota
1877 837 1933 870 est,
1951 833 2103 864 venderet
2115 843 2170 873 pro
2180 834 2282 873 pretio
2298 843 2427 874 compe·
2476 864 2477 867 ,

1422 885 1513 922 tenti,
1526 886 1740 916 convertendo
1757 887 1790 916 in
1807 886 1988 916 subsidium
2005 891 2238 925 memoratum3
2258 887 2425 927 dictusque

1421 939 1587 977 episcopus
1608 939 1709 978 ipsius
1734 939 1794 970 loci
1818 940 2090 971 examinationem
2115 941 2310 979 quibusdam
2334 940 2426 971 laicis

1421 991 1537 1021 vicinis
1555 992 1733 1023 faciendam
1753 993 1979 1030 commisisset,
1998 993 2088 1032 iique
2106 993 2210 1024 locum
2227 993 2425 1033 praedictum

1421 1044 1504 1075 ultra
1518 1045 1656 1075 valorem
1673 1051 1907 1085 competentem
1925 1051 1954 1076 et
1970 1047 2114 1077 debitum
2129 1047 2327 1084 extimarint,
2341 1055 2426 1086 prae·

1420 1099 1515 1129 dictis
1532 1099 1677 1139 episcopo
1697 1104 1728 1130 et
1746 1100 1881 1131 Giffrido
1898 1101 2051 1131 Nicotaus
2069 1109 2148 1140 papa
2165 1100 2297 1130 mandat
2313 1105 2426 1140 quate-
2474 1091 2475 1098 ἵ

1420 1160 1493 1189 nus,
1515 1153 1541 1182 si
1561 1153 1637 1191 ipsis
1652 1154 1828 1183 constiterit
1846 1153 1950 1183 locum
1967 1153 2166 1192 praedictum
2185 1153 2268 1184 ultra
2286 1153 2427 1185 valorem

1419 1206 1608 1236 extimatum
1634 1206 1750 1244 fuisse,
1777 1207 2016 1237 extimationem
2043 1207 2228 1246 hujusmodi
2254 1207 2425 1238 moderan-

1421 1262 1482 1295 tes,
1514 1259 1619 1289 locum
1652 1259 1759 1298 ipsum
1791 1268 1847 1298 pro
1885 1260 1986 1299 pretio
2017 1260 2209 1299 competenti
2242 1260 2426 1291 memoratis

1418 1312 1517 1350 priori
1534 1317 1564 1341 et
1579 1313 1749 1342 conventui
1766 1313 1917 1350 vendant,
1930 1322 1965 1343 ac
1983 1313 2028 1343 eis
2043 1313 2082 1343 ad
2099 1312 2289 1343 solvendum
2305 1313 2426 1344 dictum

1418 1365 1556 1404 pretium
1575 1366 1670 1396 trium
1689 1374 1849 1396 annornm
1872 1367 2048 1396 terminum
2070 1366 2264 1405 concedant,
2280 1366 2326 1397 ita
2342 1366 2426 1406 quod

1417 1418 1514 1448 annis
1539 1418 1678 1456 singulis
1702 1419 1737 1448 in
1763 1420 1899 1450 termino
1918 1424 2033 1450 statuto
2053 1420 2178 1450 tertiam
2197 1423 2320 1459 partem
2338 1420 2426 1460 ejus-

1418 1472 1490 1501 dem
1512 1472 1607 1511 pretii
1627 1473 1749 1503 solvere
1773 1477 1951 1503 teneantur.
1972 1474 2118 1504 Ceterum
2139 1473 2311 1513 pecuniam
2329 1481 2426 1513 quam
2468 1465 2469 1469 ¹

1417 1525 1496 1555 dicti
1511 1525 1677 1565 episcopus
1700 1530 1731 1556 et
1749 1526 1904 1556 Giffridus
1926 1527 2040 1557 exinde
2062 1527 2240 1566 receperint
2262 1526 2298 1556 in
2315 1526 2425 1566 aliquo

1417 1582 1483 1609 tuto
1499 1579 1577 1615 loco,
1595 1580 1844 1610 convertendam
1861 1581 1893 1621 in
1911 1581 2054 1611 subsidio
2071 1581 2189 1611 Terrae
2207 1581 2353 1617 Sanctae,
2372 1579 2424 1611 de-

1416 1637 1553 1671 ponant,
1575 1637 1605 1663 et
1627 1643 1722 1672 super
1746 1634 1943 1673 depositione
1961 1634 2148 1673 hujusmodi
2168 1634 2282 1664 confici
2306 1633 2425 1664 faciant

1416 1687 1479 1717 duo
1502 1687 1628 1725 publica
1654 1687 1888 1724 instrumenta,
1915 1695 2051 1727 qnorum
2079 1696 2183 1718 unum
2209 1691 2422 1725 conservent,

1415 1740 1589 1779 reliquum,
1606 1750 1678 1770 cnm
1695 1741 1807 1770 litteris
1824 1741 1976 1780 quicquid
1992 1750 2088 1780 super
2103 1741 2288 1780 praemissis
2303 1740 2423 1771 factum

1416 1795 1476 1825 erit
1496 1795 1756 1829 continentibus,
1776 1795 1814 1824 ad
1837 1795 1944 1824 sedem
1967 1795 2170 1834 apostolicam
2193 1794 2421 1824 transmittant.

1458 1861 1470 1875 ιι
1485 1848 1549 1878 Sua
1563 1849 1653 1878 nobis
1669 1848 1814 1878 dilecti...
1830 1865 1869 1871 —
1885 1849 1956 1877 Dat.
1974 1848 2077 1879 Rome
2092 1848 2175 1888 apud
2192 1847 2342 1878 Sanctam
2356 1847 2424 1877 Ma-

1372 1888 1374 1900 Α
1415 1902 1498 1932 riam
1515 1902 1684 1941 Majorem,
1705 1912 1750 1931 vn
1765 1902 1837 1931 idns
1853 1902 2018 1938 februarii,
2037 1910 2122 1932 anno
2141 1901 2255 1941 primo.
2279 1913 2291 1928 n

1485 2103 1572 2131 432
1724 2101 2079 2137 Sainte-Marie-Majeure,
2097 2102 2129 2129 30
2141 2102 2255 2135 janvier
2272 2100 2349 2129 1289.

1451 2165 1607 2192 Licentiam
1627 2165 1758 2192 concedit
1772 2165 1894 2198 Agneti,
1911 2165 2046 2192 ducissae
2063 2163 2257 2199 Burgunfflae,
2276 2167 2421 2191 monaste-

1416 2216 1489 2242 rium
1512 2214 1703 2241 Cistereiense
1726 2213 1871 2240 visitandi.
1893 2213 1973 2246 (Rau.
1992 2214 2039 2245 44,
2065 2222 2090 2240 c.
2113 2213 2173 2245 396,
2199 2213 2218 2240 f.
2236 2212 2270 2240 63
2285 2219 2334 2244 v⁰;
2351 2212 2418 2240 LAP-

1414 2274 1449 2293 ΒΗ
1464 2264 1562 2295 Tacit,
1579 2264 1602 2295 Ι,
1622 2263 1692 2296 1⁵29.)

1455 2368 1562 2397 Dilecte
1582 2368 1615 2396 in
1635 2365 1750 2396 Christo
1770 2365 1832 2402 filie
1854 2366 1947 2395 nobili
1965 2366 2091 2395 mulieri
2110 2366 2236 2403 Aqneti,
2253 2365 2316 2403 filie
2340 2365 2420 2395 clare

1413 2422 1556 2450 memorie
1573 2420 1734 2454 Ludovzbi,
1752 2419 1830 2456 reyis
1848 2419 1992 2455 From-ie,
2011 2420 2101 2449 umori
2120 2418 2218 2448 dilecti
2235 2418 2296 2456 filii
2310 2417 2420 2448 nobilis

1413 2475 1476 2504 viri
1503 2496 1522 2503 ..
1550 2474 1636 2502 ducis
1656 2472 1846 2509 Bnryzmde‘e,
1870 2471 2015 2509 indulget
2040 2475 2074 2501 ut
2094 2472 2326 2502 monasterium
2346 2470 2418 2502 Cis-

1415 2527 1584 2564 terciense,
1604 2525 1826 2556 Cabilonensis
1845 2525 2017 2562 dioecesis,
2040 2526 2131 2565 cujus
2151 2525 2246 2555 duces
2267 2525 2416 2563 Burgun—

1413 2581 1482 2611 diae
1499 2580 1622 2619 patroni
1639 2579 1796 2616 existunt,
1811 2583 1841 2609 et
1858 2580 1942 2618 qnod
1961 2584 2024 2609 tam
2041 2579 2103 2619 ipsi
2121 2588 2219 2618 quam
2235 2587 2348 2610 uxores
2363 2587 2417 2610 eo·
2450 2592 2467 2622 g

1413 2643 1500 2671 rum,
1524 2633 1668 2663 ducissae
1688 2633 1789 2671 ipsius
1810 2633 2029 2670 Burgundiae,
2047 2641 2084 2663 ex
2101 2632 2232 2671 speciali
2250 2633 2416 2663 devotione
2450 2628 2451 2644 ³

1411 2690 1644 2717 consueverunt
1659 2685 1790 2715 visitare
1805 2690 1835 2715 et
1850 2685 1961 2716 domos
1978 2686 2121 2725 proprias
2142 2685 2228 2715 infra
2243 2684 2331 2724 septa
2348 2685 2416 2724 eJus
2448 2694 2450 2726 y

1411 2740 1528 2770 habere
1545 2744 1576 2769 et
1597 2739 1636 2769 ad
1654 2748 1705 2768 eas
1727 2738 1888 2769 declinare
1904 2739 2067 2769 interdum
2080 2763 2088 2777 ‚
2105 2748 2178 2770 cum
2195 2743 2331 2778 quatuor
2346 2746 2415 2768 ma·
2435 2736 2451 2796 εἴ

1411 2793 1512 2824 tronis
1535 2793 1678 2823 honestis
1697 2796 1726 2822 et
1748 2793 1780 2822 in
1809 2793 1918 2823 habitu
1942 2793 2081 2829 decenti,
2098 2792 2278 2824 devotionis
2303 2799 2413 2830 causa,
2438 2788 2449 2838 ζ

1410 2847 1458 2878 bis
1484 2846 1518 2876 in
1544 2855 1629 2876 anno
1647 2846 1799 2884 congredi
1816 2846 1928 2883 valeat,
1947 2846 2120 2876 dummodo
2141 2845 2210 2884 ipsa
2227 2849 2258 2876 et
2284 2845 2418 2876 eaedem·
2444 2843 2447 2888 j

1410 2904 1573 2930 matronae
1595 2899 1626 2928 in
1652 2899 1728 2929 locis
1754 2900 1960 2931 habitationis
1977 2899 2209 2930 monachorum
2226 2899 2328 2938 ipsius
2344 2906 2414 2930 mo·
2444 2894 2446 2924 ἶ

1410 2953 1539 2982 nasterii
1561 2952 1695 2982 minime
1712 2958 1908 2992 pernoctent.
1928 2966 1940 2980 ι
2443 2951 2445 2981 j

1450 3018 1462 3032 «
1486 3006 1529 3035 Ex
1547 3010 1598 3035 tne
1615 3007 1886 3044 magnitudinis...
1905 3025 1943 3029 —
1960 3007 2021 3037 Dat
2042 3006 2143 3037 Rome
2160 3005 2246 3045 apud
2263 3005 2413 3036 Sanctam
2442 3002 2444 3042 l

1410 3059 1546 3089 Mariam
1564 3059 1729 3097 Majorem,
1748 3069 1781 3090 ιιι
1805 3059 1958 3090 kalendas
1976 3060 2142 3097 februarii,
2159 3067 2245 3089 anno
2261 3058 2375 3098 primo.
2395 3067 2410 3085 n
2440 3075 2443 3100 ¹.
