2477 3637
251 358 308 388 ⁴74
997 355 1235 388 REGISTRES
1256 356 1311 387 DE
1333 356 1518 388 NICOLAS
1539 358 1598 389 1v.

321 423 439 452 8820
824 421 949 454 Orvieto,
968 422 983 448 7
995 422 1091 457 juillet
1108 422 1186 450 1290.

285 486 494 520 Indulgentiae.
511 486 593 518 (Reo-
614 486 657 518 45,
674 493 699 512 c.
717 484 780 517 2³64,
795 493 821 511 c.
838 485 870 511 47
888 487 939 518 vo.)

294 602 447 630 Um'versis
471 599 583 630 Christi
603 601 744 637 fidelibus
758 605 910 638 presentes
927 602 1044 631 litteras
1064 603 1256 641 inspecturis.

251 653 489 691 Indulgentiam
508 653 604 682 unius
616 653 695 682 auni
712 658 742 682 et
756 663 793 683 xr.
809 653 933 684 dierum
949 655 1094 685 concedit
1108 655 1259 686 omnibus

250 715 322 736 vere
346 706 582 744 poenitentibus
599 710 629 735 et
652 706 806 736 confessis
824 707 880 746 qui
903 716 1036 737 manum
1061 708 1261 747 porrexerint

249 759 390 789 caritatis
406 759 445 787 ad
463 758 618 797 hospitale
636 758 832 798 leprosorum
848 759 957 790 Sancti
974 761 1125 791 Eunurrii
1141 761 1180 791 de
1195 762 1258 792 Su-

248 812 358 847 blacu,
380 812 567 842 Tiburtinae
584 812 751 843 dioecesis.
771 829 811 836 —
828 826 842 841 «
860 814 1029 845 presentes
1045 823 1119 845 vero
1138 814 1259 846 litteras

248 867 330 896 mitti
349 867 615 905 per,questuarios
630 867 805 897 districtius
821 867 1017 898 inhibemus.
1046 881 1059 896 »

294 932 306 946 ι
324 919 485 956 Quoniam
503 925 536 949 ut
552 920 633 950 ait...
654 937 692 943 —
711 921 780 950 Dat.
800 921 881 960 apud
903 921 1180 958 Urbemveterem,
1199 931 1259 954 no-

249 972 405 1011 nisjulii,
426 981 512 1002 anno
531 973 634 1004 tertio.
656 985 667 999 n

320 1199 575 1228 2821-8822
809 1199 934 1231 Orvieto,
955 1201 986 1228 10
999 1202 1092 1235 jtiillet
1113 1202 1188 1230 1290.

286 1261 395 1287 Solutio
418 1262 597 1294 quaestionis
618 1262 691 1288 inter
714 1261 870 1289 Ber-ardum
888 1263 922 1288 de
938 1263 1088 1291 Camerino
1104 1268 1133 1291 ct
1152 1264 1260 1292 Johan-

250 1318 313 1336 nem
331 1309 365 1335 de
381 1308 505 1335 cadomo
524 1309 684 1344 pendentis.
702 1310 783 1344 (Rea.
798 1311 839 1342 45,
858 1319 881 1337 c.
901 1312 962 1343 ²265,
981 1313 997 1338 f⁴
1016 1313 1048 1339 47
1065 1315 1116 1345 vo.)

289 1432 432 1469 Mayistro
450 1432 579 1461 Ber-ardo
603 1433 636 1461 de
660 1433 840 1471 Camerino,
867 1436 1021 1472 capellano
1046 1441 1170 1473 nostro,
1195 1438 1258 1467 the-

248 1487 394 1515 saurario
426 1486 541 1514 ecclesie
578 1487 770 1516 Turonensis.
802 1486 977 1518 Confirmat
1006 1489 1258 1521 instrumentum

249 1547 311 1578 quo
336 1538 532 1574 Matthaeus,
557 1539 665 1568 Sancti
691 1539 854 1570 Laurentii
883 1541 915 1570 in
935 1541 1072 1572 Damaso
1095 1544 1260 1582 presbyter

249 1591 436 1628 cardinalis,
448 1592 649 1630 questionem
665 1593 750 1622 inter
765 1593 942 1624 Berardum
960 1595 997 1625 de
1014 1595 1197 1634 Camerino,
1208 1606 1260 1636 pa-

248 1653 305 1683 pae
322 1644 542 1682 capellanum,
563 1645 804 1676 thesaurarium
821 1647 1042 1678 Turonensem
1057 1675 1062 1685 ,
1088 1654 1118 1679 et
1135 1651 1258 1681 Johan-

248 1705 323 1727 nem
346 1697 384 1727 de
409 1697 568 1728 Cadomo.
600 1699 791 1729 canonicum
815 1700 966 1731 ecclesiae
994 1702 1102 1733 Sancti
1127 1704 1258 1734 Martini

248 1751 359 1789 magui
384 1751 638 1788 Londoniensis‚
665 1762 761 1783 causa
781 1755 987 1785 canonicatus
1008 1761 1038 1785 et
1061 1758 1259 1796 praebendae

249 1813 304 1842 per
321 1809 454 1834 mortem
473 1805 628 1835 Bonifatii
642 1806 679 1835 de
696 1807 852 1838 Coconato
868 1808 901 1837 in
918 1809 1107 1840 Eboracensi
1125 1812 1259 1842 ecclesia

249 1858 406 1894 vacantis,
437 1858 627 1896 pendentem
654 1860 772 1889 arbiter
801 1861 1001 1903 terminavit,
1024 1865 1258 1902 pronuntiavit-

251 1919 314 1949 que
336 1912 559 1941 canonicatum
582 1917 612 1942 et
637 1913 851 1951 praebendam
876 1916 1013 1954 praefata
1034 1918 1180 1948 Johanni
1208 1929 1258 1949 re-

249 1972 418 2000 mansur,a
436 1965 574 1994 eundem
592 1961 665 1995 vero
679 1967 864 1998 Johannem
881 1974 911 1998 et
926 1978 1120 2001 successores
1137 1973 1204 2011 ejus
1220 1973 1259 2004 de

249 2016 406 2046 fructibus
423 2018 564 2056 ejusdem
584 2019 733 2051 ecclesiae
749 2027 877 2052 centum
890 2025 1165 2064 etquinquaginta
1178 2037 1260 2058 mar-

250 2079 301 2100 cas
320 2071 490 2109 ste11111501
494 2081 562 2109 um
586 2074 747 2111 pensionis
771 2076 916 2112 nomine,
934 2079 1029 2108 annis
1047 2080 1184 2118 singulis
1205 2082 1261 2112 Be-

249 2124 343 2154 rardo
361 2124 537 2161 soluturos,
556 2127 616 2155 uisi
634 2126 685 2156 hic
701 2128 740 2157 ad
758 2129 966 2168 episcopalem
984 2131 1172 2169 dignitatem
1192 2143 1258 2172 pro-

251 2183 427 2207 moveatur.
449 2178 552 2216 Hujus
568 2185 674 2210 autem
691 2181 898 2212 instrumenti
917 2189 1006 2214 tenor
1023 2185 1074 2215 liic
1089 2191 1136 2216 est
1153 2197 1159 2217 ε

297 2243 308 2256 ι
325 2231 362 2259 Iu
390 2232 522 2261 nornine
546 2233 677 2263 Domini
702 2244 808 2264 amen.
836 2236 963 2266 Dudum
987 2239 1070 2268 inter
1090 2242 1257 2272 venerabi-

253 2294 265 2309 »
290 2282 390 2314 lem...
411 2301 450 2306 —
477 2285 551 2315 Lata
573 2290 603 2315 et
632 2289 835 2325 pronuntiata
853 2290 914 2319 suit
940 2291 1078 2329 predicta
1099 2296 1258 2324 sententia

252 2347 265 2362 ι
291 2345 345 2366 seu
362 2337 520 2368 ordinatio
540 2348 593 2377 per
608 2339 775 2371 dominum
795 2342 992 2374 cardinalem
1014 2346 1207 2384 predictum,
1228 2353 1258 2378 et

251 2400 265 2415 »
288 2389 351 2418 alia
374 2391 485 2420 omnia
510 2391 591 2422 facta
616 2403 670 2423 seu
697 2399 784 2432 gesta
811 2401 844 2426 ut
869 2399 1015 2436 superius
1040 2401 1157 2438 scripta
1183 2407 1258 2432 sunt

251 2454 265 2469 ιι
292 2443 408 2480 Rome,
427 2445 461 2474 in
479 2445 612 2476 ecclesia
631 2448 745 2478 Sancte
762 2450 861 2479 Marie
879 2451 1029 2490 Majoris,
1058 2455 1257 2492 presentibus

251 2508 265 2523 »
291 2498 529 2528 venerabilibus
556 2501 697 2538 patribus
722 2502 863 2533 dominis
890 2505 948 2535 Dei
967 2507 1069 2543 gratia
1092 2508 1255 2548 Philippo,

252 2561 265 2575 n
291 2550 455 2589 Firmano,
472 2557 502 2581 et
518 2552 571 2589 G.‚
586 2554 768 2586 Mimatensi
786 2558 951 2597 episcopis,
969 2569 1004 2590 ac
1019 2562 1257 2593 venerabilibus

253 2615 267 2629 n
290 2604 368 2633 viris
391 2606 555 2643 magistris
586 2608 761 2640 Guillelmo
785 2610 824 2641 de
848 2612 1066 2651 Mandagotto,
1097 2616 1256 2647 archidia—

253 2668 266 2683 ι
291 2666 370 2688 cono
387 2658 553 2697 Uticensi,
580 2662 774 2700 Berengario
792 2665 908 2701 RegiS‚
930 2667 1090 2705 auditore,
1109 2669 1258 2701 Nicolino

252 2721 266 2736 n
291 2710 328 2740 de
344 2711 507 2750 Iporcgio‚
531 2715 685 2745 canonico
705 2716 891 2755 Leodiensi,
908 2721 1084 2751 camerario
1113 2723 1256 2761 ejusdem

251 2775 263 2788 ι
291 2764 415 2794 domiui
442 2767 631 2805 cardinalis,
656 2775 686 2799 et
717 2770 862 2808 pluribus
890 2773 963 2803 aliis
995 2775 1144 2813 testibus,
1171 2786 1257 2808 anno

254 2826 267 2841 n
293 2816 420 2847 Domini
441 2828 458 2847 a
477 2820 641 2851 nativitate
662 2832 863 2862 M.cc.1.xxxx,
884 2826 1060 2858 indictione
1083 2831 1187 2867 tertia,
1206 2831 1258 2862 die

255 2880 268 2894 n
293 2871 501 2901 sextadecima
518 2875 638 2904 mensis
654 2876 774 2914 aprilis,
785 2879 985 2916 pontificatus
996 2881 1119 2912 domini
1134 2884 1258 2916 Nicolai

256 2933 268 2947 n
293 2930 369 2959 pape
387 2924 450 2953 1111
471 2934 556 2955 anno
578 2929 680 2958 tertio.
706 2929 741 2958 Et
759 2940 816 2968 ego
831 2932 997 2963 Johanues
1022 2936 1183 2974 quondam
1202 2939 1258 2968 Ja-

252 2984 265 2999 »
292 2975 361 3004 cobi
377 2975 414 3005 de
434 2976 588 3015 Bononia,
606 2983 776 3019 apostolica
792 2989 821 3013 et
837 2984 995 3024 imperiali
1007 2991 1190 3020 auctoritate
1203 3000 1258 3022 no-

255 3037 269 3052 »
295 3028 392 3057 tarius
411 3030 566 3068 publicuS,
585 3034 731 3071 predictis
747 3038 896 3068 omnibus
913 3039 1058 3078 interfui,
1071 3043 1151 3073 etde
1169 3054 1256 3074 man-

1343 434 1357 450 ι
1381 423 1453 454 dato
1489 424 1565 454 dicti
1600 424 1723 455 domini
1755 425 1928 456 cardinalis
1956 434 1993 456 ac
2023 425 2064 457 ab
2095 425 2174 466 ipsis
2204 428 2348 467 partibus

1342 489 1357 504 »
1380 483 1508 515 rogatus
1524 479 1679 517 premissa
1693 479 1804 509 omnia
1819 479 1944 518 scripsi,
1964 479 2097 519 ipsaque
2116 481 2151 511 in
2172 482 2274 513 forma
2289 492 2347 522 pu-

1342 543 1356 558 »
1381 531 1463 561 blica
1475 531 1642 569 redigens,
1664 540 1734 562 meo
1750 532 1842 571 signo
1857 536 1888 562 et
1902 532 2034 563 nomine
2047 533 2208 564 roboravi.
2226 546 2240 562 ι,

1382 597 1396 611 «
1416 584 1498 615 Cum
1513 593 1532 614 a
1550 584 1679 615 uobis...
1696 601 1735 606 -
1748 585 1820 615 Dat.
1838 585 1923 624 apud
1939 585 2216 624 Urbemveterem‚
2231 597 2262 618 vl
2275 588 2347 620 idus

1338 636 1432 677 julii,
1449 646 1536 668 anno
1552 637 1690 668 tertio.»

1383 691 1419 720 ln
1434 699 1462 720 e.
1480 699 1522 720 m.

1341 753 1440 781 novo,
1457 744 1622 783 capellano
1638 753 1752 784 papae,
1771 744 1868 784 priori
1884 745 2058 776 saecularis
2073 745 2225 777 ecclesiae
2240 746 2349 780 Sancti

1343 798 1510 828 Laurentii
1528 798 1566 828 de
1581 797 1721 828 Gubiata
1733 821 1740 834 ,
1759 797 1953 828 Tudertinae
1970 797 2122 829 dioecesis
2137 823 2144 836 ,
2162 803 2192 830 et
2208 799 2350 833 Giffredo

1341 852 1380 882 de
1399 852 1535 889 Vezau0‚
1553 860 1698 882 camerae
1713 851 1903 891 apostolicae
1918 851 2045 889 clerico,
2061 851 2284 884 Cameracensi
2296 863 2348 886 ca-

1342 906 1458 936 nonico
1470 929 1477 942 ,
1499 905 1631 935 mandat
1655 909 1814 944 quatenus
1833 905 2011 945 predictum
2027 906 2218 937 arbitratum
2234 908 2349 947 exequi

1340 959 1468 989 faciant.

1383 1024 1397 1039 ι
1416 1012 1530 1042 Petitio
1545 1011 1651 1041 dilecti
1674 1011 1774 1042 filii...
1793 1029 1831 1033 -
1847 1011 1919 1042 Dat.
1937 1015 1972 1042 ut
1987 1020 2092 1050 supra.
2115 1024 2128 1039 a

1413 1239 1532 1269 2823
1915 1238 2043 1273 Orvieto,
2061 1238 2077 1266 9
2088 1238 2184 1274 Juillet
2199 1238 2278 1267 1290.

1378 1301 1563 1337 Dispensatio
1576 1309 1665 1336 super
1675 1301 1788 1328 defectu
1802 1301 1947 1328 natalium.
1961 1300 2045 1335 (Rae.
2059 1301 2102 1332 45.
2115 1309 2141 1328 c.
2154 1301 2216 1333 266,
2229 1301 2249 1330 f.
2261 1302 2294 1330 49
2303 1301 2350 1338 ιθ.)

1385 1420 1525 1453 Tadwlo,
1550 1422 1621 1447 nato
1642 1418 1786 1455 niaqistri
1809 1417 1898 1448 Tadet'
1919 1417 2047 1455 phisici,
2071 1419 2132 1448 clvi
2157 1418 2346 1450 Bononiensi.

1344 1485 1356 1500 «
1385 1471 1585 1502 Constitutus
1604 1471 1636 1500 in
1663 1471 1823 1509 presentia
1841 1475 1948 1500 nostra
1968 1469 2102 1500 dilectus
2124 1470 2211 1501 filius
2233 1471 2349 1510 magis-
2386 1502 2394 1520 s

1342 1529 1389 1555 ter
1404 1525 1548 1561 Tadeus,
1572 1524 1735 1562 phisicus,
1758 1523 1878 1560 laicus,
1902 1528 1990 1562 pater
2014 1528 2105 1560 tuus,
2128 1524 2220 1555 nohis
2238 1524 2348 1555 humi-

1342 1579 1414 1609 liter
1430 1577 1619 1618 supplicavit
1635 1581 1668 1607 ut
1685 1581 1789 1607 tecum
1812 1586 1908 1616 super
1930 1577 2054 1608 defectu
2077 1577 2234 1608 natalium
2253 1587 2349 1617 quem
2386 1604 2391 1613 .

1341 1632 1380 1662 de
1398 1632 1466 1670 ipso
1482 1631 1584 1662 soluto
1599 1631 1726 1669 genitus
1740 1630 1855 1669 pateris
1870 1633 1900 1660 et
1917 1630 2030 1666 soluta,
2048 1630 2143 1670 quod,
2162 1630 2272 1661 eodem
2281 1639 2347 1674 *non

1341 1686 1486 1717 obstante
1513 1685 1652 1721 defectu,
1677 1684 1779 1724 possis
1803 1685 1836 1714 in
1862 1684 1953 1714 bonis
1975 1684 2116 1723 paternis
2140 1689 2170 1715 et
2197 1684 2269 1715 aliis
2295 1684 2350 1725 qui

1343 1740 1398 1770 tibi
1415 1749 1450 1769 ex
1469 1742 1657 1769 testamento
1672 1737 1721 1768 vel
1736 1739 1776 1768 ab
1792 1738 1941 1768 intestato
1959 1737 2145 1768 deferentur
2160 1738 2330 1770 succedere
2341 1762 2348 1776 ,
2382 1733 2387 1741 ’

1342 1798 1372 1823 et
1386 1793 1424 1823 ad
1438 1801 1549 1823 omnes
1565 1796 1653 1822 actus
1667 1791 1828 1830 legitimos
1843 1796 1875 1821 et
1889 1791 1999 1822 civiles
2015 1792 2153 1822 honores
2164 1796 2195 1823 et
2205 1791 2271 1822 alia
2282 1800 2351 1823 om-

1343 1847 1396 1877 nia
1418 1856 1479 1886 que
1502 1846 1541 1876 de
1561 1845 1704 1884 legitimo
1725 1845 1816 1875 thoro
1835 1845 1918 1875 natis
1939 1849 2125 1884 competunt
2148 1845 2347 1884 promoveri,
2374 1861 2380 1869 ν

1342 1911 1442 1941 eaque
1467 1901 1575 1931 omnia
1597 1908 1744 1929 exercere
1774 1898 1902 1936 valeas,
1931 1898 2116 1938 dispensare
2137 1898 2350 1930 misericordi·
2385 1942 2389 1949 ί

1343 1959 1389 1985 ter
1404 1963 1600 1985 curaremus.
1621 1953 1687 1983 Nos
1703 1953 1814 1990 igitur,
1836 1952 1938 1992 ipsius
1951 1953 2097 1991 magistri
2117 1953 2215 1983 Tadei
2230 1952 2348 1993 suppli·
2372 1973 2374 1978 ·

1341 2008 1520 2038 cationibus
1538 2007 1701 2043 inclinati,
1719 2006 1820 2046 quod,
1838 2006 1949 2036 eodem
1967 2015 2030 2036 non
2047 2006 2192 2037 obstante
2207 2006 2346 2045 defectu,
2380 2019 2383 2022 >

1340 2062 1375 2091 in
1399 2061 1546 2100 predictis
1567 2060 1658 2090 bonis
1683 2059 1852 2090 succedere
1882 2063 1912 2089 et
1930 2059 1970 2089 ad
1993 2068 2106 2090 omnes
2129 2064 2218 2090 actus
2241 2059 2348 2098 legiti-

1341 2124 1409 2145 mos
1425 2119 1456 2145 et
1470 2114 1580 2144 civiles
1595 2113 1733 2144 honores
1750 2117 1779 2142 et
1796 2112 1858 2142 alia
1878 2113 2016 2151 predicta
2036 2113 2229 2152 promoveri,
2249 2121 2349 2153 eaque
2393 2130 2396 2135 ·
2444 2111 2447 2114 '

1340 2169 1441 2199 libere
1456 2176 1602 2198 exercere
1620 2167 1725 2196 valeas
1743 2175 1778 2196 ac
1797 2167 1823 2195 si
1841 2166 1880 2196 de
1896 2166 2043 2204 legitimo
2067 2166 2274 2197 matrimonio
2290 2174 2348 2196 na-

1342 2228 1391 2252 tus
1416 2231 1517 2258 esses,
1543 2226 1646 2250 tecum
1670 2220 1708 2250 de
1728 2220 1853 2259 spetiali
1878 2221 1980 2258 gratia
2002 2220 2236 2260 dispensamus.
2258 2219 2346 2251 Nulli
2370 2221 2372 2224 ’

1341 2285 1414 2314 ergo
1435 2280 1493 2306 etc.
1512 2279 1616 2304 nostre
1637 2274 1886 2313 dispensationis
1903 2279 1962 2304 etc.
1982 2274 2055 2305 Dat.
2071 2274 2155 2314 apud
2171 2274 2360 2305 Urbemve-·

1342 2334 1458 2365 terem,
1476 2339 1495 2358 v
1511 2328 1583 2358 idus
1598 2328 1671 2367 julii
1687 2350 1694 2364 ‚
1712 2336 1797 2358 anno
1815 2328 1917 2358 tertio.
1936 2340 1948 2354 υ

1411 2550 1530 2579 28ἵ4
1898 2546 2024 2580 Orvieto,
2043 2547 2074 2574 13
2087 2547 2182 2582 juillet
2198 2546 2276 2575 1290.

1376 2612 1533 2640 Concessio
1557 2611 1742 2638 decimarum.
1764 2610 1846 2644 (Rae.
1865 2610 1917 2645 45,
1938 2618 1964 2636 c.
1984 2609 2035 2637 ε267
2048 2632 2054 2641 .
2073 2609 2094 2636 f.
2116 2610 2150 2637 49
2166 2617 2207 2644 τος
2223 2609 2290 2637 Lm.
2308 2615 2344 2638 nu
2386 2632 2395 2650 3

1339 2662 1437 2695 Tuam,
1454 2660 1507 2696 111,
1526 2661 1597 2694 186.)

1383 2763 1534 2814 Gallioni,
1557 2777 1645 2807 electo
1664 2775 1828 2812 Αηῐιὶεηεὶ,
1851 2774 1996 2805 concedit
2018 2774 2052 2804 in
2070 2773 2199 2804 civitate
2216 2777 2247 2804 et
2261 2773 2343 2804 dioe-
2384 2768 2391 2803 ’.

1341 2833 1405 2863 cesi
1428 2830 1593 2862 Anitiensi
1615 2830 1753 2860 decimas
1768 2837 1849 2868 quae
1867 2827 2010 2858 ecclesiis
2028 2828 2061 2857 in
2085 2836 2221 2867 quarum
2239 2833 2342 2867 pai-ro·
2391 2824 2393 2826 ’

1340 2886 1424 2917 chiis
1446 2884 1625 2915 consistunt
1651 2883 1805 2913 hactenus
1825 2890 1889 2913 nou
1913 2881 2034 2912 solutae
2058 2885 2153 2918 sunt,
2174 2878 2343 2911 dummodo
2372 2926 2376 2932 .

1341 2947 1451 2970 earum
1470 2941 1591 2978 partem
1608 2936 1730 2967 eisdem
1746 2935 1887 2967 ecclesiis
1902 2935 2063 2966 exhibeat.

1383 3005 1396 3020 α
1423 2992 1553 3023 Sincere
1573 2990 1750 3021 devotionis
1766 2998 1900 3029 quam...
1916 3004 1958 3012 —
1978 2988 2050 3018 Dat.
2069 2986 2152 3027 apud
2168 2986 2341 3018 'Urbemvo-

1341 3050 1440 3076 terem
1453 3070 1460 3083 ‚
1478 3054 1511 3075 111
1528 3045 1599 3074 idus
1613 3043 1707 3084 julii,
1723 3051 1810 3074 anuo
1827 3043 1928 3073 tertio.
1946 3054 1960 3069 »

1544 690 1729 730 ..episcopo
1752 691 1967 728 Urbevetano,
1985 691 2156 731 Raynaldo
2170 692 2209 723 de
2224 692 2348 726 Castro·
2391 725 2405 730 ,Α
2424 687 2433 733 ,’
