2342 3652
915 354 1141 392 DEUXIEME
1164 361 1322 391 ANNEE.
2104 363 2159 393 367

142 430 258 459 2⁰?ss

109 492 213 520 Contra
227 490 428 525 Maynardum,
445 489 547 516 ducem
564 488 739 521 carinthiae,
758 493 786 516 et
801 490 872 516 alios
890 493 1076 524 usurpatores

73 541 253 570 Tridentinae
272 540 422 566 ecclesiae.
439 539 523 573 (Rani
540 539 584 569 44,
600 546 624 565 c.
643 538 705 573 808,
721 539 741 565 f.
759 538 809 566 288
826 540 873 572 ro.)

371 427 739 461 Sainte-Marie-Majeure,
760 428 788 454 11
806 428 909 454 sevi-ier
926 428 1004 455 1290.

117 642 282 672 Venerabili
298 642 394 678 fratri
412 663 431 670 ..
449 641 580 677 episcopo
602 640 748 669 Ραιίιιαηο
771 646 797 669 et
817 641 933 669 dilectis
955 640 1030 676 filiis
1052 662 1073 669 ..

73 697 175 728 abbati
189 695 366 724 monasterii
381 692 488 723 Sancti
505 693 654 722 Benedicti
669 692 704 722 de
725 694 914 731 Padolyrmzo
929 717 935 728 ,
958 694 1076 722 ordinis

73 750 106 781 S.
116 749 276 783 Benedicti,
290 749 463 782 ilantuane,
475 752 500 775 et
513 769 533 775 ..
546 748 723 784 primicerio
739 747 854 776 ecclesie
864 747 969 776 Sancti
981 747 1075 775 Marci

73 803 109 834 de
127 801 266 837 Veneriis,
290 800 456 829 Castellane
478 800 652 828 diocesium.
676 811 688 825 ‹
718 799 846 828 Dudum
872 799 963 828 nohis
983 807 1076 828 vene-

73 855 165 887 rabili
181 854 276 884 fratre
295 858 402 883 nostro
420 852 566 891 Philippo
578 874 585 888 ,
603 852 788 881 Tridentino
805 853 959 890 episcopo,
979 860 1074 890 expo-

72 913 169 940 nente
179 906 264 946 quod
275 906 393 936 nobilis
409 905 459 935 vir
476 905 683 944 Maynardus,
700 905 763 934 dux
775 905 955 941 Carinthie,
969 913 1074 934 comes

45 962 52 974 ’
70 960 272 1002 TyrolensiS,
301 969 337 989 ac
363 958 516 989 officiales
543 959 593 988 sui
618 964 648 988 et
671 959 819 988 nonnulli
845 958 899 988 alii
922 959 1072 994 barones,

41 1040 44 1041 γ
72 1014 188 1046 milites
205 1018 236 1043 et
253 1013 308 1042 alii
319 1013 392 1042 laici
409 1012 539 1042 illarum
560 1012 711 1050 partium,
728 1020 793 1042 non
804 1017 948 1042 verentes
964 1017 1073 1041 exten-

69 1067 146 1099 dere
167 1066 207 1096 ad
225 1065 338 1096 illicita
356 1075 469 1095 manus
490 1075 578 1100 suas,
597 1066 756 1095 civitatem
773 1065 1014 1101 Tridendnam,
1039 1065 1074 1094 in

72 1129 135 1162 qua
152 1120 238 1150 idem
257 1119 422 1159 episcopus
435 1119 693 1156 jurisdictionem
709 1119 830 1148 obtinet
851 1118 1072 1156 temporalem,

63 1178 104 1206 ⁴et
121 1173 279 1204 nonnulla
300 1177 412 1208 castra,
442 1172 547 1208 villas,
566 1172 632 1202 loca
645 1195 653 1208 ,
671 1171 779 1206 valles,
798 1172 933 1209 burgos,
952 1180 1074 1209 posses-

71 1226 192 1263 siones,
217 1226 381 1262 redditus,
403 1226 494 1264 jura,
513 1225 775 1264 jurisdictiones,
798 1225 935 1254 honores
961 1229 992 1254 et
1011 1225 1074 1254 alia

71 1279 154 1312 bona
174 1279 433 1319 quamplurima,
452 1279 492 1308 ad
512 1279 678 1308 ecclesiam
695 1278 920 1308 Tridentinam
943 1282 973 1308 et
991 1278 1072 1317 epis-

70 1341 184 1374 copum
201 1333 307 1372 ipsum
328 1333 518 1372 spectantia,
540 1337 648 1362 contra
665 1332 822 1369 justitiam
839 1336 1030 1370 occuparant
1044 1336 1075 1361 et

70 1396 108 1419 ea
123 1386 320 1430 detinebant,
395 1386 483 1416 vobis
499 1395 554 1424 per
574 1391 697 1415 nostras
718 1386 776 1415 sub
797 1390 879 1415 certa
901 1386 999 1415 forma
1018 1384 1073 1414 lit-

71 1444 152 1484 teras
177 1440 323 1470 dedimus
349 1440 382 1469 in
414 1440 573 1469 mandatis
604 1444 654 1475 ut,
688 1439 714 1468 si
747 1439 902 1478 premissa
932 1439 1074 1468 veritatis

69 1493 245 1526 aminiculo
256 1493 457 1529 fulcirentur,
477 1493 601 1528 ducem,
619 1492 782 1529 officiales,
800 1493 935 1522 barones
951 1497 982 1522 et
995 1492 1074 1521 alios

70 1547 266 1586 supradictos
281 1551 399 1576 attente
416 1555 546 1576 monere
562 1551 592 1575 et
606 1546 758 1576 inducere
772 1547 925 1576 curaretis
939 1551 974 1575 ut
989 1546 1074 1575 iufra

71 1603 191 1637 eertum
208 1601 380 1630 terminum
397 1609 491 1638 super
507 1600 566 1629 hoc
578 1609 596 1629 a
613 1599 701 1629 vobis
717 1599 939 1638 prefigendum
952 1599 1073 1629 eisdem

54 1651 242 1690 civitatens,
259 1657 372 1690 castra,
389 1652 480 1682 villas
497 1658 527 1683 et
544 1653 606 1682 alia
624 1653 707 1682 bona
722 1652 873 1691 predicta,
891 1661 966 1682 cum
985 1653 1072 1682 fruc-

62 1706 153 1737 ‚tibus
172 1708 324 1746 perceptis
347 1716 382 1736 ex
406 1707 470 1741 eis,
497 1706 624 1746 prefatis
648 1706 793 1745 episcopo
816 1711 845 1736 et
867 1706 1000 1736 ecclesie
1019 1710 1074 1736 aut

69 1759 211 1800 ipsorum
224 1759 421 1799 procuratori
431 1768 540 1789 eorum
553 1760 683 1789 nomine
692 1759 816 1797 integre
826 1759 993 1788 restituere
1007 1768 1074 1798 pro-

67 1818 224 1850 curarent,
232 1813 374 1853 alioquin
383 1814 468 1852 ipsos
479 1814 517 1843 ad
528 1814 560 1843 id
572 1823 626 1852 per
635 1822 803 1843 censuram
813 1813 1070 1849 ecclesiasticam,

55 1865 237 1898 *summotto
253 1867 475 1906 appellationis
492 1867 665 1900 obstaculo,
684 1868 855 1905 cogeretis,
874 1868 1017 1896 invocato
1033 1867 1072 1896 ad

66 1920 141 1958 hoc,
156 1921 183 1952 si
198 1929 327 1951 necesse
344 1921 450 1956 fuerit,
465 1921 587 1951 auxilio
601 1920 727 1950 brachii
742 1920 905 1950 secularis.
922 1920 983 1950 Sed
999 1920 1074 1950 licet

43 1974 106 2005 ’ad
122 1983 176 2004 vos
189 1973 293 2004 littere
310 1979 484 2004 memorate
502 1974 720 2012 pervenerint,
738 1974 836 2003 variis
854 1979 959 2003 tamen
977 1974 1072 2012 partis

42 2046 46 2053 -
64 2027 196 2058 adverse
216 2028 443 2065 subterfugiis,
467 2027 576 2057 nullus
598 2036 654 2066 per
676 2036 727 2056 eas
748 2018 856 2056 efficax
882 2027 1008 2057 habitus
1027 2033 1073 2057 est

45 2087 52 2092 ·
67 2079 266 2121 processus...
277 2081 469 2111 mandamus
478 2086 636 2119 quatenus
646 2090 710 2115 vos,
720 2080 844 2110 autduo
855 2081 903 2110 vel
914 2091 997 2110 uuus
1008 2090 1073 2110 ves-

67 2138 195 2164 trum...
211 2134 302 2171 duci,
325 2134 531 2171 officialibus,
553 2134 745 2171 baronibus,
766 2134 923 2164 militibus
950 2140 978 2164 et
999 2134 1073 2164 aliis

67 2187 266 2226 supradictis,
284 2187 343 2217 snb
353 2188 539 2217 amissionis
551 2187 732 2223 feudorum,
752 2187 1002 2223 advocatiarum,
1021 2188 1073 2217 ho-

69 2241 466 2280 norum,jurisdictionum
479 2247 508 2270 et
523 2241 661 2271 aliorum
674 2241 830 2271 bonorum
843 2242 1070 2280 quorumlibet.v

62 2301 131 2333 ‘que
139 2294 178 2324 ab
188 2294 300 2324 eadem
311 2295 502 2324 Tridentina
514 2300 544 2324 et
553 2295 720 2333 quibusvis
731 2295 804 2324 aliis
815 2295 958 2325 ecclesiis
965 2300 994 2325 et
1007 2305 1075 2334 per-

71 2347 157 2378 sonis
169 2347 408 2384 ecclesiasticis,
428 2357 630 2387 quocumque
644 2348 716 2387 jure
734 2348 783 2378 vel
798 2349 896 2385 titulo,
915 2349 1074 2388 possidere

73 2409 126 2431 seu
141 2405 249 2431 tenere
267 2405 462 2438 noscuntur,
477 2411 558 2439 pena
572 2425 616 2437 ,...
637 2402 663 2431 si
679 2410 789 2432 eorum
807 2412 915 2432 secure
935 2403 1075 2441 poteritis

73 2453 158 2484 adire
174 2455 386 2494 presentiam,
413 2454 556 2494 alioquin
578 2456 609 2484 in
635 2456 712 2485 locis
735 2456 896 2495 aliquibus
917 2457 965 2486 vel
986 2457 1075 2486 terris

72 2507 206 2545 vicinis,
226 2517 332 2538 coram
350 2508 434 2538 clero
454 2514 484 2538 et
501 2509 615 2547 populo
632 2509 774 2539 locorum
791 2510 934 2548 ipsorum
955 2510 995 2540 ad
1017 2511 1076 2540 hoc

73 2561 245 2600 spetialiter
263 2563 480 2600 congregatis,
508 2563 552 2592 ita
575 2563 659 2601 quod
684 2563 765 2599 dux,
792 2563 943 2594 officiales
971 2569 1000 2593 et
1021 2564 1077 2594 alii

73 2614 245 2653 supradicti
261 2615 384 2645 nullam
397 2617 481 2654 ‚juste
491 2617 857 2654 possintexcusationem
873 2618 1075 2656 pretendere,

73 2667 156 2706 quod
174 2667 234 2698 tale
250 2669 437 2698 mandatum
454 2674 484 2699 et
498 2678 662 2708 processus
678 2671 711 2699 iu
727 2670 785 2700 hac
804 2676 888 2709 parte
901 2671 994 2700 vestri
1012 2679 1075 2701 non

73 2722 275 2758 pervenerint
305 2722 346 2752 ad
369 2723 515 2759 eosdem,
539 2723 715 2754 districtius
737 2725 916 2763 iujungatis
940 2730 973 2754 ut
997 2725 1076 2755 civi-

75 2776 181 2812 tatem,
197 2779 314 2812 castra,
333 2775 438 2812 villas,
456 2776 535 2813 loca,
554 2776 652 2807 valles
667 2781 697 2807 et
711 2778 774 2807 alia
790 2779 986 2817 supradicta,
1003 2787 1076 2808 cum

75 2825 229 2858 fructibus
251 2830 406 2868 perceptis
430 2839 465 2860 ex
483 2831 540 2867 eis,
560 2840 621 2869 que
641 2830 680 2860 ad
697 2832 831 2870 prefatos
849 2832 1030 2871 episcopum
1048 2836 1078 2862 et

76 2879 239 2912 ecclesiam
248 2883 470 2913 Tridentinarn
487 2889 626 2922 spectare
646 2889 839 2920 noscuntur,
859 2885 944 2914 infra
955 2890 1077 2914 certum

75 2933 268 2972 terminum,
295 2945 391 2974 quem
422 2936 468 2966 eis
499 2938 539 2967 ad
566 2937 626 2967 hec
653 2937 810 2967 duxeritis
840 2938 1075 2976 prefigendum,

78 2986 220 3027 episcopo
236 2993 266 3018 et
276 2989 408 3019 ecclesie
424 2991 622 3020 Tridentinis
633 3000 706 3021 cum
718 2991 900 3029 integritate
912 2992 1080 3022 restituant

61 3042 270 3078 ¹memoratis.
298 3042 389 3078 Quod
415 3043 444 3072 si
469 3043 549 3073 forte
571 3043 654 3082 ipsi,
679 3044 805 3082 proprie
829 3044 939 3074 salutis
962 3045 1077 3075 imme-

1158 435 1282 462 mores,
1301 428 1381 456 sein
1403 428 1460 457 nae
1475 432 1561 466 parte
1583 429 1779 458 reddiderint
1799 433 2018 464 contumaces,
2047 438 2100 459 eos
2121 438 2158 459 ex

1160 484 1233 509 tuuc
1248 481 1431 510 auctoritate
1447 487 1553 511 nostra
1570 482 1715 520 predictis
1729 483 1879 512 omuibus
1895 483 1960 512 fore
1979 484 2113 521 privatos
2124 484 2158 513 in

1157 532 1235 562 locis
1252 533 1372 563 eisdem
1389 543 1494 564 coram
1512 535 1637 572 prefatis
1653 535 1736 565 clero
1752 541 1782 565 et
1798 536 1910 575 populo
1925 537 2104 566 convocatis
2118 536 2159 565 ad

1157 585 1215 615 hec
1248 587 1436 625 spetialiter,
1473 590 1620 626 quotiens
1655 589 1804 627 expedire
1838 589 1998 625 vide-ritis,
2032 590 2157 627 publice

1158 640 1311 668 nuntietis
1327 646 1356 668 et
1375 641 1495 670 faciatis
1513 650 1565 679 per
1582 641 1661 670 alios
1678 643 1836 676 nuntiari,
1858 642 1920 671 illis
1936 642 1975 671 ad
1994 651 2071 681 quos
2088 643 2158 672 feu-

1157 692 1196 721 da
1213 696 1241 721 et
1264 693 1325 722 alia
1344 694 1496 732 premissa
1516 695 1678 733 pertinent
1697 696 1885 733 disponendi
1906 696 1944 724 de
1966 696 2010 725 eis
2036 695 2134 726 libere
2148 719 2156 732 ,

1158 749 1250 782 prout
1280 746 1358 775 alias
1386 747 1426 776 ad
1458 755 1509 776 eos
1543 748 1701 785 pertinere
1728 748 1932 785 dinoscitur,
1972 753 2158 786 potestatem

1156 797 1292 827 liberam
1311 799 1528 835 concedentes,
1543 800 1693 830 vassallos
1704 801 1834 839 insuper
1849 810 1884 831 ac
1900 801 2040 830 subditos
2057 801 2156 837 ducis,

1157 851 1312 881 baronum
1329 857 1359 881 et
1375 852 1513 882 militum
1531 853 1741 891 predictorum
1759 862 1776 882 a
1790 855 1973 892 juramento
1997 854 2158 884 fidelitatis

1157 908 1187 933 et
1211 905 1406 943 subjectione
1430 906 1547 944 quibus
1570 907 1614 935 eis
1636 907 1757 935 astricti
1782 911 1930 936 tenentur
1952 907 2063 936 eadem
2085 916 2157 937 auc-

1158 958 1279 987 toritate
1307 959 1433 996 penitus
1461 959 1647 994 absolvatis,
1678 960 1829 997 predictis
1855 960 1998 988 vassallis
2026 965 2056 989 et
2081 960 2157 990 sub-

1156 1012 1230 1040 ditis
1242 1012 1383 1041 districte
1396 1012 1626 1041 nichilominus
1636 1012 1819 1042 inhibentes
1833 1021 1872 1042 ne
1884 1013 1968 1048 duci,
1988 1013 2160 1043 baronibus

1156 1069 1186 1093 et
1207 1065 1279 1094 aliis
1303 1065 1471 1094 antedictis
1497 1070 1648 1103 tanquam
1672 1074 1782 1095 eorum
1800 1065 1938 1095 dominis
1960 1065 2110 1095 obediant
2125 1066 2159 1095 iu

1155 1117 1264 1156 aliquo
1279 1118 1326 1147 vel
1338 1119 1518 1148 intendant.
1534 1119 1717 1148 Processuri
1731 1118 1961 1148 nichilominus
1975 1119 2160 1148 auctoritate

1156 1172 1274 1209 prefata
1293 1171 1501 1209 spiritualiter
1517 1176 1547 1201 et
1564 1171 1778 1210 temporaliter
1795 1177 1904 1201 contra
1922 1172 2160 1210 prenominatos

1155 1225 1284 1262 ducem,
1307 1226 1441 1255 barones
1465 1230 1494 1254 et
1517 1225 1595 1255 alios
1615 1226 1828 1264 predictorum
1851 1226 2009 1255 bonorum
2032 1234 2161 1264 occupa-

1157 1283 1237 1309 tores
1269 1289 1324 1309 seu
1353 1279 1531 1309 detentores
1556 1279 1595 1308 ad
1624 1288 1720 1318 penas
1746 1279 1824 1308 alias
1854 1279 2032 1317 graviores,
2068 1283 2161 1316 prout

1156 1333 1341 1372 protervitas
1357 1341 1469 1363 eorum
1485 1333 1626 1370 exegerit
1646 1338 1676 1362 et
1697 1333 1839 1362 videritis
1858 1332 2041 1370 expedire...
2060 1330 2160 1361 Volu-

1156 1396 1228 1416 mus
1243 1391 1349 1416 autem
1363 1391 1396 1416 ut
1411 1387 1495 1425 quod
1513 1395 1607 1424 super
1621 1387 1782 1424 premissis
1798 1395 1852 1415 vos
1868 1390 1922 1415 aut
1935 1386 1996 1415 duo
2012 1385 2060 1414 vel
2078 1394 2160 1414 unus

1155 1446 1296 1470 vestrum
1328 1441 1516 1470 inveneritis
1546 1445 1576 1469 et
1609 1440 1746 1469 feceritis
1783 1440 1874 1470 nobis
1909 1448 1964 1478 per
2002 1443 2156 1469 vestras...

1156 1499 1297 1533 patentes
1329 1494 1449 1523 litteras
1481 1493 1596 1523 harum
1628 1493 1744 1523 seriem
1775 1494 1975 1523 continentes
2008 1492 2160 1522 studeatis

1156 1548 1281 1586 plenius
1309 1548 1469 1577 intimare.
1498 1548 1568 1576 Dat.
1598 1547 1708 1583 Rome,
1737 1547 1821 1585 apud
1847 1546 1995 1576 Sanctam
2023 1546 2157 1575 Mariam

1157 1602 1328 1640 Majorem‚
1346 1611 1380 1630 111
1397 1601 1468 1631 idus
1484 1600 1651 1635 februarii,
1672 1609 1758 1630 anno
1773 1600 1925 1630 secundo.
1943 1612 1955 1625 »

1225 1829 1345 1857 2027

1473 1827 1825 1860 Salute-Marie-Majeure‚
1843 1827 1871 1853 10
1888 1827 1991 1852 sevrier
2013 1825 2088 1852 1290.

1190 1904 1323 1931 Facultas
1345 1904 1510 1930 conferendi
1535 1903 1683 1929 beneficia.
1703 1903 1787 1936 (Rae.
1806 1903 1849 1935 44,
1871 1911 1896 1929 e.
1915 1902 1982 1933 809,
1998 1902 2018 1928 f.
2035 1901 2086 1928 288
2109 1904 2158 1931 νο.)

1200 2035 1369 2064 Venerabili
1379 2035 1474 2070 fratri
1485 2034 1801 2071 Nicolao.patriarche
1810 2033 2064 2065 Jerosolz‘mitano,
2078 2039 2162 2068 apos-

1156 2089 1240 2117 tolice
1253 2089 1331 2117 seclis
1350 2088 1462 2124 legato,
1483 2086 1663 2115 facultatem
1683 2085 1826 2115 concedit
1847 2084 2035 2123 providendi
2053 2083 2162 2113 decem

1154 2141 1278 2171 clericis
1301 2141 1363 2170 sibi
1390 2139 1639 2178 obsequentibus
1663 2139 1697 2168 in
1731 2138 1872 2168 ecclesiis
1894 2146 1968 2167 suae
1994 2136 2162 2174 legationis

1118 2231 1121 2234 .
1156 2195 1193 2224 de
1213 2195 1341 2232 singulo
1356 2193 1569 2224 ecclesiastico
1586 2193 1758 2228 beneficio,
1777 2191 1913 2221 faciendi
1934 2199 1985 2221 eos
2007 2191 2041 2219 in
2064 2189 2162 2219 eccle-

1156 2249 1213 2279 siis
1229 2250 1261 2277 in
1279 2248 1396 2286 quibus
1414 2248 1458 2276 eis
1475 2247 1658 2285 providerit,
1673 2247 1701 2275 si
1719 2245 1901 2283 collegiatae
1917 2244 2048 2280 fuerint,
2067 2243 2162 2281 recipi

1156 2302 1191 2330 in
1202 2302 1371 2331 canonicos
1388 2300 1465 2330 etin
1484 2301 1608 2335 fratres,
1621 2304 1651 2329 et
1665 2299 1910 2328 contradictores
1925 2306 1980 2335 per
1994 2304 2162 2326 censuram

1157 2355 1420 2388 ecelesiasticam,
1437 2353 1648 2392 appellatione
1666 2352 1838 2391 postposita
1850 2374 1858 2388 ,
1878 2349 2110 2389 compescendi.

1198 2420 1212 2435 α
1229 2408 1273 2438 Ut
1289 2416 1324 2437 eo
1337 2407 1493 2445 gratior...
1504 2423 1544 2428 —
1558 2407 1628 2435 Dat.
1643 2407 1754 2441 Rome,
1769 2405 1853 2444 apud
1866 2404 2015 2434 Sanctam
2028 2402 2162 2432 Mariam

1158 2462 1329 2500 Majorem,
1347 2470 1392 2489 1111
1408 2460 1480 2489 idus
1494 2459 1666 2495 februarii,
1682 2467 1767 2488 auno
1787 2458 1938 2488 secundo.
1957 2468 1970 2483 »

1231 2713 1348 2743 2058
1466 2710 1824 2744 Sainte-Marie-Majeure,
1847 2709 1876 2735 13
1891 2708 1992 2735 fevi-ier
2012 2707 2088 2735 1290.

1196 2776 1327 2802 Facultas
1346 2774 1499 2801 exercendi
1521 2782 1570 2808 per
1590 2774 1727 2800 vicarium
1742 2774 1792 2807 jus
1810 2771 1991 2798 visitationis.
2013 2770 2095 2804 (Rau.
2115 2770 2161 2802 44,

1160 2834 1186 2852 c.
1205 2825 1266 2859 810,
1283 2825 1302 2852 f.
1319 2825 1370 2851 288
1386 2831 1434 2855 v⁰;
1452 2823 1518 2849 Lar.
1539 2831 1573 2850 nu
1588 2822 1686 2853 Tuam,
1702 2821 1740 2853 ΙΙ,
1758 2821 1830 2853 391.)

1206 2933 1373 2963 Venerabili
1383 2933 1477 2968 fratri
1492 2931 1590 2966 Petro,
1607 2931 1830 2967 archiepiscopo
1843 2930 1988 2959 Remensi.

1203 2999 1217 3014 κ
1242 2985 1355 3016 Merita
1372 2985 1496 3014 sincere
1516 2988 1604 3014 tue...
1629 2999 1669 3005 —
1689 2983 1759 3012 Dat.
1778 2983 1895 3019 Rome,
1915 2982 1999 3021 apud
2015 2982 2163 3012 Sanctam

1162 3040 1297 3070 Mariam
1314 3038 1480 3076 Maj0re1n,
1499 3036 1605 3066 idibus
1623 3036 1788 3073 februarii,
1806 3044 1892 3065 anno
1907 3035 2057 3065 secundo.
2076 3047 2089 3061 ι
