2477 3637
244 373 301 403 590
988 363 1224 395 REGISTRES
1246 364 1300 394 DE
1322 362 1507 393 NICOLAS
1529 363 1588 393 IV.

796 432 922 463 orvieto.
939 432 954 458 8
966 432 1079 466 janviei·
1099 430 1174 457 1991.

284 500 320 529 In
336 508 363 530 e.
381 507 444 535 m.,
470 505 524 537 pro
541 496 674 527 ecclesia
695 519 716 526 ..
736 494 914 525 abbatissae
930 498 960 523 et
979 497 1155 523 conventus
1178 500 1246 522 mo-

244 553 375 584 nasterii
398 552 435 582 de
460 550 641 590 Sperandeo
666 549 829 585 Senensis,
855 547 977 578 ordinis
1003 547 1035 576 S.
1065 545 1245 575 Benedicti.

244 606 314 636 Dat.
332 604 415 644 apud
436 604 714 639 Urbemveterem,
734 611 764 631 w
781 601 852 631 idus
868 600 1019 639 januarii,
1037 607 1123 628 anno
1142 598 1244 628 tertio.

771 681 902 712 Orvieto,
924 680 953 706 13
965 679 1078 714 janvier
1098 679 1173 706 1291.

283 747 319 776 In
337 755 363 776 e.
382 755 438 781 m.,
457 754 512 784 pro
528 745 659 775 ecclesia
675 744 782 775 Sancti
799 743 902 781 Egidii
919 742 958 773 de
972 742 1149 780 Desbourg,
1169 741 1245 771 Lin-

242 799 413 830 coluiensis
440 798 603 828 dioecesis.
631 798 701 827 Dat.
726 796 810 836 apud
838 795 1114 832 Urbemveterem,
1137 794 1246 825 idibus

238 853 392 893 Januarii,
409 860 495 882 anno
513 851 614 881 tertio.

776 903 904 934 Orvieto,
921 902 953 929 ⁶20
967 901 1079 936 janvier
1096 901 1174 928 1291.

282 969 318 999 In
331 978 358 999 e.
373 977 430 1004 m.,
446 977 500 1007 pro
513 967 645 998 ecclesia
658 990 678 997 ..
694 966 863 1005 priorissae
875 969 905 995 et
915 968 1090 995 conventus
1100 972 1246 994 sororum

242 1022 439 1053 inclusarum
461 1022 643 1052 monasterii
665 1020 767 1050 Vallis
791 1020 954 1056 out-issae,
976 1018 1100 1049 ordinis
1123 1018 1155 1048 S.
1178 1018 1245 1047 Au-

240 1075 377 1114 gustini,
395 1075 571 1105 secundnm
592 1074 738 1104 institnta
754 1078 784 1103 et
799 1073 857 1103 sub
877 1081 954 1102 cura
968 1072 1103 1101 fratrum
1120 1070 1245 1101 ordinis

241 1128 492 1167 praedicatorum
512 1127 706 1163 viventium,
724 1125 965 1156 Cameracensis
984 1124 1151 1155 dioecesis.
1173 1124 1244 1154 Dat.

240 1181 324 1220 apud
341 1181 614 1216 Urbemveterem,
629 1189 683 1209 xm
698 1179 849 1209 kalendas
860 1178 1024 1215 februarii,
1042 1185 1126 1208 anno
1143 1176 1245 1208 tertio.

239 1233 302 1273 (En
319 1233 448 1272 mar-qe.)

733 1284 860 1319 Orvicto,
877 1284 911 1311 ‘23
926 1283 1077 1311 decembre
1095 1283 1173 1310 1290.

280 1349 318 1378 In
333 1358 360 1379 e.
376 1358 432 1383 m.,
447 1357 502 1387 pro
517 1348 648 1379 ecclesia
665 1348 771 1378 Sancti
790 1347 1029 1378 Bartholomaei
1042 1347 1081 1377 de
1096 1346 1245 1386 Rupella,

240 1402 476 1432 Xanctonensis
491 1401 653 1432 dioecesis.
675 1401 735 1431 Dat
751 1401 835 1440 apud
851 1401 1114 1431 Urbemveterem
1126 1424 1133 1437 ,
1149 1410 1169 1430 x
1185 1399 1245 1430 ka-

239 1454 350 1485 lendas
369 1455 517 1493 ianuarii,
535 1462 622 1485 anno
640 1454 742 1484 tertio.
762 1453 865 1493 (Ibid.)

773 1534 900 1568 Orvieto,
919 1534 950 1561 13
963 1534 1077 1569 janvier
1093 1533 1172 1561 1291.

280 1599 317 1628 In
332 1607 359 1628 e.
374 1607 432 1636 m.,
445 1606 500 1637 pro
513 1597 646 1628 ecclesia
661 1620 680 1628 ..
693 1597 870 1628 abbatissae
883 1601 913 1627 et
925 1601 1102 1628 conventus
1115 1605 1244 1627 monas-

240 1651 311 1682 terii
330 1651 464 1681 Sanctae
482 1651 592 1682 Clarae
608 1651 769 1688 Perusini,
787 1650 910 1681 ordinis
928 1650 1063 1681 Sanctae
1080 1650 1203 1681 Clarae.

280 1717 293 1732 a
323 1705 411 1735 Licet
429 1706 456 1735 is
477 1705 554 1736 de...
576 1722 615 1727 —
638 1705 710 1735 Dat.
732 1705 816 1744 apud
839 1705 1113 1741 Urbemveterem,
1138 1705 1246 1735 idibus

235 1758 387 1797 januarii,
405 1766 490 1788 anno
508 1758 611 1789 tertio.
633 1770 647 1785 »

787 1836 919 1872 Orvieto,
937 1838 1077 1872 9janvie1-
1096 1838 1171 1866 1295.

279 1899 318 1929 In
332 1908 359 1929 e.
375 1908 431 1936 m.,
445 1907 500 1938 pro
511 1898 644 1929 ecclesia
658 1899 774 1930 Beatae
788 1901 907 1931 Mariae
921 1900 960 1931 de
975 1900 1110 1932 Sanctae
1125 1902 1245 1932 Mariae

241 1952 391 1990 Ecclesia,
410 1953 615 1983 Lexoviensis
631 1953 794 1984 dioecesis.

281 2019 295 2033 «
314 2006 384 2036 Vite
399 2007 551 2045 perennis
568 2006 705 2045 gloria...
724 2024 762 2029 -
780 2007 850 2037 Dat.
867 2007 952 2046 apud
969 2008 1243 2046 Urbemveterem‚

239 2069 259 2088 v
273 2059 345 2090 idus
357 2060 512 2099 januarii⁷
531 2068 617 2090 anno
633 2060 737 2091 tertio.
757 2072 771 2088 n
788 2061 893 2100 (Ibid.)

794 2141 920 2174 Orvieto,
937 2142 953 2169 2
966 2144 1079 2178 janvier
1096 2143 1172 2171 1291.

280 2203 319 2233 In
335 2212 362 2233 e.
379 2212 435 2240 m.,
451 2212 506 2242 pro
523 2203 655 2234 ecclesia
670 2205 855 2235 monasterii
869 2204 977 2235 Sancti
993 2206 1142 2237 Andreae
1157 2215 1246 2246 apos-

240 2255 296 2286 toli
314 2256 531 2294 Eboracensis,
548 2257 670 2288 ordinis
684 2257 722 2288 de
738 2258 982 2298 Sempingham.
1001 2259 1061 2289 Dat
1077 2260 1160 2298 apud
1180 2261 1245 2291 Ur-

239 2310 464 2348 bemveterem,
482 2320 527 2341 1111
544 2320 645 2342 nouas
658 2312 811 2350 Januarii,
828 2320 914 2343 anuo
933 2313 1035 2343 tertio.
1055 2314 1154 2352 (Ibid.)

280 2364 318 2393 In
341 2372 368 2393 e.
391 2373 448 2400 m.,
470 2372 525 2402 pro
547 2364 680 2395 ecclesia
699 2366 884 2396 monasterii
908 2365 1042 2396 Sanctae
1064 2367 1184 2398 Mariae
1206 2367 1246 2398 de

241 2416 377 2454 Mallon,
394 2416 517 2447 ordinis
532 2417 570 2447 de
587 2418 835 2457 sempingham,
853 2418 1060 2450 Eboracensis
1077 2420 1243 2452 dioecesis.

240 2469 310 2500 Dat.
329 2474 363 2500 ut
380 2479 486 2509 supra.
508 2470 609 2510 llbid.)

310 2656 420 2684 38ss

276 2716 402 2744 Licentia
419 2718 599 2753 ingrediendi
614 2720 796 2747 monasteria.
813 2720 896 2754 (Rea.
912 2721 956 2753 45,
971 2730 996 2749 c.
1012 2722 1074 2754 641,
1091 2723 1111 2750 f.
1126 2723 1176 2750 130
1191 2724 1242 2756 vo.)

775 2657 903 2693 orvieto,
919 2659 953 2686 ‘20
963 2660 1078 2694 janvier
1094 2659 1172 2688 1291.

279 2821 379 2850 Nobili
400 2822 524 2850 mulieri
550 2821 670 2858 Aalidt',
690 2822 810 2852 domine
826 2823 860 2852 de
878 2824 1000 2861 Pyrois,
1020 2824 1244 2856 Cameracensis

241 2873 375 2902 diocesis.
400 2886 413 2900 «ι
439 2874 532 2903 Pium
555 2874 749 2904 arbitramur
771 2879 838 2905 et...
861 2876 904 2906 Ut
924 2876 1062 2907 claustra
1081 2883 1244 2909 monaste-

241 2925 364 2955 riorum
386 2926 499 2956 Sancte
520 2926 612 2957 Clare
634 2932 664 2957 et
688 2927 891 2958 Humilitatis
908 2928 1004 2960 Beate
1022 2931 1124 2960 Marie
1146 2941 1244 2972 prope

242 2978 383 3008 Parisius
393 2988 428 3008 ac
439 2988 582 3010 sororum
591 2979 789 3011 inclusarum
797 2981 899 3012 Vallis
908 2982 1054 3021 Ducisse,
1066 2985 1243 3016 secundum

242 3031 389 3061 instituta
404 3037 433 3062 et
448 3033 506 3062 snb
518 3042 592 3063 cura
604 3033 735 3064 fratrum
749 3034 871 3065 ordinis
886 3035 1120 3075 predicatorum
1135 3039 1242 3070 viven-

1331 429 1427 466 tium,
1443 429 1684 459 Cameracensis
1699 428 1845 465 diocesis,
1863 427 1977 458 Sancte
1993 426 2085 458 Clare
2103 430 2134 457 et
2156 425 2190 457 S.
2207 427 2336 466 Augus-

1331 482 1390 511 tini
1411 482 1580 515 ordinnm.
1601 490 1675 512 cum
1697 485 1832 520 quatuor
1854 480 1998 511 honestis
2019 479 2192 517 matronis,
2215 488 2269 510 sex
2290 480 2336 511 vi-

1330 535 1420 565 cibus
1435 535 1470 564 in
1488 543 1592 571 anno,
1609 535 1644 564 in
1666 534 1776 564 habitu
1794 534 1938 572 honesto,
1958 533 2087 572 ingredi
2103 532 2226 570 valeas,
2243 532 2336 564 dum-

1330 588 1423 618 modo
1453 591 1484 618 tu
1511 592 1542 617 et
1565 587 1676 618 eedem
1703 592 1850 618 matrone
1870 587 1905 617 in
1929 586 2076 617 claustris
2103 585 2252 626 predictis
2273 594 2336 618 non

1329 642 1500 672 comedatis
1519 650 1577 672 nec
1596 641 1692 672 etiam
1713 641 1942 681 pernoctetis...
1963 640 2035 671 Dat.
2055 640 2139 680 apud
2158 640 2335 672 Urbemve-
2382 679 2383 682 Ἴ

1331 700 1441 732 terem,
1457 704 1512 724 xm
1528 694 1682 725 kalendas
1696 694 1861 732 februarii,
1879 703 1965 726 anno
1981 694 2082 725 tertio.
2102 705 2116 721 η

1399 854 1517 883 3972

1366 916 1550 952 Dispensatio
1567 916 1752 944 matrimonii.
1772 915 1854 947 (Rae.
1871 916 1915 951 45,
1932 923 1958 943 c.
1975 915 2037 947 642,
2052 915 2072 942 f.
2090 914 2141 942 130
2157 912 2212 950 νῦ.)

1867 853 1994 887 Orvieto,
2014 852 2045 880 18
2057 852 2170 888 janvier
2186 851 2265 880 1291.

1375 1020 1544 1049 Venerabili
1561 1020 1658 1056 fratri
1683 1019 1734 1056 0.,
1756 1018 1932 1057 patriarche
1951 1019 2152 1055 Antiocheno,
2168 1008 2351 1048 committit*
2391 1034 2394 1035 ν

1329 1076 1514 1111 potestatem
1533 1071 1739 1111 dispensandi
1759 1080 1832 1102 cum
1847 1070 1947 1102 nobili
1964 1071 2034 1101 viro
2053 1069 2203 1100 Manuele
2218 1069 2338 1101 Zacha-

1328 1125 1395 1155 riae
1410 1129 1441 1155 et
1457 1124 1556 1155 nobili
1574 1124 1708 1155 muliere
1728 1123 1862 1154 Clarisia
1873 1149 1880 1162 ‚
1900 1128 1975 1154 nata
1992 1123 2155 1164 quondam
2176 1122 2342 1154 Sorleonis

1329 1179 1369 1209 de
1392 1178 1583 1214 Grimaldis,
1614 1178 1739 1209 civibus
1763 1177 2002 1215 Januensibus,
2026 1181 2075 1215 ut,
2103 1185 2169 1207 non
2192 1162 2370 1208 obstante*

1329 1237 1442 1272 quarto
1465 1231 1756 1270 consanguinitatis
1780 1231 1882 1270 gradu
1906 1239 1969 1270 quo
1994 1231 2158 1270 conjuncti
2182 1233 2272 1268 sunt,
2297 1229 2339 1260 ad
2366 1219 2371 1228 '

1329 1286 1485 1317 sedandas
1495 1285 1682 1316 inimicitias
1693 1285 1778 1315 inter
1789 1289 1936 1324 parentes
1947 1289 2083 1323 exortas,
2093 1283 2338 1315 matrimonium
2371 1318 2375 1322 .

1329 1339 1518 1370 contrahere
1532 1339 1669 1370 valeant.

1371 1406 1385 1421 «
1408 1390 1503 1423 Lecta
1525 1401 1632 1423 coram
1655 1392 1784 1423 nobis...
1806 1408 1847 1415 —
1864 1392 1936 1422 Dat.
1956 1391 2039 1432 apud
2057 1391 2337 1429 Urbemveterem‚

1328 1455 1369 1477 xv
1385 1446 1540 1476 kalendas
1554 1445 1720 1481 februarii,
1738 1454 1824 1476 anno
1841 1444 1946 1475 tertio.
1965 1456 1980 1472 ι»

1399 1607 1518 1636 3973
1869 1604 1997 1638 Orvieto,
2015 1604 2046 1632 13
2057 1603 2172 1640 janvier
2187 1603 2267 1631 ¹291.

1363 1670 1576 1697 Tabellionatus
1591 1669 1726 1697 officium.
1743 1668 1827 1703 (Rso.
1845 1669 1888 1703 45,
1905 1676 1932 1695 c.
1949 1666 2012 1703 643,
2027 1668 2048 1694 f.
2068 1666 2119 1695 130
2134 1667 2185 1699 νο.)

1374 1773 1542 1804 Venerabili
1555 1774 1653 1810 fratri
1674 1773 1831 1807 Willelmo,
1849 1773 1984 1810 episcopo
1997 1770 2228 1807 Saresbiriensi,
2242 1767 2340 1800 facul-

1330 1830 1424 1857 tatem
1444 1827 1590 1858 concedit
1604 1825 1791 1857 conferendi
1806 1826 1930 1856 duabus
1942 1824 2088 1864 personis
2102 1823 2229 1855 idoneis
2243 1821 2340 1854 tabel-
2357 1858 2369 1862 ⁸
2421 1819 2423 1822 '

1327 1879 1468 1911 lionatus
1486 1880 1639 1911 officium.
2248 1916 2249 1919 Ἴ

1371 1945 1385 1961 α
1402 1934 1452 1964 Ne
1468 1937 1689 1964 contractuum
1705 1932 1900 1964 memoria...
1917 1948 1956 1954 —
1972 1932 2044 1963 Dat.
2061 1931 2146 1971 apud
2158 1930 2338 1962 Urbemve-

1330 1991 1441 2025 terem,
1458 1987 1564 2018 idibus
1576 1986 1731 2027 Januarii,
1748 1994 1835 2017 anno
1851 1986 1955 2017 tertio.
1974 1997 1988 2013 n

1400 2147 1518 2177 3924

1365 2210 1492 2238 Licentia
1506 2209 1673 2238 absolvendi
1689 2218 1705 2236 a
1719 2209 1868 2237 canonicis
1883 2208 2046 2237 sententiis.
2061 2207 2146 2243 (Rae.
2162 2208 2209 2240 45,
2225 2215 2253 2234 c.
2269 2205 2338 2240 644,

1328 2259 1349 2286 f.
1367 2259 1418 2287 130
1432 2261 1484 2293 νο.)

1870 2146 1998 2178 Orvieto,
2015 2144 2047 2173 13
2059 2144 2173 2181 jam-ier
2188 2143 2268 2172 1291.

1367 2363 1474 2392 Eidem
1490 2361 1672 2392 facultatem
1687 2360 1833 2391 concedit
1847 2360 2035 2392 absolvendi
2047 2359 2183 2391 clericos
2197 2362 2229 2390 et
2242 2357 2343 2390 laicos

1329 2415 1575 2446 Saresbiriensis
1595 2414 1749 2446 dioecesis
1765 2414 1821 2454 qui
1835 2422 1892 2453 pro
1905 2413 2046 2445 violenta
2061 2421 2219 2444 manuum
2236 2407 2339 2452 111]Θό-
2360 2431 2362 2434 -

1329 2468 1415 2499 tione
1435 2469 1471 2498 in
1487 2477 1638 2508 personas
1654 2468 1886 2499 ecclesiasticas
1901 2468 2095 2499 sententiam
2114 2465 2337 2498 excommuni-
2367 2467 2371 2471 '

1328 2521 1464 2553 cationis
1483 2522 1692 2552 incurrerunt
1713 2523 1744 2552 et
1769 2521 1980 2561 dispensandi
2002 2529 2077 2551 cum
2100 2519 2225 2551 clericis
2243 2527 2339 2559 super
2371 2527 2381 2557 ς

1328 2575 1574 2614 irregularitate,
1590 2575 1617 2606 si
1631 2584 1729 2615 quam
1745 2575 1791 2606 sic
1805 2575 1903 2614 legati
1915 2574 2147 2606 contraxerint.
2379 2566 2381 2570 ⁴

1370 2641 1384 2656 α
1402 2629 1445 2659 Ex
1461 2634 1549 2669 parte
1567 2633 1656 2660 tua...
1672 2644 1713 2651 —
1728 2629 1800 2659 Dat.
1819 2633 1853 2660 ut
1865 2636 1972 2668 supra.
1991 2639 2006 2656 »

1398 2788 1516 2817 3925

1361 2850 1489 2878 Licentia
1505 2849 1666 2878 celebrandi
1682 2851 1725 2877 vel
1741 2850 1885 2878 celebrare
1901 2849 2025 2878 faciendi
2043 2849 2140 2877 divina
2153 2848 2247 2876 officia
2259 2850 2337 2876 tem·
2373 2867 2380 2895 3

1325 2907 1394 2935 pore
1409 2899 1552 2935 generalis
1568 2900 1722 2927 interdicti.
1741 2900 1823 2934 (Rso-
1841 2900 1886 2932 45,
1903 2908 1930 2927 c.
1947 2898 2010 2934 645,
2026 2899 2046 2927 f.
2065 2898 2116 2926 130
2131 2899 2185 2932 νῦ.)

1863 2787 1993 2820 Orvieto‚
2012 2787 2044 2815 13
2056 2786 2171 2823 janvier
2186 2785 2266 2814 129¹.

1364 2989 1481 3019 Eidem.

1367 3053 1382 3069 «
1400 3042 1524 3073 Meritis
1541 3046 1592 3073 tue
1607 3042 1836 3074 sinceritatis...
1853 3059 1892 3064 —
1908 3042 1980 3073 Dat.
1999 3044 2033 3072 ut
2048 3049 2154 3081 supra.
2173 3028 2188 3068 »¹
