2477 3637
204 358 263 391 318
950 359 1185 390 REGISTRES
1207 360 1262 390 DE
1283 359 1469 390 NICOLAS
1490 360 1547 390 IV.

279 427 301 455 ¹
308 426 395 456 689

240 488 386 516 Ecclesiae
415 487 539 515 Callensi
568 489 775 515 monasterium
805 487 904 515 Sancti
926 488 1057 516 Geruntii
1080 488 1209 516 Callense

203 538 374 565 annectitur.
393 537 474 570 (Rea.
494 537 536 568 44,
554 544 579 563 c.
599 536 660 570 618,
677 536 696 563 f.
719 536 769 562 252
785 537 836 569 νο.)

465 424 820 460 Sainte-Marie-Majeure,
843 425 872 452 12
889 427 1043 454 novembre
1062 426 1137 454 ¹289.

249 638 414 667 Venerabili
437 639 533 674 fratri
562 659 584 667 ..
616 638 748 675 episcopo
772 642 797 667 et
825 638 941 668 dilectis
971 639 1046 676 filiis
1076 640 1209 677 capitulo

205 688 401 720 Callensibus.
430 689 570 719 Callensi
597 689 746 720 ecclesiae
769 691 999 721 monasterium
1019 690 1128 721 Sancti
1144 691 1208 721 Ge-

202 743 303 773 runtii
332 742 493 778 Cellense,
518 743 640 773 ordinis
667 743 699 773 S.
731 744 916 779 Benedicti,
948 753 1002 783 per
1033 744 1207 775 translatio-

202 804 277 826 nem
313 796 546 835 Bonijohannis
577 797 617 827 ad
645 797 876 827 monasterium
903 797 1012 827 Sancti
1042 797 1209 828 Laurentii

201 849 240 879 de
255 848 385 888 Campo,
402 849 547 888 ejusdem
563 850 699 887 ordinis,
718 851 873 880 Fanensis
892 851 1057 886 dioecesis,
1070 860 1186 881 vacans
1201 876 1207 888 ‚

202 912 275 933 cum
292 904 442 933 omnibus
457 904 586 942 juribus
598 926 606 940 ,
623 904 904 941 immunitatibus',
932 904 1186 943 possessionibus
1199 927 1206 939 ,

201 958 317 994 vineis,
338 958 522 988 nemoribus
539 963 569 988 et
583 958 781 997 pertinentiis
798 959 878 997 ejus,
897 959 980 988 inter
995 958 1161 988 ecclesiam
1178 963 1209 988 et

201 1011 309 1041 sedem
326 1011 538 1050 episcopalem
557 1011 752 1048 dividendis,
772 1012 925 1042 annectit.

243 1077 256 1091 ιι
272 1065 359 1094 luter
375 1065 453 1094 alias
466 1065 739 1096 sollicitudines...
750 1083 788 1087 —
799 1066 868 1096 Dat.
884 1066 995 1102 Rome,
1007 1066 1090 1105 apud
1106 1065 1206 1096 Sanc-

200 1122 263 1148 tam
290 1119 423 1148 Mariani
450 1119 621 1157 Majorem,
650 1129 670 1148 11
701 1119 773 1149 idus
809 1119 1011 1156 novembris,
1042 1128 1128 1149 anno
1156 1125 1225 1149 se-‘

201 1171 315 1201 cundo.
337 1183 350 1198 ι»

237 1343 481 1372 16904691
503 1343 850 1378 Sainte-Marie-Majeure,
872 1344 903 1370 13
921 1344 1074 1370 novembre
1093 1343 1170 1371 1289.

233 1406 337 1433 Modus
351 1415 487 1433 romanus
503 1408 530 1434 in
552 1406 655 1434 officiis
671 1406 851 1434 celebrandis
866 1407 1043 1434 conceditur.
1060 1407 1143 1440 (Res.
1161 1407 1204 1442 44,

197 1464 222 1482 c.
239 1455 300 1489 619,
319 1456 337 1482 f.
354 1455 405 1482 ²253
423 1457 469 1488 r0.)

278 1559 415 1587 ministre
431 1562 456 1586 et
471 1559 626 1587 sororibus
640 1558 748 1588 domus
761 1557 866 1588 Sancti
881 1559 1010 1588 Nazarii
1026 1559 1061 1587 de
1075 1559 1202 1596 0prono,

197 1612 315 1640 ordinis
329 1611 360 1640 S.
377 1612 554 1648 Auyustini,
575 1612 807 1641 llediolanensz's
834 1613 977 1648 diocesis,
1004 1611 1150 1650 indulget
1170 1615 1206 1641 ut

196 1664 327 1694 modum
356 1673 508 1694 romanae
531 1664 696 1700 ecclesiae,
715 1674 811 1704 quem
839 1665 994 1695 hactenus
1010 1666 1043 1695 in
1063 1665 1204 1695 celebra-

196 1717 282 1747 tione
292 1718 473 1747 divinorum
484 1718 654 1748 observare
667 1723 912 1756 consueverunt,
926 1728 1052 1749 servare
1064 1718 1201 1756 valeant,

195 1779 261 1801 non
273 1771 416 1801 obstante
431 1771 663 1802 Mediolanensi
675 1772 926 1811 archiepiscopo,
939 1773 995 1811 qui
1011 1773 1056 1802 eis
1071 1773 1204 1803 modum

195 1824 471 1854 Mediolanensem
494 1825 660 1864 imponere
675 1826 754 1855 vult.

237 1891 250 1904 α
276 1878 454 1916 Religionis
484 1884 586 1909 vestre
611 1884 790 1910 meretur...
816 1898 855 1902 —-
883 1881 954 1910 Dat.
980 1881 1101 1917 Rome,
1118 1880 1203 1919 apud

193 1932 344 1962 Sanctam
368 1932 501 1962 Mariam
520 1933 690 1972 Majorem‚
707 1933 813 1964 idibus
829 1934 1012 1964 novembris
1027 1958 1032 1970 ,
1051 1942 1134 1964 anno
1152 1943 1200 1964 se-

193 1985 308 2016 cundo.
328 1997 342 2011 »

496 2039 860 2075 Sainte-Marie-Majeure,
881 2042 918 2068 ¹ler
934 2042 1036 2068 fevi-iet·
1055 2041 1131 2069 1289.

232 2104 271 2133 In
285 2112 311 2133 e.
330 2112 372 2132 m.
393 2126 413 2133 ..
437 2103 605 2132 ministrae
621 2107 652 2132 et
670 2104 832 2133 sororibus
848 2103 984 2134 Sanctae
1006 2105 1141 2142 Agnetis
1167 2105 1202 2133 in

195 2156 324 2186 civitate
347 2156 594 2193 Mediolanensi,
609 2157 698 2195 juxta
713 2161 836 2195 portam
853 2157 1102 2193 Vercellensem,
1115 2158 1202 2187 ordi-

191 2209 242 2239 nis
267 2209 298 2239 S.
326 2209 512 2247 Augustini.
540 2210 610 2240 Dat.
638 2210 774 2246 Romae,
798 2210 881 2250 apud
898 2210 1048 2240 Sanctam
1065 2211 1202 2240 Mariam

192 2263 364 2301 Majorem,
379 2262 526 2292 kalendis
538 2263 693 2293 februarii
708 2286 715 2301 ‚
729 2272 815 2294 anno
832 2264 983 2294 secundo.
1000 2265 1059 2302 (En
1070 2265 1198 2304 mar-qe).

263 2444 283 2471 Ι
292 2443 377 2471 692

223 2505 432 2539 Indulgentiae.
449 2505 532 2538 (Res.
552 2506 595 2540 44,
613 2513 637 2532 c.
656 2505 716 2537 620,
734 2506 752 2532 f.
773 2506 823 2533 253
840 2513 881 2539 r⁰;
902 2506 967 2533 Lar.
985 2516 1019 2534 nu
1035 2507 1141 2540 Tum,
1160 2508 1201 2557 11,

188 2554 262 2587 307.)

460 2443 826 2478 Salute-Marie-Majeure,
843 2445 858 2471 9
877 2445 1030 2471 novembre
1048 2445 1126 2472 1289.

229 2658 382 2686 Universis
408 2657 521 2686 Christi
549 2658 688 2694 fidelibus
701 2663 851 2695 presentes
870 2659 988 2688 litteras
1004 2661 1199 2697 inspecturis.

227 2710 467 2747 Indulgentiam
487 2711 583 2740 unius
599 2712 677 2741 anni
695 2715 724 2741 et
740 2721 777 2741 XL
793 2712 920 2742 dierum
934 2713 1078 2743 concedit
1093 2714 1198 2743 omni-

187 2763 245 2792 bus
260 2772 333 2793 vere
349 2764 587 2802 poenitentibus
604 2769 633 2794 et
645 2765 799 2795 confessis
812 2766 866 2804 qui
878 2766 1095 2797 cathedralem
1104 2767 1201 2798 eccle-

187 2815 265 2844 siam
299 2816 411 2846 Beatae
440 2817 561 2846 Mariae
588 2817 850 2848 Ebredunensem
874 2819 909 2848 in
926 2819 1064 2857 singulis
1083 2821 1192 2851 beatae

188 2868 307 2898 Mariae
325 2874 354 2898 et
370 2870 401 2899 S.
420 2870 614 2905 Marcellini,
633 2871 776 2909 ejusdem
795 2871 948 2902 ecclesiae
959 2875 1098 2911 patroni,
1111 2874 1199 2904 festi-

186 2921 349 2957 vitatibus,
368 2932 422 2960 per
437 2928 506 2954 octo
528 2924 596 2954 dies
622 2925 807 2955 festivitates
832 2926 915 2964 ipsas
934 2927 1119 2958 immediate
1142 2937 1196 2958 se-

184 2979 329 3012 quentem,
349 2980 378 3005 et
394 2976 426 3004 in
443 2977 665 3008 anniversario
680 2979 731 3009 die
756 2979 965 3011 dedicationis
983 2981 1126 3020 ejusdem
1145 2991 1196 3012 ec-

194 3027 324 3062 clesiae,
344 3028 552 3059 visitaverint.

1333 438 1346 453 ι
1372 426 1471 465 Virga
1487 428 1714 458 venustissima
1729 432 1796 459 et...
1816 446 1852 451 —
1868 430 1940 462 Dat.
1961 431 2074 469 Rome,
2093 433 2176 472 apud
2191 434 2290 466 Sanc—

1292 484 1355 509 tam
1391 481 1525 511 Mariam
1556 481 1731 521 Majorem,
1761 492 1780 512 v
1806 482 1880 513 idus
1907 485 2108 522 novembris,
2136 495 2220 518 anno
2243 497 2292 520 se-

1291 534 1406 565 cundo.
1424 546 1436 561 ›

1329 680 1581 710 1693-1695
1601 680 1960 722 Sainte-Marie-Majeurq
1977 683 1993 711 9
2009 684 2162 712 novembre
2180 685 2256 715 1289.

1326 742 1459 770 Facultas
1473 743 1606 771 testandi.
1620 743 1703 777 (Rae.
1715 745 1759 776 44,
1776 753 1802 772 c.
1815 744 1890 777 6202,
1907 746 1926 772 f.
1942 745 1994 773 253
2011 752 2048 778 r⁰;
2061 745 2128 773 Ln.
2144 756 2179 775 nu
2193 747 2290 785 Tutin,

1290 792 1318 819 11
1328 814 1334 826 ,
1352 792 1425 825 308.)

1335 896 1504 925 Venerabili
1517 896 1612 932 fratri
1627 896 1820 934 Raymundo,
1839 897 2060 935 archiepiscopo
2077 898 2288 938 Ebredunensi,

1288 949 1344 988 qui
1358 948 1505 979 ordinem
1524 949 1657 978 fratrum
1673 948 1928 988 praedicatorum
1940 950 2099 989 professus
2113 955 2170 981 est.

1331 1015 1344 1029 α
1369 1002 1451 1038 Quia
1467 1002 1622 1041 presentis
1639 1002 1740 1032 vite...
1757 1019 1796 1024 —
1810 1002 1882 1034 Dat.
1901 1007 2055 1042 utsupra.
2074 1015 2088 1030 »

1564 1082 1925 1118 Sainte-Marie-Majeure,
1944 1084 1959 1111 5
1975 1083 2127 1111 decembre
2145 1085 2223 1113 1289.

1331 1146 1366 1175 ln
1391 1154 1417 1175 e.
1448 1154 1490 1174 m.
1521 1146 1669 1183 liugom,
1697 1145 1841 1185 episcopo
1866 1145 2058 1186 T'nolosano,
2075 1147 2129 1186 qui
2147 1146 2292 1179 ordinem

1289 1198 1321 1229 S.
1345 1199 1523 1237 Augustini
1543 1199 1702 1238 professus
1726 1203 1783 1229 est.
1801 1199 1872 1229 Dat.
1890 1199 2009 1229 Romae
2022 1223 2029 1236 ‚
2046 1200 2129 1238 apud
2145 1199 2291 1232 Sanctam
2335 1209 2341 1218 ¹

1289 1253 1425 1282 Mariam
1442 1252 1608 1291 Majorem,
1626 1252 1721 1283 nonis
1735 1252 1926 1290 decembris,
1943 1261 2029 1283 anno
2044 1253 2194 1284 secundo.

1872 1333 1961 1366 Rieti,
1979 1333 1994 1359 7
2010 1333 2128 1360 octobre
2144 1333 2220 1362 1289.

1327 1395 1367 1425 [n
1375 1404 1402 1425 e.
1417 1405 1460 1426 m.
1474 1395 1624 1433 Henrico,
1637 1395 1873 1434 archiepiscopo
1889 1395 2133 1435 Burdegalensi‚
2144 1397 2200 1435 qui
2207 1396 2290 1428 ordi-

1287 1457 1362 1478 nem
1384 1449 1518 1478 fratrum
1536 1449 1699 1479 minorum
1715 1449 1874 1488 professus
1899 1453 1956 1480 est.
1980 1449 2053 1479 Dat.
2070 1449 2184 1486 Reate,
2200 1448 2292 1480 nonis

1286 1502 1434 1539 octobris,
1447 1511 1532 1533 anno
1547 1502 1698 1533 secundo.

1359 1649 1473 1678 1696

1321 1712 1475 1739 Absolutio
1494 1713 1660 1746 juramenti.
1689 1711 1773 1745 (Rae.
1797 1711 1839 1743 44,
1865 1720 1891 1738 c.
1913 1711 1974 1742 621.
1996 1711 2016 1738 f.
2040 1710 2091 1738 253
2110 1717 2150 1744 1·⁰;
2172 1710 2239 1739 Lar.
2253 1719 2290 1740 nu

1284 1761 1382 1792 Tristi„
1404 1760 1440 1792 II,
1456 1760 1506 1788 309
1523 1761 1573 1794 vo.)

1565 1647 1926 1683 Sainte-Marie-MaJeure,
1941 1648 1956 1676 8
1971 1648 2126 1675 novembre
2141 1647 2217 1677 1289.

1330 1858 1497 1887 Venerabili
1523 1857 1618 1893 fratri
1646 1857 1797 1893 Henrz'co,
1822 1856 2043 1893 archiepiscopo
2063 1855 2307 1895 Burdeyalensi.·

1285 1912 1366 1940 Eum
1382 1909 1517 1940 absolvit
1529 1917 1547 1938 a
1558 1910 1743 1948 J'uramento
1758 1908 1797 1938 de
1808 1907 1969 1938 solvendis
1981 1911 2011 1938 et
2027 1916 2093 1938 non
2110 1907 2289 1947 repetendis
2309 1901 2315 1908 ⁶

1285 1965 1392 1995 usuris
1408 1963 1557 2002 praestito
1572 1962 1800 1992 mercatoribus
1816 1970 1834 1991 a
1849 1961 1966 2000 quibus
1987 1961 2158 2000 pecuniam
2179 1965 2288 1992 mutuo
2308 1989 2310 1993 ,

1285 2017 1413 2056 recepit.

1327 2084 1340 2098 a
1365 2069 1533 2100 Laudabili
1548 2069 1614 2099 zelo
1627 2074 1692 2099 et...
1708 2085 1747 2091 -
1759 2069 1830 2098 Dat.
1845 2069 1956 2106 Rome,
1969 2068 2053 2107 apud
2064 2068 2213 2099 Sanctam
2226 2067 2287 2098 Ma·
2304 2083 2308 2085 Α

1284 2127 1365 2156 riam
1384 2125 1549 2163 Majorem,
1566 2133 1597 2153 v¹
1616 2123 1688 2153 idus
1705 2122 1900 2159 novembris,
1918 2130 2004 2152 anno
2020 2121 2171 2152 secundo.
2193 2133 2207 2149 n

1357 2271 1469 2300 169¹?
1854 2268 1942 2300 Rieti,
1961 2268 1993 2295 10
2008 2267 2125 2295 octobre
2141 2267 2218 2295 1289.

1322 2334 1451 2361 Facultus
1467 2332 1631 2360 conserendi
1649 2331 1795 2358 beneficia.
1814 2331 1898 2365 (Rea.
1912 2331 1956 2362 44,
1969 2339 1994 2358 ο.
2011 2329 2086 2363 6212,
2104 2331 2124 2358 f.
2141 2329 2193 2358 253
2209 2332 2254 2365 Ρ.)
2311 2320 2321 2339 Ψ
2358 2311 2361 2314 ⁴

1325 2424 1426 2453 Eidem
1451 2421 1615 2451 licentiam
1640 2420 1784 2450 concedit
1807 2419 1992 2450 conferendi
2017 2418 2172 2449 beneficia
2189 2416 2286 2451 eoele-

1286 2477 1411 2507 siastica
1435 2484 1516 2514 quae
1536 2475 1569 2504 in
1590 2474 1717 2504 civitate
1738 2478 1768 2504 et
1785 2473 1921 2504 dioecesi
1948 2472 2179 2511 Burdegalensi
2203 2474 2286 2503 tanto

1286 2535 1425 2569 tempore
1444 2528 1626 2558 vacaverint
1644 2526 1729 2566 quod
1743 2527 1854 2558 eorum
1872 2525 1999 2556 collatio
2019 2525 2058 2556 ad
2075 2525 2182 2556 sedem
2197 2531 2286 2564 apos-

1287 2585 1411 2615 tolicam
1428 2581 1576 2612 devoluta
1591 2582 1642 2611 sit.

1284 2691 1437 2729 octobris,
1455 2697 1540 2720 anno
1556 2687 1707 2719 secundo.
1729 2699 1742 2715 »

1357 2839 1374 2865 ι
1384 2836 1471 2866 eos
1872 2832 1958 2863 Rieti,
1976 2832 1991 2859 5
2006 2830 2124 2858 octobre
2139 2829 2216 2858 1289.
2311 2819 2341 2879 ᾗ

1317 2900 1442 2927 Traditio
1459 2899 1550 2934 pauet.
1567 2897 1650 2931 (nso.
1662 2897 1707 2928 44,
1720 2904 1745 2923 c.
1762 2895 1824 2928 6⁶22,
1842 2895 1860 2922 f.
1879 2894 1931 2922 253
1945 2901 1989 2928 νος
2007 2893 2074 2920 ω».
2086 2901 2121 2921 nu
2136 2891 2232 2924 Tuan..
2247 2888 2281 2923 ιι,
2303 2884 2341 2955 ἦ

1283 2951 1354 2981 311.)
2331 2967 2333 2970 .

1323 3039 1439 3069 Eisdem
1457 3036 1595 3076 palleum
1614 3044 1668 3074 per
1684 3034 1742 3071 M.,
1759 3033 1892 3064 Sanctae
1909 3031 2029 3062 Mariae
2044 3030 2076 3060 in
2095 3028 2219 3060 Porticu
2230 3051 2237 3064 ‚
2253 3029 2284 3056 et

2318 2538 2345 2603 ἱ

1326 2650 1340 2665 «
1360 2638 1401 2668 Ut
1416 2635 1675 2666 benevolentiam
1691 2633 1895 2673 spetialem...
1907 2649 1948 2656 —
1959 2632 2029 2663 Dat.
2048 2632 2158 2668 Reate,
2170 2640 2202 2662 vt
2215 2630 2298 2662 idus·
2322 2621 2346 2661 ,ἦ
