2477 3637
216 358 274 388 458
966 353 1204 385 REGISTRES
1226 354 1281 385 DE
1302 354 1487 386 NICOLAS
1510 357 1566 386 IV.

214 422 409 462 competenti
429 429 492 460 quo
514 421 580 460 ipse
603 419 813 459 personaliter
831 424 1013 458 compareat
1036 429 1142 450 coram
1171 429 1225 451 no-

215 476 282 511 bis,
302 484 358 515 pro
385 474 506 504 meritis
528 478 712 511 recepturus
738 477 768 502 et
794 472 936 502 facturus
958 482 1053 512 super
1076 473 1225 512 predictis

215 529 298 568 quod
325 530 372 564 ei,
399 527 553 557 suadente
581 526 726 565 justitia,
755 525 942 555 duxerimus
971 526 1222 565 injungendum.

215 582 308 612 Diem
322 589 395 611 vero
411 580 571 610 citationis
583 584 613 609 et
626 579 762 608 [orniam
774 583 804 608 et
815 579 966 618 quicquid
983 589 1078 619 super
1092 580 1224 619 premis-

215 638 257 667 sis
273 636 455 666 faciendum
472 635 601 665 duxeris
625 634 718 664 uobis
732 643 787 673 per
808 639 876 664 tuas
893 634 1014 665 litteras
1035 635 1151 666 harum
1173 645 1223 666 so-

213 691 294 720 riem
310 689 509 719 continentes
526 688 654 718 studeas
672 687 810 717 fideliter
825 688 988 718 intimare.
1008 688 1078 718 Dat.
1100 689 1202 719 Rome
1214 712 1222 727 ,

211 743 296 781 apud
311 742 461 772 Sanctam
481 741 616 771 Mariam
633 742 800 780 Major-em,
820 751 853 770 111
870 742 942 771 idus
958 742 1048 778 maii,
1063 751 1149 773 anno
1164 746 1224 773 ter-

215 797 265 826 tio.
286 807 298 822 ι

284 955 402 984 2ἵ40

247 1016 352 1043 Contra
374 1017 574 1043 molestatores
599 1017 717 1051 capituli
744 1017 891 1043 Metcusis.
920 1017 1000 1049 (lieo.
1027 1017 1075 1048 45,
1103 1026 1129 1044 c.
1154 1018 1220 1050 210,

211 1066 231 1093 ί.
250 1066 282 1093 36
299 1072 342 1097 v⁰;
361 1065 426 1092 Lae.
445 1074 478 1092 nu
494 1065 592 1097 Tne-it,
611 1065 662 1098 111,
684 1066 754 1098 147.)

801 954 928 988 Oiwieto,
951 954 1055 989 13juin
1074 955 1150 982 1290.

255 1191 275 1198 ..
293 1169 480 1206 primicerio,
496 1190 515 1197 ..
532 1169 642 1197 decano
652 1174 677 1197 el
693 1169 825 1205 capitulo
838 1170 952 1198 ecclesie
966 1170 1113 1198 aletensis,
1131 1181 1145 1196 <a
1162 1169 1222 1200 De-

212 1221 341 1251 sideriis
358 1221 470 1250 vestris
483 1230 614 1260 super...
630 1221 752 1250 Vestris
763 1221 1048 1260 supplicationibus
1060 1223 1220 1260 inclinati,

213 1279 248 1304 ut
262 1275 450 1304 manifestos
468 1280 671 1313 occupatores
690 1275 846 1305 bonorum
865 1276 903 1304 ad
922 1275 1086 1306 ecclesiam
1106 1278 1219 1314 ipsam,

211 1328 397 1364 canonicos,
413 1327 616 1366 cappellauos
635 1333 663 1356 et
679 1327 810 1358 clericos
826 1328 926 1367 ipsius
940 1331 1154 1360 communiter
1171 1330 1220 1360 vel

211 1381 342 1410 divisim
366 1382 593 1420 spectantium,
612 1386 641 1410 et
661 1381 800 1411 notarios
822 1381 1038 1412 malefactores
1059 1384 1218 1423 ipsorum,

213 1434 278 1463 nisi
290 1442 307 1462 a
322 1433 411 1463 vobis
424 1434 577 1463 canonice
590 1434 702 1464 moniti
717 1440 867 1473 occupata
877 1435 1063 1474 hujusmodi
1073 1438 1220 1468 restitue-

212 1487 278 1516 rint
295 1491 324 1515 et
340 1487 378 1516 de
396 1487 544 1525 dampnis
564 1486 661 1516 illatis
678 1488 889 1517 satisfecerint
904 1494 1121 1528 competenter
1136 1491 1221 1521 infra

211 1545 444 1579 competentem
464 1540 640 1570 terminum
654 1565 660 1577 ‚
677 1550 772 1579 quem
786 1542 831 1570 eis
848 1542 886 1571 ad
903 1543 962 1572 hoc
978 1543 1133 1574 duxeritis
1150 1554 1219 1584 pre-

211 1594 377 1632 figendnm
393 1619 399 1630 ,
421 1594 548 1633 possitis
572 1595 913 1626 excommunicationis
928 1621 934 1632 ‚
952 1598 1174 1636 suspensionis
1191 1603 1222 1629 et

212 1647 376 1678 interdicti
393 1648 568 1678 sententias
587 1648 802 1686 promulgare,
820 1658 856 1679 ac
871 1649 987 1680 deinde
1002 1651 1086 1689 ipsos
1100 1652 1140 1682 ab
1156 1652 1221 1682 illis

211 1701 374 1731 absolvere
385 1724 393 1738 ,
410 1705 578 1740 postquam
596 1701 685 1731 vobis
707 1711 801 1740 super
817 1702 880 1732 hiis
899 1703 996 1733 suerit
1012 1705 1153 1743 plenarie
1169 1715 1221 1737 sa-

212 1754 411 1785 tissactum...
439 1755 509 1784 Dat.
544 1754 628 1794 apud
659 1755 942 1793 Urhemveteierii,
975 1758 1085 1789 idibus
1109 1760 1198 1798 Junii
1212 1785 1219 1797 ,

209 1816 296 1839 auno
313 1809 413 1838 tertio.
435 1820 448 1835 »

282 1967 539 1997 seven-2242
797 1969 925 2004 Orvieto,
943 1971 974 1998 13
986 1973 1050 2006 Juin
1069 1973 1147 2001 1290.

247 2029 290 2055 De
307 2030 419 2056 decima
440 2031 500 2065 regi
517 2030 693 2058 Francorum
709 2033 736 2059 in
753 2032 875 2060 Metensi
895 2038 924 2060 et
945 2034 1121 2063 Vir-dunensi
1142 2027 1231 2064 dioc-¹

210 2079 328 2105 cesibus
344 2087 494 2106 concessa.
518 2079 601 2113 (Rea.
626 2081 673 2112 45,
690 2089 716 2107 c.
738 2081 818 2116 210²,
835 2082 853 2108 i.
872 2082 903 2109 37
924 2090 962 2115 r⁰;
981 2083 1048 2112 Lar.
1065 2094 1099 2112 nu
1115 2085 1220 2121 Tuam,

209 2126 261 2160 111,
283 2127 352 2160 ¹49.)

252 2230 464 2260 Colleclorz‘bns
487 2232 598 2261 decime
623 2241 754 2262 concesse
777 2235 936 2264 carissimo
958 2237 992 2265 in
1015 2237 1134 2267 Christo
1157 2240 1222 2276 filio

210 2289 314 2312 nostro
332 2306 351 2313 ..
369 2285 436 2321 regii
452 2285 638 2315 Francorum
662 2287 778 2315 illustri
793 2297 848 2325 pro
867 2290 982 2328 negotio
998 2293 1084 2327 regini
1106 2293 1221 2330 Arayo-

210 2338 271 2365 nie.
300 2348 315 2363 «
344 2336 385 2366 Ex
408 2342 496 2375 parte
517 2339 710 2369 venerabilis
733 2340 840 2370 [ratris
865 2343 963 2372 nostri
991 2366 1010 2373 ..
1035 2345 1171 2384 episcopi
1191 2351 1222 2376 et

209 2388 402 2419 dilectorum
428 2389 570 2421 filiorum
594 2392 722 2430 capituli
747 2402 783 2423 ac
808 2395 902 2424 totius
927 2395 1004 2426 cleri
1026 2397 1164 2428 civitatis
1192 2404 1222 2430 et

211 2442 348 2473 diocesis
370 2443 523 2473 Metensis
542 2453 604 2475 non
622 2445 692 2476 sine
709 2455 826 2485 magno
842 2447 950 2479 dolore
966 2450 1026 2480 fuit
1041 2452 1221 2490 expositum

210 2504 317 2526 coram
336 2496 427 2526 nobis
445 2497 548 2535 quod,
577 2499 710 2529 inimico
725 2500 857 2531 homine
879 2502 913 2531 in
933 2504 1073 2541 partibus
1089 2505 1154 2536 illis
1171 2516 1220 2537 se-

210 2549 356 2579 minante
376 2550 588 2589 discordiam,
608 2552 685 2583 adeo
703 2563 758 2592 per
776 2554 944 2591 incendia,
963 2558 1103 2596 rapinas⁷
1122 2559 1220 2599 depo-

211 2602 390 2641 pulationes
418 2612 569 2642 agrorum
600 2605 807 2646 hostiumque
833 2609 983 2640 incursus
1010 2616 1086 2641 sunt
1115 2613 1219 2643 reddi-

211 2655 294 2685 tibus
318 2661 349 2686 et
368 2657 575 2695 proventibus
598 2659 819 2691 ecclesiasticis
840 2662 993 2693 diminuti
1009 2665 1109 2704 quod,
1127 2667 1220 2706 quasi

209 2708 248 2737 ad
274 2713 489 2748 paupertatem
515 2711 660 2748 deducti,
689 2713 739 2743 vix
766 2714 886 2746 hahent
910 2718 994 2747 unde
1015 2719 1142 2750 valeant
1159 2721 1220 2751 sibi

211 2761 275 2792 vite
291 2764 468 2793 necessaria
485 2765 680 2803 ministrare,
697 2773 823 2807 propter
837 2770 920 2808 quod
935 2770 973 2801 de
989 2772 1133 2811 ipsorum
1149 2774 1220 2805 red-

213 2814 331 2845 ditibus
355 2821 384 2846 et
401 2818 608 2855 proventibus
628 2820 785 2851 decimam
807 2831 863 2862 pro
884 2824 1012 2862 negotio
1028 2823 1219 2864 regni'Ara-

211 2868 305 2905 gonie
320 2868 359 2898 ad
379 2873 440 2899 tres
455 2879 557 2901 annos
574 2872 728 2903 indictam
747 2884 802 2913 pro
819 2884 906 2907 anuo
925 2879 1077 2916 presenti,
1095 2880 1152 2919 qui
1168 2881 1220 2911 in-

210 2921 293 2959 cepit
312 2922 345 2951 in
362 2932 446 2954 anno
463 2925 648 2956 NatiVitatis
664 2927 793 2958 Domini
806 2931 949 2968 proximo
965 2933 1135 2971 preterito,
1154 2943 1220 2966 non

212 2978 384 3012 potuerunt
399 2976 521 3007 solvere
538 2988 641 3018 neque
658 2986 800 3019 possunt.
818 2983 923 3019 Quare
944 2986 1036 3016 nobis
1053 2987 1221 3019 humiliter

213 3026 435 3065 supplicarunt
451 3034 484 3059 ut
500 3031 584 3069 ipsos
602 3041 620 3062 a
635 3033 793 3065 solutione
811 3036 910 3075 ipsius
927 3038 1050 3070 decime
1065 3049 1121 3080 pro
1137 3041 1221 3073 dicto

1305 429 1391 452 anno
1411 422 1547 459 presenti
1567 421 1730 452 absolvere
1746 422 1784 452 de
1800 423 1998 461 benignitate
2013 425 2186 463 apostolica
2201 427 2315 466 digua-

1307 483 1426 504 remur.
1450 475 1517 505 Nos
1534 476 1652 514 itaque,
1672 475 1915 506 necessitatibus
1931 485 2042 507 eorum
2058 478 2152 509 modo
2164 478 2227 509 alio
2242 489 2314 518 pro-

1306 528 1415 558 videre
1434 528 1576 558 volentes
1588 551 1596 565 ,
1613 528 1799 559 discretioni
1816 533 1919 560 vestre
1937 538 1992 569 per
2010 531 2182 570 apostolica
2199 534 2316 573 scripta

1306 581 1499 612 mandamus
1522 587 1702 622 quatenus,
1728 583 1754 613 si
1783 583 1946 622 premissis
1968 584 2085 615 veritas
2103 586 2314 626 suffragetur,
2353 583 2370 621 -ζ

1307 643 1360 664 vos
1377 635 1429 664 vel
1453 634 1533 665 alter
1548 639 1690 665 vestrum
1702 660 1709 673 ,
1728 636 1811 674 ipsos
1829 645 1847 665 a
1868 637 2059 676 prestatione
2074 638 2174 677 ipsius
2193 638 2316 671 decime

1306 697 1362 727 pro
1378 688 1462 719 dicto
1478 697 1564 719 anno
1580 689 1719 728 presenti
1736 690 1922 720 auctoritate
1937 694 2047 721 nostra
2064 692 2190 730 penitus
2212 692 2315 724 absol·
2336 703 2338 706 ’

1306 747 1428 778 ventes,
1449 741 1537 772 illam
1552 751 1608 781 pro
1622 742 1723 772 tribus
1738 743 1833 773 anuis
1847 743 1964 773 futuris
1981 744 2177 784 incipiendis
2186 745 2221 775 in
2239 745 2316 778 festo

1307 796 1490 826 Nativitatis
1510 796 1643 826 Domini
1668 797 1812 835 proximo
1839 797 1945 827 futuro
1967 798 2127 836 predicto,
2150 803 2242 838 prout
2262 799 2316 830 ina-
2339 788 2343 794 ’

1307 850 1389 879 dicta
1405 854 1451 879 est
1465 854 1496 880 et
1510 852 1670 889 quatenus
1686 850 1775 880 illam
1793 851 1884 889 juxta
1900 851 2113 890 quantitatem
2133 852 2316 884 reddituum

1307 903 1593 933 ecclesiasticorum
1609 903 1664 942 qui
1681 902 1720 933 ad
1732 912 1785 933 eos
1797 904 2003 943 pervenerint
2015 904 2140 936 solvere
2155 909 2314 946 poterunt,

1306 957 1345 986 ab
1361 957 1407 986 eis
1426 956 1564 987 fideliter
1580 956 1724 994 exigatis.
1745 956 1780 987 Si
1806 965 1886 996 quos
1904 966 1978 988 vero
1996 967 2032 988 ex
2051 958 2173 989 eisdem
2190 963 2316 999 propter

1307 1011 1365 1042 hoc
1392 1011 1735 1041 excommunicationis
1767 1011 1961 1041 sententiam
1989 1016 2020 1041 et
2047 1004 2316 1051 irregularitatem

1305 1064 1494 1094 inveneritis
1508 1064 1696 1100 incurrisse,
1714 1064 1800 1103 ipsos
1813 1073 1831 1094 a
1849 1065 2009 1095 sententia
2025 1065 2094 1104 ipsa
2106 1065 2270 1097 absolvere
2279 1075 2316 1098 ac

1305 1127 1379 1148 cum
1395 1118 1441 1148 eis
1455 1128 1489 1148 su
1495 1127 1550 1157 per
1564 1117 1800 1156 irregularitate
1812 1118 1998 1156 hujusmodi
2009 1119 2197 1150 auctoritate
2209 1123 2316 1150 nostra

1304 1172 1489 1211 dispensare
1507 1172 1639 1208 curctis,
1657 1176 1749 1210 prout
1766 1171 1943 1202 secundum
1961 1172 2067 1202 Deum
2084 1176 2115 1202 et
2129 1172 2314 1203 animarum

1304 1235 1436 1257 suarum
1453 1226 1547 1256 saluti
1563 1225 1707 1255 videritis
1724 1225 1883 1265 expedire.
1902 1225 1975 1257 Dat.
1993 1230 2146 1265 utsupra.
2165 1237 2179 1253 n

1840 1306 1966 1338 Orvicto,
1985 1306 2018 1333 10
2032 1305 2150 1334 octobre
2164 1306 2243 1334 1290.

1346 1383 1359 1397 α
1380 1371 1416 1400 ΙΠ
1434 1379 1461 1400 e.
1480 1379 1523 1399 m.
1543 1369 1663 1400 eisdem
1682 1369 1921 1405 collectoribus,
1941 1377 1995 1408 pro
2020 1368 2198 1399 venerabili
2219 1368 2314 1400 fratre

1306 1446 1326 1454 ..
1345 1423 1490 1462 episcopo
1506 1427 1536 1453 et
1551 1422 1675 1453 dilectis
1690 1422 1767 1453 filiis
1785 1422 1924 1461 capitulo
1941 1431 1977 1452 ac
1994 1427 2056 1453 toto
2072 1421 2157 1453 clero
2178 1421 2314 1453 civitatis

1305 1482 1335 1507 et
1348 1477 1482 1508 diocesis
1502 1477 1738 1513 Virdunensis‚
1756 1477 1815 1507 sub
1831 1477 1903 1506 Dat.
1924 1476 2007 1516 apud
2030 1476 2312 1513 Urbemveterem,

1303 1541 1335 1561 VI
1351 1531 1422 1561 idus
1437 1531 1588 1567 octobris,
1605 1538 1692 1560 anno
1711 1530 1811 1560 tertio.
1832 1541 1846 1557 »
1865 1531 1921 1568 (Εη
1937 1529 2067 1568 maroe).

1375 1705 1627 1735 2243-2244
1887 1703 2015 1738 Orvieto‚
2033 1703 2066 1731 13
2079 1704 2144 1738 juin
2162 1703 2241 1731 1290.

1338 1768 1546 1803 Indulgentiae.
1565 1767 1649 1801 (Rea.
1667 1768 1698 1794 45
1711 1788 1717 1799 ‚
1735 1775 1761 1795 c.
1777 1766 1840 1798 211,
1858 1767 1875 1793 f.
1895 1766 1926 1794 37
1945 1768 1991 1799 ro.)

1346 1872 1499 1902 Universis
1519 1871 1633 1901 Christi
1653 1871 1791 1908 fidelibus
1810 1874 1961 1908 presentes
1984 1870 2102 1899 litteras
2119 1871 2310 1908 inspecturis.

1304 1925 1546 1963 Indulgentiam
1564 1925 1660 1954 unius
1681 1923 1760 1953 anni
1784 1928 1814 1953 et
1833 1933 1871 1953 XL
1888 1923 2015 1953 dierum
2036 1923 2182 1953 concedit
2197 1923 2242 1954 eis
2257 1923 2314 1962 qui
2333 1957 2338 1962 ,

1304 1978 1470 2009 ecclesiam
1485 1977 1702 2007 cathedralem
1723 1977 1916 2012 Metensem,
1930 1977 1964 2006 in
1977 1976 2134 2007 honorem
2148 1976 2231 2007 beati
2247 1975 2314 2007 Ste-

1306 2031 1404 2071 phani
1431 2031 1676 2070 protomartyris
1709 2034 1946 2066 constructam,
1975 2030 2008 2059 in
2039 2029 2178 2067 singulis
2204 2029 2315 2061 beatae

1306 2087 1426 2116 Mariae
1438 2110 1446 2124 ‚
1463 2084 1649 2115 Nativitatis
1666 2088 1695 2114 et
1710 2083 1968 2114 Resurrectionis
1984 2083 2129 2121 Domini,
2147 2084 2314 2114 Pentecos-

1305 2144 1369 2176 tes,
1395 2139 1553 2170 Omnium
1578 2140 1786 2175 Sanctorum,
1816 2137 2019 2168 Inventionis
2044 2136 2078 2168 S.
2104 2137 2259 2176 Stephani
2282 2139 2313 2168 et

1304 2193 1530 2224 Conversionis
1554 2192 1588 2222 S.
1612 2191 1707 2221 Pauli
1732 2191 1976 2228 festivitatibus,
2000 2200 2054 2230 per
2074 2195 2143 2222 octo
2165 2190 2234 2222 dies
2262 2199 2329 2222 se*

1304 2251 1437 2286 quantes
1453 2250 1483 2276 et
1499 2246 1532 2275 in
1551 2245 1774 2275 anniversario
1795 2244 1847 2274 die
1863 2244 2072 2275 dedicationis
2093 2243 2238 2284 ejusdem
2260 2252 2314 2275 ec·

1304 2300 1420 2331 clesiae
1438 2299 1648 2329 visitaverint.

1346 2366 1359 2381 «ι
1378 2353 1461 2384 Cum
1479 2352 1518 2383 ad
1536 2352 1783 2391 promerenda...
1802 2368 1841 2374 —
1857 2351 1929 2381 Dat.
1945 2357 1980 2381 ut
1997 2360 2105 2390 supra.
2123 2362 2137 2378 »
2447 2339 2476 2416 „2ss

1654 2445 2018 2480 sainte-Marie-Majeure,
2036 2445 2051 2472 5
2067 2453 2145 2472 mars
2160 2444 2240 2473 1290.
2308 2483 2310 2485 Ι

1343 2510 1382 2540 In
1399 2519 1427 2540 e.
1446 2518 1488 2539 m.
1507 2508 1642 2543 Jacobo,
1661 2508 1796 2539 Sanctae
1818 2507 1938 2538 Mariae
1955 2508 1989 2538 in
2007 2507 2066 2538 Via
2088 2507 2152 2538 lata
2175 2507 2321 2539 diacon·
2453 2493 2477 2554 '¹⁰ss

1302 2563 1474 2600 cardinali,
1491 2562 1780 2601 archipresbytero,
1796 2569 1833 2591 ac
1850 2584 1870 2590 ..
1889 2560 1989 2600 priori
2003 2564 2033 2591 et
2043 2560 2182 2601 capitulo
2196 2559 2292 2592 basili
2316 2579 2320 2583 ·
2447 2553 2477 2578 Μ’

1303 2625 1358 2647 cae
1388 2616 1523 2647 Sanctae
1556 2616 1677 2646 Mariae
1710 2615 1841 2654 Majoris
1869 2614 1908 2645 de
1940 2614 2036 2645 Urbe.
2067 2613 2230 2653 Indulgen
2249 2613 2255 2620 ”
2285 2627 2315 2644 w.
2446 2601 2473 2632 *W

1303 2670 1401 2701 unius
1418 2670 1498 2700 anni
1513 2674 1543 2700 et
1557 2679 1596 2700 xc
1612 2669 1739 2700 dierum
1757 2667 1902 2699 concedit
1917 2668 1962 2699 eis
1978 2668 2034 2707 qui
2049 2667 2150 2698 altare
2162 2667 2197 2698 in
2213 2667 2269 2699 ho·
2284 2680 2289 2693 ι
2395 2706 2398 2709 .
2445 2652 2477 2709 Q

1303 2733 1372 2754 rem
1394 2723 1502 2754 Sancti
1519 2723 1675 2762 Stephani
1695 2722 1735 2753 de
1752 2730 1834 2752 novo
1854 2721 1887 2751 in
1910 2721 2068 2761 praedicta
2091 2721 2222 2752 basilica
2235 2729 2286 2752 co
2309 2738 2311 2740 v
2445 2707 2477 2740 Ἢ]

1304 2781 1460 2806 structum
1482 2776 1517 2806 in
1541 2776 1593 2806 die
1619 2776 1783 2806 dumtaxat
1809 2784 1872 2814 qua
1897 2774 1979 2805 illud
2003 2775 2174 2814 contigerit
2197 2782 2316 2818 consj.
2444 2765 2477 2816 Q

1304 2830 1404 2868 erari,
1431 2834 1462 2860 et
1487 2830 1691 2869 postmodum
1718 2829 1883 2860 basilicam
1909 2832 1939 2859 et
1964 2827 2063 2859 altare
2090 2826 2299 2868 praedictas*
2445 2819 2477 2876 '¹²²2

1304 2884 1527 2915 anniversario
1545 2884 1643 2924 hujus
1663 2883 1872 2914 dedicationis
1896 2882 1948 2913 die
1969 2885 2001 2913 et
2024 2882 2060 2912 in
2081 2881 2160 2913 festo
2183 2881 2216 2914 S.
2239 2880 2316 2919 Βκ,
2444 2873 2477 2930 Q

1305 2936 1405 2976 phani
1421 2937 1634 2968 visitaverint.
2444 2926 2476 2954 Μ

1346 3001 1360 3017 α
1379 2991 1461 3021 Loca
1473 2995 1659 3022 sanctorum
1669 2991 1855 3021 omnium...
1866 2989 1985 3021 —Dat.
2000 2988 2205 3029 Rome,apud
2215 2988 2312 3020 San&
2326 2991 2327 2994 ’
2443 2980 2477 3058 gl*

2461 3040 2477 3062 ii

1307 3048 1371 3074 tam
1393 3044 1532 3075 Mariam
1551 3045 1707 3084 Majorem
1722 3068 1730 3083 ,
1746 3054 1780 3074 ιιι
1801 3052 1902 3075 nonas
1924 3044 2051 3081 martii,
2067 3052 2154 3075 anno
2173 3042 2274 3075 tertio.
2306 3057 2308 3065 v
