2342 3652
948 379 1175 414 DEUXIEME
1197 379 1355 414 ANNEE.
2133 391 2190 422 399

108 449 287 487 episcopum
304 447 526 486 personaliter,
544 448 568 476 si
588 449 718 478 comode
736 449 806 478 fieri
824 450 944 487 poterit,
964 450 1107 488 alioquin

107 502 140 531 in
157 501 268 539 majori
286 500 507 530 Cameraceusi
525 501 674 539 ecclesia,
698 502 876 531 convocatis
897 502 979 532 clero
1002 507 1031 532 et
1053 511 1106 540 po-

106 553 196 592 pulo,
214 552 338 591 publice
354 553 510 591 proposito
525 553 683 582 citationis
700 553 812 583 edicto.
831 554 915 583 uude
933 554 1107 584 verisimile

107 606 147 636 sit
166 606 204 636 ad
227 615 300 635 eum
325 614 415 644 posse
437 606 620 635 citationem
646 606 833 644 hujusmodi
857 608 1043 646 pervenire,
1069 616 1105 636 ex

105 665 190 698 parte
207 664 312 689 nostra
329 660 538 697 peremptorie
553 659 650 688 citare
666 660 784 689 curetis
800 665 832 689 nt
850 661 915 699 ipse
932 661 1015 690 iufra
1031 669 1105 699 qua-

104 717 175 743 tuor
188 720 314 742 menses
330 716 398 750 post
415 712 598 741 citationem
622 716 758 741 vestram
769 735 777 749 ,
800 713 858 741 sub
874 722 953 751 pena
970 721 1104 751 suspen-

105 765 204 795 sionis
218 765 316 795 officii
332 769 362 794 et
382 764 546 800 beneficii,
571 774 667 803 quam
686 765 824 794 eundem
840 764 1103 794 Cameracensem

104 819 283 857 episcopum
299 841 305 851 ,
326 818 353 847 si
378 826 488 856 parere
511 817 754 855 contempserit,
773 818 937 847 incurrere
955 816 1104 847 volumus

101 872 168 910 ipso
186 871 274 906 facto,
291 870 461 909 apostolico
476 879 509 900 se
525 870 706 908 conspectui
719 870 927 908 personaliter
942 878 1104 908 represen—

103 929 160 960 tet,
177 924 315 954 facturus
332 928 362 953 et
377 927 559 961 recepturus
578 931 633 961 pro
650 922 773 952 meritis
790 923 872 961 quod
887 922 1012 960 justitia
1027 930 1101 952 sna-

100 977 194 1007 debit.
213 977 415 1006 Predicentes
432 977 537 1006 eidem
557 977 641 1015 quod
653 999 661 1012 ,
685 976 711 1005 si
734 976 919 1014 hujusmodi
938 976 1101 1005 mandato-

99 1040 170 1062 rum
180 1035 359 1060 nostrorum
374 1039 447 1060 eum
458 1030 679 1069 repperiemur
692 1030 827 1060 ulterius
841 1033 1101 1068 contemptorem,

99 1092 162 1114 non
178 1083 321 1114 obstante
336 1083 405 1121 ejus
429 1083 573 1112 absentia
585 1106 592 1119 ‚
611 1082 822 1121 spiritualiter
841 1087 871 1112 et
888 1081 1102 1120 temporaliter

98 1141 205 1167 contra
220 1145 292 1166 eum
307 1160 313 1172 ,
331 1136 557 1174 proutjustum
570 1136 670 1165 suerit
689 1140 719 1165 et
740 1135 886 1174 expedire
908 1135 1099 1171 viderimus,

96 1190 312 1230 procedemus.
332 1190 399 1219 Nec
414 1189 616 1219 intendimus
633 1189 717 1228 quod
741 1189 926 1226 hujusmodi
942 1189 1100 1219 citationis

97 1245 236 1283 pretextu
252 1235 415 1282 premissis
428 1243 627 1281 processibus
641 1243 815 1281 quominus
829 1244 863 1272 in
877 1243 1028 1272 firmitate
1044 1251 1101 1272 sua

96 1296 268 1336 perdurent
287 1296 323 1325 in
338 1295 446 1334 aliquo
468 1295 647 1334 derogetur.
675 1295 768 1325 Diem
792 1304 866 1325 vero
888 1295 1048 1325 citationis
1070 1299 1100 1324 et

95 1349 230 1380 formam
249 1353 279 1379 et
294 1348 450 1388 quicquid
466 1349 542 1378 inde
562 1349 699 1378 feceritis
716 1348 807 1378 nohis
833 1357 888 1386 per
911 1353 1028 1378 vestras
1047 1348 1097 1377 lit-

96 1407 176 1433 teras
191 1402 306 1432 harum
327 1403 442 1432 seriem
460 1403 662 1432 continentes
687 1402 838 1431 studeatis
860 1402 998 1432 fideliter
1020 1401 1098 1430 inti-

94 1465 191 1486 mare.
219 1456 290 1486 Dat.
321 1456 437 1493 Rome,
467 1456 550 1495 apud
580 1455 730 1485 Sanctam
757 1456 892 1485 Mariam
920 1456 1094 1494 Majorem‚

94 1510 187 1540 nonis
201 1509 349 1546 octobris,
365 1518 452 1540 anno
468 1509 617 1539 secundo.
636 1521 651 1536 »

495 1681 690 1709 Saint-Pierre
702 1703 708 1713 ,
727 1682 759 1709 18
775 1682 929 1708 novembre
947 1681 1023 1708 1289.

127 1745 287 1773 Processus
308 1749 407 1772 contra
431 1746 583 1780 Aragones
605 1749 633 1771 et
654 1744 782 1777 Siculos,
800 1744 1046 1779 Cephaludensem
1069 1747 1097 1770 et

90 1795 332 1822 Neucastrensem
348 1795 511 1830 episcopos,
526 1794 707 1828 Perusinam,
718 1790 903 1820 Tuder-'tinam
919 1797 947 1819 et
962 1793 1094 1819 pisanam

91 1843 229 1878 civitates,
245 1847 372 1871 castrum
389 1843 423 1870 de
436 1843 542 1878 Spello,
556 1843 718 1870 Guidonem
735 1847 763 1869 et
777 1842 925 1869 Galasium
938 1842 972 1869 de
983 1842 1096 1868 Monte-

88 1893 170 1920 fem-0
185 1896 213 1919 et
228 1892 368 1928 quosdam
385 1892 516 1919 bannitos
534 1893 674 1919 ecclesiae
692 1900 835 1918 romanae.
854 1891 936 1924 (Rae.
955 1891 998 1922 44,
1011 1899 1036 1918 c.
1050 1891 1093 1925 70,

89 1941 108 1968 f.
126 1942 176 1970 318
192 1943 239 1975 νο.)

125 2045 266 2075 Nicolaus
289 2050 342 2074 etc.
369 2045 414 2074 Ad
435 2045 646 2074 certitudinem
666 2046 855 2082 presentium
873 2050 898 2074 et
913 2045 1093 2073 772emor17am

87 2099 276 2135 futurorum.
293 2098 440 2133 Innovat‚
458 2097 598 2128 ratificat
610 2102 640 2127 et
654 2097 806 2136 approbat
821 2106 986 2136 processus
1004 2096 1093 2126 habi-

90 2154 134 2181 tos
153 2151 293 2189 primum
308 2151 343 2180 in
358 2150 409 2180 die
424 2150 550 2181 Coenae
565 2150 612 2190 (l)
627 2155 656 2180 et
673 2151 789 2180 deinde
803 2151 837 2180 in
855 2150 905 2180 die
923 2150 1094 2180 Ascensio-

89 2204 137 2233 nis
151 2203 196 2243 (2)
211 2204 353 2243 proximo
368 2204 545 2243 praeteritis
561 2209 671 2234 contra
687 2204 845 2234 Jacobum
863 2208 892 2233 et
908 2203 1092 2240 Alfonsum,
1120 2228 1123 2231 .

88 2257 250 2296 quondam
266 2257 352 2288 Petri
370 2257 446 2287 olim
458 2257 544 2295 regis
561 2258 748 2295 Aragonum
765 2256 860 2293 filios,
878 2260 907 2286 et
923 2255 1047 2286 Siculos
1065 2259 1094 2285 et

90 2309 236 2346 rebelles,
261 2332 282 2348 .,
302 2314 379 2340 tunc
402 2309 681 2349 Cephaludensem
700 2314 730 2340 et
747 2333 767 2341 ..
789 2315 863 2340 tunc
879 2310 1094 2339 Neucastren-

90 2371 157 2392 sem
172 2363 334 2402 episcopos
346 2386 355 2400 ,
374 2372 499 2394 necnon
518 2368 627 2393 contra
643 2363 833 2399 Perusinae,
857 2362 1051 2393 Tudertinae
1065 2366 1095 2391 et

91 2415 225 2446 pisanae
240 2416 404 2446 civitatum
421 2421 452 2446 et
466 2417 562 2446 castri
579 2417 616 2446 de
632 2415 749 2456 Spello,
768 2415 956 2455 Spoletanae
971 2415 1094 2445 dioece-

54 2502 60 2507 ,
91 2469 152 2505 sis,
169 2473 336 2508 potestates
349 2492 357 2506 ,
378 2470 561 2509 capitaneos
573 2493 581 2506 ‚
599 2469 815 2507 consiliarios,
835 2469 930 2507 cives,
948 2469 1094 2498 homines

91 2526 183 2560 atque
194 2523 391 2560 communia,
405 2522 589 2553 Gnidonem
605 2523 643 2552 de
655 2523 858 2552 Montefeltro
875 2526 904 2552 et
915 2521 1092 2558 Galasium‚

90 2576 365 2614 consanguineum
381 2576 450 2615 ejus
463 2600 470 2612 ,
490 2580 520 2606 et
537 2576 632 2605 etiam
649 2580 759 2606 contra
776 2576 928 2615 quosdam
945 2575 1094 2605 bannitos

91 2627 239 2659 ecclesiae
251 2637 412 2660 romanae.
426 2629 486 2659 Eos
500 2633 607 2660 monet
618 2633 651 2659 ut
664 2629 703 2659 ad
714 2629 867 2669 ecclesiae
883 2628 1034 2658 mandata
1046 2628 1095 2657 in—

91 2679 137 2710 fra
145 2680 340 2711 dominicam
351 2690 413 2720 qua
423 2686 569 2712 cantatur
582 2694 596 2709 «
612 2683 724 2712 Letare
733 2682 938 2713 Jerusalem»
951 2690 1022 2720 prox
1028 2681 1094 2711 imo

91 2737 256 2764 venturam
271 2734 375 2764 redire
388 2740 570 2773 procurent.
585 2735 861 2774 Cephaludensem
874 2744 949 2765 vero
964 2739 993 2764 et
1010 2735 1095 2764 Neu-

93 2791 285 2817 castrensem
311 2788 475 2827 quondam
499 2788 660 2827 episcopos
682 2789 757 2818 citat
782 2793 815 2818 ut
837 2789 922 2818 infra
950 2787 1093 2827 praedic-

93 2843 156 2869 tam
184 2839 382 2871 dominicam
408 2850 465 2871 suo
494 2843 676 2881 conspectui
703 2851 736 2872 se
765 2846 978 2881 praesentent.
1010 2854 1023 2868 «
1050 2841 1095 2871 Ut

92 2897 196 2923 autem
212 2893 400 2933 hujusmodi
422 2899 530 2925 noster
551 2903 717 2933 processus
740 2895 778 2925 ad
799 2904 1003 2926 communem
1026 2903 1093 2925 om-

123 3012 158 3043 (1)
173 3013 208 3037 N·
224 3014 277 3038 559.

125 3055 159 3087 (2)
173 3057 218 3081 Nn
232 3057 378 3083 mes-2180.

1190 450 1283 482 nium
1305 451 1449 480 notitiam
1474 453 1657 489 deducatur,
1685 459 1784 483 cartas
1806 455 1872 484 sive
1897 455 2098 486 membranas
2116 466 2188 495 pro-

1189 511 1313 532 cessum
1333 504 1530 535 continentes
1555 507 1692 536 eundem
1714 508 1747 536 in
1771 508 1927 546 presentis
1950 508 2078 538 basilice
2097 511 2188 540 Beati

1189 555 1274 584 Petri
1297 557 1511 594 apostolorum
1528 559 1679 598 principis
1698 560 1834 598 appendi
1852 560 1900 590 vel
1919 561 2004 598 affigi
2021 562 2111 592 ostiis
2133 572 2187 593 seu

1187 617 1280 646 super
1297 608 1498 640 liminaribus
1515 612 1681 643 faciemus.
1705 625 1717 640 n

1228 673 1241 687 α
1271 662 1398 692 pridem
1426 664 1459 692 in
1485 664 1574 709 die...
1599 682 1635 686 —-
1661 667 1775 696 Actum
1802 667 1835 695 in
1859 667 1967 703 Urbe,
1992 667 2025 696 in
2057 668 2187 699 basilica

1188 713 1276 743 Beati
1297 715 1381 744 Petri
1400 716 1554 753 predicta,
1575 717 1608 746 iu
1628 718 1679 747 die
1697 718 1907 749 dedicationis
1923 720 2022 758 ipsius
2037 720 2185 758 basilice,

1186 766 1385 804 pontificatus
1406 770 1504 798 nostri
1521 778 1605 799 anno
1621 771 1772 801 secundo.
1794 783 1807 797 n

1234 925 1350 954 2283

1220 988 1327 1015 Civitas
1367 988 1576 1015 Recanatensis
1610 998 1712 1016 rursus
1746 990 1778 1016 ad
1820 991 2016 1025 episcopatum
2055 991 2183 1025 erigitur.

1184 1037 1265 1071 (Rae.
1285 1038 1328 1071 44,
1345 1045 1368 1063 c.
1388 1038 1431 1067 71,
1452 1038 1469 1063 f.
1489 1038 1539 1064 318
1555 1040 1604 1068 νῦ.)

1459 926 1818 962 Sainte—Marie-Niajeure,
1838 929 1875 954 101-
1892 929 2041 955 decembre
2058 930 2133 957 1‘289.

1223 1140 1266 1168 Ad
1282 1143 1456 1176 perpetuam
1474 1140 1520 1168 rei
1533 1141 1721 1168 memoriam.
1734 1139 1901 1169 Civitatem
1919 1141 2182 1176 Remittat-ensem,

1182 1191 1259 1221 olim
1289 1191 1441 1221 dioecesis
1473 1191 1680 1225 Humanatis,
1710 1191 1825 1221 deinde
1852 1192 1891 1221 ad
1918 1192 2106 1230 dignitatem
2132 1202 2182 1222 ca-

1184 1245 1359 1274 thedralem
1387 1249 1539 1279 erectam,
1571 1254 1681 1275 rursus
1707 1244 1766 1274 hoc
1793 1244 1914 1275 honore
1945 1246 2115 1284 privatam,
2144 1246 2184 1276 ad

1182 1298 1374 1337 praedictam
1397 1297 1586 1335 dignitatem
1609 1298 1726 1327 iterum
1747 1298 1852 1336 erigit,
1877 1298 2071 1328 territorium
2100 1300 2183 1328 inter

1181 1352 1360 1382 Musionem
1378 1355 1408 1381 et
1429 1352 1610 1382 Potentiam
1628 1351 1741 1381 fluvios
1757 1351 1855 1381 situm
1872 1352 2099 1382 Recanatensis
2113 1353 2181 1383 dio-

1180 1406 1278 1436 ecesis
1295 1406 1360 1435 fore
1376 1409 1528 1436 statuenS.
1840 1430 1843 1432 .

1221 1471 1234 1485 α
1253 1458 1433 1497 Apostolice
1445 1458 1527 1487 sedis
1540 1458 1816 1496 circumscripta...
1831 1475 1868 1479 —
1886 1458 1957 1487 Dat.
1970 1459 2082 1494 Rome,
2099 1459 2181 1497 apud

1179 1513 1329 1542 Sanctam
1354 1512 1491 1541 Mariam
1516 1512 1689 1551 Majorem,
1714 1510 1860 1541 kalendis
1882 1511 2077 1548 decembris,
2097 1520 2181 1542 anno

1178 1566 1327 1597 secundo.
1345 1578 1358 1592 ι»

1248 1726 1366 1754 2284

1212 1788 1252 1816 Ut
1267 1789 1345 1816 cives
1366 1788 1582 1815 Recauatenses
1602 1787 1741 1814 ecclesiae
1758 1787 1912 1814 Humanati
1928 1795 1979 1814 sex
1996 1787 2082 1814 millia
2098 1787 2177 1813 flori-

1177 1846 1280 1865 norum
1294 1839 1357 1864 auri
1372 1837 1534 1864 restituant.
1553 1836 1636 1870 (Res.
1655 1837 1702 1867 44,
1720 1845 1745 1863 c.
1763 1836 1806 1867 7‘2,
1823 1836 1842 1863 f.
1861 1836 1911 1862 312
1927 1837 1975 1868 r0.)

1438 1724 1796 1759 Sainte-Marie-Majeure,
1811 1725 1848 1751 1⁰¹·
1861 1724 2012 1751 decembre
2029 1725 2105 1752 1289.

1216 1928 1324 1971 Dilecto
1342 1939 1405 1977 filio
1425 1963 1445 1969 ..
1466 1942 1580 1970 vicario
1600 1945 1699 1969 nostro
1717 1941 1750 1968 'in
1762 1938 1974 1977 spiritualibus
1992 1940 2023 1967 in
2042 1938 2176 1967 marchia

1175 1995 1378 2025 Anconitana.
1397 1993 1432 2022 Ei
1450 1992 1581 2022 mandat
1597 1996 1753 2030 quatenus
1769 2000 1824 2030 per
1838 1990 2177 2021 excommunicationis

1175 2048 1209 2077 in
1229 2055 1377 2086 personas
1402 2046 1558 2085 majorum
1577 2045 1713 2075 civitatis
1730 2048 1759 2074 et
1778 2044 1941 2074 interdicti
1960 2044 1994 2073 in
2017 2044 2175 2074 civitatem

1176 2100 1365 2136 sententias,
1382 2098 1593 2138 appellatione
1612 2101 1747 2134 remota,
1771 2105 1941 2127 commune
1959 2097 2177 2126 Recanatense

1176 2153 1344 2192 compellat
1365 2156 1400 2182 ut
1426 2151 1577 2181 ecclesiae
1599 2151 1775 2181 Humanati
1794 2159 1845 2180 sex
1868 2149 1969 2179 millia
1990 2149 2175 2179 florinorum

1175 2206 1248 2236 auri
1269 2205 1426 2235 restituat.

1218 2271 1230 2285 ιι
1252 2259 1340 2288 Licet
1353 2257 1474 2287 dudum
1493 2257 1642 2286 civitas...
1660 2273 1697 2278 —
1714 2256 1784 2285 Dat.
1803 2260 1957 2294 utsupra.
1979 2267 1992 2281 ιν

1211 2402 1453 2433 2285-2267
1542 2401 1892 2435 Sainte-MarieMaJeure,
1906 2402 1920 2427 5
1934 2401 2044 2435 janvier
2063 2399 2137 2426 1‘290.

1212 2466 1257 2492 Ad
1267 2464 1505 2501 praedicationem
1514 2463 1608 2490 crucis
1620 2463 1786 2490 sumendae.
1799 2463 1880 2497 (Rae.
1893 2463 1936 2495 44,
1945 2470 1970 2488 c.
1981 2461 2023 2494 73,
2035 2462 2053 2487 f.
2067 2461 2116 2488 31‘2
2129 2462 2175 2493 r0.)

1217 2569 1324 2598 Dilecto
1339 2568 1404 2604 filio
1424 2588 1442 2596 ..
1462 2567 1564 2603 priori
1580 2565 1764 2603 provintiam?
1781 2567 1917 2601 fratrum
1938 2563 2055 2592 ordinis
2076 2562 2175 2599 predi—

1176 2627 1313 2651 catorum
1336 2619 1469 2649 Romane
1490 2620 1642 2657 provintie
1670 2617 1869 2656 praedicandi
1893 2624 2017 2646 crucem
2044 2623 2174 2644 sumen-

1175 2675 1249 2704 dam
1265 2675 1298 2703 in
1317 2682 1374 2702 sua
1389 2672 1551 2711 provincia
1567 2671 1705 2701 officium
1722 2670 1900 2700 committit.

1217 2740 1230 2754 κ
1249 2726 1458 2756 Necessitates
1474 2724 1666 2754 miserabilis
1680 2727 1798 2753 terre...
1815 2739 1853 2744 --
1869 2722 1939 2751 Dat.
1958 2721 2074 2757 Rome,
2093 2720 2175 2759 apud

1176 2781 1324 2811 Sanctam
1348 2778 1482 2807 Mariam
1506 2777 1678 2815 Majorem,
1706 2776 1799 2805 nonis
1823 2773 1984 2813 Januarii‚
2015 2782 2100 2803 anno
2125 2782 2174 2803 se—

1175 2833 1291 2864 cundo.
1312 2844 1325 2859 »

1214 2887 1252 2916 Iu
1279 2895 1306 2916 e.
1330 2894 1373 2914 m.
1398 2908 1417 2916 ..
1440 2884 1536 2922 priori
1556 2881 1742 2921 provinciali
1763 2881 1897 2911 fratrum
1923 2880 2173 2919 praedicatorum

1176 2939 1396 2970 Lombardiae.

1214 2993 1253 3022 Iu
1272 3001 1299 3021 e.
1319 3000 1363 3020 m.
1381 3015 1401 3021 ..
1420 2990 1518 3029 priori
1537 2987 1678 3027 generali
1695 2988 1828 3017 fratrum
1843 2986 2071 3016 heremitarum
2087 2985 2174 3015 ordi-

1175 3047 1226 3077 nis
1243 3045 1350 3076 Sancti
1366 3043 1549 3090 Augustini.
1567 3042 1625 3082 (Εη
1643 3051 1765 3079 mar9e;
1784 3041 1921 3076 Porra„
1939 3039 2060 3075 23152.)
