2342 3652
945 379 1173 414 DEUXIEME
1195 379 1354 413 ANNEE.
2136 392 2189 421 401

101 451 191 481 dium
206 452 378 490 impertiri.
395 452 532 488 Insuper
551 458 662 479 omnes
686 450 743 488 qui
764 450 918 480 hactenus
941 450 1025 479 idem
1045 451 1108 488 sig*

100 513 178 534 num
208 513 263 542 pro
295 503 406 534 eodem
437 502 581 532 subsidio
613 506 823 540 susceperunt
858 506 921 531 tam
953 505 982 531 tu
1012 511 1108 540 quam

101 557 240 595 eligendi
252 557 385 596 predicti
399 564 530 585 monere
542 564 578 584 ac
592 554 746 584 inducere
760 555 934 593 procuretis
951 560 996 590 ut,
1013 555 1105 591 illud,

101 611 127 640 si
147 611 227 640 forte
248 609 450 644 dimiserint,
472 612 671 638 resumentes
685 631 691 643 ,
717 607 863 636 alacriter
886 613 967 637 terre
991 608 1108 646 prefate

100 663 246 692 studeant
279 661 450 691 efficaciter
485 660 668 689 subvenire.
702 658 784 688 Cum
817 664 924 688 autem
958 660 1108 689 omnibus

99 715 219 745 Christi
235 714 383 744 fidelibus
405 714 460 752 qui
484 722 577 742 011100
593 717 737 750 suscepta
756 712 859 741 eidem
878 717 959 741 terre
979 721 1106 742 succur-

99 777 168 798 sum
185 767 403 806 impenderint
421 770 625 804 oportunum,
645 765 820 802 unicuique
835 764 1013 794 secundum
1034 773 1106 803 pro-

99 821 204 861 prium
218 820 383 856 meritum,
397 819 634 856 indulgentiam
645 817 829 852 salutarem,
844 826 879 846 ac
891 817 1030 846 maxime
1041 817 1107 846 illis

99 874 154 913 qui
170 873 205 903 in
227 874 325 911 ipsius
345 878 427 902 terre
444 872 623 902 subsidium
646 870 696 900 vel
718 870 929 909 personaliter
947 870 1041 899 ibunt
1056 869 1106 899 vel

99 926 265 957 bellatores
287 931 343 956 aut
361 926 440 956 alios
458 926 543 955 viros
558 925 701 964 ydoneos
717 925 808 963 juxta
828 924 1013 954 facultatum
1033 933 1107 953 sua-

100 989 171 1010 rum
189 979 382 1018 exigentiam
397 979 432 1008 in
447 979 584 1017 propriis
604 978 783 1016 sumptibus
798 977 1004 1006 destinabunt
1019 977 1104 1006 mul-

101 1033 254 1072 tiplicium
271 1033 447 1071 gratiarum
464 1032 621 1062 beneficia
637 1031 866 1067 concedamus,
884 1031 966 1060 sicut
984 1031 1017 1059 111
1035 1030 1107 1060 aliis

99 1087 215 1116 nostris
236 1086 354 1116 litteris
379 1095 441 1124 que
460 1086 621 1115 universis
641 1085 827 1122 diriguntur
846 1084 1038 1114 christicolis
1062 1094 1107 1114 se-

98 1139 214 1170 riosius
230 1140 414 1169 continetur
426 1164 433 1175 ,
451 1139 629 1170 earundem
648 1138 829 1167 litterarum
847 1143 988 1167 tenorem
1003 1162 1009 1173 ,
1028 1147 1106 1176 quas

100 1193 157 1223 tibi
172 1201 238 1222 una
253 1201 327 1223 cum
341 1192 543 1232 presentibus
557 1191 770 1226 destinamus,
789 1200 844 1230 per
860 1196 888 1220 te
901 1199 936 1221 ac
951 1191 1031 1221 alios
1047 1191 1106 1220 011-

97 1246 217 1285 gendos
239 1255 257 1276 a
279 1251 329 1282 te,
351 1251 384 1276 ut
406 1246 552 1284 superius
574 1249 786 1279 memoratur,
811 1244 960 1274 volumus
982 1244 1106 1282 populis

96 1299 282 1331 christianis
299 1300 483 1338 frequenter
497 1303 527 1329 et
542 1299 715 1336 diligenter
730 1298 845 1337 exponi
859 1323 865 1335 ,
884 1298 929 1327 ita
946 1297 1105 1336 siquidem

45 1342 48 1347 *
96 1352 224 1393 provide
239 1353 323 1392 quod
340 1357 370 1382 et
389 1352 544 1382 beneficia
556 1351 698 1390 predicta
714 1360 775 1390 que
789 1352 866 1389 ipsis
881 1351 915 1380 in
932 1355 1014 1380 terra
1030 1359 1105 1380 con-

95 1405 240 1436 cedimus
259 1410 291 1435 et
313 1406 473 1444 copiosam
490 1405 671 1435 mercedem
691 1413 752 1443 que
773 1405 850 1443 ipsis
866 1408 1054 1443 preparatur
1069 1403 1105 1432 in

95 1458 162 1490 celo
177 1467 351 1497 agnoscere
362 1459 490 1489 valeant
508 1463 538 1488 et
553 1467 673 1493 amare,
692 1466 750 1488 nec
764 1462 870 1487 tamen
887 1466 923 1486 ex
937 1457 1104 1495 predican-

95 1511 177 1542 tium
195 1512 302 1542 verbis
319 1513 500 1551 concipiant
520 1520 553 1541 se
569 1515 623 1541 aut
640 1511 769 1550 plenam
786 1511 820 1540 10
839 1511 964 1540 casibus
983 1510 1016 1539 in
1036 1510 1106 1549 qui-

67 1595 70 1597 *
93 1564 153 1596 bus
176 1574 381 1604 nequaquam
407 1566 594 1595 conceditur
615 1569 670 1594 aut
691 1565 846 1602 maiorem
870 1573 967 1602 quam
989 1572 1103 1594 conce-

94 1617 186 1648 datur
219 1618 455 1656 indulgentiam
493 1618 680 1657 promereri.
712 1617 874 1648 Volumus
909 1622 1017 1647 autem
1050 1622 1083 1646 ut
1098 1641 1103 1652 ,

52 1688 54 1693 ν
69 1671 72 1674 ’
95 1672 241 1710 quotiens
257 1672 408 1711 expedire
426 1672 556 1708 videris,
576 1671 814 1709 indulgentiam
832 1675 861 1700 et
878 1671 1033 1700 beneficia
1049 1680 1104 1700 su-

54 1727 57 1730 *
93 1725 234 1765 pradieta
256 1726 427 1756 extendere
450 1726 557 1755 valeas
572 1751 581 1765 ‚
606 1734 672 1755 non
698 1724 803 1755 solum
829 1724 868 1754 ad
889 1724 962 1754 illos
987 1726 1041 1763 qui
1065 1724 1104 1754 ad

51 1804 54 1810 .
94 1778 315 1809 defensionem
332 1783 363 1809 et
377 1779 553 1809 custodiam
576 1779 713 1808 civitatis
735 1778 932 1808 Acconensis
948 1777 1104 1807 aliorum-

95 1841 157 1872 que
172 1832 317 1863 locorum
335 1842 398 1871 que
420 1833 454 1862 in
473 1833 616 1871 partibus
634 1833 732 1862 Terre
750 1831 865 1862 Sancte
887 1831 1106 1860 christianitas

95 1886 233 1926 possidet
247 1886 286 1916 de
301 1886 498 1925 quibuslibet
520 1887 612 1916 terris
636 1890 688 1916 tue
705 1885 874 1924 legationis
893 1885 1084 1914 accesserint
1098 1909 1103 1921 ‚

95 1947 205 1969 verum
234 1940 330 1970 etiam
353 1940 393 1969 ad
418 1939 539 1970 incolas
560 1939 745 1969 eorumdem
772 1939 914 1968 locorum
945 1938 1000 1976 qui
1023 1938 1105 1967 circa

94 1991 312 2024 defensionem
339 1998 369 2023 et
393 1994 571 2023 custodiam
596 1994 698 2031 ipsam
726 1991 864 2022 fideliter
892 1991 1102 2023 laborabunt,

95 2045 268 2076 dummodo
287 2050 350 2076 tam
367 2046 553 2076 accedentes
576 2055 681 2084 quam·
693 2045 797 2075 incole
813 2045 874 2083 ipsi
894 2053 950 2083 per
965 2045 1104 2082 spatium

58 2129 65 2135 „
96 2100 245 2138 temporis
272 2103 324 2129 tue
345 2100 549 2130 discretionis
573 2099 704 2129 arbitrio
727 2098 950 2137 prefigendum
976 2098 1011 2127 in
1035 2098 1104 2136 ipsa

71 2191 73 2193 ι
94 2152 280 2183 defensione
302 2157 334 2183 et
349 2153 492 2183 custodia
508 2157 723 2191 perseverent.
747 2152 896 2182 Ceterum
917 2151 1047 2189 populos
1063 2151 1103 2180 ad

94 2209 178 2236 certa
195 2211 226 2236 et
248 2206 375 2245 ydonea
393 2206 463 2236 loca
483 2206 632 2245 quotiens
652 2205 828 2243 expedierit
845 2204 1044 2234 convocandi
1063 2204 1103 2234 ad
1125 2230 1128 2233 Δ

63 2256 81 2293 ⁴,
94 2259 227 2290 verbum
238 2259 342 2290 0111015
353 2259 524 2290 salubriter
535 2259 734 2289 audiendum
749 2267 786 2288 ac
801 2258 951 2288 omnibus
967 2266 1040 2287 vere
1053 2267 1104 2296 pe-

95 2312 271 2343 nitentibus
297 2317 328 2343 et
348 2313 502 2343 confessis
526 2313 581 2351 qui
606 2312 645 2342 ad
669 2312 853 2350 hujusmodi
871 2311 1103 2350 predicationes

95 2366 303 2396 convenerint
314 2369 344 2396 et
354 2366 441 2396 idem
456 2366 589 2396 verbnm
602 2365 765 2395 audierint
778 2369 960 2395 reverenter
973 2368 1102 2394 centum

95 2417 165 2449 dies
177 2419 216 2449 de
229 2419 385 2458 injunctis
401 2419 462 2448 sibi
477 2419 663 2457 penitentiis
676 2418 841 2448 relaxandi
858 2423 920 2447 tam
935 2418 990 2447 tibi
1007 2425 1103 2455 quam

94 2472 246 2512 predictis
263 2472 422 2510 eligendis
446 2481 464 2502 a
489 2477 517 2502 te
539 2472 736 2511 presentium
752 2471 939 2501 auctoritate
955 2470 1103 2500 concedi-

74 2551 75 2554 ,
95 2531 168 2554 mus
182 2525 377 2555 facultatem.
395 2525 572 2564 Siquando
588 2530 695 2554 autem
711 2524 750 2554 ad
767 2524 916 2554 ecclesias
932 2523 1104 2553 interdicto

96 2579 270 2618 suppositas
297 2583 324 2608 te
351 2578 402 2608 vel
424 2579 508 2618 ipsos
533 2579 684 2608 devenire
706 2578 877 2616 contigerit
890 2601 896 2614 ,
920 2577 1014 2606 liceat
1039 2580 1103 2605 tam

95 2629 153 2660 tibi
167 2639 264 2670 quam
280 2631 360 2670 ipsis
372 2631 412 2661 ad
428 2631 556 2661 easdem
573 2631 705 2670 populos
723 2639 897 2661 convocare
913 2638 948 2659 ac
969 2629 1103 2659 verbum

96 2684 198 2714 crucis
214 2692 390 2723 proponere
403 2685 437 2714 in
453 2685 590 2721 eisdem,
607 2693 732 2714 necnon
747 2709 754 2721 ,
772 2683 1056 2714 excommunicatis
1073 2686 1104 2712 et

95 2736 275 2768 interdictis
299 2737 436 2768 exclusis
448 2761 456 2774 ,
483 2726 548 2768 1100
573 2738 708 2777 pulsatis
733 2738 897 2776 campanis
911 2761 917 2773 ‚
945 2736 1103 2766 submissa

96 2797 172 2820 voce
184 2813 191 2826 ,
207 2791 319 2829 januis
335 2790 469 2828 clausis,
491 2800 565 2821 01110
588 2791 700 2821 vestris
720 2791 853 2821 familiis
873 2790 983 2820 divina
999 2789 1103 2820 officia

97 2843 267 2874 celebrare
283 2844 335 2874 Ad
354 2843 414 2874 hec
430 2844 457 2874 si
479 2845 535 2883 qui
549 2844 773 2874 accedentium
788 2845 822 2874 in
835 2845 904 2882 jam
919 2844 1002 2873 dicte
1021 2847 1102 2872 terre

97 2895 275 2927 subsidium
288 2906 343 2927 500
359 2897 593 2927 destinandum
608 2898 693 2928 viros
709 2897 851 2936 ydoneos
863 2897 954 2936 juxta
970 2904 1103 2925 suarum

97 2949 289 2988 exigentiam
309 2950 498 2981 facultatum
519 2955 574 2981 aut
593 2951 824 2990 exponentium
850 2949 1039 2987 semetipsos
1063 2948 1103 2978 ad

97 3001 316 3033 defensionem
327 3008 357 3033 et
366 3003 544 3034 custodiam
555 3003 753 3043 supradictas
762 3002 1103 3033 excommunicationis

71 3081 78 3086 .
99 3060 205 3086 essent
221 3056 351 3086 vinculo
366 3056 513 3087 innodati
529 3065 585 3096 pro
599 3056 739 3087 violenta
754 3055 930 3095 injectione
945 3062 1103 3085 manuum

238 3121 310 3149 Rea.
330 3121 454 3150 Nicous
473 3121 526 3149 tv.

1191 450 1225 478 in
1253 450 1399 486 clericos,
1428 451 1585 481 seculares
1611 457 1666 481 aut
1692 453 1786 482 etiarn
1817 453 1994 491 religiosos,
2021 457 2192 488 dummodo

1192 511 1256 532 nou
1273 503 1369 532 suerit
1391 512 1535 533 excessus
1558 504 1699 534 difficilis
1725 510 1754 535 et
1776 507 1916 536 enormis
1939 512 1968 536 et
1989 510 2088 546 passis
2106 510 2192 548 inju-

1192 556 1272 584 riam
1292 556 1485 586 satisfaciant
1503 561 1736 596 competenter,
1761 559 1828 589 sive
1847 569 1901 598 pro
1923 569 1959 590 eo
1983 563 2066 600 quod
2089 564 2191 601 sepul-

1191 617 1280 637 crum
1298 609 1496 639 dominicum
1513 611 1652 646 visitare,
1668 620 1723 640 sen
1740 612 1778 640 ad
1797 612 1917 651 Sycilie
1932 614 2071 644 insulam
2088 616 2136 645 vel
2153 618 2193 646 ad

1191 660 1268 689 alias
1290 666 1386 689 terras
1407 662 1574 691 accedere.
1596 663 1644 692 vel
1661 673 1733 693 cum
1754 664 1870 694 Siculis
1891 672 1944 695 aut
1962 667 2034 697 aliis
2058 669 2192 707 quibus·

1191 722 1327 752 cumque
1353 723 1591 744 communicare
1615 724 1649 744 111
1676 717 1894 747 mercimoniis
1918 728 1972 748 seu
1999 720 2070 750 aliis
2090 722 2192 751 modis

1190 771 1300 796 contra
1319 767 1565 804 prohibitionem
1584 768 1716 798 ecclesie
1732 775 2003 809 presumpserunt,
2021 773 2192 804 dummodo

1189 819 1267 856 ipsis
1283 825 1391 849 contra
1410 828 1575 849 romanam
1596 821 1760 851 ecclesiam
1779 831 1841 851 non
1859 824 2003 853 dederint
2025 826 2103 856 alias
2118 836 2191 856 con-

1190 873 1316 909 silium,
1339 874 1495 904 auxilium
1519 875 1564 903 vel
1589 876 1748 911 savorem,
1771 886 1828 906 nec
1846 887 1934 907 arma
1959 889 2013 909 seu
2032 882 2192 912 mercedes

1189 927 1366 965 prohibitas
1386 928 1583 964 portaverint
1598 928 1796 960 5011000015,
1814 931 1999 961 absolvendi
2017 934 2142 964 eosdem
2157 944 2193 964 ac

1189 980 1396 1018 dispensandi
1419 989 1490 1009 cum
1514 981 1639 1010 clericis
1661 982 1738 1019 qui,
1760 991 1831 1011 cum
1854 987 2193 1017 excommnuicationis

1190 1034 1382 1062 sententiam
1401 1033 1497 1062 latam
1513 1042 1530 1062 a
1549 1042 1670 1063 canone
1690 1035 1738 1063 vel
1758 1035 1797 1063 ab
1817 1035 1947 1065 homine
1964 1037 2191 1075 incurrissent,

1188 1086 1434 1124 irregularitatis
1463 1091 1592 1121 notam,
1621 1088 1832 1117 immiscendo
1859 1098 1891 1117 se
1919 1089 2035 1119 divinis
2060 1091 2191 1127 officiis,

1188 1144 1437 1176 contraxerunt,
1457 1140 1512 1169 tibi
1529 1145 1557 1169 et
1574 1139 1736 1178 aliquibus
1756 1141 1834 1170 viris
1851 1142 2062 1179 prudentibus
2079 1150 2108 1173 et
2126 1154 2194 1174 ma-

1191 1194 1279 1230 turis,
1295 1201 1374 1231 quos
1391 1193 1429 1222 ad
1447 1193 1505 1222 1100.
1521 1193 1696 1231 spetialiter
1714 1194 1812 1223 semel
1829 1194 1877 1223 vel
1894 1195 2013 1233 pluries
2029 1198 2195 1234 providen-

1189 1248 1231 1276 tia
1248 1251 1299 1276 tua
1317 1246 1463 1284 elegerit,
1482 1246 1688 1276 concedimus
1703 1252 1901 1285 potestatem.
1920 1249 2018 1279 Porro
2034 1251 2107 1288 quia
2123 1251 2192 1288 dig-

1188 1310 1250 1330 005
1275 1304 1323 1329 051
1346 1300 1511 1338 operarius
1535 1300 1681 1329 mercede
1700 1310 1773 1337 sua,
1793 1301 1848 1330 tibi
1870 1302 2017 1331 divinum
2041 1303 2099 1333 boc
2117 1312 2194 1342 opus

1188 1353 1323 1383 sollicite
1341 1353 1545 1391 prosequenti
1562 1353 1786 1383 remissionem
1803 1353 1929 1392 plenam
1954 1355 2100 1385 omnium
2120 1365 2192 1394 pec-

1187 1412 1329 1437 catorum
1348 1416 1383 1437 ac
1399 1407 1550 1437 omnibus
1566 1406 1631 1436 illis
1648 1415 1736 1445 quos,
1755 1412 1789 1436 ut
1803 1408 1994 1445 premissum
2014 1414 2076 1445 est,
2094 1410 2133 1439 ad
2148 1410 2192 1440 of—

1186 1461 1297 1490 ficium
1327 1460 1519 1499 predicande
1552 1461 1652 1490 crucis
1683 1460 1816 1498 elegeris
1844 1461 1878 1490 in
1917 1462 2025 1491 eodem
2056 1463 2193 1492 fideliter

1186 1514 1407 1544 laborantibus
1432 1522 1536 1551 opere,
1560 1514 1847 1552 quotienscumque
1867 1515 2048 1544 studuerint
2069 1516 2192 1555 populis

1187 1568 1226 1597 ad
1242 1567 1300 1597 hoc
1318 1567 1492 1606 spetialiter
1507 1568 1707 1605 congregatis
1726 1577 1902 1606 proponere
1928 1570 2060 1598 verbum
2076 1571 2190 1607 crucis,

1187 1625 1316 1650 centum
1339 1620 1466 1650 dierum
1489 1620 1726 1658 indulgentiam
1747 1620 1931 1658 elargimur,
1952 1630 1987 1650 ac
2005 1631 2056 1651 eos
2082 1622 2192 1652 indul·

1187 1674 1296 1712 gentie
1313 1678 1488 1703 memorate
1509 1682 1570 1712 que
1594 1674 1871 1703 transfretantibus
1890 1675 1922 1703 in
1944 1675 2122 1705 subsidium
2143 1685 2191 1705 se-

1186 1727 1348 1767 pedictum
1372 1726 1557 1756 conceditur
1575 1727 1667 1765 juxta
1689 1726 1806 1756 laboris
1827 1727 1874 1756 sui
1894 1736 2079 1757 mensnram
2101 1728 2191 1758 volu·

1186 1789 1260 1810 mus
1283 1779 1526 1818 participatione
1544 1779 1693 1817 gaudere.
1718 1779 1857 1818 Ideoque
1879 1784 1942 1809 tam
1964 1785 1994 1809 tn
2015 1789 2111 1819 quam
2130 1781 2191 1819 ipsi

1187 1833 1415 1864 confortamini
1435 1837 1465 1862 et
1484 1832 1620 1862 viriliter
1636 1833 1738 1870 agite,
1756 1842 1814 1863 nec
1837 1842 1891 1863 vos
1911 1833 1999 1863 labor
2016 1834 2190 1871 deterreat,

1187 1891 1350 1926 sperantes
1373 1886 1458 1925 quod
1483 1886 1572 1915 vobis
1600 1895 1655 1924 pro
1680 1886 1747 1924 ipso
1772 1885 1879 1915 labore
1904 1891 2012 1916 eterna
2033 1896 2153 1917 merces
2175 1896 2192 1916 a

1186 1941 1327 1970 Domino
1345 1944 1543 1978 preparatur.
1564 1940 1638 1968 Dat.
1655 1939 1755 1969 Rome
1770 1963 1776 1975 ,
1793 1939 1876 1977 apud
1891 1939 2040 1969 Sanctam
2057 1940 2192 1969 Mariam

1187 1995 1354 2033 MaJ'orem,
1372 2003 1419 2023 1111
1436 1993 1510 2023 idus
1527 1993 1694 2029 februarii,
1709 2001 1795 2022 anno
1811 1993 1960 2029 secundo.
1981 2005 1993 2019 ι)

1221 2186 1471 2215 2271-22ἵ2
1527 2184 1876 2218 Sainte-Marie-Majeure,
1893 2184 1928 2210 ler
1939 2185 2100 2218 septembre
2114 2184 2190 2211 1289.

1221 2249 1326 2275 Curam
1342 2247 1451 2274 ordinis
1467 2246 1558 2273 Vallis
1580 2247 1733 2273 umbrosae
1752 2245 1875 2279 Jacobo,
1892 2245 2014 2273 Sanctae
2038 2246 2140 2272 Mariae
2163 2246 2191 2272 in

1185 2299 1242 2325 Via
1254 2299 1310 2325 lata
1325 2297 1444 2324 diacono
1461 2296 1606 2329 cardinali,
1623 2296 1785 2322 committit.
1799 2295 1882 2329 (Res.
1898 2296 1938 2326 44,
1953 2304 1978 2321 0.
1992 2296 2034 2325 77,
2048 2295 2066 2321 f.
2081 2295 2127 2321 321
2143 2296 2190 2327 r⁰.)

1225 2415 1334 2443 Dilecto
1347 2412 1410 2450 filio
1422 2413 1536 2448 Jacobo,
1554 2412 1661 2441 Sancte
1677 2412 1771 2440 Marte
1790 2411 1821 2439 in
1844 2410 1892 2439 Via
1909 2411 1970 2438 Ιαῑα
1985 2411 2110 2439 diacono
2126 2418 2190 2438 car-

1185 2469 1296 2498 dinali.
1320 2479 1334 2493 ‹<
1359 2466 1451 2496 Circa
1475 2469 1591 2494 statum
1617 2464 1803 2494 monasterii
1834 2463 1933 2493 Vallis
1960 2463 2126 2497 umbrose,
2151 2462 2190 2491 ad

1184 2529 1351 2551 romanam
1373 2518 1539 2548 ecclesiam
1563 2516 1652 2547 nullo
1675 2517 1779 2546 medio
1801 2517 2004 2554 pertinentis.
2031 2514 2190 2545 Fesulane

1185 2573 1338 2609 diocesis,
1365 2577 1395 2601 et
1416 2570 1685 2600 monasteriorum
1698 2592 1705 2605 ‚
1731 2569 1926 2608 prioratuum
1940 2592 1947 2604 ,
1966 2568 2185 2597 membrorum

1186 2632 1216 2658 et
1240 2627 1383 2657 locorum
1405 2623 1553 2654 omnium
1577 2622 1680 2653 eidem
1705 2621 1899 2651 monasterio
1923 2621 2137 2659 subjectorum
2159 2624 2189 2650 et

1188 2681 1281 2711 totius
1302 2678 1402 2708 Vallis
1426 2677 1575 2706 umbrose
1597 2675 1719 2705 ordinis
1738 2679 1767 2704 et
1784 2683 1991 2713 personarum
2008 2674 2109 2711 ipsius
2131 2682 2188 2712 pa-

1187 2738 1275 2763 terne
1291 2730 1555 2761 considerationis
1580 2728 1733 2757 intuitum
1756 2727 1961 2756 extendentes
1977 2731 2007 2755 et
2022 2726 2189 2764 cupientes

1186 2790 1220 2815 01
1235 2794 1270 2814 ea
1288 2793 1343 2823 per
1361 2788 1411 2812 tue
1427 2781 1723 2819 circumspectionis
1741 2779 1933 2809 industriam
1950 2783 2032 2808 statu
2051 2778 2190 2809 letentur

1184 2845 1333 2878 prospero
1357 2840 1387 2866 01
1410 2833 1582 2873 tranquillo
1609 2842 1645 2863 ac
1674 2832 1894 2871 spiritualibus
1919 2836 1949 2861 01
1974 2832 2187 2870 temporibus,
2223 2854 2227 2860 .

1185 2896 1289 2921 actore
1312 2889 1470 2923 Domino,
1497 2886 1665 2925 proficiant
1686 2885 1912 2920 incrementis,
1940 2885 2013 2920 tibi,
2036 2884 2074 2914 de
2101 2886 2190 2923 cujus

1185 2942 1467 2981 circumspectione
1498 2939 1630 2979 provida
1665 2944 1694 2968 et
1731 2938 1927 2977 providentia
1961 2939 2190 2977 circumspecta

1184 2997 1313 3037 plenam
1330 2994 1477 3025 fidutiam
1496 2993 1679 3023 obtinemus
1695 3015 1702 3028 ‚
1728 2990 1835 3021 dilecti
1850 2991 1911 3020 filii
1929 3014 1948 3020 ..
1969 2992 2090 3021 abbatis
2106 2993 2190 3031 0]οε-

1185 3051 1257 3081 dem
1273 3047 1458 3079 monasterii
1473 3044 1756 3084 supplicationibus
1773 3043 1939 3081 inclinati,
1958 3053 2068 3074 curam
2085 3048 2114 3074 et
2130 3044 2190 3076 sol-

1976 3111 2006 3137 51
