2477 3637
223 345 283 375 454
973 338 1210 371 REGISTRES
1232 338 1287 368 DE
1308 337 1493 369 NICOLAS
1515 339 1572 369 IV.

224 409 413 449 hujusmodi
429 408 666 439 extimationem
690 407 788 436 fuisse
806 406 844 436 de
869 405 998 436 illorum
1017 405 1116 444 pretio
1138 404 1233 434 satis-

225 464 362 499 factum,
380 462 542 497 ecclesiis,
560 461 702 499 personis
720 463 749 490 et
763 459 886 490 civibus
906 460 1034 499 prefatis
1051 458 1234 498 apropriare

225 517 341 547 debeas
359 520 389 545 et
409 515 539 545 illorum
556 513 666 543 usibus
689 515 840 551 perpetuo
858 512 959 542 libere
979 512 1143 550 deputare,
1163 520 1232 548 nOS,

225 570 367 600 volentes
391 567 475 607 quod
496 576 531 597 ea
556 565 750 596 cathedralis
768 565 915 601 ecclesia,
935 569 1087 604 tanquam
1111 564 1231 604 capud,

225 624 262 653 ad
283 621 551 653 constructionem
571 620 618 649 sni
638 628 673 649 ae
698 618 828 649 claustri
852 618 993 658 ejusdem
1016 623 1045 648 et
1070 618 1232 657 episcopa-

225 675 306 705 lium
336 683 372 704 ac
397 674 472 702 dicti
496 672 627 711 capituli
650 671 820 702 domorum
843 676 874 702 et
898 671 1100 702 officinarum
1123 679 1234 700 neces-

225 729 381 758 sariarum
400 727 445 757 eis
466 734 591 756 necnon
610 730 639 755 et
664 725 815 755 cimiterii
830 725 921 764 juxta
941 725 1043 763 ipsam
1065 724 1232 754 ecclesiam

224 781 362 812 faciendi
390 780 582 810 territorium
605 779 719 809 habeat
745 783 936 818 oportunum
950 801 958 816 ,
975 777 1161 808 discretioni
1183 781 1233 807 tue

225 843 281 873 per
300 833 469 873 apostolica
492 833 607 872 scripta
633 832 824 862 mandamus
845 835 1020 871 quatenns,
1046 831 1233 870 priusquam

224 888 263 918 ad
286 886 473 925 hujusmodi
495 887 763 926 apropriationem
789 886 956 925 procedas,
983 889 1013 915 tu
1036 885 1180 924 episcopo
1204 889 1235 914 et

223 941 363 980 capitulo
377 940 518 979 prefatis,
533 940 650 978 paratis
668 944 794 979 propter
812 939 870 969 hoc
884 940 974 977 juxta
991 938 1232 968 extimationem

224 995 326 1034 ipsam
341 994 379 1024 de
395 994 496 1032 pretio
512 993 618 1024 debito
634 994 700 1023 suis
714 993 855 1023 dominis
872 992 1064 1031 respondere
1079 1016 1084 1027 ,
1107 991 1146 1021 ad
1165 991 1234 1021 edi-

224 1048 407 1079 ficationem
432 1057 487 1077 seu
508 1047 777 1077 constructionem
795 1046 947 1083 ecclesie,
965 1045 1109 1080 claustri,
1128 1045 1235 1075 domo-

224 1112 309 1139 rum,
327 1102 530 1132 officinarum
553 1105 584 1130 et
611 1101 760 1130 cimiterii
778 1100 989 1139 predictorum
1007 1101 1045 1129 de
1062 1098 1234 1129 sufficienti

224 1155 383 1184 territorio
399 1154 466 1183 sive
483 1153 582 1182 tundo
597 1152 724 1182 studeas
742 1151 919 1190 providere.
935 1152 1006 1180 Dat.
1026 1151 1137 1186 nome,
1150 1149 1234 1188 apud

225 1207 375 1238 Sanctam
391 1207 527 1237 Mariam
546 1207 700 1245 Majorem
712 1229 720 1243 ‚
735 1215 774 1235 xv
791 1205 944 1235 kalendas
957 1205 1061 1243 junii,
1079 1212 1164 1234 anno
1182 1213 1233 1233 se-

225 1262 339 1293 cundo.
360 1275 371 1287 υ

294 1447 411 1474 2ῒ24

257 1508 304 1535 Ad
328 1507 500 1534 solutionem
521 1505 683 1532 debitorum
699 1504 882 1532 Tridentinae
902 1506 1052 1533 ecclesiae.
1075 1505 1157 1539 (Rae.
1181 1505 1232 1540 45,

221 1566 246 1585 c.
270 1557 327 1589 199,
346 1557 364 1583 f.
383 1556 415 1583 34
436 1557 489 1589 νο.)

599 1443 960 1479 Sainte—Marie-Majeure,
979 1445 992 1471 4
1010 1445 1066 1470 mai
1084 1444 1161 1472 1290.

260 1660 420 1698 Phylippo,
441 1660 575 1696 episcopo
594 1658 783 1694 Tridentino,
801 1656 948 1695 indulget
965 1661 998 1687 ut
1012 1657 1146 1694 fructus,
1159 1656 1232 1686 red-

219 1714 303 1743 ditus
332 1717 362 1742 et
389 1715 561 1750 proventus
593 1711 689 1750 primi
717 1710 795 1740 anni
827 1710 974 1740 omnium
1000 1710 1231 1740 beneficiorum

219 1765 509 1797 ecclesiasticorum
526 1774 609 1804 quae
625 1773 726 1803 usque
739 1764 778 1794 ad
798 1765 974 1794 triennium
991 1764 1025 1793 in
1042 1764 1232 1794 Tridentina

219 1819 348 1850 civitate
372 1823 402 1848 et
425 1818 563 1848 dioecesi
585 1817 763 1854 vacabunt,
782 1818 955 1848 dummodo
976 1817 1054 1847 haec
1076 1817 1232 1848 beneficia

219 1873 259 1903 ad
285 1872 490 1903 collationem
523 1880 579 1901 seu
603 1871 894 1910 praesentationem
920 1875 1139 1910 exemptorum
1166 1879 1230 1901 non

220 1927 417 1966 pertineant,
437 1926 476 1956 ad
496 1925 687 1956 solutionem
711 1925 890 1955 debitorum
910 1925 1119 1955 Tridentinae
1135 1925 1232 1955 eccle-

219 1981 285 2010 siae
302 1980 462 2019 percipere
477 1978 589 2009 valeat.

265 2047 277 2061 ι
303 2034 476 2064 Desideriis
502 2033 564 2063 tuis
586 2033 661 2063 in...
686 2048 726 2054 —
751 2033 820 2062 Dat.
840 2032 961 2070 Rome,
979 2032 1063 2072 apud
1079 2031 1230 2062 Sanctam

219 2088 353 2118 Mariam
373 2088 531 2126 Majorem
548 2111 554 2123 ,
573 2096 619 2116 1111
639 2095 741 2117 nonas
758 2086 855 2123 maii,
873 2095 959 2116 anno
976 2087 1076 2116 tertio.
1094 2098 1108 2113 ³>

288 2268 408 2296 2225
721 2266 938 2298 Saint-Pierre,
960 2266 990 2294 19
1005 2267 1061 2292 mai
1079 2266 1156 2294 1290.

256 2329 298 2357 De
314 2331 457 2356 solutione
472 2329 658 2357 decimarum.
678 2330 760 2363 (Rau.
778 2329 827 2363 45,
845 2337 871 2356 c.
889 2329 954 2360 2¹00,
972 2329 990 2355 f.
1009 2329 1041 2356 34
1057 2330 1108 2361 v0.)

265 2433 429 2462 Venerabili
453 2433 550 2470 fratri
568 2433 619 2470 st,
646 2434 779 2471 episcopo
806 2433 963 2464 Paduano.
992 2443 1005 2459 α
1025 2432 1075 2462 Ad
1091 2432 1227 2462 audien-

218 2485 293 2515 tiam
314 2490 455 2515 nostram
471 2485 598 2516 noveris
621 2485 807 2524 pervenisse
833 2485 918 2525 quod
944 2485 1103 2516 nonnulle
1128 2484 1229 2515 eccle-

218 2539 343 2569 siastice
369 2547 522 2578 persone,
542 2542 606 2568 tam
629 2538 778 2577 religiose
803 2548 899 2577 quam
923 2539 1099 2575 seculares,
1124 2539 1228 2578 Aqui-

217 2592 358 2630 legensis
394 2597 423 2622 et
457 2591 633 2622 Gradensis
672 2592 946 2631 patriarchatuum
983 2601 1019 2623 ac
1051 2593 1228 2623 Januensis

217 2646 371 2682 civitatis,
391 2646 528 2676 diocesis
553 2650 583 2676 et
604 2646 780 2685 provintie,
804 2655 840 2676 ac
861 2646 1002 2685 partium
1018 2646 1226 2685 Lombmdie,

218 2708 273 2737 pro
290 2708 326 2729 eo
340 2699 423 2738 quod
448 2699 607 2729 decimam
626 2699 768 2730 subsidio
791 2700 888 2730 Terre
912 2699 1027 2730 Sancte
1051 2708 1177 2730 necnon
1199 2704 1229 2730 et

217 2751 373 2781 decimam
393 2752 515 2782 dudum
534 2753 659 2790 negotio
675 2753 765 2790 regni
782 2753 890 2783 Sicilie
909 2754 942 2782 in
960 2753 1228 2792 patriarchatibus

218 2807 248 2834 et
269 2805 338 2834 aliis
363 2805 439 2835 locis
469 2805 618 2844 predictis
640 2806 793 2836 hactenus
810 2815 865 2845 per
891 2806 998 2836 sedem
1023 2806 1227 2845 apostolicam

218 2856 380 2896 deputatas
406 2858 626 2889 collectoribus
650 2859 850 2889 decimarum
875 2860 1018 2899 ipsarum
1044 2859 1077 2889 in
1103 2860 1227 2889 statutis

220 2910 365 2939 terminis
381 2911 503 2941 solvere
519 2912 747 2950 neglexerunt,
775 2912 856 2943 latas
877 2913 910 2942 in
930 2913 1007 2942 tales
1025 2922 1080 2951 per
1098 2912 1227 2943 eosdem

219 2962 398 2992 collectores
415 2966 785 2996 excommunicationum
808 2966 983 2996 sententias
1008 2966 1224 2997 incurrerunt.

219 3013 339 3044 Verum
365 3017 459 3054 quia,
488 3019 569 3048 sicut
588 3019 786 3058 accepimus,
810 3018 1020 3058 quamplures
1044 3028 1081 3049 ex
1104 3018 1225 3049 eisdem

1316 405 1459 443 personis
1477 413 1512 434 su
1518 413 1571 443 per
1585 404 1649 434 hiis
1663 413 1720 444 pro
1737 404 1857 444 quibus
1875 406 2148 438 excommunicate
2162 407 2320 439 habentur

1315 458 1497 488 satisfacere
1512 462 1587 488 sunt
1603 462 1720 497 parate,
1742 467 1800 488 nos
1824 458 1920 489 saluti
1937 459 2121 490 animarum
2137 461 2322 493 earumdem

1316 519 1546 550 personarum,
1573 516 1730 550 quantum
1755 520 1830 541 cum
1857 512 1923 542 Deo
1945 520 2135 551 possumus,
2158 514 2324 553 providero

1316 564 1468 601 volentes,
1487 564 1554 601 tibi,
1575 573 1672 604 quem
1687 564 1888 596 collectorem
1907 566 2030 596 decime
2043 567 2144 606 ipsius
2161 567 2254 606 regni
2269 576 2324 599 ne·-
2351 596 2358 607 ,

1316 617 1402 656 gotio
1432 626 1535 657 nuper
1563 618 1602 648 ab
1630 618 1741 649 eadem
1769 619 1843 649 sede
1867 627 2018 650 concesse
2042 620 2077 650 in
2106 621 2323 660 patriarchati-

1316 670 1392 706 bus,
1411 671 1555 707 civitate,
1576 671 1713 708 diocesi,
1742 673 1901 711 provintia
1922 677 1952 703 et
1972 673 2114 712 partibus
2137 674 2324 713 supradictis
2360 663 2361 667 Ἰ

1315 723 1467 753 duximus
1485 724 1725 763 deputandum,
1752 726 1950 764 presentium
1977 727 2161 757 auctoritate
2183 727 2334 765 commit-¹,

1317 777 1414 806 timus
1430 782 1606 816 qnatenus,
1626 779 1665 808 ab
1679 778 1744 808 illis
1760 787 1796 808 ex
1813 778 1935 809 eisdem
1951 780 2096 818 personis
2116 789 2179 819 que
2200 766 2328 812 absolu-⁹

1318 830 1412 861 tionis
1429 831 1622 861 beneficium
1639 831 1807 862 humiliter
1821 831 2057 871 implorabunt,
2081 842 2176 872 super
2193 833 2255 864 hiis
2269 843 2329 874 pm,

1316 884 1432 923 quibus
1457 885 1491 914 in
1508 885 1694 915 earumdem
1719 886 2087 917 excommunicationum
2105 886 2258 926 laqueum
2274 887 2338 918 in-

1316 938 1482 975 ciderunt,
1503 938 1598 977 plena
1615 943 1645 968 et
1660 939 1766 968 dehita
1783 939 2000 970 satisfactione
2016 944 2156 979 recepta,
2176 948 2339 980 personas

1316 993 1401 1032 ipsas
1417 1002 1435 1022 a
1459 993 1587 1032 prefatis
1611 992 1780 1022 sententiis
1795 992 1941 1023 absolvas
1954 993 2045 1031 juxta
2069 993 2206 1024 sormam
2225 993 2327 1030 eccle-2

1318 1047 1363 1076 sie
1390 1046 1459 1076 vico
1483 1051 1589 1076 nostra
1613 1050 1644 1076 et
1668 1045 1834 1084 dispenses
1850 1054 1924 1076 cum
1941 1046 1988 1076 eis
2011 1050 2041 1076 et
2058 1055 2168 1077 earum
2187 1043 2333 1086 qualibet}

1317 1108 1352 1129 su
1360 1108 1412 1138 per
1428 1099 1680 1138 irregularitate,
1696 1099 1724 1129 si
1740 1108 1837 1138 quam
1851 1123 1858 1136 ,
1877 1099 1922 1129 sic
1941 1098 2060 1138 legate.
2087 1108 2150 1130 non
2168 1103 2275 1130 tamen
2291 1098 2336 1133 iu*

1317 1158 1534 1192 contemptum
1559 1153 1720 1189 clavium,
1743 1153 1853 1182 divina
1878 1153 1984 1183 officia
2004 1153 2196 1184 celebrando
2217 1153 2268 1184 vel
2293 1162 2336 1186 se

1318 1207 1530 1237 immiscendo
1547 1206 1593 1246 (1)
1609 1207 1750 1243 eisdem,
1769 1207 1902 1236 forsitan
1917 1210 2162 1244 contraxerunt,
2181 1207 2327 1247 injuncta⁴

1318 1260 1363 1290 eis
1379 1263 1409 1289 et
1425 1268 1535 1290 earum
1552 1259 1685 1290 cuilibet
1700 1264 1826 1298 propter
1843 1259 1902 1290 hoc
1924 1260 2100 1298 penitentia
2121 1259 2326 1299 competenti.

1319 1313 1475 1343 Volumus
1491 1317 1598 1344 tamen
1614 1313 1699 1352 quod
1714 1322 1750 1343 ea
1765 1322 1828 1352 que
1843 1321 1899 1352 pro
1911 1313 2127 1344 satisfactione
2140 1313 2305 1353 hujusmo
2317 1311 2338 1347 'f

1317 1367 1517 1397 decimarum
1536 1367 1679 1406 ipsarum
1695 1367 1853 1406 receperis
1876 1366 2030 1397 semotius
2050 1375 2086 1397 ac
2102 1366 2240 1398 fideliter
2260 1370 2328 1398 stu-

1317 1421 1391 1450 deas
1412 1429 1620 1457 conservare,
1639 1420 1684 1450 ita
1706 1420 1790 1459 quod
1815 1420 1853 1450 de
1882 1419 1946 1449 illis
1970 1428 2027 1450 suo
2048 1419 2116 1450 loco
2135 1424 2166 1450 et
2187 1423 2333 1459 tempore

1317 1479 1436 1504 certam
1447 1479 1478 1504 et
1490 1474 1674 1504 distinctam
1686 1473 1819 1504 reddere
1833 1473 1939 1504 valeas
1950 1473 2108 1504 rationem
2120 1481 2243 1512 nosque
2257 1473 2324 1510 sjn-

1315 1528 1481 1559 ceritatem
1499 1532 1586 1558 tuam
1602 1528 1760 1567 possimus
1776 1527 1893 1558 exinde
1910 1527 2025 1557 merito
2039 1527 2074 1557 in
2086 1526 2227 1558 Domino
2241 1535 2325 1558 com-

1316 1582 1480 1612 mendare.
1499 1582 1569 1612 Dat.
1588 1582 1707 1619 Rome,
1733 1581 1818 1620 apud
1841 1581 1995 1611 Sanctum
2015 1581 2163 1619 Petrum,
2186 1579 2333 1621 mukar

1315 1636 1428 1667 lendas
1444 1635 1548 1676 junii,
1564 1644 1651 1666 anno
1668 1635 1772 1666 tertio.
1791 1647 1804 1662 n

2460 985 2477 1115 2315.

2457 1139 2477 1284 3³55*

1386 1783 1503 1812 2⁵22ss

1349 1847 1482 1874 Facultas
1499 1845 1666 1873 absolvendi
1681 1845 1715 1872 ab
1732 1844 2041 1882 excommunicationis
2066 1844 2218 1871 sententia.
2239 1843 2323 1878 (Rect->

1315 1897 1358 1930 45,
1380 1904 1405 1924 c.
1419 1895 1482 1930 201,
1498 1895 1518 1921 f.
1536 1895 1568 1923 34
1585 1901 1632 1928 v⁰;
1650 1894 1769 1926 Po'r‘rn„
1784 1894 1894 1926 23279.)

1673 1780 2036 1816 Sainte-Marie-Majeure,
2055 1781 2086 1808 15
2102 1780 2158 1808 mai
2174 1779 2254 1809 1290.

1355 2009 1375 2017 ..
1406 1987 1580 2025 guardiam
1606 1984 1745 2024 fratrum
1775 1985 1895 2014 ordinis
1923 1985 2082 2014 ‘minorum
2110 1983 2271 2022 Arqentin
2302 2005 2303 2009 ,
2320 1984 2328 2003 2‘

1313 2041 1485 2073 committit
1517 2044 1675 2080 quatenus
1713 2038 1883 2069 Matthiam
1902 2061 1908 2075 ,
1947 2037 2139 2068 canonicum
2174 2036 2316 2068 ecclesia

1314 2095 1422 2126 Sancti
1432 2094 1585 2133 Stephani
1601 2093 1862 2132 Argentinensis,
1875 2095 1905 2122 et
1918 2091 1997 2123 alios
2005 2091 2137 2122 clericos
2146 2091 2185 2122 ab
2196 2099 2324 2122 excom-⁴

1313 2147 1534 2178 municatione
1557 2151 1698 2186 tempore
1721 2145 1881 2184 generalis
1905 2144 2067 2176 interdicti
2089 2148 2251 2175 contracta
2266 2143 2323 2174 ab-

1313 2201 1414 2232 solvat
1430 2205 1459 2231 et
1474 2209 1548 2231 cum
1566 2201 1612 2231 eis
1628 2209 1723 2239 super
1735 2199 1972 2238 irregularitate
1988 2198 2160 2238 dispenset.

1355 2267 1368 2283 α
1387 2254 1437 2285 Ad
1453 2253 1651 2284 audientiam
1668 2257 1848 2284 nostram...
1860 2268 1899 2274 —-
1913 2252 1984 2282 Dat.
1995 2252 2108 2287 Rome,
2125 2250 2210 2290 apud
2221 2249 2287 2281 San

1314 2313 1378 2339 tam
1398 2309 1533 2338 Mariam
1558 2308 1711 2346 Majorem
1728 2330 1736 2344 ,
1759 2306 1869 2337 idibus
1887 2305 1981 2343 maii,
2004 2313 2090 2336 anno
2106 2304 2209 2335 tertio.
2226 2315 2241 2332 n

1383 2460 1498 2489 2³22&

1347 2525 1390 2553 De
1406 2525 1517 2552 decima
1529 2532 1580 2559 pro
1595 2532 1685 2559 regno
1702 2523 1827 2551 Siciliae.
1845 2518 1928 2557 (Rae.
1945 2523 1988 2555 45,
2004 2531 2031 2550 c.
2048 2522 2110 2554 202.
2126 2522 2146 2550 f.
2163 2521 2196 2550 35
2211 2522 2260 2556 1⁸⁰.)

1667 2457 2032 2493 Sainte-Marie-Majeure‚
2050 2457 2083 2485 17
2098 2457 2155 2484 mai
2171 2456 2250 2486 1290.

1357 2614 1526 2644 Venerabili
1541 2615 1637 2651 fratri
1653 2614 1698 2650 B„
1711 2615 1843 2651 episcopo
1860 2613 2036 2642 Penestrino
2046 2634 2055 2649 ,
2072 2611 2230 2650 apostolice
2241 2619 2281 2642 se
2297 2610 2303 2619 '

1311 2669 1418 2706 leyato,
1434 2666 1565 2697 mandat
1580 2670 1766 2705 quatenusa
1780 2664 1918 2704 capitulo
1932 2664 2057 2695 etclero
2069 2664 2208 2695 civitatis
2222 2662 2291 2694 Gai-
2311 2664 2319 2688 ἶ-

1311 2720 1414 2757 tanae,
1431 2720 1488 2760 qui
1512 2728 1529 2750 a
1547 2719 1678 2757 «Iacobo,
1696 2723 1769 2750 nato
1785 2718 1949 2758 quondam
1968 2717 2073 2755 Petri,
2091 2717 2175 2756 regis
2190 2718 2295 2756 Arago
2317 2709 2326 2733 ¹¹

1309 2784 1401 2809 num,
1422 2778 1451 2803 et
1469 2773 1658 2812 sequacibus
1673 2773 1743 2812 ejus
1758 2772 1882 2802 labores
1897 2771 2086 2802 innumeros
2101 2770 2310 2812 pertulerunt*

1310 2832 1340 2858 et
1354 2827 1425 2857 aliis
1442 2826 1588 2865 personis
1604 2825 1827 2856 ecclesiasticis
1844 2824 1984 2855 civitatis
1999 2824 2144 2864 ejusdem
2160 2824 2273 2855 decim
2291 2815 2319 2848 ¹1ss

1310 2881 1595 2912 ecclesiasticorum
1612 2884 1826 2919 proventuum
1839 2879 1968 2918 negotio
1977 2879 2068 2917 regni
2083 2878 2212 2910 Siciliae
2221 2877 2327 2919 depu÷3

1309 2936 1407 2965 tatam
1425 2942 1487 2964 non
1509 2933 1624 2972 exigat.

1343 3027 1374 3057 (ί)
1395 3029 1443 3052 Ms.
1462 3033 1466 3050 :
1486 3026 1659 3050 celebrarunt
1674 3025 1717 3050 vel
1734 3032 1763 3050 se
1779 3025 1996 3049 immiscuerunt.
