<?xml version="1.0" encoding="UTF-8"?>
<!DOCTYPE html PUBLIC "-//W3C//DTD XHTML 1.0 Transitional//EN"
    "http://www.w3.org/TR/xhtml1/DTD/xhtml1-transitional.dtd">
<html xmlns="http://www.w3.org/1999/xhtml" xml:lang="en" lang="en">
 <head>
  <title>
</title>
<meta http-equiv="Content-Type" content="text/html;charset=utf-8" />
  <meta name='ocr-system' content='tesseract 3.04.00' />
  <meta name='ocr-capabilities' content='ocr_page ocr_carea ocr_par ocr_line ocrx_word'/>
</head>
<body>
  <div class='ocr_page' id='page_1' title='image "./lesregistresdeni01romeuoft_0539.png"; bbox 0 0 2342 3652; ppageno 0'>
   <div class='ocr_carea' id='block_1_1' title="bbox 942 379 2199 416">
    <p class='ocr_par' dir='ltr' id='par_1_1' title="bbox 942 379 2199 416">
     <span class='ocr_line' id='line_1_1' title="bbox 942 379 2199 416; baseline -0.002 0"><span class='ocrx_word' id='word_1_1' title='bbox 942 379 1172 416; x_wconf 79' lang='lat' dir='ltr'>TROlsIEME</span> <span class='ocrx_word' id='word_1_2' title='bbox 1194 379 1354 414; x_wconf 80' lang='grc' dir='ltr'><strong>ΑΝΝΕΕ.</strong></span> <span class='ocrx_word' id='word_1_3' title='bbox 2139 383 2199 413; x_wconf 68' lang='lat'>529</span> 
     </span>
    </p>
   </div>
   <div class='ocr_carea' id='block_1_2' title="bbox 101 452 1109 710">
    <p class='ocr_par' dir='ltr' id='par_1_2' title="bbox 101 452 1108 603">
     <span class='ocr_line' id='line_1_2' title="bbox 101 452 1105 495; baseline -0.011 -3"><span class='ocrx_word' id='word_1_4' title='bbox 101 460 260 493; x_wconf 82' lang='lat' dir='ltr'>Johannis</span> <span class='ocrx_word' id='word_1_5' title='bbox 271 456 493 495; x_wconf 84' lang='lat' dir='ltr'>Evangelistae</span> <span class='ocrx_word' id='word_1_6' title='bbox 509 459 733 492; x_wconf 70' lang='lat' dir='ltr'>constructam,</span> <span class='ocrx_word' id='word_1_7' title='bbox 746 455 779 484; x_wconf 90' lang='lat' dir='ltr'>in</span> <span class='ocrx_word' id='word_1_8' title='bbox 796 456 977 484; x_wconf 84' lang='lat' dir='ltr'>sanctorum</span> <span class='ocrx_word' id='word_1_9' title='bbox 988 452 1105 482; x_wconf 86' lang='lat' dir='ltr'>Johan-</span> 
     </span>
     <span class='ocr_line' id='line_1_3' title="bbox 102 505 1108 549; baseline -0.01 -5"><span class='ocrx_word' id='word_1_10' title='bbox 102 515 168 549; x_wconf 86' lang='lat' dir='ltr'>nis,</span> <span class='ocrx_word' id='word_1_11' title='bbox 185 511 310 542; x_wconf 89' lang='lat' dir='ltr'>Paridis</span> <span class='ocrx_word' id='word_1_12' title='bbox 329 514 359 540; x_wconf 89' lang='lat' dir='ltr'>et</span> <span class='ocrx_word' id='word_1_13' title='bbox 377 509 578 539; x_wconf 87' lang='lat' dir='ltr'>Terrentiani</span> <span class='ocrx_word' id='word_1_14' title='bbox 596 512 626 538; x_wconf 89' lang='lat' dir='ltr'>et</span> <span class='ocrx_word' id='word_1_15' title='bbox 641 508 750 537; x_wconf 87' lang='lat' dir='ltr'>beatae</span> <span class='ocrx_word' id='word_1_16' title='bbox 767 508 941 546; x_wconf 87' lang='lat' dir='ltr'>Reparatae</span> <span class='ocrx_word' id='word_1_17' title='bbox 957 505 1108 535; x_wconf 77' lang='lat' dir='ltr'>festivita-</span> 
     </span>
     <span class='ocr_line' id='line_1_4' title="bbox 105 561 876 603; baseline -0.01 -6"><span class='ocrx_word' id='word_1_18' title='bbox 105 567 184 598; x_wconf 80' lang='lat' dir='ltr'><strong>tibus</strong></span> <span class='ocrx_word' id='word_1_19' title='bbox 200 570 230 595; x_wconf 90' lang='lat' dir='ltr'>et</span> <span class='ocrx_word' id='word_1_20' title='bbox 244 573 299 603; x_wconf 90' lang='lat' dir='ltr'>per</span> <span class='ocrx_word' id='word_1_21' title='bbox 313 567 381 593; x_wconf 90' lang='lat' dir='ltr'>octo</span> <span class='ocrx_word' id='word_1_22' title='bbox 394 562 463 591; x_wconf 87' lang='lat' dir='ltr'>dies</span> <span class='ocrx_word' id='word_1_23' title='bbox 481 565 649 600; x_wconf 80' lang='lat' dir='ltr'>sequentes</span> <span class='ocrx_word' id='word_1_24' title='bbox 666 561 876 590; x_wconf 75' lang='lat' dir='ltr'>visitaverint.</span> 
     </span>
    </p>

    <p class='ocr_par' dir='ltr' id='par_1_3' title="bbox 105 613 1109 710">
     <span class='ocr_line' id='line_1_5' title="bbox 145 613 1109 652; baseline -0.007 -4"><span class='ocrx_word' id='word_1_25' title='bbox 145 631 158 647; x_wconf 79' lang='grc' dir='ltr'>ι</span> <span class='ocrx_word' id='word_1_26' title='bbox 184 618 373 648; x_wconf 87' lang='lat' dir='ltr'>Sanctorum</span> <span class='ocrx_word' id='word_1_27' title='bbox 396 618 471 645; x_wconf 88' lang='lat' dir='ltr'>sunt</span> <span class='ocrx_word' id='word_1_28' title='bbox 497 615 613 645; x_wconf 80' lang='lat' dir='ltr'>festa...</span> <span class='ocrx_word' id='word_1_29' title='bbox 635 630 674 636; x_wconf 94' lang='lat'>—</span> <span class='ocrx_word' id='word_1_30' title='bbox 694 614 765 643; x_wconf 91' lang='lat' dir='ltr'>Dat.</span> <span class='ocrx_word' id='word_1_31' title='bbox 794 613 878 652; x_wconf 83' lang='lat' dir='ltr'>apud</span> <span class='ocrx_word' id='word_1_32' title='bbox 902 613 1109 643; x_wconf 88' lang='lat' dir='ltr'>Urbemvete-</span> 
     </span>
     <span class='ocr_line' id='line_1_6' title="bbox 105 669 732 710; baseline -0.011 -6"><span class='ocrx_word' id='word_1_33' title='bbox 105 683 189 710; x_wconf 83' lang='lat' dir='ltr'>rem,</span> <span class='ocrx_word' id='word_1_34' title='bbox 206 671 301 702; x_wconf 90' lang='lat' dir='ltr'>nonis</span> <span class='ocrx_word' id='word_1_35' title='bbox 317 670 455 701; x_wconf 84' lang='lat' dir='ltr'><strong>octobris</strong></span> <span class='ocrx_word' id='word_1_36' title='bbox 467 694 474 706; x_wconf 91' lang='lat'>,</span> <span class='ocrx_word' id='word_1_37' title='bbox 491 677 577 698; x_wconf 89' lang='lat' dir='ltr'>anno</span> <span class='ocrx_word' id='word_1_38' title='bbox 596 669 697 699; x_wconf 81' lang='lat' dir='ltr'>tertio.</span> <span class='ocrx_word' id='word_1_39' title='bbox 718 679 732 697; x_wconf 87' lang='lat'>›</span> 
     </span>
    </p>
   </div>
   <div class='ocr_carea' id='block_1_3' title="bbox 653 748 1040 783">
    <p class='ocr_par' dir='ltr' id='par_1_4' title="bbox 653 748 1040 783">
     <span class='ocr_line' id='line_1_7' title="bbox 653 748 1040 783; baseline -0.003 -8"><span class='ocrx_word' id='word_1_40' title='bbox 653 749 780 783; x_wconf 86' lang='lat' dir='ltr'>Orvieto,</span> <span class='ocrx_word' id='word_1_41' title='bbox 797 749 812 775; x_wconf 85' lang='lat'>6</span> <span class='ocrx_word' id='word_1_42' title='bbox 828 749 944 775; x_wconf 77' lang='lat' dir='ltr'>octobre</span> <span class='ocrx_word' id='word_1_43' title='bbox 963 748 1040 774; x_wconf 69' lang='lat'>1290.</span> 
     </span>
    </p>
   </div>
   <div class='ocr_carea' id='block_1_4' title="bbox 109 812 1113 907">
    <p class='ocr_par' dir='ltr' id='par_1_5' title="bbox 109 812 1113 907">
     <span class='ocr_line' id='line_1_8' title="bbox 149 812 1111 852; baseline -0.007 -7"><span class='ocrx_word' id='word_1_44' title='bbox 149 816 185 846; x_wconf 87' lang='lat' dir='ltr'>ln</span> <span class='ocrx_word' id='word_1_45' title='bbox 198 824 226 845; x_wconf 91' lang='lat' dir='ltr'>e.</span> <span class='ocrx_word' id='word_1_46' title='bbox 241 823 299 850; x_wconf 90' lang='lat' dir='ltr'>m.‚</span> <span class='ocrx_word' id='word_1_47' title='bbox 314 821 369 852; x_wconf 90' lang='lat' dir='ltr'>pro</span> <span class='ocrx_word' id='word_1_48' title='bbox 385 812 517 842; x_wconf 87' lang='lat' dir='ltr'>ecclesia</span> <span class='ocrx_word' id='word_1_49' title='bbox 532 812 719 841; x_wconf 86' lang='lat' dir='ltr'>monasterii</span> <span class='ocrx_word' id='word_1_50' title='bbox 732 812 909 841; x_wconf 79' lang='lat' dir='ltr'>abbatissae</span> <span class='ocrx_word' id='word_1_51' title='bbox 923 815 952 840; x_wconf 88' lang='lat' dir='ltr'>et</span> <span class='ocrx_word' id='word_1_52' title='bbox 967 818 1111 840; x_wconf 85' lang='lat' dir='ltr'>sororum</span> 
     </span>
     <span class='ocr_line' id='line_1_9' title="bbox 109 864 1113 907; baseline -0.008 -7"><span class='ocrx_word' id='word_1_53' title='bbox 109 869 215 901; x_wconf 84' lang='lat' dir='ltr'>Sancti</span> <span class='ocrx_word' id='word_1_54' title='bbox 241 867 397 907; x_wconf 82' lang='lat' dir='ltr'>Stephani</span> <span class='ocrx_word' id='word_1_55' title='bbox 427 866 459 895; x_wconf 92' lang='lat' dir='ltr'>in</span> <span class='ocrx_word' id='word_1_56' title='bbox 488 867 596 903; x_wconf 84' lang='lat' dir='ltr'>Burgo</span> <span class='ocrx_word' id='word_1_57' title='bbox 621 865 797 901; x_wconf 83' lang='lat' dir='ltr'>Suessano,</span> <span class='ocrx_word' id='word_1_58' title='bbox 828 865 949 894; x_wconf 80' lang='lat' dir='ltr'>ordinis</span> <span class='ocrx_word' id='word_1_59' title='bbox 979 864 1113 893; x_wconf 84' lang='lat' dir='ltr'>Sanctae</span> 
     </span>
    </p>
   </div>
   <div class='ocr_carea' id='block_1_5' title="bbox 108 922 1114 1064">
    <p class='ocr_par' dir='ltr' id='par_1_6' title="bbox 108 922 1114 1064">
     <span class='ocr_line' id='line_1_10' title="bbox 108 922 227 954; baseline -0.017 0"><span class='ocrx_word' id='word_1_60' title='bbox 108 922 227 954; x_wconf 83' lang='lat' dir='ltr'>Clarae.</span> 
     </span>
     <span class='ocr_line' id='line_1_11' title="bbox 149 970 1114 1013; baseline -0.003 -11"><span class='ocrx_word' id='word_1_61' title='bbox 149 987 164 1002; x_wconf 87' lang='lat'>«</span> <span class='ocrx_word' id='word_1_62' title='bbox 187 973 344 1013; x_wconf 85' lang='lat' dir='ltr'>Splendor</span> <span class='ocrx_word' id='word_1_63' title='bbox 367 977 498 1011; x_wconf 89' lang='lat' dir='ltr'>paterne</span> <span class='ocrx_word' id='word_1_64' title='bbox 519 971 655 1010; x_wconf 86' lang='lat' dir='ltr'>glorie...</span> <span class='ocrx_word' id='word_1_65' title='bbox 679 987 718 994; x_wconf 90' lang='lat'><em>—</em></span> <span class='ocrx_word' id='word_1_66' title='bbox 737 972 807 1000; x_wconf 90' lang='lat' dir='ltr'>Dat.</span> <span class='ocrx_word' id='word_1_67' title='bbox 833 971 916 1009; x_wconf 90' lang='lat' dir='ltr'>apud</span> <span class='ocrx_word' id='word_1_68' title='bbox 939 970 1114 1000; x_wconf 86' lang='lat' dir='ltr'>Urbemve-</span> 
     </span>
     <span class='ocr_line' id='line_1_12' title="bbox 110 1024 1032 1064; baseline -0.007 -6"><span class='ocrx_word' id='word_1_69' title='bbox 110 1032 227 1064; x_wconf 84' lang='lat' dir='ltr'>terem,</span> <span class='ocrx_word' id='word_1_70' title='bbox 245 1036 266 1056; x_wconf 88' lang='lat'>11</span> <span class='ocrx_word' id='word_1_71' title='bbox 285 1035 387 1056; x_wconf 87' lang='lat' dir='ltr'>nonas</span> <span class='ocrx_word' id='word_1_72' title='bbox 402 1025 538 1056; x_wconf 85' lang='lat' dir='ltr'>octobris</span> <span class='ocrx_word' id='word_1_73' title='bbox 553 1049 559 1062; x_wconf 88' lang='lat'><strong><em>‚</em></strong></span> <span class='ocrx_word' id='word_1_74' title='bbox 579 1033 664 1054; x_wconf 91' lang='lat' dir='ltr'>anno</span> <span class='ocrx_word' id='word_1_75' title='bbox 681 1025 781 1054; x_wconf 88' lang='lat' dir='ltr'>tertio.</span> <span class='ocrx_word' id='word_1_76' title='bbox 800 1037 812 1050; x_wconf 81' lang='lat'>»</span> <span class='ocrx_word' id='word_1_77' title='bbox 830 1024 889 1062; x_wconf 81' lang='lat' dir='ltr'>(En</span> <span class='ocrx_word' id='word_1_78' title='bbox 908 1025 1032 1061; x_wconf 74' lang='lat' dir='ltr'>marye.)</span> 
     </span>
    </p>
   </div>
   <div class='ocr_carea' id='block_1_6' title="bbox 585 1105 1041 1140">
    <p class='ocr_par' dir='ltr' id='par_1_7' title="bbox 585 1105 1041 1140">
     <span class='ocr_line' id='line_1_13' title="bbox 585 1105 1041 1140; baseline 0 -8"><span class='ocrx_word' id='word_1_79' title='bbox 585 1105 718 1138; x_wconf 83' lang='lat' dir='ltr'>Orvieto,</span> <span class='ocrx_word' id='word_1_80' title='bbox 737 1105 768 1131; x_wconf 88' lang='grc'>16</span> <span class='ocrx_word' id='word_1_81' title='bbox 785 1105 947 1140; x_wconf 79' lang='lat' dir='ltr'>septembre</span> <span class='ocrx_word' id='word_1_82' title='bbox 966 1105 1041 1132; x_wconf 70' lang='lat'>1290.</span> 
     </span>
    </p>
   </div>
   <div class='ocr_carea' id='block_1_7' title="bbox 110 1168 1115 1418">
    <p class='ocr_par' dir='ltr' id='par_1_8' title="bbox 110 1168 1115 1307">
     <span class='ocr_line' id='line_1_14' title="bbox 149 1168 1115 1206; baseline -0.002 -7"><span class='ocrx_word' id='word_1_83' title='bbox 149 1170 188 1200; x_wconf 89' lang='lat' dir='ltr'>In</span> <span class='ocrx_word' id='word_1_84' title='bbox 199 1178 226 1199; x_wconf 91' lang='lat' dir='ltr'>e.</span> <span class='ocrx_word' id='word_1_85' title='bbox 239 1178 282 1198; x_wconf 83' lang='lat' dir='ltr'>m.</span> <span class='ocrx_word' id='word_1_86' title='bbox 296 1168 536 1206; x_wconf 85' lang='lat' dir='ltr'>Indulgentiam</span> <span class='ocrx_word' id='word_1_87' title='bbox 550 1172 679 1198; x_wconf 90' lang='lat' dir='ltr'>centnm</span> <span class='ocrx_word' id='word_1_88' title='bbox 691 1168 816 1197; x_wconf 90' lang='lat' dir='ltr'>dierum</span> <span class='ocrx_word' id='word_1_89' title='bbox 829 1168 972 1198; x_wconf 88' lang='lat' dir='ltr'>concedit</span> <span class='ocrx_word' id='word_1_90' title='bbox 986 1168 1115 1198; x_wconf 84' lang='lat' dir='ltr'>visitan-</span> 
     </span>
     <span class='ocr_line' id='line_1_15' title="bbox 110 1221 1115 1258; baseline -0.003 -5"><span class='ocrx_word' id='word_1_91' title='bbox 110 1223 194 1254; x_wconf 83' lang='lat' dir='ltr'>tibus</span> <span class='ocrx_word' id='word_1_92' title='bbox 209 1221 374 1253; x_wconf 86' lang='lat' dir='ltr'>ecclesiam</span> <span class='ocrx_word' id='word_1_93' title='bbox 390 1222 506 1251; x_wconf 90' lang='lat' dir='ltr'>Beatae</span> <span class='ocrx_word' id='word_1_94' title='bbox 524 1221 644 1251; x_wconf 88' lang='lat' dir='ltr'>Mariae</span> <span class='ocrx_word' id='word_1_95' title='bbox 661 1221 700 1250; x_wconf 90' lang='lat' dir='ltr'>de</span> <span class='ocrx_word' id='word_1_96' title='bbox 715 1221 876 1258; x_wconf 79' lang='lat' dir='ltr'>Landolis,</span> <span class='ocrx_word' id='word_1_97' title='bbox 891 1221 1115 1251; x_wconf 78' lang='lat' dir='ltr'>Landunensis</span> 
     </span>
     <span class='ocr_line' id='line_1_16' title="bbox 111 1276 272 1307; baseline -0.012 -1"><span class='ocrx_word' id='word_1_98' title='bbox 111 1276 272 1307; x_wconf 86' lang='lat' dir='ltr'>dioecesis.</span> 
     </span>
    </p>

    <p class='ocr_par' dir='ltr' id='par_1_9' title="bbox 111 1327 1113 1418">
     <span class='ocr_line' id='line_1_17' title="bbox 151 1327 1113 1367; baseline 0 -11"><span class='ocrx_word' id='word_1_99' title='bbox 151 1340 166 1356; x_wconf 89' lang='lat'>«</span> <span class='ocrx_word' id='word_1_100' title='bbox 181 1328 263 1359; x_wconf 91' lang='lat' dir='ltr'>Cum</span> <span class='ocrx_word' id='word_1_101' title='bbox 278 1328 318 1358; x_wconf 87' lang='lat' dir='ltr'>ad</span> <span class='ocrx_word' id='word_1_102' title='bbox 333 1328 580 1367; x_wconf 87' lang='lat' dir='ltr'>premerenda...</span> <span class='ocrx_word' id='word_1_103' title='bbox 595 1344 635 1350; x_wconf 92' lang='lat'>—-</span> <span class='ocrx_word' id='word_1_104' title='bbox 650 1328 720 1356; x_wconf 89' lang='lat' dir='ltr'>Dat.</span> <span class='ocrx_word' id='word_1_105' title='bbox 740 1327 823 1365; x_wconf 89' lang='lat' dir='ltr'>apud</span> <span class='ocrx_word' id='word_1_106' title='bbox 840 1327 1113 1364; x_wconf 87' lang='lat' dir='ltr'>Urbemveterem,</span> 
     </span>
     <span class='ocr_line' id='line_1_18' title="bbox 111 1380 871 1418; baseline -0.005 -5"><span class='ocrx_word' id='word_1_107' title='bbox 111 1391 162 1413; x_wconf 82' lang='lat' dir='ltr'>xvi</span> <span class='ocrx_word' id='word_1_108' title='bbox 176 1381 330 1412; x_wconf 87' lang='lat' dir='ltr'>kalendas</span> <span class='ocrx_word' id='word_1_109' title='bbox 345 1381 492 1418; x_wconf 86' lang='lat' dir='ltr'>octobris,</span> <span class='ocrx_word' id='word_1_110' title='bbox 510 1388 596 1410; x_wconf 91' lang='lat' dir='ltr'>anno</span> <span class='ocrx_word' id='word_1_111' title='bbox 613 1380 715 1410; x_wconf 86' lang='lat' dir='ltr'>tertio.</span> <span class='ocrx_word' id='word_1_112' title='bbox 738 1392 751 1407; x_wconf 82' lang='lat'>»</span> <span class='ocrx_word' id='word_1_113' title='bbox 768 1380 871 1418; x_wconf 57' lang='grc' dir='ltr'>(Νῆα.)</span> 
     </span>
    </p>
   </div>
   <div class='ocr_carea' id='block_1_8' title="bbox 596 1461 1045 1496">
    <p class='ocr_par' dir='ltr' id='par_1_10' title="bbox 596 1461 1045 1496">
     <span class='ocr_line' id='line_1_19' title="bbox 596 1461 1045 1496; baseline -0.002 -8"><span class='ocrx_word' id='word_1_114' title='bbox 596 1461 723 1495; x_wconf 86' lang='lat' dir='ltr'>Orvieto,</span> <span class='ocrx_word' id='word_1_115' title='bbox 739 1461 772 1488; x_wconf 78' lang='lat'>27</span> <span class='ocrx_word' id='word_1_116' title='bbox 789 1462 951 1496; x_wconf 71' lang='lat' dir='ltr'>septembre</span> <span class='ocrx_word' id='word_1_117' title='bbox 971 1461 1045 1489; x_wconf 69' lang='lat'>1290.</span> 
     </span>
    </p>
   </div>
   <div class='ocr_carea' id='block_1_9' title="bbox 115 1525 1119 1723">
    <p class='ocr_par' dir='ltr' id='par_1_11' title="bbox 115 1525 1119 1723">
     <span class='ocr_line' id='line_1_20' title="bbox 153 1525 1117 1564; baseline -0.002 -8"><span class='ocrx_word' id='word_1_118' title='bbox 153 1527 191 1556; x_wconf 89' lang='lat' dir='ltr'>In</span> <span class='ocrx_word' id='word_1_119' title='bbox 209 1535 235 1556; x_wconf 89' lang='lat' dir='ltr'>e.</span> <span class='ocrx_word' id='word_1_120' title='bbox 255 1535 299 1556; x_wconf 91' lang='lat' dir='ltr'>m.</span> <span class='ocrx_word' id='word_1_121' title='bbox 321 1525 563 1564; x_wconf 87' lang='lat' dir='ltr'>Indulgentiam</span> <span class='ocrx_word' id='word_1_122' title='bbox 585 1526 681 1555; x_wconf 91' lang='lat' dir='ltr'>unius</span> <span class='ocrx_word' id='word_1_123' title='bbox 700 1525 777 1554; x_wconf 90' lang='lat' dir='ltr'>anni</span> <span class='ocrx_word' id='word_1_124' title='bbox 794 1529 823 1555; x_wconf 90' lang='lat' dir='ltr'>et</span> <span class='ocrx_word' id='word_1_125' title='bbox 845 1535 881 1555; x_wconf 68' lang='lat' dir='ltr'>xc</span> <span class='ocrx_word' id='word_1_126' title='bbox 901 1525 1025 1555; x_wconf 88' lang='lat' dir='ltr'>dierum</span> <span class='ocrx_word' id='word_1_127' title='bbox 1042 1534 1117 1555; x_wconf 86' lang='lat' dir='ltr'>con-</span> 
     </span>
     <span class='ocr_line' id='line_1_21' title="bbox 115 1578 1119 1611; baseline -0.003 0"><span class='ocrx_word' id='word_1_128' title='bbox 115 1580 195 1611; x_wconf 84' lang='lat' dir='ltr'>cedit</span> <span class='ocrx_word' id='word_1_129' title='bbox 220 1579 425 1610; x_wconf 85' lang='lat' dir='ltr'>visitantibus</span> <span class='ocrx_word' id='word_1_130' title='bbox 451 1579 616 1609; x_wconf 88' lang='lat' dir='ltr'>ecclesiam</span> <span class='ocrx_word' id='word_1_131' title='bbox 647 1578 754 1608; x_wconf 86' lang='lat' dir='ltr'>Sancti</span> <span class='ocrx_word' id='word_1_132' title='bbox 783 1579 930 1608; x_wconf 83' lang='lat' dir='ltr'>Andreae</span> <span class='ocrx_word' id='word_1_133' title='bbox 957 1579 995 1608; x_wconf 91' lang='lat' dir='ltr'>de</span> <span class='ocrx_word' id='word_1_134' title='bbox 1021 1579 1119 1609; x_wconf 87' lang='lat' dir='ltr'>Podio</span> 
     </span>
     <span class='ocr_line' id='line_1_22' title="bbox 116 1632 1118 1670; baseline -0.003 -6"><span class='ocrx_word' id='word_1_135' title='bbox 116 1633 278 1670; x_wconf 83' lang='lat' dir='ltr'>Nauterio,</span> <span class='ocrx_word' id='word_1_136' title='bbox 295 1632 558 1663; x_wconf 86' lang='lat' dir='ltr'>Carcassonensis</span> <span class='ocrx_word' id='word_1_137' title='bbox 574 1632 736 1662; x_wconf 90' lang='lat' dir='ltr'>dioecesis.</span> <span class='ocrx_word' id='word_1_138' title='bbox 755 1632 825 1662; x_wconf 86' lang='lat' dir='ltr'>Dat.</span> <span class='ocrx_word' id='word_1_139' title='bbox 842 1633 925 1670; x_wconf 88' lang='lat' dir='ltr'>apud</span> <span class='ocrx_word' id='word_1_140' title='bbox 941 1632 1118 1662; x_wconf 81' lang='lat' dir='ltr'>Urbemve-</span> 
     </span>
     <span class='ocr_line' id='line_1_23' title="bbox 116 1684 946 1723; baseline -0.004 -7"><span class='ocrx_word' id='word_1_141' title='bbox 116 1690 228 1722; x_wconf 82' lang='lat' dir='ltr'>terem,</span> <span class='ocrx_word' id='word_1_142' title='bbox 245 1696 265 1715; x_wconf 85' lang='lat' dir='ltr'>v</span> <span class='ocrx_word' id='word_1_143' title='bbox 280 1685 435 1716; x_wconf 89' lang='lat' dir='ltr'>kalendas</span> <span class='ocrx_word' id='word_1_144' title='bbox 451 1685 599 1720; x_wconf 80' lang='lat' dir='ltr'>octobris,</span> <span class='ocrx_word' id='word_1_145' title='bbox 618 1693 703 1715; x_wconf 90' lang='lat' dir='ltr'>anno</span> <span class='ocrx_word' id='word_1_146' title='bbox 724 1685 823 1715; x_wconf 90' lang='lat' dir='ltr'>tertio.</span> <span class='ocrx_word' id='word_1_147' title='bbox 841 1684 946 1723; x_wconf 72' lang='lat' dir='ltr'>(Ibicl.)</span> 
     </span>
    </p>
   </div>
   <div class='ocr_carea' id='block_1_10' title="bbox 186 1859 302 1887">
    <p class='ocr_par' dir='ltr' id='par_1_12' title="bbox 186 1859 302 1887">
     <span class='ocr_line' id='line_1_24' title="bbox 186 1859 302 1887; baseline 0.009 -1"><span class='ocrx_word' id='word_1_148' title='bbox 186 1859 302 1887; x_wconf 73' lang='lat'>3368</span> 
     </span>
    </p>
   </div>
   <div class='ocr_carea' id='block_1_11' title="bbox 150 1920 972 1957">
    <p class='ocr_par' dir='ltr' id='par_1_13' title="bbox 150 1920 972 1957">
     <span class='ocr_line' id='line_1_25' title="bbox 150 1920 972 1957; baseline -0.001 -8"><span class='ocrx_word' id='word_1_149' title='bbox 150 1922 335 1957; x_wconf 83' lang='lat' dir='ltr'>Dispensatio</span> <span class='ocrx_word' id='word_1_150' title='bbox 350 1921 533 1948; x_wconf 85' lang='lat' dir='ltr'>matrimonii.</span> <span class='ocrx_word' id='word_1_151' title='bbox 552 1920 633 1955; x_wconf 64' lang='grc' dir='ltr'><strong>(ΗΕΘ.</strong></span> <span class='ocrx_word' id='word_1_152' title='bbox 652 1921 696 1955; x_wconf 79' lang='grc'>45,</span> <span class='ocrx_word' id='word_1_153' title='bbox 714 1929 739 1947; x_wconf 88' lang='lat' dir='ltr'>c.</span> <span class='ocrx_word' id='word_1_154' title='bbox 758 1921 817 1951; x_wconf 84' lang='grc'><strong>446,</strong></span> <span class='ocrx_word' id='word_1_155' title='bbox 838 1922 853 1947; x_wconf 76' lang='lat' dir='ltr'>f.</span> <span class='ocrx_word' id='word_1_156' title='bbox 873 1921 904 1948; x_wconf 77' lang='lat'>88</span> <span class='ocrx_word' id='word_1_157' title='bbox 923 1924 972 1953; x_wconf 66' lang='lat' dir='ltr'>vv.)</span> 
     </span>
    </p>
   </div>
   <div class='ocr_carea' id='block_1_12' title="bbox 660 1858 1048 1891">
    <p class='ocr_par' dir='ltr' id='par_1_14' title="bbox 660 1858 1048 1891">
     <span class='ocr_line' id='line_1_26' title="bbox 660 1858 1048 1891; baseline -0.003 -7"><span class='ocrx_word' id='word_1_158' title='bbox 660 1858 791 1891; x_wconf 60' lang='lat' dir='ltr'>Ori-icto,</span> <span class='ocrx_word' id='word_1_159' title='bbox 809 1858 823 1884; x_wconf 81' lang='lat'><strong>3</strong></span> <span class='ocrx_word' id='word_1_160' title='bbox 839 1858 954 1884; x_wconf 85' lang='lat' dir='ltr'>octobre</span> <span class='ocrx_word' id='word_1_161' title='bbox 973 1858 1048 1885; x_wconf 69' lang='lat'>1290.</span> 
     </span>
    </p>
   </div>
   <div class='ocr_carea' id='block_1_13' title="bbox 116 2023 1124 2487">
    <p class='ocr_par' dir='ltr' id='par_1_15' title="bbox 116 2023 1124 2374">
     <span class='ocr_line' id='line_1_27' title="bbox 159 2023 1122 2062; baseline -0.001 -9"><span class='ocrx_word' id='word_1_162' title='bbox 159 2047 178 2054; x_wconf 96' lang='lat'>..</span> <span class='ocrx_word' id='word_1_163' title='bbox 200 2025 331 2062; x_wconf 79' lang='lat' dir='ltr'>episcopo</span> <span class='ocrx_word' id='word_1_164' title='bbox 353 2024 580 2053; x_wconf 81' lang='lat' dir='ltr'>Padeburnensi</span> <span class='ocrx_word' id='word_1_165' title='bbox 601 2023 771 2053; x_wconf 85' lang='lat' dir='ltr'>committit</span> <span class='ocrx_word' id='word_1_166' title='bbox 791 2028 947 2061; x_wconf 87' lang='lat' dir='ltr'>quatenus</span> <span class='ocrx_word' id='word_1_167' title='bbox 972 2032 1044 2053; x_wconf 87' lang='lat' dir='ltr'>cum</span> <span class='ocrx_word' id='word_1_168' title='bbox 1069 2031 1122 2053; x_wconf 89' lang='lat' dir='ltr'>no-</span> 
     </span>
     <span class='ocr_line' id='line_1_28' title="bbox 116 2075 1122 2116; baseline -0.003 -9"><span class='ocrx_word' id='word_1_169' title='bbox 116 2076 172 2108; x_wconf 87' lang='lat' dir='ltr'>bili</span> <span class='ocrx_word' id='word_1_170' title='bbox 186 2077 255 2107; x_wconf 81' lang='lat' dir='ltr'>viro</span> <span class='ocrx_word' id='word_1_171' title='bbox 271 2077 430 2116; x_wconf 73' lang='lat' dir='ltr'>Symone,</span> <span class='ocrx_word' id='word_1_172' title='bbox 454 2076 586 2106; x_wconf 88' lang='lat' dir='ltr'>domino</span> <span class='ocrx_word' id='word_1_173' title='bbox 609 2076 647 2106; x_wconf 89' lang='lat' dir='ltr'>de</span> <span class='ocrx_word' id='word_1_174' title='bbox 665 2076 795 2114; x_wconf 78' lang='lat' dir='ltr'>Lippia,</span> <span class='ocrx_word' id='word_1_175' title='bbox 815 2080 845 2105; x_wconf 93' lang='lat' dir='ltr'>et</span> <span class='ocrx_word' id='word_1_176' title='bbox 864 2075 961 2105; x_wconf 89' lang='lat' dir='ltr'>nobili</span> <span class='ocrx_word' id='word_1_177' title='bbox 987 2075 1122 2105; x_wconf 86' lang='lat' dir='ltr'>muliere</span> 
     </span>
     <span class='ocr_line' id='line_1_29' title="bbox 116 2129 1121 2170; baseline -0.003 -10"><span class='ocrx_word' id='word_1_178' title='bbox 116 2130 255 2170; x_wconf 82' lang='lat' dir='ltr'>Aleyde,</span> <span class='ocrx_word' id='word_1_179' title='bbox 272 2134 346 2160; x_wconf 84' lang='lat' dir='ltr'>nata</span> <span class='ocrx_word' id='word_1_180' title='bbox 368 2129 529 2169; x_wconf 87' lang='lat' dir='ltr'>quondam</span> <span class='ocrx_word' id='word_1_181' title='bbox 548 2129 674 2159; x_wconf 88' lang='lat' dir='ltr'>comitis</span> <span class='ocrx_word' id='word_1_182' title='bbox 690 2129 728 2158; x_wconf 86' lang='lat' dir='ltr'>de</span> <span class='ocrx_word' id='word_1_183' title='bbox 746 2129 941 2165; x_wconf 77' lang='lat' dir='ltr'>Waldekke,</span> <span class='ocrx_word' id='word_1_184' title='bbox 960 2129 1121 2158; x_wconf 84' lang='lat' dir='ltr'>Padebur-</span> 
     </span>
     <span class='ocr_line' id='line_1_30' title="bbox 117 2181 1120 2221; baseline -0.002 -8"><span class='ocrx_word' id='word_1_185' title='bbox 117 2183 225 2214; x_wconf 87' lang='lat' dir='ltr'>nensis</span> <span class='ocrx_word' id='word_1_186' title='bbox 241 2183 406 2220; x_wconf 84' lang='lat' dir='ltr'>dioecesis,</span> <span class='ocrx_word' id='word_1_187' title='bbox 425 2183 590 2221; x_wconf 87' lang='lat' dir='ltr'>dispenset</span> <span class='ocrx_word' id='word_1_188' title='bbox 608 2187 642 2212; x_wconf 86' lang='lat' dir='ltr'>ut</span> <span class='ocrx_word' id='word_1_189' title='bbox 659 2183 693 2212; x_wconf 90' lang='lat' dir='ltr'>in</span> <span class='ocrx_word' id='word_1_190' title='bbox 708 2183 914 2212; x_wconf 89' lang='lat' dir='ltr'>matrimonio</span> <span class='ocrx_word' id='word_1_191' title='bbox 930 2182 1014 2221; x_wconf 84' lang='lat' dir='ltr'>quod</span> <span class='ocrx_word' id='word_1_192' title='bbox 1032 2181 1120 2219; x_wconf 78' lang='lat' dir='ltr'>olim,</span> 
     </span>
     <span class='ocr_line' id='line_1_31' title="bbox 116 2235 1124 2275; baseline -0.002 -9"><span class='ocrx_word' id='word_1_193' title='bbox 116 2237 299 2275; x_wconf 83' lang='lat' dir='ltr'>ignorantes</span> <span class='ocrx_word' id='word_1_194' title='bbox 321 2245 354 2266; x_wconf 88' lang='lat' dir='ltr'>se</span> <span class='ocrx_word' id='word_1_195' title='bbox 376 2240 489 2275; x_wconf 81' lang='lat' dir='ltr'>quarto</span> <span class='ocrx_word' id='word_1_196' title='bbox 510 2235 800 2274; x_wconf 81' lang='lat' dir='ltr'>consanguinitatis</span> <span class='ocrx_word' id='word_1_197' title='bbox 816 2236 915 2274; x_wconf 85' lang='lat' dir='ltr'>gradu</span> <span class='ocrx_word' id='word_1_198' title='bbox 939 2236 1124 2274; x_wconf 88' lang='lat' dir='ltr'>conjunctos</span> 
     </span>
     <span class='ocr_line' id='line_1_32' title="bbox 118 2289 1124 2329; baseline -0.001 -10"><span class='ocrx_word' id='word_1_199' title='bbox 118 2298 199 2326; x_wconf 86' lang='lat' dir='ltr'>esse,</span> <span class='ocrx_word' id='word_1_200' title='bbox 215 2294 443 2320; x_wconf 83' lang='lat' dir='ltr'>contraxerunt</span> <span class='ocrx_word' id='word_1_201' title='bbox 465 2294 495 2319; x_wconf 87' lang='lat' dir='ltr'>et</span> <span class='ocrx_word' id='word_1_202' title='bbox 519 2290 553 2319; x_wconf 89' lang='lat' dir='ltr'>in</span> <span class='ocrx_word' id='word_1_203' title='bbox 577 2298 640 2329; x_wconf 88' lang='lat' dir='ltr'>quo</span> <span class='ocrx_word' id='word_1_204' title='bbox 658 2289 778 2328; x_wconf 87' lang='lat' dir='ltr'>prolem</span> <span class='ocrx_word' id='word_1_205' title='bbox 798 2294 1003 2328; x_wconf 79' lang='lat' dir='ltr'>procrearunt</span> <span class='ocrx_word' id='word_1_206' title='bbox 1024 2298 1124 2318; x_wconf 88' lang='lat' dir='ltr'>rema-</span> 
     </span>
     <span class='ocr_line' id='line_1_33' title="bbox 117 2343 344 2374; baseline 0.004 -2"><span class='ocrx_word' id='word_1_207' title='bbox 117 2351 193 2374; x_wconf 91' lang='lat' dir='ltr'>nere</span> <span class='ocrx_word' id='word_1_208' title='bbox 207 2343 344 2373; x_wconf 89' lang='lat' dir='ltr'>valeant.</span> 
     </span>
    </p>

    <p class='ocr_par' dir='ltr' id='par_1_16' title="bbox 117 2396 1121 2487">
     <span class='ocr_line' id='line_1_34' title="bbox 161 2396 1121 2434; baseline -0.002 -7"><span class='ocrx_word' id='word_1_209' title='bbox 161 2408 174 2423; x_wconf 73' lang='grc' dir='ltr'>ι</span> <span class='ocrx_word' id='word_1_210' title='bbox 199 2396 312 2427; x_wconf 88' lang='lat' dir='ltr'>Petitio</span> <span class='ocrx_word' id='word_1_211' title='bbox 334 2396 441 2426; x_wconf 82' lang='lat' dir='ltr'>dilecti</span> <span class='ocrx_word' id='word_1_212' title='bbox 470 2396 543 2426; x_wconf 86' lang='lat' dir='ltr'>filii.</span> <span class='ocrx_word' id='word_1_213' title='bbox 570 2412 610 2418; x_wconf 88' lang='lat'>—·</span> <span class='ocrx_word' id='word_1_214' title='bbox 634 2396 707 2426; x_wconf 89' lang='lat' dir='ltr'>Dat.</span> <span class='ocrx_word' id='word_1_215' title='bbox 729 2396 811 2434; x_wconf 89' lang='lat' dir='ltr'>apud</span> <span class='ocrx_word' id='word_1_216' title='bbox 836 2396 1121 2431; x_wconf 80' lang='lat' dir='ltr'>Urbemveterem,</span> 
     </span>
     <span class='ocr_line' id='line_1_35' title="bbox 117 2449 675 2487; baseline -0.002 -7"><span class='ocrx_word' id='word_1_217' title='bbox 117 2459 138 2480; x_wconf 82' lang='lat' dir='ltr'>v</span> <span class='ocrx_word' id='word_1_218' title='bbox 151 2458 252 2480; x_wconf 89' lang='lat' dir='ltr'>nonas</span> <span class='ocrx_word' id='word_1_219' title='bbox 266 2450 419 2487; x_wconf 81' lang='lat' dir='ltr'>octobris,</span> <span class='ocrx_word' id='word_1_220' title='bbox 435 2458 522 2480; x_wconf 89' lang='lat' dir='ltr'>anno</span> <span class='ocrx_word' id='word_1_221' title='bbox 543 2449 644 2480; x_wconf 88' lang='lat' dir='ltr'>tertio.</span> <span class='ocrx_word' id='word_1_222' title='bbox 662 2462 675 2476; x_wconf 73' lang='lat' dir='ltr'>n</span> 
     </span>
    </p>
   </div>
   <div class='ocr_carea' id='block_1_14' title="bbox 188 2622 436 2652">
    <p class='ocr_par' dir='ltr' id='par_1_17' title="bbox 188 2622 436 2652">
     <span class='ocr_line' id='line_1_36' title="bbox 188 2622 436 2652; baseline -0.008 0"><span class='ocrx_word' id='word_1_223' title='bbox 188 2622 406 2652; x_wconf 52' lang='lat'>3389-332</span> <span class='ocrx_word' id='word_1_224' title='bbox 411 2623 436 2650; x_wconf 70' lang='lat'><strong>2</strong></span> 
     </span>
    </p>
   </div>
   <div class='ocr_carea' id='block_1_15' title="bbox 122 2684 1124 2767">
    <p class='ocr_par' dir='ltr' id='par_1_18' title="bbox 122 2684 1124 2767">
     <span class='ocr_line' id='line_1_37' title="bbox 154 2684 1124 2718; baseline -0.003 -6"><span class='ocrx_word' id='word_1_225' title='bbox 154 2684 314 2712; x_wconf 84' lang='lat' dir='ltr'>Leobaldus</span> <span class='ocrx_word' id='word_1_226' title='bbox 329 2685 503 2712; x_wconf 85' lang='lat' dir='ltr'>monasterio</span> <span class='ocrx_word' id='word_1_227' title='bbox 515 2684 613 2711; x_wconf 86' lang='lat' dir='ltr'>Sancti</span> <span class='ocrx_word' id='word_1_228' title='bbox 628 2684 770 2711; x_wconf 71' lang='lat' dir='ltr'>«lobannis</span> <span class='ocrx_word' id='word_1_229' title='bbox 783 2685 811 2710; x_wconf 92' lang='lat' dir='ltr'>in</span> <span class='ocrx_word' id='word_1_230' title='bbox 825 2684 936 2711; x_wconf 81' lang='lat' dir='ltr'>Venere</span> <span class='ocrx_word' id='word_1_231' title='bbox 948 2684 1035 2710; x_wconf 87' lang='lat' dir='ltr'>abbas</span> <span class='ocrx_word' id='word_1_232' title='bbox 1049 2692 1124 2718; x_wconf 84' lang='lat' dir='ltr'>prae-</span> 
     </span>
     <span class='ocr_line' id='line_1_38' title="bbox 122 2732 655 2767; baseline -0.002 -7"><span class='ocrx_word' id='word_1_233' title='bbox 122 2732 222 2761; x_wconf 80' lang='lat' dir='ltr'>ficitur.</span> <span class='ocrx_word' id='word_1_234' title='bbox 239 2733 322 2767; x_wconf 71' lang='lat' dir='ltr'>(Rae.</span> <span class='ocrx_word' id='word_1_235' title='bbox 339 2734 383 2765; x_wconf 80' lang='lat'>45,</span> <span class='ocrx_word' id='word_1_236' title='bbox 400 2741 424 2759; x_wconf 87' lang='lat' dir='ltr'>e.</span> <span class='ocrx_word' id='word_1_237' title='bbox 442 2734 503 2764; x_wconf 77' lang='lat'><strong>447.</strong></span> <span class='ocrx_word' id='word_1_238' title='bbox 518 2733 538 2760; x_wconf 87' lang='lat' dir='ltr'>f.</span> <span class='ocrx_word' id='word_1_239' title='bbox 556 2733 588 2760; x_wconf 87' lang='lat'>88</span> <span class='ocrx_word' id='word_1_240' title='bbox 606 2736 655 2765; x_wconf 78' lang='lat' dir='ltr'>vo.)</span> 
     </span>
    </p>
   </div>
   <div class='ocr_carea' id='block_1_16' title="bbox 601 2621 1051 2657">
    <p class='ocr_par' dir='ltr' id='par_1_19' title="bbox 601 2621 1051 2657">
     <span class='ocr_line' id='line_1_39' title="bbox 601 2621 1051 2657; baseline -0.002 -8"><span class='ocrx_word' id='word_1_241' title='bbox 601 2622 729 2652; x_wconf 86' lang='lat' dir='ltr'>Orvieto,</span> <span class='ocrx_word' id='word_1_242' title='bbox 748 2622 778 2649; x_wconf 80' lang='lat'>16</span> <span class='ocrx_word' id='word_1_243' title='bbox 794 2622 956 2657; x_wconf 82' lang='lat' dir='ltr'>septembre</span> <span class='ocrx_word' id='word_1_244' title='bbox 976 2621 1051 2648; x_wconf 69' lang='lat'>¹290.</span> 
     </span>
    </p>
   </div>
   <div class='ocr_carea' id='block_1_17' title="bbox 123 2835 1126 3086">
    <p class='ocr_par' dir='ltr' id='par_1_20' title="bbox 123 2835 1126 3086">
     <span class='ocr_line' id='line_1_40' title="bbox 161 2835 1122 2872; baseline -0.001 -8"><span class='ocrx_word' id='word_1_245' title='bbox 161 2835 320 2872; x_wconf 87' lang='lat' dir='ltr'>Leobaldo,</span> <span class='ocrx_word' id='word_1_246' title='bbox 341 2836 429 2865; x_wconf 83' lang='lat' dir='ltr'>electo</span> <span class='ocrx_word' id='word_1_247' title='bbox 454 2835 633 2865; x_wconf 64' lang='lat' dir='ltr'>‘&#39;nonasterii</span> <span class='ocrx_word' id='word_1_248' title='bbox 653 2835 758 2865; x_wconf 75' lang='lat' dir='ltr'>Sancti</span> <span class='ocrx_word' id='word_1_249' title='bbox 778 2836 929 2865; x_wconf 79' lang='lat' dir='ltr'>Johannis</span> <span class='ocrx_word' id='word_1_250' title='bbox 950 2838 978 2863; x_wconf 81' lang='lat' dir='ltr'>in</span> <span class='ocrx_word' id='word_1_251' title='bbox 1002 2836 1122 2865; x_wconf 83' lang='lat' dir='ltr'>Venere.</span> 
     </span>
     <span class='ocr_line' id='line_1_41' title="bbox 123 2888 1126 2927; baseline -0.001 -9"><span class='ocrx_word' id='word_1_252' title='bbox 123 2888 161 2918; x_wconf 81' lang='lat' dir='ltr'>ad</span> <span class='ocrx_word' id='word_1_253' title='bbox 183 2897 345 2918; x_wconf 82' lang='lat' dir='ltr'>romanam</span> <span class='ocrx_word' id='word_1_254' title='bbox 369 2890 522 2918; x_wconf 82' lang='lat' dir='ltr'>ecclesiam</span> <span class='ocrx_word' id='word_1_255' title='bbox 549 2890 635 2918; x_wconf 77' lang='lat' dir='ltr'>nullo</span> <span class='ocrx_word' id='word_1_256' title='bbox 658 2889 755 2918; x_wconf 78' lang='lat' dir='ltr'>medio</span> <span class='ocrx_word' id='word_1_257' title='bbox 780 2890 981 2927; x_wconf 68' lang='lat' dir='ltr'>pertinenti-5,</span> <span class='ocrx_word' id='word_1_258' title='bbox 1009 2889 1126 2917; x_wconf 73' lang='lat' dir='ltr'>ordinis</span> 
     </span>
     <span class='ocr_line' id='line_1_42' title="bbox 123 2940 1126 2978; baseline -0.001 -7"><span class='ocrx_word' id='word_1_259' title='bbox 123 2940 153 2972; x_wconf 87' lang='lat' dir='ltr'>S.</span> <span class='ocrx_word' id='word_1_260' title='bbox 165 2942 325 2978; x_wconf 79' lang='lat' dir='ltr'>Benedicti,</span> <span class='ocrx_word' id='word_1_261' title='bbox 347 2942 486 2971; x_wconf 81' lang='lat' dir='ltr'>Theatine</span> <span class='ocrx_word' id='word_1_262' title='bbox 501 2942 636 2971; x_wconf 54' lang='lat' dir='ltr'>diocesis</span> <span class='ocrx_word' id='word_1_263' title='bbox 654 2942 794 2972; x_wconf 88' lang='lat' dir='ltr'>Vacante</span> <span class='ocrx_word' id='word_1_264' title='bbox 810 2942 1002 2972; x_wconf 87' lang='lat' dir='ltr'>monasterio</span> <span class='ocrx_word' id='word_1_265' title='bbox 1018 2941 1126 2971; x_wconf 82' lang='lat' dir='ltr'>Sancti</span> 
     </span>
     <span class='ocr_line' id='line_1_43' title="bbox 123 2993 1126 3034; baseline -0.001 -10"><span class='ocrx_word' id='word_1_266' title='bbox 123 2993 279 3024; x_wconf 88' lang='lat' dir='ltr'>Johannis</span> <span class='ocrx_word' id='word_1_267' title='bbox 290 2994 323 3024; x_wconf 91' lang='lat' dir='ltr'>in</span> <span class='ocrx_word' id='word_1_268' title='bbox 335 2995 461 3024; x_wconf 90' lang='lat' dir='ltr'>Venere</span> <span class='ocrx_word' id='word_1_269' title='bbox 477 3003 533 3033; x_wconf 89' lang='lat' dir='ltr'>per</span> <span class='ocrx_word' id='word_1_270' title='bbox 548 2999 683 3024; x_wconf 87' lang='lat' dir='ltr'>mortem</span> <span class='ocrx_word' id='word_1_271' title='bbox 700 2995 845 3031; x_wconf 84' lang='lat' dir='ltr'>Roffridi,</span> <span class='ocrx_word' id='word_1_272' title='bbox 865 3004 944 3034; x_wconf 84' lang='lat' dir='ltr'>papa</span> <span class='ocrx_word' id='word_1_273' title='bbox 959 2994 1126 3024; x_wconf 86' lang='lat' dir='ltr'>attendens</span> 
     </span>
     <span class='ocr_line' id='line_1_44' title="bbox 125 3047 1124 3086; baseline -0.001 -8"><span class='ocrx_word' id='word_1_274' title='bbox 125 3047 207 3086; x_wconf 84' lang='lat' dir='ltr'>quod</span> <span class='ocrx_word' id='word_1_275' title='bbox 236 3047 358 3078; x_wconf 88' lang='lat' dir='ltr'>abbatis</span> <span class='ocrx_word' id='word_1_276' title='bbox 385 3047 518 3083; x_wconf 87' lang='lat' dir='ltr'>electio,</span> <span class='ocrx_word' id='word_1_277' title='bbox 549 3048 669 3086; x_wconf 88' lang='lat' dir='ltr'>absque</span> <span class='ocrx_word' id='word_1_278' title='bbox 700 3048 922 3086; x_wconf 86' lang='lat' dir='ltr'>impressionis</span> <span class='ocrx_word' id='word_1_279' title='bbox 953 3048 1124 3083; x_wconf 87' lang='lat' dir='ltr'>instantia,</span> 
     </span>
    </p>
   </div>
   <div class='ocr_carea' id='block_1_18' title="bbox 263 3112 552 3140">
    <p class='ocr_par' dir='ltr' id='par_1_21' title="bbox 263 3112 552 3140">
     <span class='ocr_line' id='line_1_45' title="bbox 263 3112 552 3140; baseline -0.003 0"><span class='ocrx_word' id='word_1_280' title='bbox 263 3113 335 3140; x_wconf 75' lang='lat' dir='ltr'>Rae.</span> <span class='ocrx_word' id='word_1_281' title='bbox 357 3112 479 3140; x_wconf 61' lang='lat' dir='ltr'>Nmoms</span> <span class='ocrx_word' id='word_1_282' title='bbox 499 3112 552 3139; x_wconf 91' lang='lat' dir='ltr'>IV.</span> 
     </span>
    </p>
   </div>
   <div class='ocr_carea' id='block_1_19' title="bbox 1189 448 2203 1222">
    <p class='ocr_par' dir='ltr' id='par_1_22' title="bbox 1189 448 2198 699">
     <span class='ocr_line' id='line_1_46' title="bbox 1189 448 2197 489; baseline -0.001 -10"><span class='ocrx_word' id='word_1_283' title='bbox 1189 454 1315 489; x_wconf 87' lang='lat' dir='ltr'>propter</span> <span class='ocrx_word' id='word_1_284' title='bbox 1334 449 1516 488; x_wconf 88' lang='lat' dir='ltr'>aliquorum</span> <span class='ocrx_word' id='word_1_285' title='bbox 1539 449 1729 488; x_wconf 87' lang='lat' dir='ltr'>potentiam,</span> <span class='ocrx_word' id='word_1_286' title='bbox 1749 448 1818 479; x_wconf 90' lang='lat' dir='ltr'>fieri</span> <span class='ocrx_word' id='word_1_287' title='bbox 1843 457 1906 478; x_wconf 89' lang='lat' dir='ltr'>non</span> <span class='ocrx_word' id='word_1_288' title='bbox 1932 453 2069 487; x_wconf 79' lang='lat' dir='ltr'>poterat,</span> <span class='ocrx_word' id='word_1_289' title='bbox 2096 449 2197 488; x_wconf 88' lang='lat' dir='ltr'>provi-</span> 
     </span>
     <span class='ocr_line' id='line_1_47' title="bbox 1189 502 2197 538; baseline 0 -7"><span class='ocrx_word' id='word_1_290' title='bbox 1189 503 1311 532; x_wconf 88' lang='lat' dir='ltr'>sionem</span> <span class='ocrx_word' id='word_1_291' title='bbox 1329 503 1517 533; x_wconf 86' lang='lat' dir='ltr'>monasterii</span> <span class='ocrx_word' id='word_1_292' title='bbox 1541 503 1600 532; x_wconf 90' lang='lat' dir='ltr'>sibi</span> <span class='ocrx_word' id='word_1_293' title='bbox 1623 502 1814 535; x_wconf 78' lang='lat' dir='ltr'>reservavit,</span> <span class='ocrx_word' id='word_1_294' title='bbox 1834 506 1864 532; x_wconf 88' lang='lat' dir='ltr'>et</span> <span class='ocrx_word' id='word_1_295' title='bbox 1879 510 1967 531; x_wconf 90' lang='lat' dir='ltr'>nnnc</span> <span class='ocrx_word' id='word_1_296' title='bbox 1984 502 2197 538; x_wconf 87' lang='lat' dir='ltr'>Leobaldum,</span> 
     </span>
     <span class='ocr_line' id='line_1_48' title="bbox 1189 554 2198 591; baseline -0.002 -6"><span class='ocrx_word' id='word_1_297' title='bbox 1189 555 1384 585; x_wconf 86' lang='lat' dir='ltr'>monachum</span> <span class='ocrx_word' id='word_1_298' title='bbox 1408 555 1654 585; x_wconf 80' lang='lat' dir='ltr'>cluniacensem</span> <span class='ocrx_word' id='word_1_299' title='bbox 1681 560 1710 585; x_wconf 88' lang='lat' dir='ltr'>et</span> <span class='ocrx_word' id='word_1_300' title='bbox 1737 555 1923 584; x_wconf 88' lang='lat' dir='ltr'>monasterii</span> <span class='ocrx_word' id='word_1_301' title='bbox 1947 554 2056 584; x_wconf 87' lang='lat' dir='ltr'>Sancti</span> <span class='ocrx_word' id='word_1_302' title='bbox 2080 554 2198 591; x_wconf 85' lang='lat' dir='ltr'>Angeli</span> 
     </span>
     <span class='ocr_line' id='line_1_49' title="bbox 1190 607 2198 647; baseline -0.001 -10"><span class='ocrx_word' id='word_1_303' title='bbox 1190 608 1224 637; x_wconf 89' lang='lat' dir='ltr'>in</span> <span class='ocrx_word' id='word_1_304' title='bbox 1241 608 1364 638; x_wconf 87' lang='lat' dir='ltr'>Formis</span> <span class='ocrx_word' id='word_1_305' title='bbox 1380 617 1475 647; x_wconf 89' lang='lat' dir='ltr'>prope</span> <span class='ocrx_word' id='word_1_306' title='bbox 1488 607 1629 646; x_wconf 85' lang='lat' dir='ltr'>Capuam</span> <span class='ocrx_word' id='word_1_307' title='bbox 1646 608 1874 646; x_wconf 87' lang='lat' dir='ltr'>praepositum,</span> <span class='ocrx_word' id='word_1_308' title='bbox 1889 607 1992 637; x_wconf 89' lang='lat' dir='ltr'>eidem</span> <span class='ocrx_word' id='word_1_309' title='bbox 2005 607 2198 636; x_wconf 88' lang='lat' dir='ltr'>monasterio</span> 
     </span>
     <span class='ocr_line' id='line_1_50' title="bbox 1191 661 1507 699; baseline 0.003 -9"><span class='ocrx_word' id='word_1_310' title='bbox 1191 661 1337 691; x_wconf 87' lang='lat' dir='ltr'>abbatem</span> <span class='ocrx_word' id='word_1_311' title='bbox 1354 661 1507 699; x_wconf 88' lang='lat' dir='ltr'>praeficit.</span> 
     </span>
    </p>

    <p class='ocr_par' dir='ltr' id='par_1_23' title="bbox 1194 713 2199 804">
     <span class='ocr_line' id='line_1_51' title="bbox 1234 713 2199 751; baseline -0.002 -7"><span class='ocrx_word' id='word_1_312' title='bbox 1234 726 1247 740; x_wconf 66' lang='grc' dir='ltr'>α</span> <span class='ocrx_word' id='word_1_313' title='bbox 1266 714 1359 744; x_wconf 88' lang='lat' dir='ltr'>Circa</span> <span class='ocrx_word' id='word_1_314' title='bbox 1377 723 1488 744; x_wconf 86' lang='lat' dir='ltr'>curam</span> <span class='ocrx_word' id='word_1_315' title='bbox 1510 713 1756 744; x_wconf 90' lang='lat' dir='ltr'>ecclesiarum...</span> <span class='ocrx_word' id='word_1_316' title='bbox 1773 730 1811 735; x_wconf 92' lang='lat'><em>-</em></span> <span class='ocrx_word' id='word_1_317' title='bbox 1827 713 1899 742; x_wconf 89' lang='lat' dir='ltr'>Dat.</span> <span class='ocrx_word' id='word_1_318' title='bbox 1918 713 2001 751; x_wconf 90' lang='lat' dir='ltr'>apud</span> <span class='ocrx_word' id='word_1_319' title='bbox 2024 713 2199 743; x_wconf 85' lang='lat' dir='ltr'>Urbemve-</span> 
     </span>
     <span class='ocr_line' id='line_1_52' title="bbox 1194 766 1974 804; baseline -0.001 -8"><span class='ocrx_word' id='word_1_320' title='bbox 1194 771 1312 804; x_wconf 71' lang='lat' dir='ltr'>terem,</span> <span class='ocrx_word' id='word_1_321' title='bbox 1330 777 1381 797; x_wconf 86' lang='lat' dir='ltr'>xv1</span> <span class='ocrx_word' id='word_1_322' title='bbox 1398 767 1551 797; x_wconf 86' lang='lat' dir='ltr'>kalendas</span> <span class='ocrx_word' id='word_1_323' title='bbox 1569 767 1721 803; x_wconf 86' lang='lat' dir='ltr'>octobris,</span> <span class='ocrx_word' id='word_1_324' title='bbox 1739 775 1824 796; x_wconf 88' lang='lat' dir='ltr'>anno</span> <span class='ocrx_word' id='word_1_325' title='bbox 1840 766 1942 796; x_wconf 88' lang='lat' dir='ltr'>tertio.</span> <span class='ocrx_word' id='word_1_326' title='bbox 1961 778 1974 792; x_wconf 73' lang='lat' dir='ltr'>n</span> 
     </span>
    </p>

    <p class='ocr_par' dir='ltr' id='par_1_24' title="bbox 1194 819 2201 964">
     <span class='ocr_line' id='line_1_53' title="bbox 1234 819 2200 850; baseline -0.002 0"><span class='ocrx_word' id='word_1_327' title='bbox 1234 820 1272 850; x_wconf 89' lang='lat' dir='ltr'>In</span> <span class='ocrx_word' id='word_1_328' title='bbox 1300 829 1326 849; x_wconf 92' lang='lat' dir='ltr'>e.</span> <span class='ocrx_word' id='word_1_329' title='bbox 1352 829 1395 849; x_wconf 90' lang='lat' dir='ltr'>m.</span> <span class='ocrx_word' id='word_1_330' title='bbox 1424 841 1442 849; x_wconf 91' lang='lat'>..</span> <span class='ocrx_word' id='word_1_331' title='bbox 1473 820 1592 850; x_wconf 87' lang='lat' dir='ltr'>decano</span> <span class='ocrx_word' id='word_1_332' title='bbox 1618 825 1648 849; x_wconf 93' lang='lat' dir='ltr'>et</span> <span class='ocrx_word' id='word_1_333' title='bbox 1677 819 1849 849; x_wconf 87' lang='lat' dir='ltr'>conventui</span> <span class='ocrx_word' id='word_1_334' title='bbox 1878 819 2066 849; x_wconf 88' lang='lat' dir='ltr'>monasterii</span> <span class='ocrx_word' id='word_1_335' title='bbox 2092 819 2200 848; x_wconf 84' lang='lat' dir='ltr'>Sancti</span> 
     </span>
     <span class='ocr_line' id='line_1_54' title="bbox 1194 872 2201 910; baseline -0.002 -7"><span class='ocrx_word' id='word_1_336' title='bbox 1194 873 1354 903; x_wconf 85' lang='lat' dir='ltr'>Johannis</span> <span class='ocrx_word' id='word_1_337' title='bbox 1369 874 1402 903; x_wconf 91' lang='lat' dir='ltr'>in</span> <span class='ocrx_word' id='word_1_338' title='bbox 1420 873 1545 903; x_wconf 90' lang='lat' dir='ltr'>Venere</span> <span class='ocrx_word' id='word_1_339' title='bbox 1561 873 1692 902; x_wconf 83' lang='lat' dir='ltr'>mandat</span> <span class='ocrx_word' id='word_1_340' title='bbox 1707 877 1864 910; x_wconf 87' lang='lat' dir='ltr'>qnatenus</span> <span class='ocrx_word' id='word_1_341' title='bbox 1880 872 1983 902; x_wconf 91' lang='lat' dir='ltr'>eidem</span> <span class='ocrx_word' id='word_1_342' title='bbox 2000 872 2098 902; x_wconf 89' lang='lat' dir='ltr'>electo</span> <span class='ocrx_word' id='word_1_343' title='bbox 2116 872 2201 902; x_wconf 89' lang='lat' dir='ltr'>debi-</span> 
     </span>
     <span class='ocr_line' id='line_1_55' title="bbox 1197 926 1691 964; baseline -0.002 -9"><span class='ocrx_word' id='word_1_344' title='bbox 1197 930 1258 956; x_wconf 90' lang='lat' dir='ltr'>tam</span> <span class='ocrx_word' id='word_1_345' title='bbox 1276 926 1491 956; x_wconf 85' lang='lat' dir='ltr'>obedientiam</span> <span class='ocrx_word' id='word_1_346' title='bbox 1510 926 1691 964; x_wconf 86' lang='lat' dir='ltr'>praebeant.</span> 
     </span>
    </p>

    <p class='ocr_par' dir='ltr' id='par_1_25' title="bbox 1197 977 2203 1070">
     <span class='ocr_line' id='line_1_56' title="bbox 1236 977 2203 1016; baseline -0.002 -8"><span class='ocrx_word' id='word_1_347' title='bbox 1236 980 1284 1008; x_wconf 82' lang='lat' dir='ltr'>In.</span> <span class='ocrx_word' id='word_1_348' title='bbox 1307 988 1334 1009; x_wconf 94' lang='lat' dir='ltr'>e.</span> <span class='ocrx_word' id='word_1_349' title='bbox 1354 988 1397 1009; x_wconf 91' lang='lat' dir='ltr'>m.</span> <span class='ocrx_word' id='word_1_350' title='bbox 1419 979 1578 1008; x_wconf 89' lang='lat' dir='ltr'>universis</span> <span class='ocrx_word' id='word_1_351' title='bbox 1602 977 1747 1008; x_wconf 84' lang='lat' dir='ltr'>vassallis</span> <span class='ocrx_word' id='word_1_352' title='bbox 1772 977 1915 1016; x_wconf 82' lang='lat' dir='ltr'>ejusdem</span> <span class='ocrx_word' id='word_1_353' title='bbox 1940 977 2142 1013; x_wconf 87' lang='lat' dir='ltr'>monasterii,</span> <span class='ocrx_word' id='word_1_354' title='bbox 2169 982 2203 1007; x_wconf 89' lang='lat' dir='ltr'>nt</span> 
     </span>
     <span class='ocr_line' id='line_1_57' title="bbox 1197 1031 2081 1070; baseline -0.003 -8"><span class='ocrx_word' id='word_1_355' title='bbox 1197 1032 1300 1062; x_wconf 89' lang='lat' dir='ltr'>eidem</span> <span class='ocrx_word' id='word_1_356' title='bbox 1316 1032 1414 1062; x_wconf 88' lang='lat' dir='ltr'>electo</span> <span class='ocrx_word' id='word_1_357' title='bbox 1430 1032 1520 1062; x_wconf 89' lang='lat' dir='ltr'>solita</span> <span class='ocrx_word' id='word_1_358' title='bbox 1535 1031 1698 1062; x_wconf 88' lang='lat' dir='ltr'>fidelitatis</span> <span class='ocrx_word' id='word_1_359' title='bbox 1711 1032 1894 1070; x_wconf 84' lang='lat' dir='ltr'>juramenta</span> <span class='ocrx_word' id='word_1_360' title='bbox 1911 1034 2081 1069; x_wconf 88' lang='lat' dir='ltr'>praestent.</span> 
     </span>
    </p>

    <p class='ocr_par' dir='ltr' id='par_1_26' title="bbox 1197 1083 2203 1222">
     <span class='ocr_line' id='line_1_58' title="bbox 1237 1083 2203 1122; baseline -0.003 -7"><span class='ocrx_word' id='word_1_361' title='bbox 1237 1086 1275 1115; x_wconf 91' lang='lat' dir='ltr'>In</span> <span class='ocrx_word' id='word_1_362' title='bbox 1289 1095 1316 1115; x_wconf 89' lang='lat' dir='ltr'>e.</span> <span class='ocrx_word' id='word_1_363' title='bbox 1336 1095 1379 1115; x_wconf 88' lang='lat' dir='ltr'>m.</span> <span class='ocrx_word' id='word_1_364' title='bbox 1397 1084 1561 1121; x_wconf 89' lang='lat' dir='ltr'>Carolum,</span> <span class='ocrx_word' id='word_1_365' title='bbox 1581 1089 1692 1114; x_wconf 87' lang='lat' dir='ltr'>natum</span> <span class='ocrx_word' id='word_1_366' title='bbox 1709 1084 1742 1113; x_wconf 94' lang='lat' dir='ltr'>C.</span> <span class='ocrx_word' id='word_1_367' title='bbox 1762 1084 1845 1122; x_wconf 83' lang='lat' dir='ltr'>regis</span> <span class='ocrx_word' id='word_1_368' title='bbox 1863 1083 2006 1120; x_wconf 86' lang='lat' dir='ltr'>Siciliae,</span> <span class='ocrx_word' id='word_1_369' title='bbox 2026 1083 2203 1121; x_wconf 88' lang='lat' dir='ltr'>principem</span> 
     </span>
     <span class='ocr_line' id='line_1_59' title="bbox 1198 1136 2203 1176; baseline -0.003 -8"><span class='ocrx_word' id='word_1_370' title='bbox 1198 1138 1450 1175; x_wconf 77' lang='lat' dir='ltr'>salernitanum,</span> <span class='ocrx_word' id='word_1_371' title='bbox 1461 1142 1550 1176; x_wconf 89' lang='lat' dir='ltr'>rogat</span> <span class='ocrx_word' id='word_1_372' title='bbox 1563 1142 1597 1168; x_wconf 85' lang='lat' dir='ltr'>ut</span> <span class='ocrx_word' id='word_1_373' title='bbox 1613 1138 1716 1167; x_wconf 90' lang='lat' dir='ltr'>eidem</span> <span class='ocrx_word' id='word_1_374' title='bbox 1733 1137 1831 1167; x_wconf 87' lang='lat' dir='ltr'>electo</span> <span class='ocrx_word' id='word_1_375' title='bbox 1846 1137 1986 1166; x_wconf 82' lang='lat' dir='ltr'>savorem</span> <span class='ocrx_word' id='word_1_376' title='bbox 2003 1140 2032 1166; x_wconf 88' lang='lat' dir='ltr'>et</span> <span class='ocrx_word' id='word_1_377' title='bbox 2047 1136 2203 1166; x_wconf 81' lang='lat' dir='ltr'>auxilium</span> 
     </span>
     <span class='ocr_line' id='line_1_60' title="bbox 1197 1192 1356 1222; baseline -0.006 0"><span class='ocrx_word' id='word_1_378' title='bbox 1197 1192 1356 1222; x_wconf 79' lang='lat' dir='ltr'>exhibeat.</span> 
     </span>
    </p>
   </div>
   <div class='ocr_carea' id='block_1_20' title="bbox 1269 1362 1520 1392">
    <p class='ocr_par' dir='ltr' id='par_1_27' title="bbox 1269 1362 1520 1392">
     <span class='ocr_line' id='line_1_61' title="bbox 1269 1362 1520 1392; baseline -0.008 0"><span class='ocrx_word' id='word_1_379' title='bbox 1269 1362 1520 1392; x_wconf 56' lang='lat'><strong>3323-33’76</strong></span> 
     </span>
    </p>
   </div>
   <div class='ocr_carea' id='block_1_21' title="bbox 1235 1422 2172 1459">
    <p class='ocr_par' dir='ltr' id='par_1_28' title="bbox 1235 1422 2172 1459">
     <span class='ocr_line' id='line_1_62' title="bbox 1235 1422 2172 1459; baseline -0.004 -7"><span class='ocrx_word' id='word_1_380' title='bbox 1235 1425 1278 1452; x_wconf 88' lang='lat' dir='ltr'>De</span> <span class='ocrx_word' id='word_1_381' title='bbox 1293 1425 1393 1451; x_wconf 86' lang='lat' dir='ltr'>eodem</span> <span class='ocrx_word' id='word_1_382' title='bbox 1411 1425 1537 1459; x_wconf 85' lang='lat' dir='ltr'>negotio.</span> <span class='ocrx_word' id='word_1_383' title='bbox 1555 1424 1638 1457; x_wconf 72' lang='lat' dir='ltr'>(Bm.</span> <span class='ocrx_word' id='word_1_384' title='bbox 1654 1423 1701 1454; x_wconf 78' lang='lat'>45,</span> <span class='ocrx_word' id='word_1_385' title='bbox 1724 1431 1750 1450; x_wconf 90' lang='lat' dir='ltr'>c.</span> <span class='ocrx_word' id='word_1_386' title='bbox 1768 1423 1839 1453; x_wconf 83' lang='lat'><strong>447²,</strong></span> <span class='ocrx_word' id='word_1_387' title='bbox 1857 1423 1875 1448; x_wconf 85' lang='lat' dir='ltr'>f.</span> <span class='ocrx_word' id='word_1_388' title='bbox 1893 1422 1925 1449; x_wconf 77' lang='lat'>88</span> <span class='ocrx_word' id='word_1_389' title='bbox 1941 1430 1981 1454; x_wconf 72' lang='lat' dir='ltr'>vo,</span> <span class='ocrx_word' id='word_1_390' title='bbox 2001 1431 2034 1448; x_wconf 88' lang='lat' dir='ltr'>en</span> <span class='ocrx_word' id='word_1_391' title='bbox 2052 1425 2172 1457; x_wconf 79' lang='lat' dir='ltr'>mai-ge.)</span> 
     </span>
    </p>
   </div>
   <div class='ocr_carea' id='block_1_22' title="bbox 1713 1360 2135 1394">
    <p class='ocr_par' dir='ltr' id='par_1_29' title="bbox 1713 1360 2135 1394">
     <span class='ocr_line' id='line_1_63' title="bbox 1713 1360 2135 1394; baseline -0.005 -6"><span class='ocrx_word' id='word_1_392' title='bbox 1713 1360 1839 1394; x_wconf 87' lang='lat' dir='ltr'>Orvieto,</span> <span class='ocrx_word' id='word_1_393' title='bbox 1858 1361 1872 1387; x_wconf 86' lang='lat'><strong>4</strong></span> <span class='ocrx_word' id='word_1_394' title='bbox 1888 1360 2039 1387; x_wconf 79' lang='lat' dir='ltr'>decembre</span> <span class='ocrx_word' id='word_1_395' title='bbox 2059 1360 2135 1387; x_wconf 70' lang='lat'>1290.</span> 
     </span>
    </p>
   </div>
   <div class='ocr_carea' id='block_1_23' title="bbox 1200 1531 2214 2094">
    <p class='ocr_par' dir='ltr' id='par_1_30' title="bbox 1200 1531 2208 1729">
     <span class='ocr_line' id='line_1_64' title="bbox 1240 1531 2208 1568; baseline -0.005 -5"><span class='ocrx_word' id='word_1_396' title='bbox 1240 1535 1380 1563; x_wconf 72' lang='lat' dir='ltr'>Nicolaus</span> <span class='ocrx_word' id='word_1_397' title='bbox 1408 1538 1460 1562; x_wconf 77' lang='lat' dir='ltr'>etc.</span> <span class='ocrx_word' id='word_1_398' title='bbox 1489 1533 1596 1561; x_wconf 71' lang='lat' dir='ltr'>Dilecto</span> <span class='ocrx_word' id='word_1_399' title='bbox 1623 1532 1687 1568; x_wconf 79' lang='lat' dir='ltr'>filio</span> <span class='ocrx_word' id='word_1_400' title='bbox 1718 1532 1856 1560; x_wconf 72' lang='lat' dir='ltr'>teobaldo</span> <span class='ocrx_word' id='word_1_401' title='bbox 1871 1555 1877 1567; x_wconf 92' lang='lat'>,</span> <span class='ocrx_word' id='word_1_402' title='bbox 1902 1531 2003 1559; x_wconf 77' lang='lat' dir='ltr'>abbati</span> <span class='ocrx_word' id='word_1_403' title='bbox 2031 1531 2208 1559; x_wconf 72' lang='lat' dir='ltr'>monasterii</span> 
     </span>
     <span class='ocr_line' id='line_1_65' title="bbox 1200 1585 2208 1619; baseline -0.004 -2"><span class='ocrx_word' id='word_1_404' title='bbox 1200 1588 1304 1617; x_wconf 77' lang='lat' dir='ltr'>Sancti</span> <span class='ocrx_word' id='word_1_405' title='bbox 1325 1587 1477 1616; x_wconf 72' lang='lat' dir='ltr'>Johannis</span> <span class='ocrx_word' id='word_1_406' title='bbox 1505 1587 1537 1615; x_wconf 83' lang='grc' dir='ltr'><strong><em>ιή</em></strong></span> <span class='ocrx_word' id='word_1_407' title='bbox 1564 1586 1683 1619; x_wconf 84' lang='lat' dir='ltr'>Venere,</span> <span class='ocrx_word' id='word_1_408' title='bbox 1704 1586 1743 1614; x_wconf 87' lang='lat' dir='ltr'>ad</span> <span class='ocrx_word' id='word_1_409' title='bbox 1762 1593 1926 1614; x_wconf 77' lang='lat' dir='ltr'>romanam</span> <span class='ocrx_word' id='word_1_410' title='bbox 1950 1585 2099 1613; x_wconf 80' lang='lat' dir='ltr'>ecelesiam</span> <span class='ocrx_word' id='word_1_411' title='bbox 2123 1585 2208 1613; x_wconf 82' lang='lat' dir='ltr'>nullo</span> 
     </span>
     <span class='ocr_line' id='line_1_66' title="bbox 1200 1637 2206 1677; baseline -0.002 -9"><span class='ocrx_word' id='word_1_412' title='bbox 1200 1641 1297 1670; x_wconf 80' lang='lat' dir='ltr'>medio</span> <span class='ocrx_word' id='word_1_413' title='bbox 1313 1640 1512 1677; x_wconf 73' lang='lat' dir='ltr'>pertinentis,</span> <span class='ocrx_word' id='word_1_414' title='bbox 1530 1639 1648 1667; x_wconf 74' lang='lat' dir='ltr'>ordinis</span> <span class='ocrx_word' id='word_1_415' title='bbox 1670 1638 1700 1667; x_wconf 89' lang='lat' dir='ltr'>S.</span> <span class='ocrx_word' id='word_1_416' title='bbox 1720 1638 1886 1673; x_wconf 70' lang='lat' dir='ltr'>Benedicti,</span> <span class='ocrx_word' id='word_1_417' title='bbox 1910 1637 2049 1666; x_wconf 76' lang='lat' dir='ltr'>Thean&#39;ne</span> <span class='ocrx_word' id='word_1_418' title='bbox 2067 1638 2206 1673; x_wconf 40' lang='lat' dir='ltr'>diocesia,</span> 
     </span>
     <span class='ocr_line' id='line_1_67' title="bbox 1201 1690 1749 1729; baseline -0.007 -6"><span class='ocrx_word' id='word_1_419' title='bbox 1201 1692 1432 1724; x_wconf 87' lang='lat' dir='ltr'>benedictionis</span> <span class='ocrx_word' id='word_1_420' title='bbox 1448 1700 1567 1721; x_wconf 89' lang='lat' dir='ltr'>munus</span> <span class='ocrx_word' id='word_1_421' title='bbox 1582 1690 1749 1729; x_wconf 88' lang='lat' dir='ltr'>impendit.</span> 
     </span>
    </p>

    <p class='ocr_par' dir='ltr' id='par_1_31' title="bbox 1203 1743 2208 1836">
     <span class='ocr_line' id='line_1_68' title="bbox 1243 1743 2208 1781; baseline -0.001 -8"><span class='ocrx_word' id='word_1_422' title='bbox 1243 1759 1256 1773; x_wconf 67' lang='grc' dir='ltr'>α</span> <span class='ocrx_word' id='word_1_423' title='bbox 1275 1746 1367 1776; x_wconf 85' lang='lat' dir='ltr'>Circa</span> <span class='ocrx_word' id='word_1_424' title='bbox 1388 1754 1496 1775; x_wconf 87' lang='lat' dir='ltr'>curam</span> <span class='ocrx_word' id='word_1_425' title='bbox 1521 1744 1766 1774; x_wconf 83' lang='lat' dir='ltr'>ecclesiarum...</span> <span class='ocrx_word' id='word_1_426' title='bbox 1785 1761 1822 1764; x_wconf 97' lang='lat'><strong>—</strong></span> <span class='ocrx_word' id='word_1_427' title='bbox 1839 1744 1910 1772; x_wconf 88' lang='lat' dir='ltr'>Dat.</span> <span class='ocrx_word' id='word_1_428' title='bbox 1929 1743 2010 1781; x_wconf 86' lang='lat' dir='ltr'>apud</span> <span class='ocrx_word' id='word_1_429' title='bbox 2037 1743 2208 1773; x_wconf 87' lang='lat' dir='ltr'>Urbemve-</span> 
     </span>
     <span class='ocr_line' id='line_1_69' title="bbox 1203 1798 1939 1836; baseline -0.005 -6"><span class='ocrx_word' id='word_1_430' title='bbox 1203 1805 1316 1836; x_wconf 86' lang='lat' dir='ltr'>terem,</span> <span class='ocrx_word' id='word_1_431' title='bbox 1336 1809 1355 1828; x_wconf 88' lang='lat'>11</span> <span class='ocrx_word' id='word_1_432' title='bbox 1373 1807 1473 1828; x_wconf 88' lang='lat' dir='ltr'>nonas</span> <span class='ocrx_word' id='word_1_433' title='bbox 1489 1798 1683 1835; x_wconf 84' lang='lat' dir='ltr'>decembris,</span> <span class='ocrx_word' id='word_1_434' title='bbox 1704 1806 1790 1827; x_wconf 89' lang='lat' dir='ltr'>anno</span> <span class='ocrx_word' id='word_1_435' title='bbox 1808 1798 1909 1827; x_wconf 88' lang='lat' dir='ltr'>tertio.</span> <span class='ocrx_word' id='word_1_436' title='bbox 1926 1808 1939 1823; x_wconf 75' lang='grc' dir='ltr'>ι</span> 
     </span>
    </p>

    <p class='ocr_par' dir='ltr' id='par_1_32' title="bbox 1203 1849 2210 1936">
     <span class='ocr_line' id='line_1_70' title="bbox 1243 1849 2210 1882; baseline -0.004 0"><span class='ocrx_word' id='word_1_437' title='bbox 1243 1854 1279 1882; x_wconf 90' lang='lat' dir='ltr'>In</span> <span class='ocrx_word' id='word_1_438' title='bbox 1299 1862 1326 1882; x_wconf 90' lang='lat' dir='ltr'>e.</span> <span class='ocrx_word' id='word_1_439' title='bbox 1343 1862 1388 1882; x_wconf 91' lang='lat' dir='ltr'>m.</span> <span class='ocrx_word' id='word_1_440' title='bbox 1407 1875 1427 1882; x_wconf 90' lang='lat'>..</span> <span class='ocrx_word' id='word_1_441' title='bbox 1445 1852 1564 1881; x_wconf 90' lang='lat' dir='ltr'>decano</span> <span class='ocrx_word' id='word_1_442' title='bbox 1581 1855 1612 1881; x_wconf 90' lang='lat' dir='ltr'>et</span> <span class='ocrx_word' id='word_1_443' title='bbox 1632 1851 1804 1881; x_wconf 88' lang='lat' dir='ltr'>conventui</span> <span class='ocrx_word' id='word_1_444' title='bbox 1825 1850 2013 1880; x_wconf 90' lang='lat' dir='ltr'>monasterii</span> <span class='ocrx_word' id='word_1_445' title='bbox 2036 1849 2068 1880; x_wconf 87' lang='lat' dir='ltr'>S.</span> <span class='ocrx_word' id='word_1_446' title='bbox 2092 1849 2210 1879; x_wconf 83' lang='lat' dir='ltr'>Johan—</span> 
     </span>
     <span class='ocr_line' id='line_1_71' title="bbox 1203 1903 1666 1936; baseline -0.009 0"><span class='ocrx_word' id='word_1_447' title='bbox 1203 1906 1253 1936; x_wconf 90' lang='lat' dir='ltr'>nis</span> <span class='ocrx_word' id='word_1_448' title='bbox 1269 1910 1327 1935; x_wconf 89' lang='lat' dir='ltr'>etc.</span> <span class='ocrx_word' id='word_1_449' title='bbox 1346 1904 1476 1935; x_wconf 86' lang='lat' dir='ltr'>mutatis</span> <span class='ocrx_word' id='word_1_450' title='bbox 1492 1903 1666 1933; x_wconf 85' lang='lat' dir='ltr'>mutandis.</span> 
     </span>
    </p>

    <p class='ocr_par' dir='ltr' id='par_1_33' title="bbox 1245 1956 2062 1995">
     <span class='ocr_line' id='line_1_72' title="bbox 1245 1956 2062 1995; baseline -0.005 -7"><span class='ocrx_word' id='word_1_451' title='bbox 1245 1959 1280 1988; x_wconf 87' lang='lat' dir='ltr'>In</span> <span class='ocrx_word' id='word_1_452' title='bbox 1298 1967 1325 1988; x_wconf 90' lang='lat' dir='ltr'>e.</span> <span class='ocrx_word' id='word_1_453' title='bbox 1343 1967 1385 1987; x_wconf 92' lang='lat' dir='ltr'>m.</span> <span class='ocrx_word' id='word_1_454' title='bbox 1404 1957 1565 1987; x_wconf 80' lang='lat' dir='ltr'>universis</span> <span class='ocrx_word' id='word_1_455' title='bbox 1582 1956 1728 1986; x_wconf 86' lang='lat' dir='ltr'>vassallis</span> <span class='ocrx_word' id='word_1_456' title='bbox 1745 1957 1847 1995; x_wconf 83' lang='lat' dir='ltr'>ipsius</span> <span class='ocrx_word' id='word_1_457' title='bbox 1866 1956 2062 1985; x_wconf 89' lang='lat' dir='ltr'>monasterii.</span> 
     </span>
    </p>

    <p class='ocr_par' dir='ltr' id='par_1_34' title="bbox 1205 2007 2214 2094">
     <span class='ocr_line' id='line_1_73' title="bbox 1243 2007 2214 2047; baseline -0.004 -6"><span class='ocrx_word' id='word_1_458' title='bbox 1243 2012 1281 2041; x_wconf 92' lang='lat' dir='ltr'>In</span> <span class='ocrx_word' id='word_1_459' title='bbox 1299 2020 1326 2041; x_wconf 89' lang='lat' dir='ltr'>e.</span> <span class='ocrx_word' id='word_1_460' title='bbox 1343 2020 1387 2040; x_wconf 89' lang='lat' dir='ltr'>m.</span> <span class='ocrx_word' id='word_1_461' title='bbox 1405 2010 1534 2046; x_wconf 78' lang='lat' dir='ltr'>Carolo,</span> <span class='ocrx_word' id='word_1_462' title='bbox 1552 2015 1626 2040; x_wconf 86' lang='lat' dir='ltr'>nato</span> <span class='ocrx_word' id='word_1_463' title='bbox 1641 2009 1677 2040; x_wconf 89' lang='lat' dir='ltr'>C.</span> <span class='ocrx_word' id='word_1_464' title='bbox 1694 2010 1779 2047; x_wconf 84' lang='lat' dir='ltr'>regis</span> <span class='ocrx_word' id='word_1_465' title='bbox 1797 2008 1937 2045; x_wconf 86' lang='lat' dir='ltr'>Siciliae,</span> <span class='ocrx_word' id='word_1_466' title='bbox 1957 2008 2094 2047; x_wconf 87' lang='lat' dir='ltr'>principi</span> <span class='ocrx_word' id='word_1_467' title='bbox 2110 2007 2214 2037; x_wconf 84' lang='lat' dir='ltr'>Saler-</span> 
     </span>
     <span class='ocr_line' id='line_1_74' title="bbox 1205 2069 1328 2094; baseline 0 0"><span class='ocrx_word' id='word_1_468' title='bbox 1205 2069 1328 2094; x_wconf 82' lang='lat' dir='ltr'>ultano.</span> 
     </span>
    </p>
   </div>
   <div class='ocr_carea' id='block_1_24' title="bbox 1276 2237 1389 2266">
    <p class='ocr_par' dir='ltr' id='par_1_35' title="bbox 1276 2237 1389 2266">
     <span class='ocr_line' id='line_1_75' title="bbox 1276 2237 1389 2266; baseline -0.018 0"><span class='ocrx_word' id='word_1_469' title='bbox 1276 2237 1389 2266; x_wconf 56' lang='lat'><strong>3:32⁷</strong></span> 
     </span>
    </p>
   </div>
   <div class='ocr_carea' id='block_1_25' title="bbox 1206 2296 2211 2382">
    <p class='ocr_par' dir='ltr' id='par_1_36' title="bbox 1206 2296 2211 2382">
     <span class='ocr_line' id='line_1_76' title="bbox 1240 2296 2211 2334; baseline -0.005 -8"><span class='ocrx_word' id='word_1_470' title='bbox 1240 2300 1426 2334; x_wconf 85' lang='lat' dir='ltr'>Dispensatio</span> <span class='ocrx_word' id='word_1_471' title='bbox 1456 2307 1520 2325; x_wconf 83' lang='lat' dir='ltr'>cum</span> <span class='ocrx_word' id='word_1_472' title='bbox 1550 2299 1655 2324; x_wconf 87' lang='lat' dir='ltr'>clerico</span> <span class='ocrx_word' id='word_1_473' title='bbox 1684 2298 1732 2332; x_wconf 86' lang='lat' dir='ltr'>qui</span> <span class='ocrx_word' id='word_1_474' title='bbox 1762 2298 1897 2324; x_wconf 81' lang='lat' dir='ltr'>mulieres</span> <span class='ocrx_word' id='word_1_475' title='bbox 1924 2297 2026 2331; x_wconf 86' lang='lat' dir='ltr'>capitis</span> <span class='ocrx_word' id='word_1_476' title='bbox 2054 2296 2211 2323; x_wconf 83' lang='lat' dir='ltr'>accusavit.</span> 
     </span>
     <span class='ocr_line' id='line_1_77' title="bbox 1206 2347 1619 2382; baseline -0.01 -6"><span class='ocrx_word' id='word_1_477' title='bbox 1206 2349 1288 2382; x_wconf 58' lang='lat' dir='ltr'>(Rs-20.</span> <span class='ocrx_word' id='word_1_478' title='bbox 1305 2350 1347 2382; x_wconf 81' lang='lat'>45,</span> <span class='ocrx_word' id='word_1_479' title='bbox 1364 2357 1389 2375; x_wconf 92' lang='lat' dir='ltr'>c.</span> <span class='ocrx_word' id='word_1_480' title='bbox 1406 2349 1465 2380; x_wconf 87' lang='lat'><strong>448,</strong></span> <span class='ocrx_word' id='word_1_481' title='bbox 1484 2348 1502 2374; x_wconf 78' lang='lat' dir='ltr'>f.</span> <span class='ocrx_word' id='word_1_482' title='bbox 1520 2347 1553 2374; x_wconf 87' lang='lat'>88</span> <span class='ocrx_word' id='word_1_483' title='bbox 1570 2348 1619 2380; x_wconf 52' lang='grc' dir='ltr'>νο.)</span> 
     </span>
    </p>
   </div>
   <div class='ocr_carea' id='block_1_26' title="bbox 1749 2233 2138 2266">
    <p class='ocr_par' dir='ltr' id='par_1_37' title="bbox 1749 2233 2138 2266">
     <span class='ocr_line' id='line_1_78' title="bbox 1749 2233 2138 2266; baseline -0.005 -5"><span class='ocrx_word' id='word_1_484' title='bbox 1749 2234 1875 2266; x_wconf 85' lang='lat' dir='ltr'>Orvieto,</span> <span class='ocrx_word' id='word_1_485' title='bbox 1896 2235 1909 2260; x_wconf 90' lang='lat'><strong>4</strong></span> <span class='ocrx_word' id='word_1_486' title='bbox 1926 2233 2042 2261; x_wconf 81' lang='lat' dir='ltr'>octobre</span> <span class='ocrx_word' id='word_1_487' title='bbox 2060 2233 2138 2260; x_wconf 65' lang='lat'>1290.</span> 
     </span>
    </p>
   </div>
   <div class='ocr_carea' id='block_1_27' title="bbox 1205 2453 2216 3080">
    <p class='ocr_par' dir='ltr' id='par_1_38' title="bbox 1205 2453 2216 3080">
     <span class='ocr_line' id='line_1_79' title="bbox 1247 2453 2212 2494; baseline -0.004 -8"><span class='ocrx_word' id='word_1_488' title='bbox 1247 2481 1267 2488; x_wconf 89' lang='lat'>..</span> <span class='ocrx_word' id='word_1_489' title='bbox 1291 2458 1514 2494; x_wconf 74' lang='lat' dir='ltr'>archiepiscopo</span> <span class='ocrx_word' id='word_1_490' title='bbox 1539 2456 1766 2485; x_wconf 68' lang='lat' dir='ltr'>Canticariensi.</span> <span class='ocrx_word' id='word_1_491' title='bbox 1793 2467 1806 2481; x_wconf 66' lang='grc' dir='ltr'>ι(</span> <span class='ocrx_word' id='word_1_492' title='bbox 1832 2454 1977 2492; x_wconf 83' lang='lat' dir='ltr'>Exposita</span> <span class='ocrx_word' id='word_1_493' title='bbox 1996 2454 2086 2484; x_wconf 86' lang='lat' dir='ltr'>nobis</span> <span class='ocrx_word' id='word_1_494' title='bbox 2105 2453 2212 2483; x_wconf 88' lang='lat' dir='ltr'>dilecti</span> 
     </span>
     <span class='ocr_line' id='line_1_80' title="bbox 1206 2506 2213 2546; baseline -0.005 -6"><span class='ocrx_word' id='word_1_495' title='bbox 1206 2510 1265 2540; x_wconf 92' lang='lat' dir='ltr'>filii</span> <span class='ocrx_word' id='word_1_496' title='bbox 1283 2510 1442 2540; x_wconf 84' lang='lat' dir='ltr'>Johannis</span> <span class='ocrx_word' id='word_1_497' title='bbox 1466 2509 1505 2539; x_wconf 90' lang='lat' dir='ltr'>de</span> <span class='ocrx_word' id='word_1_498' title='bbox 1528 2510 1697 2539; x_wconf 84' lang='lat' dir='ltr'>Faversarn</span> <span class='ocrx_word' id='word_1_499' title='bbox 1710 2532 1717 2546; x_wconf 94' lang='lat'>‚</span> <span class='ocrx_word' id='word_1_500' title='bbox 1735 2508 1842 2538; x_wconf 89' lang='lat' dir='ltr'>clerici</span> <span class='ocrx_word' id='word_1_501' title='bbox 1858 2512 1910 2537; x_wconf 88' lang='lat' dir='ltr'>tue</span> <span class='ocrx_word' id='word_1_502' title='bbox 1934 2507 2084 2543; x_wconf 87' lang='lat' dir='ltr'>diocesis,</span> <span class='ocrx_word' id='word_1_503' title='bbox 2104 2506 2213 2545; x_wconf 86' lang='lat' dir='ltr'>petitio</span> 
     </span>
     <span class='ocr_line' id='line_1_81' title="bbox 1206 2559 2212 2600; baseline -0.005 -7"><span class='ocrx_word' id='word_1_504' title='bbox 1206 2563 1387 2594; x_wconf 85' lang='lat' dir='ltr'>continebat</span> <span class='ocrx_word' id='word_1_505' title='bbox 1397 2562 1492 2600; x_wconf 84' lang='lat' dir='ltr'>quod,</span> <span class='ocrx_word' id='word_1_506' title='bbox 1508 2571 1580 2591; x_wconf 92' lang='lat' dir='ltr'>cum</span> <span class='ocrx_word' id='word_1_507' title='bbox 1596 2561 1718 2600; x_wconf 85' lang='lat' dir='ltr'>pridem</span> <span class='ocrx_word' id='word_1_508' title='bbox 1733 2562 1812 2591; x_wconf 86' lang='lat' dir='ltr'>Lora</span> <span class='ocrx_word' id='word_1_509' title='bbox 1823 2561 1862 2590; x_wconf 89' lang='lat' dir='ltr'>de</span> <span class='ocrx_word' id='word_1_510' title='bbox 1874 2559 2070 2597; x_wconf 85' lang='lat' dir='ltr'>Edingbrok‚</span> <span class='ocrx_word' id='word_1_511' title='bbox 2084 2559 2212 2595; x_wconf 90' lang='lat' dir='ltr'>mulier,</span> 
     </span>
     <span class='ocr_line' id='line_1_82' title="bbox 1206 2611 2214 2654; baseline -0.005 -9"><span class='ocrx_word' id='word_1_512' title='bbox 1206 2620 1236 2646; x_wconf 91' lang='lat' dir='ltr'>et</span> <span class='ocrx_word' id='word_1_513' title='bbox 1252 2616 1348 2646; x_wconf 89' lang='lat' dir='ltr'>Lucia</span> <span class='ocrx_word' id='word_1_514' title='bbox 1361 2638 1369 2652; x_wconf 88' lang='lat'>‚</span> <span class='ocrx_word' id='word_1_515' title='bbox 1388 2615 1455 2644; x_wconf 88' lang='lat' dir='ltr'>filia</span> <span class='ocrx_word' id='word_1_516' title='bbox 1476 2616 1566 2654; x_wconf 88' lang='lat' dir='ltr'>ejus,</span> <span class='ocrx_word' id='word_1_517' title='bbox 1592 2614 1734 2653; x_wconf 76' lang='lat' dir='ltr'>eJ&#39;usdem</span> <span class='ocrx_word' id='word_1_518' title='bbox 1757 2614 1911 2650; x_wconf 87' lang='lat' dir='ltr'>diocesis,</span> <span class='ocrx_word' id='word_1_519' title='bbox 1934 2613 2068 2642; x_wconf 83' lang='lat' dir='ltr'>fuissent</span> <span class='ocrx_word' id='word_1_520' title='bbox 2087 2611 2214 2650; x_wconf 89' lang='lat' dir='ltr'>publice</span> 
     </span>
     <span class='ocr_line' id='line_1_83' title="bbox 1206 2665 2213 2707; baseline -0.005 -9"><span class='ocrx_word' id='word_1_521' title='bbox 1206 2669 1368 2698; x_wconf 73' lang='lat' dir='ltr'>dissamate</span> <span class='ocrx_word' id='word_1_522' title='bbox 1390 2667 1474 2707; x_wconf 83' lang='lat' dir='ltr'>quod</span> <span class='ocrx_word' id='word_1_523' title='bbox 1495 2667 1655 2706; x_wconf 89' lang='lat' dir='ltr'>quondam</span> <span class='ocrx_word' id='word_1_524' title='bbox 1673 2667 1875 2701; x_wconf 88' lang='lat' dir='ltr'>Johannam,</span> <span class='ocrx_word' id='word_1_525' title='bbox 1893 2665 2001 2695; x_wconf 85' lang='lat' dir='ltr'>clerici</span> <span class='ocrx_word' id='word_1_526' title='bbox 2022 2665 2150 2704; x_wconf 84' lang='lat' dir='ltr'>predicti</span> <span class='ocrx_word' id='word_1_527' title='bbox 2168 2672 2213 2693; x_wconf 89' lang='lat' dir='ltr'>so-</span> 
     </span>
     <span class='ocr_line' id='line_1_84' title="bbox 1206 2717 2213 2759; baseline -0.007 -6"><span class='ocrx_word' id='word_1_528' title='bbox 1206 2731 1327 2758; x_wconf 85' lang='lat' dir='ltr'>rorem,</span> <span class='ocrx_word' id='word_1_529' title='bbox 1350 2721 1450 2752; x_wconf 90' lang='lat' dir='ltr'>occidi</span> <span class='ocrx_word' id='word_1_530' title='bbox 1468 2721 1616 2759; x_wconf 83' lang='lat' dir='ltr'>nequiter</span> <span class='ocrx_word' id='word_1_531' title='bbox 1641 2724 1864 2759; x_wconf 86' lang='lat' dir='ltr'>procurarant.</span> <span class='ocrx_word' id='word_1_532' title='bbox 1892 2719 2030 2748; x_wconf 85' lang='lat' dir='ltr'>Thomas</span> <span class='ocrx_word' id='word_1_533' title='bbox 2044 2742 2051 2754; x_wconf 90' lang='lat'>‚</span> <span class='ocrx_word' id='word_1_534' title='bbox 2069 2717 2213 2756; x_wconf 88' lang='lat' dir='ltr'>ejusdem</span> 
     </span>
     <span class='ocr_line' id='line_1_85' title="bbox 1207 2772 2212 2811; baseline -0.005 -6"><span class='ocrx_word' id='word_1_535' title='bbox 1207 2775 1314 2806; x_wconf 86' lang='lat' dir='ltr'>clerici</span> <span class='ocrx_word' id='word_1_536' title='bbox 1330 2775 1436 2811; x_wconf 84' lang='lat' dir='ltr'>frater,</span> <span class='ocrx_word' id='word_1_537' title='bbox 1456 2774 1566 2808; x_wconf 86' lang='lat' dir='ltr'>laicus,</span> <span class='ocrx_word' id='word_1_538' title='bbox 1585 2773 1735 2803; x_wconf 87' lang='lat' dir='ltr'>mulieres</span> <span class='ocrx_word' id='word_1_539' title='bbox 1753 2773 1907 2811; x_wconf 83' lang='lat' dir='ltr'>predictas</span> <span class='ocrx_word' id='word_1_540' title='bbox 1923 2781 2017 2811; x_wconf 89' lang='lat' dir='ltr'>super</span> <span class='ocrx_word' id='word_1_541' title='bbox 2032 2772 2091 2801; x_wconf 90' lang='lat' dir='ltr'>hoc</span> <span class='ocrx_word' id='word_1_542' title='bbox 2107 2780 2212 2801; x_wconf 86' lang='lat' dir='ltr'>coram</span> 
     </span>
     <span class='ocr_line' id='line_1_86' title="bbox 1205 2824 2214 2868; baseline -0.006 -9"><span class='ocrx_word' id='word_1_543' title='bbox 1205 2828 1388 2868; x_wconf 83' lang='lat' dir='ltr'>justitiariis</span> <span class='ocrx_word' id='word_1_544' title='bbox 1404 2827 1563 2857; x_wconf 89' lang='lat' dir='ltr'>carissimi</span> <span class='ocrx_word' id='word_1_545' title='bbox 1578 2827 1611 2856; x_wconf 91' lang='lat' dir='ltr'>in</span> <span class='ocrx_word' id='word_1_546' title='bbox 1629 2826 1756 2856; x_wconf 90' lang='lat' dir='ltr'>Christo</span> <span class='ocrx_word' id='word_1_547' title='bbox 1771 2825 1828 2855; x_wconf 83' lang='lat' dir='ltr'>filii</span> <span class='ocrx_word' id='word_1_548' title='bbox 1841 2825 1939 2855; x_wconf 89' lang='lat' dir='ltr'>nostri</span> <span class='ocrx_word' id='word_1_549' title='bbox 1961 2848 1979 2854; x_wconf 85' lang='lat'>..</span> <span class='ocrx_word' id='word_1_550' title='bbox 1998 2826 2081 2862; x_wconf 84' lang='lat' dir='ltr'>regis</span> <span class='ocrx_word' id='word_1_551' title='bbox 2096 2824 2214 2862; x_wconf 85' lang='lat' dir='ltr'>Anglie</span> 
     </span>
     <span class='ocr_line' id='line_1_87' title="bbox 1208 2877 2216 2918; baseline -0.006 -6"><span class='ocrx_word' id='word_1_552' title='bbox 1208 2882 1342 2912; x_wconf 87' lang='lat' dir='ltr'>illustris</span> <span class='ocrx_word' id='word_1_553' title='bbox 1367 2889 1518 2911; x_wconf 87' lang='lat' dir='ltr'>accusare</span> <span class='ocrx_word' id='word_1_554' title='bbox 1539 2881 1680 2916; x_wconf 80' lang='lat' dir='ltr'>curavit,</span> <span class='ocrx_word' id='word_1_555' title='bbox 1698 2880 1803 2918; x_wconf 89' lang='lat' dir='ltr'>ipsum</span> <span class='ocrx_word' id='word_1_556' title='bbox 1827 2879 1865 2908; x_wconf 88' lang='lat' dir='ltr'>ad</span> <span class='ocrx_word' id='word_1_557' title='bbox 1886 2878 1945 2908; x_wconf 86' lang='lat' dir='ltr'>hoc</span> <span class='ocrx_word' id='word_1_558' title='bbox 1966 2877 2077 2908; x_wconf 90' lang='lat' dir='ltr'>eodem</span> <span class='ocrx_word' id='word_1_559' title='bbox 2100 2877 2216 2907; x_wconf 88' lang='lat' dir='ltr'>clerico</span> 
     </span>
     <span class='ocr_line' id='line_1_88' title="bbox 1210 2930 2214 2971; baseline -0.005 -7"><span class='ocrx_word' id='word_1_560' title='bbox 1210 2936 1392 2965; x_wconf 89' lang='lat' dir='ltr'>inducente.</span> <span class='ocrx_word' id='word_1_561' title='bbox 1413 2933 1474 2964; x_wconf 89' lang='lat' dir='ltr'>Sed</span> <span class='ocrx_word' id='word_1_562' title='bbox 1495 2933 1679 2971; x_wconf 86' lang='lat' dir='ltr'>hujusmodi</span> <span class='ocrx_word' id='word_1_563' title='bbox 1705 2932 1861 2962; x_wconf 80' lang='lat' dir='ltr'>accusatio</span> <span class='ocrx_word' id='word_1_564' title='bbox 1886 2931 1961 2961; x_wconf 87' lang='lat' dir='ltr'>dicti</span> <span class='ocrx_word' id='word_1_565' title='bbox 1984 2930 2122 2967; x_wconf 83' lang='lat' dir='ltr'>Thome,</span> <span class='ocrx_word' id='word_1_566' title='bbox 2141 2939 2214 2960; x_wconf 89' lang='lat' dir='ltr'>cum</span> 
     </span>
     <span class='ocr_line' id='line_1_89' title="bbox 1210 2984 2215 3025; baseline -0.005 -7"><span class='ocrx_word' id='word_1_567' title='bbox 1210 2993 1291 3018; x_wconf 86' lang='lat' dir='ltr'>esset</span> <span class='ocrx_word' id='word_1_568' title='bbox 1307 2992 1382 3017; x_wconf 87' lang='lat' dir='ltr'>tunc</span> <span class='ocrx_word' id='word_1_569' title='bbox 1398 2987 1549 3025; x_wconf 87' lang='lat' dir='ltr'>temporis</span> <span class='ocrx_word' id='word_1_570' title='bbox 1565 2986 1698 3016; x_wconf 88' lang='lat' dir='ltr'>minoris</span> <span class='ocrx_word' id='word_1_571' title='bbox 1714 2985 1817 3021; x_wconf 86' lang='lat' dir='ltr'>etatis,</span> <span class='ocrx_word' id='word_1_572' title='bbox 1836 2984 1959 3014; x_wconf 89' lang='lat' dir='ltr'>nullius</span> <span class='ocrx_word' id='word_1_573' title='bbox 1976 2984 2042 3014; x_wconf 83' lang='lat' dir='ltr'>sore</span> <span class='ocrx_word' id='word_1_574' title='bbox 2059 2984 2215 3014; x_wconf 87' lang='lat' dir='ltr'>momenti</span> 
     </span>
     <span class='ocr_line' id='line_1_90' title="bbox 1210 3037 2214 3080; baseline -0.005 -9"><span class='ocrx_word' id='word_1_575' title='bbox 1210 3041 1415 3080; x_wconf 89' lang='lat' dir='ltr'>prenuntiata</span> <span class='ocrx_word' id='word_1_576' title='bbox 1430 3040 1532 3070; x_wconf 75' lang='lat' dir='ltr'>extitit</span> <span class='ocrx_word' id='word_1_577' title='bbox 1548 3049 1566 3069; x_wconf 88' lang='lat' dir='ltr'>a</span> <span class='ocrx_word' id='word_1_578' title='bbox 1583 3039 1764 3079; x_wconf 87' lang='lat' dir='ltr'>justitiariis</span> <span class='ocrx_word' id='word_1_579' title='bbox 1785 3038 1986 3077; x_wconf 89' lang='lat' dir='ltr'>supradictis.</span> <span class='ocrx_word' id='word_1_580' title='bbox 2010 3037 2214 3068; x_wconf 82' lang='lat' dir='ltr'>Postmodum</span> 
     </span>
    </p>
   </div>
   <div class='ocr_carea' id='block_1_28' title="bbox 2041 3105 2073 3131">
    <p class='ocr_par' dir='ltr' id='par_1_39' title="bbox 2041 3105 2073 3131">
     <span class='ocr_line' id='line_1_91' title="bbox 2041 3105 2073 3131; baseline 0 0"><span class='ocrx_word' id='word_1_581' title='bbox 2041 3105 2073 3131; x_wconf 87' lang='grc'>67</span> 
     </span>
    </p>
   </div>
  </div>
 </body>
</html>
