2477 3637
204 387 261 416 670
947 379 1184 412 REGISTRES
1206 379 1259 409 DE
1282 378 1466 409 NICOLAS
1488 379 1544 410 IV.

203 455 253 483 sis.
278 464 291 479 u
310 450 488 491 Apostolire
505 449 587 479 sedis
608 449 825 487 benignitas...
849 449 958 488 Nuper
977 447 1136 486 siquidem
1155 455 1207 476 ca-

204 506 385 536 nonicatum
403 506 432 533 et
449 503 676 542 preposituram
694 511 729 532 ac
750 502 942 541 prebendam
965 506 1040 531 tunc
1060 504 1208 530 vacantes

202 560 236 589 in
270 557 436 588 Leodieusi
469 555 600 586 ecclesia
630 564 684 593 per
717 555 838 585 obitum
867 554 1028 594 quondam
1063 552 1207 590 magistri

204 610 318 649 Angeli
339 610 377 639 de
398 609 500 644 Urbe,
519 609 632 638 notarii
654 608 770 644 nostri,
793 608 893 646 ipsius
911 606 1042 637 ecclesie
1059 606 1207 636 canonici

203 670 231 695 et
248 663 405 703 prepositi,
423 662 478 700 qui
494 661 576 700 apud
591 660 792 699 apostolicam
810 660 918 690 sedem
934 659 1119 694 decesserat,
1138 659 1205 694 tibi,

203 717 397 748 scolastriam
415 714 677 745 Monasterieusis
691 714 833 750 ecclesie,
849 722 945 751 quam
964 718 1038 742 tuuc
1057 712 1207 751 temporis

201 770 382 805 obtinebas,
416 767 515 797 libere
546 768 577 795 iu
612 767 727 796 uostris
761 766 909 796 manibus
943 765 1139 803 resiguauti,
1167 765 1206 795 de

201 823 301 861 gratia
319 820 514 851 contulimus
540 819 679 849 liberali.
706 820 841 855 Verum,
867 820 948 849 sicut
971 819 1206 857 iidediguorum

200 876 295 906 habet
323 874 472 906 assertio,
502 873 604 902 eidem
633 872 793 902 scolastrie
822 881 876 911 per
907 878 933 901 te
959 881 995 901 ac
1023 876 1091 901 tuos
1118 871 1206 901 utilis

200 937 267 959 esse
296 928 412 966 poteris
438 931 468 956 et
497 925 716 964 multipliciter
741 926 939 960 l'ructuosus;
970 932 1063 954 nos..
1091 924 1206 954 scolas-

201 983 293 1012 triam
309 981 483 1011 eandem...
497 980 535 1010 de
549 988 630 1010 novo
643 979 700 1009 tibi
716 979 885 1018 apostolica
901 979 1086 1009 auctoritate
1099 978 1204 1008 confe-

201 1036 304 1066 rimus
320 1039 350 1064 et
370 1033 572 1073 providemus
590 1033 629 1063 de
648 1033 720 1068 illa,
741 1038 770 1062 et
786 1032 937 1062 dilectum
956 1032 1060 1061 filium
1081 1031 1205 1062 Johan-

199 1097 274 1119 nem
291 1087 329 1117 de
346 1088 510 1123 Penestre,
526 1095 651 1116 camere
669 1090 776 1116 nostre
788 1085 952 1122 clericum,
970 1085 1204 1114 thesaurarium

201 1141 331 1172 ecclesie
346 1140 624 1176 Catlialaunensis,
642 1139 834 1169 investimus
851 1143 902 1169 tuo
921 1138 1052 1168 nomine
1068 1147 1123 1176 per
1137 1146 1206 1167 uos-

201 1199 283 1224 trum
301 1193 434 1223 anulum
451 1192 685 1232 presentialiter
700 1192 738 1222 de
759 1193 908 1222 eadem...
927 1192 999 1222 Non
1020 1192 1203 1222 obstante...

199 1247 282 1287 quod
305 1248 338 1276 iu
360 1245 498 1285 predicta
517 1245 764 1275 Monasteriensi
783 1250 814 1275 et
829 1244 1017 1274 Sanctorum
1036 1243 1203 1282 Apostolo-

199 1310 269 1331 rum
286 1299 479 1336 Coloniensi,
497 1307 620 1329 necnon
637 1303 667 1328 et
682 1299 715 1327 iu
731 1299 920 1328 Treverensi
937 1307 972 1328 ac
989 1298 1028 1327 de
1046 1298 1204 1327 Monaste-

198 1355 245 1384 rio
263 1354 295 1383 in
321 1353 424 1388 Efflia,
443 1352 644 1382 Coloniensis
667 1351 820 1387 diocesis,
838 1351 978 1381 ecclesiis
999 1351 1205 1381 canonicatus

199 1412 229 1438 et
246 1407 420 1445 prebendas
439 1406 578 1436 nosceris
593 1406 775 1436 obtinere...
800 1405 871 1435 Dat.
893 1405 977 1444 apud
994 1404 1206 1435 Urbemvete-

197 1469 282 1496 rem,
301 1459 446 1489 kalendis
463 1459 588 1494 martii,
605 1467 691 1489 anno
707 1463 830 1497 quarto.
851 1470 864 1485 n

239 1514 275 1543 In
288 1523 314 1543 e.
329 1523 371 1544 m.
389 1535 409 1542 ..
425 1514 558 1543 Sanctae
576 1513 697 1542 Mariae
711 1512 750 1542 ad
767 1513 892 1543 Gradus
905 1516 968 1542 et..
982 1512 1091 1542 Sancti
1105 1512 1204 1542 Geor-

196 1567 243 1606 gii
273 1567 478 1597 ecclesiarum
509 1566 750 1596 Coloniensium
782 1566 932 1602 decanis,
963 1570 992 1596 et
1021 1566 1140 1596 Jacobo
1166 1565 1205 1596 de

198 1621 319 1658 Labro,
342 1621 496 1651 canonico
513 1621 666 1658 Reatino,
687 1620 818 1650 mandat
836 1624 870 1650 ut
889 1620 1065 1659 praefatum
1084 1620 1204 1651 Arnol—

198 1675 273 1705 dum
299 1674 346 1704 vel
367 1675 436 1713 ejus
459 1679 692 1712 procuratorem
709 1674 743 1703 in
760 1674 954 1712 corporalem
971 1674 1205 1712 possessionem

197 1728 378 1758 scolastriae
392 1727 481 1757 iilius
498 1728 665 1757 inducant.

269 1908 384 1937 4352
764 1907 894 1938 Orvieto,
914 1907 945 1933 15
962 1915 1037 1933 mars
1054 1907 1130 1934 1‘291.

236 1970 419 2005 Dispensatio
435 1977 522 2004 super
537 1970 696 2004 pluralitate
711 1970 927 1996 beneficiorum.
946 1970 1027 2003 (Rae.
1047 1970 1094 2001 45,
1111 1978 1136 1997 e.
1155 1970 1203 2002 83,

198 2019 216 2046 f.
238 2019 268 2047 16
284 2020 335 2052 vo.)

242 2130 380 2166 ¹lla-qislro
395 2129 514 2157 Roberto
527 2129 560 2157 de
578 2129 684 2166 Tlmrp,
700 2129 895 2163 subdiacono,
913 2130 1023 2158 rectori
1039 2130 1155 2158 ecclesie
1170 2130 1205 2159 de

202 2183 300 2219 Tywc,
326 2182 542 2211 Lincolnz'ensis
569 2182 709 2217 diocesis,
732 2181 807 2220 qui,
835 2186 908 2211 ante
929 2181 1079 2219 generale
1100 2182 1204 2212 conci-

198 2233 277 2264 lium
299 2233 530 2271 Lugdunense,
554 2234 720 2264 ecclesiam
739 2235 777 2264 de
798 2234 948 2274 Rokeby,
977 2239 1007 2265 et
1031 2240 1098 2272 post
1118 2235 1202 2265 idem

198 2287 387 2323 concilium,
410 2287 556 2317 ecclesias
581 2287 619 2316 de
646 2287 950 2327 Pleymundestowe
975 2293 1004 2318 et
1030 2288 1145 2319 deiude
1166 2289 1203 2318 de

199 2340 474 2379 Westerkyekeby
493 2340 527 2370 in
546 2341 718 2378 Wirsliale,
735 2350 771 2371 ac
786 2341 917 2371 demum
934 2341 972 2371 de
989 2342 1100 2380 Tywe,
1118 2342 1202 2372 Con-

197 2394 392 2430 ventrensis‚
411 2393 662 2424 Lichel'eldeusis
681 2398 711 2423 et
732 2394 968 2424 Lincolniensis
989 2395 1180 2425 dioecesium
1193 2419 1200 2433 ‚

198 2447 334 2485 recepit,
356 2451 386 2477 et
408 2447 476 2476 siue
499 2447 684 2485 apostolicae
705 2447 787 2477 sedis
812 2447 1051 2486 dispensatione
1068 2449 1202 2478 insimul

196 2499 353 2535 detinuit,
372 2509 429 2530 uec
444 2509 476 2530 se
491 2500 529 2529 ad
549 2501 804 2539 presbyteratum
822 2501 1000 2540 promoveri
1017 2501 1097 2531 fecit.
1119 2501 1200 2532 Cum

196 2561 232 2582 eo
246 2552 406 2591 dispensat
423 2558 455 2583 ut
470 2553 646 2592 praedictas
663 2553 812 2583 ecclesias
831 2555 968 2584 retinere
982 2554 1094 2591 valeat,
1112 2555 1201 2585 duni-

195 2606 298 2641 modo,
312 2606 349 2636 ad
362 2607 531 2636 arbitrium
543 2607 617 2637 boui
630 2607 700 2643 viri,
713 2615 887 2645 congruam
901 2612 1020 2646 partem
1038 2608 1198 2638 fructuum

192 2660 258 2699 jam
285 2665 502 2698 perceptorum
525 2660 559 2689 in
583 2661 764 2690 evidentem
785 2660 971 2691 earumdem
990 2661 1199 2692 ecclesiarum

194 2712 363 2744 utilitatem
382 2717 554 2744 convertat.

235 2780 246 2792 α
268 2766 380 2796 Merita
395 2771 445 2796 tue
458 2767 673 2797 devotionis...
686 2784 725 2790 —
737 2768 807 2797 Dat.
821 2768 904 2806 apud
923 2768 1196 2803 Urbemveterem,

194 2820 300 2849 idibus
317 2821 438 2854 martii,
459 2829 544 2851 anno
563 2826 686 2859 quarto.
707 2834 719 2846 »

263 2998 378 3027 4658

229 3059 270 3085 Dc
287 3061 456 3094 quibusdam
472 3061 604 3088 domibus
619 3071 633 3087 a
651 3062 785 3088 fratribus
802 3063 944 3096 prioratus
960 3062 1056 3089 Sancti
1081 3062 1193 3089 Martini

757 3000 883 3030 Orvieto,
902 3000 934 3026 2³8
951 3008 1026 3027 mars
1046 3000 1120 3027 li‘ul.

1291 446 1318 472 in
1335 445 1415 471 Valle
1429 445 1616 472 carnotensis
1633 445 1768 472 fratribus
1781 445 1942 472 minoribus
1953 444 1987 471 de
1998 444 2121 472 Carnoto
2132 445 2299 475 vendendis.

1290 493 1372 526 (Rau.
1391 494 1435 525 46,
1452 501 1477 520 c.
1497 494 1539 524 84.
1561 494 1580 520 f,
1606 494 1634 520 17
1654 499 1695 525 ιὼς
1718 493 1834 527 Ροττι-ι.,
1854 493 1966 527 ἳ36ἳ8.)

1330 604 1494 632 Laurentio
1521 603 1638 637 Vicini,
1661 603 1811 641 capicerio
1833 603 1952 633 ecclesie
1973 602 2179 638 Carnotensis,
2202 603 2300 642 capel-
2345 626 2360 644 ⁴,

1291 655 1361 683 lano
1378 659 1492 684 nostre.
1515 666 1528 681 ι
1544 653 1610 684 Sua
1629 655 1720 685 nobis
1735 654 1843 684 dilecti
1859 654 1920 684 filii
1939 677 1958 684 ..
1976 654 2172 693 guardianus
2189 659 2220 685 et
2236 655 2299 686 fra-

1290 711 1352 737 tres
1370 707 1494 737 ordinis
1512 707 1675 737 minorum
1694 707 1733 737 de
1753 707 1891 738 Carnoto
1913 707 2064 747 petitione
2081 712 2300 739 monstrarunt

1289 759 1372 798 quod
1384 783 1393 798 ‚
1414 753 1461 788 eis
1484 759 1743 797 significantibus
1760 760 1851 790 nobis
1869 759 1954 798 quod
1973 760 2086 790 domus
2106 768 2218 791 eorum
2233 765 2300 792 erat

1289 817 1376 841 extra
1393 812 1555 842 civitatem
1571 811 1801 843 Carnotensem
1823 813 1940 852 posita,
1960 818 2085 852 propter
2105 814 2188 853 quod
2204 822 2298 852 grave

1287 874 1351 895 non
1386 865 1547 896 modicum
1578 870 1608 896 et
1635 865 1830 896 laboriosum
1860 871 1946 901 erat,
1983 866 2101 905 yemali
2132 867 2299 906 presertim

1288 923 1440 957 tempore.
1455 919 1538 948 dicte
1552 918 1691 949 civitatis
1707 919 1822 949 incolis
1839 924 1872 949 ut
1887 928 1920 949 se
1933 919 1972 949 ad
1990 928 2102 950 eorum
2118 919 2300 951 conferrent

1288 972 1457 1001 ecclesiam
1482 980 1536 1010 pro
1559 971 1683 1001 divinis
1708 972 1822 1002 officiis
1844 972 1928 1002 inibi
1953 972 2139 1010 audiendis,
2161 977 2192 1002 et
2214 972 2299 1011 quod
2327 980 2346 1014 Ὗ·

1287 1025 1351 1064 ipsi
1375 1025 1571 1063 guardianus
1593 1029 1623 1055 et
1642 1025 1755 1055 fratres
1775 1025 1814 1055 ad
1836 1025 2026 1056 viciniorem
2049 1026 2132 1056 dicte
2160 1026 2299 1058 civitatis
2336 1037 2345 1053 ··

1287 1078 1393 1109 locum
1419 1078 1587 1108 ecclesiam
1609 1079 1711 1117 ipsam
1729 1080 1900 1110 transferre
1915 1079 2101 1118 cupiebant,
2124 1084 2158 1109 ut
2172 1079 2212 1110 ad
2227 1088 2298 1111 eam
2323 1097 2326 1106 ι

1287 1141 1306 1163 a
1329 1132 1420 1162 dictis
1443 1132 1558 1162 incolis
1583 1141 1729 1162 accessus
1755 1133 1919 1164 comodior
1940 1133 2128 1171 haberetur,
2151 1133 2300 1173 quodque

1288 1186 1426 1225 quedam
1446 1195 1541 1224 parve
1558 1185 1672 1216 domus
1687 1186 1726 1215 ad
1743 1186 1847 1225 majus
1863 1186 2096 1216 monasterium
2112 1186 2300 1218 Turonenso
2319 1191 2323 1198 ’
2339 1188 2341 1190 “

1288 1244 1482 1279 spectantes,
1508 1248 1544 1269 ex
1567 1248 1704 1278 quarum
1730 1239 1942 1278 pensionibus
1962 1240 2078 1278 viginti
2103 1245 2134 1270 et
2155 1240 2299 1280 quinque
2322 1248 2325 1258 ³

1289 1292 1463 1323 solidorum
1495 1292 1718 1322 turonensium
1746 1301 1918 1331 parvorum
1948 1302 2107 1323 summam
2138 1293 2299 1333 percipere
2337 1314 2342 1324 .

1288 1346 1496 1382 dicebantur,
1530 1345 1624 1375 dictis
1659 1346 1840 1384 guardiauo
1876 1351 1907 1376 et
1937 1346 2090 1377 fratribus
2121 1346 2300 1378 necessarie
2341 1363 2346 1366 -

1288 1391 1566 1439 quamplurimum
1591 1399 1789 1437 existebant,
1810 1409 1884 1430 cum
1907 1400 1977 1430 siue
1997 1400 2076 1439 ipsis
2099 1409 2210 1431 eorum
2233 1409 2298 1432 non

1288 1458 1393 1492 posset
1412 1452 1609 1482 desiderium
1630 1452 1821 1491 adimpleri3
1842 1461 1901 1483 nos
1922 1453 2047 1483 dilectis
2062 1453 2140 1483 filiis
2156 1477 2178 1485 ..
2194 1453 2299 1485 abbati
2328 1454 2348 1479 ἶ

1288 1512 1318 1536 et
1335 1507 1507 1537 conventui
1524 1507 1711 1537 monasterii
1728 1507 1864 1546 predicti
1879 1516 1987 1546 preces
2006 1516 2061 1546 per
2077 1512 2200 1538 nostras
2217 1507 2300 1538 litte-
2323 1500 2335 1517 ”

1287 1569 1338 1590 ras
1353 1560 1532 1590 direximus
1547 1564 1578 1590 et
1593 1560 1742 1590 mandata
1759 1565 1792 1590 ut
1805 1560 1926 1590 eisdem
1942 1560 2120 1599 guardiauo
2141 1565 2172 1590 et
2192 1559 2298 1591 fratri·
2325 1590 2330 1594 ,

1287 1614 1346 1643 bus
1363 1622 1418 1652 pro
1434 1613 1627 1653 competenti
1643 1614 1744 1652 pretio
1760 1623 1815 1644 seu
1831 1614 2130 1653 concambio,juxta
2141 1614 2299 1644 honorum
2339 1631 2341 1637 ·

1289 1668 1432 1697 virorum
1446 1667 1630 1704 arbitrium,
1645 1667 1715 1697 sine
1729 1667 1927 1698 difficultatis
1939 1667 2113 1705 obstaculo,
2126 1667 2300 1699 concedere

1288 1726 1506 1761 procurarent.
1527 1721 1628 1751 Iidem
1646 1730 1720 1751 vero
1741 1721 1837 1751 abbas
1859 1725 1889 1751 et
1909 1726 2084 1751 conventus
2107 1721 2253 1760 precibus
2269 1723 2300 1752 et
2323 1757 2326 1762 ⁴

1287 1775 1449 1805 mandatis
1468 1774 1652 1814 hujusmodi
1667 1775 1818 1805 devotum
1837 1775 2080 1806 accomodautes
2098 1775 2256 1813 auditum,
2275 1797 2295 1807 ..
2310 1767 2335 1806 ’.

1288 1829 1387 1868 priori
1415 1829 1573 1868 prioratus
1600 1829 1710 1859 Sancti
1735 1829 1868 1859 Martini
1894 1829 1930 1858 in
1956 1828 2048 1859 Valle
2071 1829 2296 1866 carnotensis,
2339 1862 2343 1868 ¹

1288 1884 1392 1914 eidem
1415 1883 1611 1913 monasterio
1633 1883 1827 1913 immediate·
1843 1883 1993 1922 subJecti,
2011 1882 2050 1912 ad
2072 1891 2168 1921 quem
2185 1881 2299 1926 domus
2319 1876 2330 1886 ”

1287 1938 1405 1976 prefate
1422 1937 1581 1976 pertinere
1596 1936 1764 1973 dicuntur,
1785 1936 2021 1966 mandaverunt
2039 1940 2073 1966 ut
2087 1945 2161 1966 cum
2177 1934 2298 1966 eisdem
2314 1975 2315 1978 Ἴ

1287 1990 1464 2029 guardiano
1482 1995 1512 2020 et
1527 1990 1678 2020 fratribus
1693 1989 1772 2020 duos
1789 1990 1888 2020 bonos
1904 1991 1989 2020 viros
2002 1989 2143 2028 eligeret,
2161 1997 2297 2028 quorum
2315 1989 2322 1995 ⁵

1286 2044 1418 2074 arbitrio
1434 2045 1479 2074 eis
1500 2052 1556 2082 pro
1572 2043 1673 2082 pretio
1693 2053 1747 2073 seu
1769 2043 1958 2074 concambio
1979 2043 2171 2082 competenti
2188 2042 2297 2074 domos

1287 2097 1474 2127 concederet
1488 2096 1695 2136 supradictas,
1712 2102 1742 2126 et
1755 2096 1782 2126 si
1798 2097 1860 2135 ipsi
1872 2096 1934 2126 duo
1945 2096 2138 2127 concordare
2154 2105 2218 2126 non
2229 2103 2297 2136 pos-

1287 2155 1373 2189 sent,
1397 2151 1434 2180 in
1454 2150 1583 2180 tertium
1610 2159 1684 2180 cum
1714 2150 1863 2189 predictis
1887 2149 2066 2188 guardiano
2091 2154 2122 2180 et
2146 2149 2296 2180 fratribus
2318 2148 2335 2191 ,¹

1286 2203 1485 2234 concorditer
1499 2204 1697 2234 conveniret.
1717 2203 1769 2241 Et,
1787 2203 1861 2234 licet
1876 2204 2074 2242 guardianus
2090 2207 2120 2234 et
2134 2204 2247 2234 fratres
2261 2211 2297 2234 ao
2335 2196 2338 2197 ⁷

1286 2257 1373 2297 prior
1402 2257 1535 2295 predicti
1564 2257 1643 2288 duos
1668 2258 1707 2287 ad
1737 2257 1797 2288 hoc
1823 2257 1959 2288 arbitros
1979 2256 2175 2295 elegissent,
2197 2255 2297 2287 iidem,
2311 2270 2318 2281 -1

1287 2316 1394 2341 tamen
1414 2311 1528 2340 arbitri
1543 2311 1680 2341 insimul
1698 2311 1890 2341 concordare
1908 2315 1963 2341 aut
1987 2311 2116 2341 tertium
2133 2317 2314 2354 assumere>

1286 2374 1349 2395 non
1378 2369 1549 2402 curarunt,
1576 2373 1762 2404 quanquam
1791 2365 1910 2395 arbiter
1939 2373 1994 2404 pro
2022 2369 2109 2404 parte
2138 2363 2332 2396 ᾱίοῑοιΊιιῖῑιζ1

1285 2418 1454 2457 guardiaui
1480 2423 1509 2448 et
1534 2418 1669 2448 fratrum
1696 2418 1831 2453 electus,
1857 2426 1967 2448 eorum
1994 2418 2143 2454 nomine,
2167 2420 2327 2459 centumss.

1284 2472 1383 2502 libras
1414 2472 1635 2502 turonensium
1662 2480 1833 2511 parvorum
1860 2481 1917 2511 pro
1947 2472 2041 2502 dictis
2060 2471 2229 2508 domibus,
2256 2478 2292 2501 ex
2335 2508 2338 2514 Ι

1284 2526 1402 2565 quibus
1432 2525 1643 2564 quadraginta
1667 2525 1786 2556 solidos
1815 2525 2038 2556 turonensium
2067 2531 2235 2564 parvorum
2264 2516 2338 2555 εἴ

1285 2583 1347 2609 tres
1363 2579 1511 2609 denarios
1529 2582 1651 2608 tautum
1667 2579 1772 2609 dictus
1791 2579 1878 2617 prior
1893 2587 2007 2609 census
2024 2578 2156 2608 nomine
2172 2580 2330 2613 annua-f,

1286 2633 1342 2662 tim
1367 2633 1517 2672 percipit,
1534 2632 1718 2669 obtulisset,
1741 2633 1814 2663 licet
1834 2633 2028 2670 existimatio
2049 2641 2164 2663 census
2187 2631 2292 2662 domo-
2310 2623 2327 2652 '—

1283 2695 1354 2715 rum
1377 2686 1520 2725 ipsarum
1544 2686 1704 2725 octoginta
1727 2687 1882 2717 librarum
1908 2686 2053 2726 ejusdem
2077 2689 2205 2716 moneto
2222 2691 2309 2724 pre-0
2331 2695 2333 2698 >

1284 2739 1375 2775 tium,
1389 2740 1471 2770 sicut
1489 2740 1653 2777 asseritur,
1677 2749 1740 2771 nou
1757 2740 1897 2771 excedat.
1915 2740 1996 2770 Cum
2009 2739 2109 2778 igitur
2123 2736 2307 2774 memorati?
2331 2742 2338 2759 “·

1281 2793 1477 2831 guardianns
1491 2797 1521 2823 et
1535 2793 1649 2823 fratres
1665 2803 1760 2833 super
1778 2794 1835 2824 hoc
1850 2793 2020 2832 apostolice
2036 2791 2228 2832 provisionis
2244 2798 2290 2822 re-

1281 2846 1424 2876 medium
1450 2846 1600 2876 duxerint
1627 2846 1889 2886 implorandum,
1916 2855 1992 2884 nos,
2015 2845 2097 2877 votis
2123 2853 2234 2876 eorum
2254 2835 2322 2874 in·

1281 2898 1345 2929 hiis
1360 2908 1422 2939 que
1434 2901 1519 2939 Juste
1534 2899 1710 2939 deposcunt
1724 2909 1869 2930 annuere
1885 2899 2103 2937 intendentes,
2121 2908 2158 2930 ac
2173 2905 2288 2938 geren-

1281 2957 1324 2982 tes
1344 2953 1383 2983 de
1398 2954 1683 2992 circumspectione
1707 2958 1759 2984 tua
1783 2954 1927 2984 fidutiam
1951 2953 1986 2983 in
2005 2952 2142 2983 Domino
2163 2950 2287 2991 plenio-
2308 2971 2315 2974 -
2332 2987 2333 2990 Ἴ

1279 3014 1346 3036 rem
1362 3030 1369 3042 ,
1395 3006 1580 3037 discretioni
1611 3011 1662 3037 tue
1690 3016 1744 3046 per
1768 3004 1938 3046 apostolica
1963 3007 2079 3046 scripta
2098 3005 2286 3036 mandamus

1278 3064 1454 3099 quatenus,
1472 3061 1516 3099 si,
1534 3061 1744 3092 consideratis
1758 3061 2008 3091 circumstantiis
2025 3059 2197 3096 universis,
2214 3065 2285 3098 pre-
2304 3055 2308 3058 ’
2357 3054 2360 3060 ”
