2342 3652
903 377 1128 417 nnuxlnmn
1150 379 1305 415 ANNEE.
2096 391 2152 422 303

76 456 115 486 tie
133 456 333 484 securitatem
350 455 479 484 concedi
497 445 584 484 tibi‘a
602 454 694 483 nobis
714 453 878 483 licentiam
897 452 1073 492 postulasti.

73 508 138 538 Nos
154 509 274 546 itaque,
295 508 355 537 tuis
370 506 656 546 supplicationibus
675 506 840 542 inclinati,
859 505 999 535 volentes
1017 504 1075 533 tibi

74 565 105 591 et
121 560 262 599 ejusdem
281 560 413 590 ecclesie
433 559 560 589 obviare
579 558 756 597 dispendiis
779 563 808 587 et
832 557 1075 596 indempnitati-

74 614 132 644 hus
146 622 312 652 precavere
324 636 333 649 ,
354 612 545 642 fraternitati
563 616 613 641 tue
630 616 681 647 ut,
698 611 804 640 habito
820 610 966 648 diligenti
982 610 1075 649 pleno

75 671 105 697 et
118 670 224 696 exacto
239 665 373 696 consilio
389 674 462 695 cum
479 664 586 703 peritis
597 688 605 701 ,
623 665 728 694 Deum
750 664 937 694 timentibus
955 668 985 693 et
1000 663 1074 692 dili-

75 720 221 758 gentibus
235 719 413 755 veritatem,
428 727 464 748 ac
479 717 654 747 zelantibus
670 717 790 747 bonum
803 721 919 746 statum
931 720 961 746 et
975 725 1079 746 como-

75 772 151 802 dum
179 771 444 802 Cathalaunensis
476 770 607 800 ecclesie
637 774 826 806 memorate,
855 770 917 808 ipsi
947 769 1078 799 ecclesie

71 826 161 865 Juxta
173 825 347 863 peritorum
361 824 504 862 ipsorum
521 823 694 853 consilium
706 823 740 852 in
757 823 822 852 hiis
836 822 957 852 utiliter
972 821 1078 851 valeas

75 878 240 917 providere
251 877 436 907 auctoritate
449 876 647 915 presentium
660 875 810 905 duximus
824 875 1076 911 concedendum,

75 930 201 970 proviso
223 935 257 960 ut
279 930 363 968 quod
387 931 422 959 in
445 929 505 959 hac
529 933 616 967 parte
636 927 750 958 feceris
771 928 806 956 in
827 927 1004 965 dampnum
1029 926 1080 956 vel

77 983 288 1024 prejudicium
306 983 448 1021 ejusdem
464 982 596 1012 ecclesie
613 990 677 1012 non
694 981 860 1011 redundet.
879 981 950 1011 Dat.
968 981 1077 1016 Reate,

77 1037 170 1068 nonis
185 1036 331 1072 octobris,
349 1045 435 1066 anno
449 1035 600 1066 secundo.
621 1048 635 1061 »

116 1216 364 1246 1588-1594
401 1214 764 1248 sainte—Marie-ittajeuoe,
783 1214 815 1241 '25
831 1214 947 1240 octobre
965 1213 1043 1240 1289.

113 1278 323 1313 Indulgentiae.
342 1277 426 1311 (Res.
444 1277 486 1308 44,
504 1285 529 1304 0.
547 1276 606 1308 568,
624 1277 644 1302 f.
664 1276 715 1303 24²2
730 1278 782 1308 vo.)
989 1268 992 1272 ¹

121 1394 274 1424 Universis
292 1392 406 1422 Christi
425 1391 564 1428 fidel-ibus
582 1396 731 1429 presentes
755 1390 871 1420 litteras
893 1391 1081 1427 inspecturis.

82 1445 322 1483 indulgentiam
340 1444 439 1474 unius
456 1444 535 1473 anni
554 1448 585 1473 et
602 1453 640 1473 XL
658 1444 783 1473 dierum
802 1443 948 1473 concedit
963 1443 1010 1473 eis
1027 1443 1083 1482 qui

81 1498 294 1532 cathedralem
310 1498 478 1528 eeclesiam
494 1497 740 1531 Tornacensem,
759 1497 873 1526 Beatae
891 1497 1010 1526 Mariae
1029 1505 1083 1526 vo-

82 1553 192 1585 cabulo
209 1551 401 1590 insignitam
416 1576 422 1589 ‚
442 1551 476 1580 in
497 1551 597 1590 hujus
623 1550 760 1589 virginis
776 1555 806 1580 et
824 1550 957 1581 Sanctae
974 1551 1085 1581 Crucis

82 1605 307 1638 festivitatibus
323 1604 533 1634 visitaverint.

124 1672 138 1688 α
156 1659 244 1690 Licet
257 1659 285 1688 is
299 1658 338 1688 de
409 1675 445 1680 —
462 1658 531 1687 Dat.
552 1658 665 1694 Rome,
682 1657 766 1696 apud
782 1658 931 1687 Sanctam
949 1658 1086 1688 Mariam

84 1715 248 1754 Majorem,
264 1722 319 1742 v111
333 1711 488 1742 kalendas
504 1711 700 1748 novembris,
719 1720 805 1742 anno
823 1712 972 1742 secundo.
991 1724 1003 1738 n

379 1800 737 1835 Sainte-Marie-MaJeure,
756 1800 788 1827 30
804 1799 920 1827 octobre
939 1801 1014 1828 1289.

122 1866 161 1896 ln
185 1874 212 1895 e.
236 1873 279 1894 m.
307 1863 450 1893 Eandem
474 1863 711 1901 indulgentiam
733 1864 878 1894 concedit
898 1864 942 1893 eis
963 1864 1019 1903 qui
1037 1873 1087 1895 ca-

83 1917 259 1949 thedralem
277 1916 444 1947 ecclesiam
462 1916 733 1952 Noviomensem‚
756 1917 790 1945 in
813 1917 923 1946 beatae
944 1917 1086 1955 Mariae,

81 1972 113 2002 S.
134 1970 231 2008 Eligii
249 1974 279 2000 et
294 1969 511 1999 translationis
532 1969 629 2007 hujus
650 1969 753 1999 sancti
768 1969 992 2000 festivitatibus
1012 1970 1088 2000 visi-

83 2024 228 2055 taverint.
247 2023 318 2053 Dat.
333 2023 470 2058 Romae,
487 2022 571 2060 apud
587 2021 736 2066 Sanctam
759 2022 894 2052 Mariam
915 2023 1087 2061 MaJorem,

85 2087 118 2107 111
133 2076 286 2107 kalendas
303 2075 497 2111 novembris,
514 2083 601 2105 anno
618 2075 768 2106 secundo.

347 2155 712 2190 Sainte-Marie-MaJeure,
731 2156 746 2183 9
766 2157 922 2183 novembre
940 2156 1018 2184 1289.

125 2220 163 2250 In
178 2228 206 2250 e.
221 2228 264 2248 m.
285 2218 428 2249 Eandem
444 2217 680 2256 indulgentiam
696 2218 841 2248 concedit
854 2219 901 2248 eis
920 2220 974 2258 qui
991 2220 1091 2250 eccle·
1121 2233 1124 2235 ·

88 2273 168 2303 siam
181 2271 366 2303 monasterii
379 2271 488 2301 Sancti
504 2271 651 2301 Richarii
662 2271 698 2300 in
710 2272 857 2308 Pontivo,
869 2272 908 2302 ad
923 2282 1091 2303 romanam

89 2326 254 2357 ecclesiam
272 2325 362 2356 nullo
377 2325 483 2355 medio
499 2325 702 2364 pertinentis,
718 2325 840 2355 ordinis
857 2326 889 2356 S.
911 2327 1089 2363 Benedicti,

89 2379 319 2411 Ambianensis
341 2378 513 2413 dioecesis,
538 2378 574 2407 in
594 2378 703 2408 beatae
726 2378 847 2408 Mariae
868 2379 1093 2410 festivitatibus

90 2432 301 2463 visitaverint.
317 2431 389 2461 Dat.
406 2432 544 2468 Romae,
561 2431 644 2470 apud
668 2431 818 2461 Sanctam
837 2431 975 2462 Mariam
991 2432 1093 2471 Majo-

91 2494 169 2520 rem,
187 2495 207 2514 v
219 2485 292 2515 idus
308 2484 504 2521 novembris,
518 2492 604 2514 anno
617 2483 756 2514 secundo
770 2485 829 2522 (En
844 2484 972 2524 marqe).

363 2564 724 2599 Sainte-Marie-Majeure,
742 2566 756 2592 5
773 2565 929 2592 novembre
942 2548 1023 2593 v1289.

130 2636 170 2667 In
186 2645 214 2666 e.
230 2644 275 2667 m.
293 2634 436 2665 Eandem
451 2634 687 2672 indulgentiam
703 2634 848 2665 concedit
865 2635 909 2664 eis
928 2636 983 2674 qui
999 2635 1096 2666 eccle-

94 2688 175 2719 siam
191 2688 377 2719 monasterii
400 2687 534 2718 Sanctae
555 2687 721 2717 Trinitatis
738 2687 777 2717 de
799 2688 954 2724 Cadomo,
975 2688 1098 2718 ordinis

95 2740 126 2772 S.
143 2741 324 2778 Benedicti,
338 2741 523 2780 BaJOcensis
538 2740 692 2770 dioecesis
703 2763 710 2777 ,
725 2741 760 2770 in
774 2741 883 2771 beatae
899 2742 1020 2771 Mariae
1035 2742 1097 2771 fes-

95 2794 271 2824 tivitatibus
290 2798 321 2824 et
340 2794 443 2832 prima
458 2793 512 2824 die
535 2793 698 2824 dominica
711 2798 780 2832 post
797 2794 1006 2824 Pentecosten
1022 2794 1099 2824 visi-

97 2847 244 2878 taverint.
261 2847 332 2877 Dat.
350 2847 472 2877 Romae
483 2869 492 2884 ‚
508 2847 591 2885 apud
611 2846 760 2877 Sanctam
778 2847 914 2877 Mariam
930 2847 1097 2886 Majorem,

98 2900 192 2930 nonis
207 2899 401 2935 novembris,
419 2908 504 2929 anno
520 2899 659 2929 secundo
667 2898 780 2938 (ibid).

345 2985 705 3020 Sainte-Marie-MaJ‘eure‚
720 2985 754 3012 22
770 2986 934 3020 septembre
952 2986 1029 3013 1289.

141 3054 178 3084 In
192 3063 219 3084 e.
236 3063 280 3084 m.
299 3075 320 3084 ..
337 3054 451 3084 rectori
466 3053 617 3084 ecclesiae
634 3053 741 3084 Sancti
758 3053 890 3083 Martini
903 3053 941 3083 de
954 3053 1102 3094 Dompno

1155 451 1293 481 Martiuo
1307 476 1312 487 ,
1341 453 1500 483 Tullensis
1537 455 1699 484 dioecesis.
1742 455 1883 485 Eandem
1917 455 2153 494 indulgentiam

1155 504 1298 533 concedit
1313 505 1359 534 eis
1375 506 1429 543 qui
1445 506 1527 536 hanc
1544 507 1707 537 ecclesiam
1723 508 1757 537 in
1773 508 1873 537 sancti
1891 509 2021 538 Martini
2035 509 2153 539 festivi-

1156 556 1270 585 tatibus
1298 557 1505 588 visitaverint.
1532 560 1600 588 Dat.
1630 561 1745 596 Reate,
1777 570 1794 590 x
1822 561 1974 590 kalendas
2001 562 2154 598 octobris,

1156 616 1241 638 anno
1257 610 1394 639 secundo
1413 611 1522 650 (ibid).

1423 691 1778 726 Sainte-Marie-Majeure,
1796 694 1831 719 ler
1844 694 1995 720 novembre
2008 695 2085 721 1289.

1201 751 1238 780 In
1253 760 1280 780 e.
1298 761 1341 781 m.
1360 753 1525 789 Boderico,
1543 755 1779 794 archiepiscopo
1793 756 2031 786 Terraconensi.
2044 757 2157 786 Indul-

1159 804 1301 840 gentiam
1318 810 1446 835 centum
1462 806 1587 836 dierum
1601 808 1744 837 concedit
1758 808 1802 838 eis
1818 809 1873 847 qui
1888 810 2156 840 Terraconensem

1160 856 1326 886 ecclesiam
1344 858 1377 886 in
1399 858 1506 888 beatae
1528 859 1667 895 Mariae,
1685 865 1810 890 sanctae
1829 861 1939 892 Teclae
1956 867 1985 892 et
2002 862 2035 892 S.
2059 863 2158 893 Fruc-

1161 909 1243 938 tuosi
1265 911 1417 948 martyris
1443 911 1664 941 festivitatibus
1686 913 1895 943 visitaverint.
1921 915 1990 944 Dat.
2018 916 2158 952 Romae,

1159 961 1243 1000 apud
1266 962 1416 992 Sanctam
1440 964 1575 993 Mariam
1597 965 1771 1003 Majorem,
1794 965 1938 996 kalendis
1956 969 2159 1005 novembris,

1161 1022 1246 1044 anno
1261 1015 1400 1045 secundo
1414 1015 1528 1054 (ibici).

1434 1095 1795 1131 Sainte-Marie-Majeure,
1814 1098 1828 1123 5
1845 1098 1998 1124 novembre
2015 1099 2091 1125 1289.

1204 1158 1242 1186 In
1262 1167 1289 1187 e.
1308 1167 1350 1187 m.
1373 1158 1532 1188 universis
1551 1159 1669 1189 Christi
1685 1159 1832 1190 fidelibus
1850 1164 1908 1190 etc.
1926 1161 2164 1199 Indulgentiam

1164 1211 1261 1240 unius
1275 1212 1354 1240 anni
1368 1217 1396 1241 et
1411 1221 1449 1241 XL
1467 1212 1590 1242 dierum
1605 1213 1748 1242 concedit
1760 1214 1804 1243 eis
1819 1214 1873 1252 qui
1891 1214 2057 1244 ecclesiam
2070 1214 2166 1245 Sanc-

1164 1268 1212 1294 tae
1232 1265 1352 1294 Mariae
1368 1265 1562 1303 Impensulis
1578 1266 1615 1295 de
1632 1265 1741 1304 Sugio,
1760 1267 1934 1297 Gaietanae
1949 1267 2112 1304 dioecesis,
2131 1268 2165 1297 in

1164 1317 1273 1347 beatae
1301 1318 1422 1348 Mariae
1449 1319 1673 1349 festivitatibus
1697 1320 1911 1351 visitaverint.
1932 1321 2003 1350 Dat.
2029 1321 2164 1358 Romae,

1165 1371 1249 1409 apud
1277 1371 1427 1401 Sanctam
1460 1373 1595 1402 Mariam
1628 1373 1802 1411 Majorem,
1837 1374 1931 1404 nonis
1962 1375 2165 1411 novembris,

1165 1433 1250 1454 anno
1269 1425 1409 1455 secundo
1427 1425 1541 1464 (ittet).

1241 1572 1355 1601 1535
1724 1571 1816 1603 Rieti,
1835 1572 1867 1599 10
1885 1573 2000 1599 octobre
2019 1572 2094 1600 1289.

1205 1633 1337 1660 Facultas
1360 1633 1562 1660 reconciliandi
1588 1633 1726 1660 ecclesias
1751 1638 1778 1660 et
1807 1635 1986 1661 coemeteria.
2013 1634 2095 1667 (Res.
2123 1635 2165 1666 44,

1169 1691 1194 1709 c.
1213 1683 1274 1713 569,
1291 1683 1308 1709 f.
1328 1683 1378 1709 242>
1394 1683 1445 1714 v0.)

1212 1809 1232 1817 ..
1251 1787 1352 1815 abbati
1367 1791 1393 1814 et
1409 1786 1569 1814 conventui
1588 1786 1768 1814 monasterii?
1790 1785 1993 1821 Ftscanensz‘s,
2011 1786 2050 1814 acl
2065 1794 2168 1814 roma-

1170 1849 1242 1870 nam
1257 1840 1407 1869 ecclesiam
1424 1837 1507 1866 nullo
1520 1838 1617 1866 medio
1632 1839 1822 1875 pertinentis,
1837 1839 1954 1867 ordinis
1964 1838 1995 1867 S.
2010 1839 2169 1874 Benedicti,

1173 1893 1416 1929 Rothomaqensis
1431 1892 1564 1927 diocesis,
1583 1890 1730 1928 indulget
1744 1894 1778 1920 ut
1793 1890 1953 1928 ecclesias,
1969 1891 2103 1930 capellas
2118 1895 2172 1920 aut

1170 1946 1360 1976 coemeteria
1376 1954 1504 1980 eorum,
1521 1944 1548 1973 si
1564 1953 1600 1974 ea
1617 1944 1749 1974 seminis
1764 1948 1818 1974 aut
1834 1945 2002 1982 sanguinis
2019 1945 2172 1974 effusione

1170 1998 1282 2029 violari
1301 1998 1487 2035 contigerit,
1515 1997 1610 2026 abbas
1631 2006 1686 2035 per
1704 2006 1747 2033 se,
1769 2002 1823 2027 aut
1840 2006 1895 2036 per
1913 2006 2010 2036 quem
2026 1997 2174 2026 maluerit

1171 2054 1368 2092 episcopum,
1381 2057 1446 2087 aut,
1465 2052 1651 2081 necessitate
1668 2055 1812 2088 urgente,
1827 2060 1882 2089 per
1895 2051 1996 2080 alium
2012 2051 2172 2089 preshyte—

1171 2115 1260 2142 rum,
1288 2114 1371 2144 aqua
1403 2105 1490 2143 prius
1521 2104 1560 2134 ab
1591 2104 1733 2142 episcopo
1757 2103 1940 2143 benedicta,
1970 2104 2174 2134 reconciliare

1172 2160 1281 2199 possit.

1215 2225 1227 2240 α
1247 2213 1427 2251 Religionis
1442 2217 1544 2241 vestre
1560 2211 1648 2241 cui...
1670 2228 1707 2232 —
1724 2211 1795 2241 Dat.
1819 2212 1933 2247 Reate,
1951 2220 1982 2241 v1
2000 2211 2073 2240 idus
2089 2215 2174 2240 octo-

1172 2267 1251 2304 bris,
1267 2275 1353 2296 anno
1369 2265 1521 2295 secundo.-
1539 2277 1552 2291 »

1249 2414 1268 2440 Ι
1275 2411 1493 2441 5964597

1210 2474 1328 2502 Collatio
1353 2473 1483 2500 beneficii
1499 2476 1527 2499 et
1542 2472 1718 2507 dispensatio
1739 2480 1826 2506 super
1848 2471 2007 2506 pluralitate
2023 2470 2176 2497 beneficio-

1176 2534 1250 2552 rum.
1268 2524 1351 2557 (Rau,
1370 2523 1411 2554 44,
1429 2531 1454 2549 0.
1474 2523 1533 2556 570,
1551 2522 1569 2548 f.
1586 2521 1638 2548 242
1654 2524 1705 2552 νῦ.)

1759 2409 1846 2440 ffieti,
1863 2410 1878 2435 5
1894 2409 2010 2435 octobre
2027 2408 2102 2435 1289.

1218 2626 1338 2663 Huyont'
1354 2625 1388 2653 de
1402 2624 1561 2659 Lauduno,
1579 2622 1760 2652 subdiacono
1775 2623 1887 2656 nostro,
1905 2621 2047 2650 canonico
2062 2620 2177 2649 ecclesie

1184 2678 1378 2710 Vivariensis
1397 2677 1453 2713 Ei,
1472 2676 1557 2713 regis
1575 2674 1704 2705 Siciliae
1722 2674 1853 2709 clerico,
1873 2674 1909 2702 B.
1922 2696 1930 2709 ‚
1947 2672 2084 2712 episcopi
2099 2673 2177 2702 Por-

1179 2732 1301 2763 tuensis
1317 2729 1495 2769 capellano,
1518 2731 1721 2766 personatum
1741 2736 1796 2757 sen
1818 2726 2007 2764 dignitatem
2024 2726 2060 2755 in
2081 2725 2178 2755 Viva-

1180 2786 1280 2817 riensi
1304 2783 1436 2814 ecclesia
1458 2785 1598 2812 reservat
1618 2785 1648 2810 et
1670 2789 1742 2810 cum
1760 2788 1796 2809 eo
1819 2779 1982 2818 dispensat
1998 2782 2030 2808 ut
2051 2779 2110 2809 hoc
2125 2779 2179 2808 be-

1181 2839 1334 2870 neficium
1349 2846 1413 2866 una
1424 2844 1496 2866 cum
1513 2834 1644 2864 ecclesia
1658 2834 1696 2862 de
1711 2832 1827 2862 Sancto
1842 2832 1993 2862 Mauritio
2005 2836 2035 2861 et
2047 2831 2179 2862 ecclesia

1182 2894 1220 2923 de
1237 2890 1408 2922 Malentio,
1434 2888 1550 2917 alterae
1573 2887 1730 2925 subjecta,
1756 2894 1834 2924 quas
1857 2885 2015 2924 possidet,
2043 2885 2180 2915 retinere

1182 2945 1292 2975 valeat.

1225 3010 1238 3025 1(
1254 2997 1418 3027 placentes
1434 2993 1606 3024 nobilitatis
1620 2997 1686 3022 et...
1705 3009 1743 3014 —
1758 2992 1829 3022 Dat.
1848 2992 1956 3027 Reate,
1972 3001 2004 3021 111
2020 3000 2119 3022 nonas
2134 3000 2181 3022 oc-

1185 3051 1294 3087 tobris,
1311 3056 1396 3079 anno
1411 3045 1561 3077 secundo.
1582 3058 1595 3071 »
