2477 3637
214 382 271 414 320

288 447 404 478 ¹⁸20*

250 510 294 538 De
308 510 459 537 collatione
474 507 689 535 beneficiorum.
705 507 786 541 (Rau.
806 507 851 537 44,
869 515 894 534 c.
912 506 973 541 626,
990 507 1007 533 f.
1024 507 1074 534 ‘254
1093 513 1134 536 μη
1152 505 1217 533 Ln.

214 567 249 586 nu
263 558 362 591 Teste,
379 556 424 587 11;
443 555 562 586 Por-ru..
579 555 691 587 23124.)

479 444 833 479 Sainte-Marie-Majeure,
849 444 883 472 28
900 445 1053 471 novembre
1070 433 1163 472 1289(

259 659 427 688 Venerabili
446 658 540 694 fratri
558 680 578 686 ..
598 658 730 694 episcopo
747 661 774 685 et
792 656 909 685 dilectis
931 657 1007 693 filiis
1028 679 1046 685 ..
1067 657 1175 686 decano
1193 662 1220 686 et

213 714 346 752 capitulo
361 713 579 750 Bajocensibus
595 711 742 749 indulget
760 716 795 741 ut
811 711 850 741 de
868 711 1036 742 beneficiis>
1056 711 1221 742 ecclesias-

212 766 299 803 ticis,
321 766 360 796 ad
387 765 605 802 collationem,
633 764 821 795 electionem
849 773 903 795 seu
932 765 1219 804 praesentationem

212 819 354 859 ipsorum
370 819 596 858 spectantibus,
614 818 708 855 nulli,
725 819 787 848 nisi
804 823 877 848 nato
891 818 930 848 de
945 818 1088 856 legitimo
1107 818 1220 848 matri-

212 872 340 908 monio,
357 881 412 911 per
428 871 549 901 litteras
567 871 606 901 de
624 871 746 902 defectu
765 871 922 901 natalium
942 876 972 902 et
989 871 1147 911 praesenti
1168 871 1219 901 in-

213 925 301 956 dulto
317 926 514 956 mentionem
531 934 595 956 nou
613 925 764 955 facientes
781 925 938 964 provideri
955 925 1062 964 possit.
1084 937 1098 951 »

257 992 270 1007 ιι
296 979 484 1010 Devotionis
506 984 609 1009 vestre
632 979 835 1010 sinceritas...
852 996 891 1001 —
906 979 977 1008 Dat.
1000 980 1117 1016 Rome,
1136 978 1219 1017 apud

214 1033 362 1064 Sanctam
380 1033 516 1063 Mariam
532 1033 698 1071 Majorem,
713 1042 759 1062 1111
768 1032 921 1062 kalendas
932 1032 1122 1068 decembris,
1134 1040 1220 1062 anno

213 1086 363 1117 secundo.
390 1098 404 1112 »

285 1247 304 1274 Ι
313 1246 402 1274 ⁸208

246 1308 352 1335 Contra
368 1308 532 1335 detentores
553 1306 875 1333 bonorum-monasterii
892 1305 990 1332 Sancti
1017 1306 1163 1333 Anastasii
1183 1306 1218 1332 de

211 1357 300 1385 Urbe.
317 1357 400 1390 (nm.
417 1357 459 1388 44,
477 1365 502 1383 c.
519 1356 581 1388 627,
598 1356 618 1383 f.
635 1355 686 1382 ‘254
702 1356 749 1388 r0.)

475 1244 834 1279 Sainte-Marie-MaJeure‚
849 1244 882 1270 22
899 1244 1052 1270 novembre
1070 1244 1146 1271 1289.

249 1461 357 1489 Dilecto
372 1460 437 1496 filio
452 1459 624 1497 Nepoteoni,
639 1458 743 1488 Sancti
758 1458 892 1487 Adriani
906 1458 1033 1486 diacono
1047 1459 1216 1494 cardinali,

208 1514 340 1543 mandat
353 1517 521 1551 quatenus,
536 1512 653 1542 vocatis
669 1511 724 1550 qui
742 1511 861 1541 tuerint
876 1511 1040 1546 evocandi,
1055 1510 1092 1541 de
1108 1511 1214 1550 plano⁷

209 1567 279 1597 sine
297 1567 428 1605 strepitu
443 1571 473 1595 et
489 1566 727 1605 figurajudicii‚
746 1565 881 1601 nobiles,
897 1564 1017 1595 milites
1027 1564 1164 1595 etlaicos
1177 1566 1215 1595 de

208 1620 296 1651 Urbe
313 1625 343 1650 et
357 1620 598 1658 circumpositae
614 1619 764 1657 regionis,
784 1619 840 1657 qui
856 1619 1070 1657 possessiones
1085 1627 1215 1649 monas-

209 1674 280 1704 terii
294 1674 402 1704 Sancti
415 1673 575 1703 Anastasii
587 1673 626 1702 de
638 1673 736 1710 Urbe,
748 1672 970 1703 Cisterciensis
981 1673 1113 1709 ordinis,
1126 1681 1216 1703 oceu-

207 1732 300 1766 pent,
318 1732 349 1757 et
364 1749 384 1756 ..
402 1727 546 1757 abbatem
564 1730 593 1756 et
608 1731 801 1756 conventum
820 1726 1008 1756 monasterii
1026 1726 1212 1763 molestent,

208 1791 264 1821 per
280 1790 432 1811 censuras
448 1781 687 1818 ecclesiasticas,
704 1781 849 1810 invocato
865 1780 903 1810 ad
920 1780 989 1816 hoc,
1008 1780 1035 1809 si
1050 1788 1128 1819 opus
1144 1780 1215 1810 fue—

208 1836 266 1873 rit,
283 1834 403 1865 auxilio
422 1834 545 1864 brachii
568 1834 754 1869 saecularis,
773 1842 825 1863 eas
844 1833 1002 1872 praedicto
1022 1834 1215 1864 monasterio

208 1890 392 1925 restituere,
414 1892 443 1918 et
466 1888 504 1918 de
525 1887 686 1918 violentiis
702 1892 732 1917 et
746 1887 877 1926 injuriis
892 1887 1072 1917 satisfacere
1087 1891 1212 1925 cogant.

251 1954 265 1969 «
285 1942 430 1980 Dignum
448 1945 495 1971 est
513 1945 583 1972 ut...
599 1959 638 1963 —
653 1941 724 1971 Dat.
743 1941 859 1978 Rome,
876 1940 959 1979 apud
977 1940 1125 1970 Sanctam
1143 1941 1214 1970 Ma-

208 1996 291 2026 riam
307 1996 479 2035 Majorem,
496 2004 515 2024 x
530 1994 684 2024 kalendas
700 1994 892 2031 decembris,
909 2002 994 2024 anno
1010 1994 1159 2024 secundo.
1179 2006 1193 2020 »

285 2153 400 2182 ¹203

244 2216 452 2251 Indulgentiae.
469 2215 552 2249 (Rae.
571 2215 643 2246 44,c.
661 2215 734 2246 627²,
751 2215 770 2240 f.
787 2214 839 2241 254
851 2215 899 2247 το.)

476 2151 827 2185 Sainte-Marie-MaJeut-e,
847 2151 878 2178 ²2⁶2
896 2151 1049 2178 novembre
1066 2151 1142 2179 1289.

253 2319 408 2348 Universis
427 2317 540 2346 Christi·
556 2317 695 2355 fidelibus
715 2321 863 2354 presentes
887 2317 1003 2346 litteras
1022 2318 1213 2355 inspecturi&

210 2371 450 2410 Indulgentiam
465 2371 561 2400 unius
574 2371 650 2400 anni
666 2375 696 2400 et
706 2370 917 2409 quadraginta
930 2371 1054 2400 dierum
1071 2371 1216 2402 concedit

210 2426 255 2456 eis
279 2426 335 2464 qui
358 2424 524 2455 ecclesiam
544 2424 728 2454 monasterii
746 2424 854 2454 Sancti
873 2424 1035 2454 Anastasii
1053 2424 1092 2454 de
1112 2425 1212 2462 Urbe,

209 2478 431 2509 Cisterciensis
448 2478 588 2514 ordinis,
603 2478 636 2506 in
655 2478 761 2507 beatae
779 2477 915 2513 Mariae,
932 2482 1115 2508 sanctorum
1130 2478 1212 2508 Vin-

209 2533 305 2563 centii
330 2537 360 2562 et
381 2531 561 2565 Anastasii,
583 2532 614 2561 S.
635 2532 727 2561 Pauli
754 2536 783 2560 et
801 2531 1027 2561 Conversionis
1050 2532 1164 2570 hujus,
1184 2537 1214 2562 et

209 2585 392 2616 Nativitatis
423 2584 455 2615 S.
486 2585 647 2615 Johanuis
672 2584 831 2623 Baptistae
857 2584 1078 2615 festivitatibus
1104 2585 1212 2615 visita-

208 2640 325 2670 verint.

251 2705 263 2719 «
285 2694 370 2722 Ante
385 2692 535 2722 thronum
552 2692 698 2721 divine...
717 2709 755 2712 —
771 2691 842 2720 Dat.
862 2697 895 2721 ut
911 2700 1016 2731 supra.
1038 2703 1051 2718 a

284 2857 398 2885 {¹⁷¹0

247 2919 291 2945 Ad
314 2919 482 2945 solutionem
504 2919 665 2945 debitorum
690 2919 855 2945 monasterii
879 2918 914 2944 de
938 2918 1043 2945 Sancto
1068 2917 1210 2953 Sequano.

213 2967 294 2999 (Rae.
313 2967 355 2998 44,
373 2976 397 2993 c.
415 2968 474 2999 6²28,
492 2969 511 2994 t.
524 2968 574 2994 *354
592 2969 643 3000 νο.)

471 2856 824 2891 Salute-Marie-Majeure,
843 2857 875 2883 10
890 2856 1044 2883 novembre
1062 2857 1138 2884 1289.

253 3092 273 3099 ..
286 3069 389 3098 Sancti
405 3069 541 3104 Martini,
553 3069 709 3100 Eduensis,
721 3074 768 3098 et..
782 3069 816 3097 de
829 3068 942 3099 Sancto
954 3069 1100 3105 Riqando,
1113 3069 1214 3098 Matis-

961 378 1197 410 REGISTRES
1219 378 1273 409 DE
1296 377 1480 409 NICOLAS
1502 379 1558 425 lV.

1301 445 1437 474 conemis
1453 444 1625 479 άὶοοεείυπι,
1643 445 1901 474 monasteriorum
1917 445 2084 475 abbatibus.
2103 457 2116 474 α
2136 445 2302 484 Significa-

1301 499 1378 526 runt
1393 496 1484 527 nobis
1508 495 1615 527 dilecti
1631 495 1692 526 filii
1710 496 1810 526 Lame
1825 496 1993 535 Agolantis
2005 522 2012 534 ,
2041 497 2206 529 Bandinus
2221 500 2302 530 Am*-

1301 551 1465 586 mannati‚
1490 549 1608 580 Nesius
1636 549 1876 587 Bartholomei,
1899 551 2036 581 Jacobus
2061 551 2248 590 Agotantis,
2273 557 2304 584 et

1300 603 1358 633 alii
1386 611 1497 633 eorum
1525 603 1621 640 socii,
1648 603 1687 633 de
1714 603 1862 633 societate
1887 605 2143 635 Amannatorum
2168 604 2207 635 de
2231 605 2303 636 Pis-

1302 657 1396 694 torio‚
1413 657 1498 687 cives
1513 661 1544 686 et
1560 661 1752 687 mercatores
1780 657 2006 693 Pistorienses,
2026 658 2109 697 quod
2136 667 2238 697 nuper
2263 658 2303 690 ad

1301 709 1499 740 audientiam
1519 714 1658 740 nostram
1678 709 1797 749 perlato
1812 710 1895 749 quod
1912 710 2122 746 Guillelmus‚
2141 710 2253 748 abbas,
2273 716 2304 743 et
2352 744 2353 748 ,

1300 763 1460 802 quondam
1477 763 1606 794 abbates
1620 763 1804 793 monasterii
1819 763 1859 793 de
1876 763 1992 794 Sancto
2007 763 2168 803 Sequano,
2183 764 2303 796 ordinis
2343 799 2358 811 ,Ι

1301 816 1332 846 S.
1368 816 1548 854 Benedicti,
1568 817 1782 854 Lingonensis
1799 816 1952 853 diocesis,
1969 825 2033 846 una
2051 825 2124 847 cum
2146 821 2303 849 conventu

1300 870 1443 908 ejusdem
1462 869 1668 906 monasterii,
1697 870 1927 900 monasterium
1948 870 2053 908 ipsum
2079 870 2112 899 in
2132 870 2258 908 magnis
2274 873 2305 902 et

1301 923 1412 952 multis
1430 923 1638 961 pecuniarum
1655 923 1791 953 summis
1812 923 1946 953 diversis
1965 922 2177 953 creditoribus
2201 923 2304 954 diver-

1300 984 1408 1006 sarum
1427 977 1563 1016 partium
1579 976 1776 1015 obligarant,
1795 985 1931 1015 quarum
1950 975 2104 1006 nonnulle
2121 976 2302 1015 presertim,

1300 1039 1356 1068 per
1374 1030 1552 1060 usurariam
1566 1031 1753 1069 pravitatem
1767 1033 1898 1064 extorte,
1916 1029 1948 1058 in
1962 1029 2130 1059 utilitatem
2143 1021 2304 1060 monaste-¹
2336 1052 2341 1063 -,

1300 1083 1341 1112 rii
1360 1092 1424 1113 non
1443 1088 1603 1114 cesserant
1621 1083 1806 1119 memorati,
1828 1087 1859 1113 et
1873 1082 1957 1121 quod
1981 1082 2156 1122 predictum
2177 1090 2304 1114 monan-

1302 1137 1417 1166 terium
1435 1142 1560 1176 propter
1575 1136 1681 1166 debita
1698 1135 1884 1176 hujusmodi
1900 1136 1978 1166 adeo
1999 1136 2202 1175 premebatur
2220 1135 2304 1175 quod

1300 1189 1340 1219 ad
1364 1190 1605 1228 irreparabilem
1632 1189 1860 1220 desolationem
1885 1189 2052 1219 deveniret
2079 1188 2144 1219 uisi
2162 1183 2224 1219 cito
2251 1197 2305 1228 per

1301 1242 1409 1272 sedem
1425 1243 1628 1282 apostolicam
1646 1248 1885 1274 succurreretur
1902 1242 2006 1272 eidem
2021 1266 2027 1279 ,
2042 1242 2192 1282 quodque
2207 1242 2305 1274 dictos-

1300 1305 1371 1326 rum
1390 1296 1584 1326 creditorum
1602 1296 1703 1335 aliqui
1724 1305 1780 1336 pro
1797 1306 1830 1326 se
1849 1305 1944 1335 super
1960 1295 2026 1325 hiis
2043 1300 2153 1326 contra
2172 1304 2224 1326 eos
2241 1295 2303 1326 dir-

1299 1349 1442 1384 finitivas
1477 1350 1683 1380 obtinuerant
1718 1350 1892 1380 sententias
1923 1349 2109 1380 auctoritato
2138 1349 2305 1388 apostolica

1299 1403 1514 1441 promulgari,
1533 1407 1563 1433 et
1579 1404 1663 1442 quod
1680 1403 1808 1433 abbates
1824 1408 1853 1433 et
1868 1407 2045 1433 conventus
2061 1402 2218 1432 nominati
2232 1411 2304 1434 cum

1299 1456 1461 1495 aliquibus
1477 1467 1513 1487 ex
1533 1457 1626 1487 dictis
1644 1457 1856 1487 creditoribus
1881 1457 2022 1486 diversas
2041 1457 2304 1496 compositiones,
2323 1495 2325 1500 Α

1299 1511 1380 1540 datis
1398 1520 1493 1550 super
1510 1511 1568 1541 hoc
1584 1510 1699 1540 litteris
1716 1515 1745 1540 et
1766 1510 2028 1549 fidejussoribuS‚
2049 1510 2141 1548 penis
2155 1509 2303 1549 adjectis,

1298 1566 1493 1605 interpositis
1507 1566 1719 1605 juramentis,
1739 1565 1954 1595 satisfactione
1974 1565 2190 1604 dampnorum
2207 1569 2238 1596 et
2252 1565 2315 1602 ἰὼ,

1298 1624 1413 1649 teresse
1431 1620 1602 1658 premissa,
1621 1624 1651 1649 et
1674 1619 1825 1649 contectis
1851 1618 1966 1648 exinde
1989 1618 2224 1649 nichilominus
2245 1627 2304 1658 pu·
2322 1642 2334 1658 4
2383 1614 2385 1617 ’

1297 1673 1389 1703 blicis
1405 1673 1645 1710 instrumentis,
1664 1673 1754 1703 sactis
1776 1672 2070 1703 renuntiationibus
2085 1672 2189 1711 quoad
2206 1673 2304 1712 impe·

1299 1731 1392 1756 tratas
1418 1732 1448 1757 et
1472 1727 1690 1766 impetrandas
1719 1726 1840 1756 litteras
1863 1725 2065 1765 apostolicas,
2084 1725 2304 1757 executoribus

1297 1781 1392 1810 etiam
1419 1781 1485 1810 sive
1506 1780 1668 1818 judicibus
1691 1788 1786 1818 super
1808 1779 1971 1818 premissis
1996 1788 2014 1809 a
2038 1779 2111 1809 sede
2132 1778 2304 1818 apostolica

1296 1833 1473 1873 deputatis,
1494 1838 1524 1864 et
1546 1833 1712 1864 nonnullis
1730 1833 1928 1872 processibus
1950 1833 2069 1863 habitis
2085 1842 2140 1872 per
2155 1832 2301 1870 eosdem,

1289 1888 1329 1923 ,in
1360 1896 1525 1918 enormem
1552 1887 1652 1926 ipsius
1684 1886 1867 1916 monasterii
1900 1886 2073 1923 lesionem,
2105 1889 2195 1916 erant
2221 1886 2304 1917 inire

1297 1941 1395 1972 coacti
1408 1953 1414 1978 3
1433 1949 1500 1979 nos,
1512 1940 1552 1970 de
1567 1939 1849 1978 circumspectione
1865 1944 1967 1969 vestra
1981 1939 2110 1978 plenam
2119 1940 2154 1969 in
2167 1939 2303 1971 Domino

1296 1995 1448 2024 fiduciam
1463 1994 1662 2030 obtinentes,
1688 1993 1777 2024 vobis
1803 2002 1856 2032 per
1878 1997 2001 2023 nostras
2022 1993 2081 2023 sub
2103 1998 2187 2024 certa
2203 1993 2303 2024 forma

1296 2049 1520 2078 mandavimus
1538 2048 1658 2078 litteras
1676 2052 1709 2078 ut
1725 2048 1891 2078 universos
1915 2047 2056 2077 redditus
2081 2052 2111 2077 et
2131 2051 2302 2086 proventus

1297 2102 1483 2132 monasterii
1514 2102 1682 2131 memorati
1712 2110 1748 2132 ac
1781 2101 1978 2140 prioratuum
2015 2105 2045 2131 et
2085 2101 2302 2131 membrorum

1297 2156 1382 2194 ejus,
1399 2164 1417 2185 a
1434 2155 1690 2194 quibuscumque
1710 2154 1949 2191 detinerentur,
1974 2163 2029 2184 vos
2053 2154 2105 2184 vel
2129 2153 2210 2184 alter
2233 2162 2302 2185 ves-

1297 2214 1381 2238 trum
1393 2231 1400 2245 ‚
1418 2217 1473 2247 per
1491 2218 1544 2239 vos
1562 2208 1611 2238 vel
1630 2217 1684 2246 per
1701 2208 1799 2238 alium
1818 2212 1873 2237 aut
1889 2208 1984 2245 alios,
2002 2207 2140 2238 fideliter
2154 2207 2302 2246 colligere

1298 2263 1480 2301 studeretis,
1498 2266 1528 2292 et
1544 2263 1633 2292 tenui
1648 2262 1686 2292 de
1701 2262 1766 2292 illis
1782 2263 1887 2292 abbati
1905 2267 1935 2293 et
1950 2264 2121 2293 conventui
2139 2262 2300 2302 supradie-
2323 2287 2326 2290 .

1299 2318 1338 2348 tis
1359 2325 1394 2347 ac
1410 2316 1553 2354 personis
1573 2316 1606 2345 in
1632 2316 1787 2346 membris
1810 2317 1887 2355 ipsis
1909 2317 2142 2354 servientibus,
2166 2324 2222 2355 pro
2246 2323 2302 2346 suu

1297 2371 1544 2406 sustentatione,
1562 2370 1704 2408 portione
1724 2374 1861 2405 servata,
1883 2374 1981 2400 toturn
2006 2370 2173 2400 residuum
2196 2368 2300 2413 reddi·-

1299 2431 1389 2456 tuum
1410 2429 1439 2454 et
1456 2426 1668 2463 proventuum
1689 2423 1903 2461 predictorum
1919 2424 1953 2453 in
1971 2423 2165 2453 solutionem
2180 2421 2301 2453 debito-

1297 2489 1368 2510 rum
1400 2477 1599 2517 hujusmodi,
1631 2477 1738 2506 usuris
1770 2477 1903 2507 omnino
1930 2477 2147 2513 cessantibus,
2174 2481 2205 2507 et
2236 2483 2310 2516 pre--

1296 2533 1403 2563 missis
1435 2540 1636 2570 nequaquam
1663 2530 1876 2568 obstantibus,
1904 2535 2088 2561 convertere
2114 2529 2297 2566 studeretis.

1296 2585 1516 2618 satisfaciendo
1530 2593 1582 2623 per
1596 2583 1743 2614 ordinem
1753 2584 1961 2614 creditoribus
1973 2584 2174 2623 supradictis,
2187 2591 2299 2614 secun-

1296 2641 1372 2671 dum
1389 2639 1472 2678 quod
1489 2638 1622 2677 potiores
1635 2638 1706 2676 jure
1721 2637 1910 2667 inveniretis
1926 2637 2070 2674 eosdem,
2090 2646 2154 2669 non
2170 2636 2299 2677 permit·

1295 2699 1396 2725 tentes
1421 2701 1473 2722 eos
1501 2692 1630 2721 interim
1658 2700 1752 2729 super
1779 2691 1842 2721 alia
1864 2691 2022 2722 solutione
2048 2691 2214 2728 facienda,
2247 2697 2300 2730 pet

2323 2413 2369 2571 3,

2314 2581 2355 2769 Ξ

1296 2755 1513 2787 quascumque
1532 2746 1651 2775 litteras
1670 2744 1875 2784 apostolicas,
1898 2745 1956 2775 sub
1981 2753 2183 2784 quacumque
2200 2743 2363 2783 f01·mfl.‚'=„·⁸

1296 2801 1464 2832 verborum
1487 2799 1650 2834 obtentas,
1679 2807 1786 2828 coram
1804 2798 1953 2837 predictis
1976 2797 2026 2828 vel
2051 2797 2212 2837 aliquibus
2229 2795 2299 2826 aliis

2315 2770 2347 2843 ,Φ

1293 2854 1457 2895 judicibus
1481 2862 1534 2882 seu
1556 2852 1777 2882 executoribus
1800 2852 1940 2882 indebite
1956 2851 2130 2882 molestari.
2154 2849 2298 2881 Mo1esta-
2326 2852 2345 2885 t,

1297 2914 1378 2939 tores
1398 2912 1428 2937 et
1449 2906 1711 2943 contradictores,
1736 2914 1858 2936 necnon
1878 2909 2109 2944 proventuum,
2133 2904 2299 2934 domorum

1296 2967 1327 2993 et
1341 2961 1477 2992 aliorum
1489 2960 1671 2990 reddituum
1687 2964 1718 2990 et
1730 2959 1963 2999 possessionum
1973 2958 2151 2988 detentores
2163 2965 2216 2997 per
2229 2963 2299 2987 oen-

1297 3024 1405 3046 suram
1428 3013 1693 3050 ecclesiasticam,
1713 3012 1924 3052 appellatione
1949 3011 2138 3051 postposita,
2156 3017 2297 3049 compes-

2317 2900 2324 2911 .
2335 2908 2337 2916 ι

2325 2931 2338 2943 ο

1297 3069 1406 3100 ceudo.
1425 3068 1544 3097 Verum
1563 3067 1655 3106 quia,
1677 3066 1787 3097 eodem
1805 3065 1980 3097 Guillelmo
1997 3065 2110 3096 abbate
2124 3065 2297 3103 exponente
2331 3054 2342 3066 ''
