2342 3652
921 360 1142 400 PREMIFJRE
1158 361 1316 401 ANNnn.
2129 379 2165 409 39

75 440 316 479 tingdonensem
340 441 374 470 in
405 440 538 470 ecclesia
562 439 800 475 Lincolniensi,
824 445 918 476 super
944 436 1076 466 ecclesia

74 493 113 523 de
135 493 352 532 Synclindone
367 517 372 529 ,
390 492 627 523 Lincolniensis
648 491 799 526 diocesis,
823 498 918 528 quam
943 493 1078 527 uterque
1104 538 1108 542 η

74 547 214 585 ipsorum
233 546 271 576 ad
288 555 320 576 se
337 551 476 584 spectare
493 546 630 582 dicebat,
652 549 719 575 orta
736 542 868 573 materia
882 543 1075 581 questionis,

76 599 202 629 tandem
217 599 250 628 in
266 599 345 629 bone
361 599 514 628 memorie
534 598 584 634 G.,
606 597 690 627 tituli
706 596 812 626 Sancti
827 595 926 624 Marci
942 594 1077 633 presby-

76 657 178 681 terum
200 652 414 688 cardinalem,
432 661 526 691 quem
548 651 649 681 felicis
672 648 900 680 recordationis
925 648 1077 678 Urbanus

75 714 170 743 papa,
198 705 397 744 predecessor
421 709 544 741 noster,
565 706 760 734 concesserat
782 703 815 731 in
839 710 933 731 causa
961 701 1075 739 hujus·

74 758 159 787 modi
174 757 354 787 auditorem
375 770 408 794 »,
428 758 488 787 init
504 767 523 787 a
549 757 686 796 partium
701 754 978 794 procurationibus
1004 759 1076 784 tan-

74 819 169 848 quam
185 811 218 840 in
235 810 391 840 arbitrum
405 810 679 849 compromissum.
699 807 788 838 Idem
802 815 875 837 vero
889 807 1075 847 cardinalis,

74 863 266 901 praedictam
283 863 449 893 ecclesiam
467 864 504 892 de
523 861 739 901 Synclindone
755 860 838 890 dicto
863 860 1002 898 Rogerio
1019 860 1075 890 ad-

72 917 219 955 judicans
230 941 237 952 ,
261 917 346 946 inter
362 917 423 947 alia
438 915 596 946 ordinavit
617 917 651 944 ut
665 913 822 952 praefatus
842 913 1021 943 Bonifatius
1038 914 1076 944 de

76 969 249 1000 redditibus
274 970 374 1008 ipsius
398 970 547 1000 ecclesiae
572 968 702 1005 triginta
720 967 924 997 marcharum
946 967 1075 997 sterlin-

74 1031 186 1061 gorum
206 1023 245 1052 ab
265 1023 332 1061 ipso
357 1023 490 1061 Rogerio
512 1026 541 1052 et
567 1022 635 1060 ejus
653 1021 887 1050 successoribus
903 1022 1074 1051 annuatim

75 1078 259 1115 pensionem
283 1078 376 1107 certis
398 1076 464 1106 loco
486 1080 514 1105 et
540 1075 683 1104 terminis
703 1074 945 1113 persolvendam
965 1076 1073 1105 tandiu

75 1130 247 1168 perciperet
266 1130 366 1159 donec
385 1130 463 1159 foret
480 1128 541 1167 ipsi
560 1127 718 1157 Bonifatio
734 1127 772 1157 de
792 1128 885 1158 bonis
907 1128 1073 1159 ecclesias-

77 1182 146 1211 ticis
165 1182 242 1211 certi
268 1181 381 1211 valoris
397 1181 496 1211 annui
512 1179 680 1218 apostolica
696 1181 878 1210 auctoritate
897 1182 1071 1219 provisum.

78 1234 164 1264 Licet
182 1234 358 1273 praedictus
378 1234 530 1272 Rogerius
555 1232 748 1271 praedictam
771 1234 975 1271 pensionem,
995 1235 1072 1264 dum

77 1289 211 1324 viveret,
236 1288 318 1318 dicto
335 1288 370 1317 Β.
387 1286 603 1326 persolvisset,
634 1290 741 1316 tamen
768 1310 787 1316 ..
808 1293 911 1318 rector
929 1289 1072 1327 ejusdem

78 1340 229 1370 ecclesiae
250 1340 287 1370 de
309 1339 523 1378 Synclindone
545 1339 600 1378 qui
622 1344 691 1378 post
709 1331 809 1378 ipsius
834 1341 955 1371 obitum
973 1341 1072 1372 eccle-

85 1393 166 1422 siam
178 1393 278 1432 ipsam
293 1397 450 1423 assecutus
467 1396 512 1422 est
526 1392 699 1431 praefatam
716 1394 903 1432 pensionem
920 1404 985 1424 non
1000 1404 1070 1433 per-

78 1446 170 1476 solvit
196 1446 357 1485 septennio
385 1451 414 1476 et
433 1446 569 1484 amplius
588 1448 655 1485 J'am
679 1447 796 1486 elapso.
821 1448 979 1478 Martinus
999 1458 1072 1479 vero

81 1508 158 1538 papa
178 1499 424 1535 Bartholomaeo,
442 1500 594 1529 canonico
615 1500 766 1530 ecclesiae
785 1501 892 1531 Sancti
912 1502 1072 1533 Pancratii

81 1551 307 1588 Ferentinatis,
326 1552 359 1581 in
375 1552 494 1590 Anglia
509 1554 736 1591 commoranti,
754 1555 917 1584 mandavit
933 1560 965 1585 ut
982 1565 1072 1594 prae-

81 1605 178 1635 fatum
209 1609 358 1635 rectorem
388 1605 426 1634 ad
457 1606 698 1644 persolvendam
733 1607 851 1637 dictam
884 1609 1071 1646 pensionem

78 1657 247 1696 obligaret3
270 1670 282 1685 u
299 1658 352 1688 sed
368 1668 439 1688 cum
456 1659 558 1689 dictus
575 1660 817 1690 Bartholomens
834 1661 872 1691 de
895 1670 989 1691 causa
1012 1662 1070 1692 hu-

74 1711 214 1749 jusmodi
229 1719 415 1749 cognoscere
438 1712 626 1751 incepisset,
650 1714 810 1752 predictus
828 1718 929 1744 rector
954 1724 1068 1753 procu-

76 1765 157 1794 ravit
182 1765 281 1794 eidem
310 1764 532 1795 Bartholomeo
559 1775 599 1795 ne
624 1766 658 1795 in
682 1776 775 1797 causa
797 1767 866 1807 ipsa
890 1768 1072 1806 procederet

75 1826 129 1855 per
143 1817 260 1847 litteras
279 1818 379 1856 regias
401 1819 563 1857 inhiberi,
588 1820 696 1858 sicque
715 1821 798 1850 dicta
815 1830 909 1851 causa
927 1826 1071 1852 remanet

76 1869 225 1900 indecisa.
248 1883 260 1897 n

116 1934 128 1948 «ι
147 1922 210 1952 Sua
228 1923 314 1953 nobis
329 1923 498 1954 dilectus...
517 1942 556 1946 —
572 1926 642 1955 Dat.
663 1926 758 1956 Reate
773 1950 780 1962 ,
798 1927 904 1957 idibus
920 1929 1047 1966 augusti
1062 1953 1068 1965 ,

76 1982 159 2004 anno
174 1975 282 2014 primo.
304 1988 316 2003 1)

144 2147 230 2175 243

109 2207 260 2244 privilegia
274 2218 409 2239 concessa
419 2214 591 2241 monasterio
603 2215 679 2249 quod
693 2215 830 2242 Custodia
843 2215 948 2243 Beatae
962 2216 1069 2243 Mariae

74 2262 262 2291 nuncupatur,
286 2259 340 2285 sito
363 2261 391 2286 in
416 2263 555 2289 territorio
584 2263 727 2290 Blesensi.
754 2264 840 2299 (Rae.
869 2265 917 2297 44,
949 2273 974 2292 c.
1002 2266 1067 2297 128,

73 2304 91 2329 f.
107 2304 135 2330 31
156 2311 197 2335 r⁰;
216 2305 330 2337 Porm,
345 2308 452 2342 22789.)

599 2151 689 2184 Rieu,
707 2153 721 2180 3
737 2153 900 2187 septembre
918 2154 995 2181 1288.

111 2407 229 2436 Dilectis
245 2409 277 2437 in
293 2408 406 2438 Christo
421 2411 541 2449 filiabus
562 2414 703 2451 Juliane,
721 2416 867 2444 abbatisse
887 2419 1068 2446 monasterii

70 2460 148 2495 quod
164 2460 303 2490 Custodia
319 2462 402 2492 Beate
416 2464 506 2494 ,uarie
521 2467 652 2504 virginis
663 2473 873 2506 nuncupatur,
895 2470 948 2498 siti
959 2471 993 2499 in
1007 2475 1067 2499 ler-

69 2513 178 2542 =ritori0
194 2514 337 2551 Blesensi,
364 2517 484 2554 ejusque
506 2522 657 2550 sororibus
680 2526 741 2551 cam
761 2524 950 2559 presentibus
973 2533 1067 2561 quam

68 2566 185 2601 suturis
206 2569 375 2605 reyulurem
393 2569 485 2599 vitam
499 2573 639 2609 professis
654 2575 687 2604 in
702 2580 890 2612 perpetuum.

113 2631 124 2644 ι
140 2619 224 2650 Olim
239 2620 374 2651 dilectus
390 2622 512 2653 filius...
531 2625 703 2657 Statuimus
720 2628 852 2667 insuper
867 2628 912 2668 (1)
933 2633 967 2659 ut
989 2630 1065 2660 ordo

69 2674 276 2711 monasticus,
299 2676 354 2713 qui
369 2677 545 2707 secundum
562 2679 662 2710 Deum
680 2675 710 2710 et
725 2681 900 2719 predictam
918 2683 1064 2721 regulam

70 2725 265 2757 Humilitatis
282 2728 377 2758 Beate
397 2730 496 2759 Marie
518 2731 650 2769 virginis
673 2734 708 2763 in
734 2735 844 2765 eodem
870 2738 1065 2767 monasterio

70 2783 168 2809 vestro
179 2780 342 2811 institutus
356 2791 423 2812 esse
438 2783 623 2822 dinoscitur,
640 2788 798 2826 perpetuis
811 2789 930 2819 ibidem
946 2794 1065 2829 tempo-

68 2831 154 2862 ribus
165 2833 393 2865 inviolabiliter
403 2836 596 2867 observetur.
610 2838 756 2870 Preterea
767 2850 985 2882 quascumque
996 2852 1065 2882 pos-

95 2949 127 2979 (1)
144 2949 178 2974 Ce
193 2952 235 2982 qui
250 2953 359 2983 precede
375 2954 438 2977 n'cst
453 2962 503 2985 que
517 2955 712 2982 l'enumeration
724 2959 768 2983 des
783 2961 922 2992 privileges
939 2963 1064 2987 accordes

64 3000 97 3016 au
111 2995 194 3018 meme
208 3000 320 3020 convent
339 2999 421 3027 paria
443 2999 512 3023 bulle
530 2999 566 3023 du
585 3000 614 3024 27
635 3002 700 3025 avril
714 3003 758 3033 (n0
771 3004 810 3028 77.
831 3004 870 3029 Cf.
891 3006 977 3036 Sbar.,
997 3007 1062 3031 Bull.

64 3036 157 3068 franc,
173 3038 217 3067 1V,
235 3048 259 3070 p.
276 3041 317 3070 33,
335 3046 363 3065 [ιο
376 3043 422 3072 46).

1162 437 1337 475 sessiones,
1358 447 1559 477 quecumque
1574 439 1657 469 bona
1674 439 1759 469 idem
1780 442 2009 472 monasterium
2025 449 2164 475 vestrum

1161 490 1196 519 in
1224 492 1457 528 presentiarum
1478 493 1564 531 juste
1585 502 1622 523 ac
1637 494 1790 523 canonice
1808 495 1945 532 possidet
1960 501 2014 526 aut
2029 497 2063 526 in
2082 498 2163 528 futu-

1160 552 1246 580 rum,
1265 545 1467 575 concessione
1484 546 1686 585 pontificum,
1701 546 1870 585 largitione
1886 557 1998 586 regum
2013 549 2062 579 vel
2078 551 2164 589 prin-

1160 596 1267 634 cipum
1279 622 1286 633 ,
1307 598 1466 629 oblatione
1481 599 1645 637 fidelium,
1669 609 1724 630 seu
1741 600 1813 630 aliis
1827 601 1921 639 justis
1939 602 2057 638 modis,
2077 613 2165 642 pres-

1161 652 1246 679 tante
1263 651 1412 687 Domino,
1431 653 1544 690 poterit
1556 653 1706 692 adipisci,
1730 654 1824 683 firma
1844 655 1930 684 vobis
1946 659 1976 685 et
1991 656 2037 686 eis
2053 666 2114 695 que
2129 657 2164 686 in

1161 702 1271 732 eodem
1294 706 1486 735 monasterio
1509 706 1596 736 vobis
1618 708 1831 737 successerint
1853 712 1882 737 et
1900 708 2023 738 illibata
2040 719 2163 748 perma-

1160 760 1268 785 neant.
1286 757 1323 786 In
1340 758 1457 795 quibus
1473 759 1531 789 hec
1542 760 1679 798 propriis
1692 760 1842 790 duximus
1854 762 2060 800 exprimenda
2073 772 2164 794 voca-

1158 808 1260 839 bulis:
1273 810 1391 840 Locum
1404 811 1521 850 ipsum,
1534 813 1569 841 in
1582 821 1644 851 quo
1656 814 1812 852 prefatum
1824 816 2055 845 monasterinm
2067 817 2164 846 situm

1158 866 1221 898 est,
1244 871 1317 892 cum
1339 864 1490 894 omnibus
1506 866 1712 903 pertinentiis
1727 867 1811 900 suis;
1831 877 1865 896 ex
1886 868 1968 898 dono
1984 870 2096 907 prefati
2111 878 2164 899 co-

1159 915 1246 944 mitis
1267 924 1412 946 annuum
1430 917 1593 947 redditum
1610 918 1822 948 ducentarum
1840 920 1994 950 librarum
2014 926 2164 951 turonen-

1158 967 1240 996 sium
1255 991 1260 1003 ,
1283 978 1378 1007 quem
1395 970 1558 1008 percipitis
1576 971 1609 999 in
1627 975 1717 1009 portu
1740 971 1883 1001 Blesensi
1901 977 1931 1002 et
1947 973 2017 1002 aliis
2033 974 2164 1004 redditi-

1158 1020 1215 1049 bus
1245 1021 1412 1051 comitatus
1441 1022 1623 1061 Blesensis3
1661 1025 1828 1061 grangiam
1864 1026 2050 1056 Enblemars
2065 1051 2070 1063 ,
2103 1037 2164 1066 que

1156 1074 1276 1104 Tomba
1289 1075 1464 1112 vulgariter
1479 1076 1666 1115 appellatur,
1685 1082 1715 1107 et
1726 1077 1825 1107 aliam
1842 1081 2011 1117 grangiam
2025 1081 2117 1111 sitam
2129 1082 2163 1111 in

1156 1127 1314 1157 territorio
1336 1128 1421 1158 dicte
1438 1129 1557 1159 Tombe
1573 1139 1647 1160 cum
1662 1131 1868 1169 pertinentiis
1889 1133 1969 1169 suis;
1996 1135 2163 1172 grangiam

1156 1181 1195 1210 de
1215 1181 1329 1220 Origni
1345 1191 1418 1212 cum
1437 1184 1640 1222 pertinentiis
1662 1189 1691 1214 et
1716 1185 1910 1224 appenditiis
1926 1187 2010 1224 suis;
2034 1187 2096 1218 duo
2111 1197 2162 1218 ar-

1156 1239 1249 1272 penta
1265 1235 1346 1273 prati
1358 1236 1514 1274 sitajuxta
1527 1236 1635 1266 rivum
1652 1237 1690 1267 de
1706 1237 1826 1275 Choisi,
1845 1248 1907 1277 que
1918 1240 2049 1270 fuerunt
2060 1250 2161 1280 quon-

1157 1287 1229 1316 dam
1241 1288 1362 1317 Thome
1374 1288 1412 1318 de
1422 1289 1538 1325 Bosco,
1554 1289 1588 1318 in
1604 1290 1760 1320 territorio
1775 1292 1966 1329 Dasmieres,
1980 1293 2091 1324 vineas
2102 1303 2164 1333 que

1156 1341 1283 1371 suerunt
1312 1342 1474 1380 quondam
1497 1342 1665 1373 Guillelmi
1692 1343 1842 1375 Goatras:
1868 1345 2016 1384 domum,
2048 1352 2161 1386 terras,

1156 1395 1369 1432 possessiones
1385 1400 1415 1425 et
1429 1396 1584 1435 quicquid
1596 1397 1679 1436 juris
1696 1397 1821 1428 habetis
1846 1399 1880 1428 in
1905 1400 2061 1431 territorio
2079 1402 2163 1440 quod

1156 1447 1273 1477 dicitur
1297 1449 1494 1486 Lauberoie3
1527 1451 1586 1479 tria
1611 1455 1722 1488 stagna
1745 1460 1921 1490 aquarum,
1951 1462 2012 1492 que
2036 1455 2163 1485 fuerunt

1157 1501 1319 1539 quondam
1338 1503 1500 1541 Radulphi
1517 1504 1555 1534 de
1573 1505 1671 1534 Ponte
1683 1529 1689 1538 ,
1709 1505 1838 1542 militis,
1859 1507 1917 1536 sita
1935 1507 2018 1537 inter
2037 1509 2163 1539 Prome-

1156 1563 1213 1593 roy
1230 1559 1259 1584 et
1279 1555 1432 1585 Sanctum
1449 1557 1628 1593 Lubinum,
1654 1567 1725 1586 cum
1745 1559 1895 1588 omnibus
1914 1561 2114 1598 pertinentiis
2134 1567 2163 1591 et

1155 1609 1347 1646 appenditiis
1363 1610 1569 1646 eorumdem,
1593 1612 1628 1640 in
1646 1611 1759 1641 foresta
1783 1613 1820 1641 de
1847 1613 1952 1642 Blesis
1966 1638 1972 1649 ,
2000 1615 2058 1644 sita
2073 1616 2162 1653 juxta

1155 1661 1312 1700 prefatum
1333 1664 1566 1693 monasterium
1584 1669 1723 1694 vestrum
1736 1688 1743 1701 ,
1771 1675 1862 1695 usum
1888 1666 2054 1697 incidendi
2071 1673 2100 1698 et
2115 1670 2161 1699 fa-

1154 1714 1261 1744 ciendi
1279 1715 1380 1744 incidi
1397 1714 1487 1753 ligna
1504 1717 1617 1745 vestris
1639 1718 1748 1747 usibus
1764 1723 1934 1756 oportuna;
1954 1725 1983 1749 et
2000 1721 2031 1749 in
2052 1722 2161 1751 eadem

1154 1767 1269 1797 foresta
1284 1777 1380 1797 usum
1402 1777 1592 1807 pascuorum
1618 1778 1674 1808 pro
1697 1771 1807 1800 bestiis
1831 1776 1859 1801 et
1879 1773 2073 1803 animalibus
2092 1784 2161 1804 ves—

1155 1821 1225 1855 tris:
1244 1821 1279 1850 in
1296 1821 1409 1851 foresta
1425 1831 1486 1860 que
1506 1822 1662 1860 Boloigne
1679 1824 2052 1864 vulgariterappellatur,
2071 1838 2163 1857 usum

1153 1874 1316 1904 incidendi
1330 1875 1418 1913 ligna
1434 1876 1473 1905 ad
1491 1875 1707 1906 edificandum
1727 1882 1758 1906 et
1779 1878 1984 1909 retinendum
2008 1881 2117 1911 domos
2134 1887 2164 1912 et

1153 1928 1297 1957 officinas
1318 1929 1406 1958 vobis
1430 1934 1460 1958 et
1480 1928 1583 1958 eidem
1608 1931 1804 1961 monasterio
1821 1937 2008 1971 opor-tinias,
2032 1938 2061 1963 et
2083 1934 2162 1964 alias

1153 1982 1378 2019 possessiones,
1388 1982 1531 2012 redditus
1546 1987 1575 2012 et
1585 1984 1738 2021 quicquid
1750 1985 1831 2022 juris
1844 1985 1879 2014 in
1893 1986 2032 2024 predicta
2045 1987 2161 2018 diocesi

1153 2033 1341 2064 Carnotensi
1358 2034 1477 2065 dictum
1500 2037 1732 2066 monasterium
1752 2043 1893 2067 vestrum
1919 2040 2061 2069 noscitur
2077 2041 2159 2070 obti-

1155 2095 1249 2122 nere,
1272 2096 1344 2117 cum
1370 2089 1478 2122 terris.
1500 2089 1617 2127 pratis,
1640 2090 1763 2127 vineis,
1789 2092 1994 2129 nemoribus,
2018 2095 2160 2132 usuagiis

1154 2144 1184 2169 et
1199 2141 1324 2179 pascuis
1340 2141 1375 2170 in
1391 2142 1484 2172 bosco
1501 2147 1531 2172 et
1550 2143 1666 2181 plano,
1684 2145 1716 2172 in
1734 2145 1827 2182 aquis
1844 2150 1873 2174 et
1891 2146 2101 2180 molendinis„
2127 2149 2158 2177 in

1154 2194 1212 2223 viis
1226 2199 1256 2224 et
1271 2195 1413 2231 semitis,
1431 2199 1463 2225 et
1477 2197 1628 2226 omnibus
1644 2196 1716 2226 aliis
1732 2197 1933 2229 libertatibus
1956 2205 1986 2230 et
2004 2202 2159 2231 immuni-

1153 2247 1270 2277 tatibus
1286 2249 1362 2278 suis.
1383 2249 1490 2279 Liceat
1505 2258 1631 2289 quoque
1647 2251 1737 2281 vobis
1753 2261 1903 2290 personas
1926 2253 2043 2284 liberas
2059 2259 2090 2285 et
2105 2256 2159 2285 ab·

1152 2301 1271 2330 solutas
1295 2310 1311 2331 e
1336 2302 1442 2332 seculo
1465 2303 1624 2340 fugientes
1645 2304 1685 2334 ad
1711 2306 1950 2335 conversionem
1974 2308 2109 2346 recipere
2131 2314 2160 2338 et

1152 2361 1203 2382 eas
1228 2354 1348 2392 absque
1369 2355 1618 2385 contradictione
1639 2356 1746 2396 aliqua
1771 2358 1920 2388 retinere.
1948 2360 2159 2391 Prohibemus

1150 2405 1283 2445 insuper
1302 2411 1337 2436 ut
1359 2407 1443 2437 nulli
1463 2417 1607 2438 sororum
1625 2414 1820 2447 vestrarum,
1841 2417 1909 2449 post
1924 2413 2037 2442 factam
2054 2414 2087 2443 in
2107 2424 2157 2445 eo-

1149 2458 1221 2488 dem
1237 2462 1429 2490 monasterio
1444 2462 1690 2500 professionem,
1709 2464 1757 2493 sax
1776 2465 1815 2493 sit
1830 2465 1868 2494 de
1886 2466 1994 2496 eodem
2010 2467 2077 2497 loco
2088 2468 2154 2497 dis-

1149 2512 1275 2548 cedere,
1301 2513 1516 2545 discedentem
1537 2524 1611 2546 vero
1635 2517 1745 2547 nullus
1767 2518 1881 2548 audeat
1904 2520 2051 2550 retinere.
2072 2521 2157 2551 Illud

1150 2566 1323 2596 districtius
1337 2567 1521 2598 inhibentes
1535 2578 1575 2598 ne
1592 2573 1705 2609 terras,
1719 2580 1776 2600 seu
1790 2571 1953 2610 quodlibet
1963 2573 2154 2603 beneficium

1149 2619 1238 2648 vobis
1252 2643 1258 2653 ,
1278 2629 1331 2649 seu
1350 2621 1543 2651 monasterio
1562 2626 1667 2652 vestro
1683 2622 1831 2653 collatum
1843 2647 1851 2660 ‚
1868 2624 1961 2654 liceat
1975 2625 2071 2655 alicui
2087 2635 2156 2664 per-

1149 2671 1299 2702 sonaliter
1317 2672 1403 2710 dari,
1426 2683 1481 2703 seu
1498 2673 1561 2704 alio
1580 2675 1672 2705 modo
1688 2675 1823 2705 alienari
1839 2701 1844 2714 ,
1863 2677 1981 2716 absque
1997 2686 2153 2709 consensu

1149 2724 1243 2754 totius
1259 2725 1411 2764 capituli,
1429 2726 1478 2756 vel
1494 2727 1624 2765 maJ'oris
1645 2731 1700 2757 aut
1722 2729 1858 2758 sanioris
1874 2730 1972 2768 partis
1991 2731 2103 2770 ipsius.
2121 2733 2155 2763 Si

1147 2786 1209 2816 que
1226 2786 1299 2807 vero
1316 2778 1504 2809 donationes
1519 2783 1575 2809 aut
1590 2779 1799 2811 alienationes
1815 2782 1906 2813 aliter
1922 2792 2017 2822 quam
2034 2785 2153 2816 dictum

1148 2834 1193 2860 est
1215 2831 1295 2860 facte
1321 2831 1462 2869 fuerint,
1481 2842 1532 2862 eas
1548 2833 1654 2863 irritas
1670 2843 1737 2864 esse
1755 2844 1934 2867 censemus.
1958 2838 2019 2868 Pro
2041 2847 2153 2870 conse--

1146 2884 1342 2914 orationibus
1359 2893 1432 2915 vero
1449 2885 1599 2916 altarium
1622 2886 1671 2916 vel
1691 2887 1916 2927 ecclesiarum,
1934 2891 2000 2921 sive
2014 2901 2070 2931 pro
2085 2893 2153 2924 oleo

1147 2942 1272 2974 sancto,
1302 2938 1352 2967 vel
1369 2938 1510 2977 quolibet
1526 2939 1739 2970 ecclesiastico
1764 2948 1978 2982 sacramento,
2004 2945 2113 2976 nullus
2135 2956 2153 2975 a

1146 2991 1235 3020 vobis
1251 2990 1360 3030 aliquo
1378 2992 1471 3022 modo
1487 2993 1658 3032 quicquam
1672 2994 1786 3024 audeat
1802 3000 2004 3036 extorquere3
2022 2999 2075 3028 sed
2094 2999 2151 3029 hec

1146 3044 1254 3074 omnia
1269 3044 1367 3082 gratis
1382 3045 1470 3075 vobis
1486 3046 1650 3084 episcopus
1666 3046 1853 3079 diocesanus
1866 3050 1953 3080 vobis
1967 3051 2148 3090 impendat3
