<?xml version="1.0" encoding="UTF-8"?>
<!DOCTYPE html PUBLIC "-//W3C//DTD XHTML 1.0 Transitional//EN"
    "http://www.w3.org/TR/xhtml1/DTD/xhtml1-transitional.dtd">
<html xmlns="http://www.w3.org/1999/xhtml" xml:lang="en" lang="en">
 <head>
  <title>
</title>
<meta http-equiv="Content-Type" content="text/html;charset=utf-8" />
  <meta name='ocr-system' content='tesseract 3.04.00' />
  <meta name='ocr-capabilities' content='ocr_page ocr_carea ocr_par ocr_line ocrx_word'/>
</head>
<body>
  <div class='ocr_page' id='page_1' title='image "./lesregistresdeni01romeuoft_0124.png"; bbox 0 0 2477 3637; ppageno 0'>
   <div class='ocr_carea' id='block_1_1' title="bbox 323 413 373 443">
    <p class='ocr_par' dir='ltr' id='par_1_1' title="bbox 323 413 373 443">
     <span class='ocr_line' id='line_1_1' title="bbox 323 413 373 443; baseline 0 -1"><span class='ocrx_word' id='word_1_1' title='bbox 323 413 373 443; x_wconf 85' lang='grc'>116</span> 
     </span>
    </p>
   </div>
   <div class='ocr_carea' id='block_1_2' title="bbox 317 475 1324 728">
    <p class='ocr_par' dir='ltr' id='par_1_2' title="bbox 317 475 1324 569">
     <span class='ocr_line' id='line_1_2' title="bbox 359 475 1324 514; baseline -0.001 -6"><span class='ocrx_word' id='word_1_2' title='bbox 359 480 466 509; x_wconf 76' lang='lat' dir='ltr'>Dilecto</span> <span class='ocrx_word' id='word_1_3' title='bbox 484 479 548 514; x_wconf 82' lang='lat' dir='ltr'>filio</span> <span class='ocrx_word' id='word_1_4' title='bbox 572 478 666 506; x_wconf 78' lang='lat' dir='ltr'>nobiti</span> <span class='ocrx_word' id='word_1_5' title='bbox 692 478 758 505; x_wconf 83' lang='lat' dir='ltr'>viro</span> <span class='ocrx_word' id='word_1_6' title='bbox 781 475 935 505; x_wconf 81' lang='lat' dir='ltr'>Sabadino</span> <span class='ocrx_word' id='word_1_7' title='bbox 953 476 1120 511; x_wconf 73' lang='lat' dir='ltr'>Archannt,</span> <span class='ocrx_word' id='word_1_8' title='bbox 1146 477 1276 506; x_wconf 81' lang='lat' dir='ltr'>salutem</span> <span class='ocrx_word' id='word_1_9' title='bbox 1297 483 1324 507; x_wconf 84' lang='lat' dir='ltr'>et</span> 
     </span>
     <span class='ocr_line' id='line_1_3' title="bbox 317 531 764 569; baseline -0.011 -7"><span class='ocrx_word' id='word_1_10' title='bbox 317 533 509 569; x_wconf 69' lang='lat' dir='ltr'>apostolicam</span> <span class='ocrx_word' id='word_1_11' title='bbox 525 531 764 560; x_wconf 78' lang='lat' dir='ltr'><em>benedictionem.</em></span> 
     </span>
    </p>

    <p class='ocr_par' dir='ltr' id='par_1_3' title="bbox 318 581 1321 677">
     <span class='ocr_line' id='line_1_4' title="bbox 360 581 1321 622; baseline 0.002 -10"><span class='ocrx_word' id='word_1_12' title='bbox 360 598 371 611; x_wconf 72' lang='grc' dir='ltr'>α</span> <span class='ocrx_word' id='word_1_13' title='bbox 391 586 434 614; x_wconf 75' lang='lat' dir='ltr'>Te</span> <span class='ocrx_word' id='word_1_14' title='bbox 451 594 552 622; x_wconf 80' lang='lat' dir='ltr'><strong>nuper</strong></span> <span class='ocrx_word' id='word_1_15' title='bbox 564 584 640 614; x_wconf 86' lang='lat' dir='ltr'>ad...</span> <span class='ocrx_word' id='word_1_16' title='bbox 657 600 694 605; x_wconf 90' lang='lat'>—</span> <span class='ocrx_word' id='word_1_17' title='bbox 711 583 782 612; x_wconf 86' lang='lat' dir='ltr'>Dat.</span> <span class='ocrx_word' id='word_1_18' title='bbox 798 583 898 612; x_wconf 84' lang='lat' dir='ltr'>Rome</span> <span class='ocrx_word' id='word_1_19' title='bbox 913 581 996 620; x_wconf 86' lang='lat' dir='ltr'>apud</span> <span class='ocrx_word' id='word_1_20' title='bbox 1011 581 1164 612; x_wconf 88' lang='lat' dir='ltr'>Sanctum</span> <span class='ocrx_word' id='word_1_21' title='bbox 1176 584 1321 621; x_wconf 89' lang='lat' dir='ltr'>Petrum,</span> 
     </span>
     <span class='ocr_line' id='line_1_5' title="bbox 318 636 827 677; baseline -0.004 -10"><span class='ocrx_word' id='word_1_22' title='bbox 318 638 423 671; x_wconf 85' lang='lat' dir='ltr'>idibus</span> <span class='ocrx_word' id='word_1_23' title='bbox 442 637 563 677; x_wconf 69' lang='lat' dir='ltr'>aprilis,</span> <span class='ocrx_word' id='word_1_24' title='bbox 583 645 668 667; x_wconf 84' lang='lat' dir='ltr'>anuo</span> <span class='ocrx_word' id='word_1_25' title='bbox 684 636 797 675; x_wconf 90' lang='lat' dir='ltr'>primo.</span> <span class='ocrx_word' id='word_1_26' title='bbox 815 648 827 662; x_wconf 65' lang='grc' dir='ltr'>ι)</span> 
     </span>
    </p>

    <p class='ocr_par' dir='ltr' id='par_1_4' title="bbox 356 689 1187 728">
     <span class='ocr_line' id='line_1_6' title="bbox 356 689 1187 728; baseline -0.001 -8"><span class='ocrx_word' id='word_1_27' title='bbox 356 691 394 720; x_wconf 86' lang='grc'>111</span> <span class='ocrx_word' id='word_1_28' title='bbox 415 701 442 720; x_wconf 82' lang='lat' dir='ltr'>e.</span> <span class='ocrx_word' id='word_1_29' title='bbox 461 700 503 720; x_wconf 88' lang='lat' dir='ltr'>m.</span> <span class='ocrx_word' id='word_1_30' title='bbox 526 691 626 728; x_wconf 81' lang='lat' dir='ltr'>Esyae</span> <span class='ocrx_word' id='word_1_31' title='bbox 644 689 807 728; x_wconf 84' lang='lat' dir='ltr'>capellano</span> <span class='ocrx_word' id='word_1_32' title='bbox 822 689 855 718; x_wconf 90' lang='lat' dir='ltr'>in</span> <span class='ocrx_word' id='word_1_33' title='bbox 876 689 1018 727; x_wconf 84' lang='lat' dir='ltr'>partibus</span> <span class='ocrx_word' id='word_1_34' title='bbox 1034 689 1187 720; x_wconf 84' lang='lat' dir='ltr'>Orientis.</span> 
     </span>
    </p>
   </div>
   <div class='ocr_carea' id='block_1_3' title="bbox 385 858 468 886">
    <p class='ocr_par' dir='ltr' id='par_1_5' title="bbox 385 858 468 886">
     <span class='ocr_line' id='line_1_7' title="bbox 385 858 468 886; baseline -0.012 0"><span class='ocrx_word' id='word_1_35' title='bbox 385 858 468 886; x_wconf 76' lang='lat'>58¹</span> 
     </span>
    </p>
   </div>
   <div class='ocr_carea' id='block_1_4' title="bbox 316 919 1320 1050">
    <p class='ocr_par' dir='ltr' id='par_1_6' title="bbox 316 919 1320 1050">
     <span class='ocr_line' id='line_1_8' title="bbox 353 919 1320 955; baseline 0.001 -10"><span class='ocrx_word' id='word_1_36' title='bbox 353 920 524 955; x_wconf 68' lang='lat' dir='ltr'>lmen-protes</span> <span class='ocrx_word' id='word_1_37' title='bbox 540 919 616 954; x_wconf 76' lang='lat' dir='ltr'>regis</span> <span class='ocrx_word' id='word_1_38' title='bbox 630 919 812 946; x_wconf 83' lang='lat' dir='ltr'>Tartarorum</span> <span class='ocrx_word' id='word_1_39' title='bbox 828 919 958 946; x_wconf 79' lang='lat' dir='ltr'>hortatui·</span> <span class='ocrx_word' id='word_1_40' title='bbox 977 920 1012 946; x_wconf 86' lang='lat' dir='ltr'>ad</span> <span class='ocrx_word' id='word_1_41' title='bbox 1033 919 1219 947; x_wconf 82' lang='lat' dir='ltr'>christianam</span> <span class='ocrx_word' id='word_1_42' title='bbox 1236 920 1320 946; x_wconf 87' lang='lat' dir='ltr'>fidem</span> 
     </span>
     <span class='ocr_line' id='line_1_9' title="bbox 316 968 1320 1004; baseline 0 -9"><span class='ocrx_word' id='word_1_43' title='bbox 316 969 526 1004; x_wconf 75' lang='lat' dir='ltr'>propagandam</span> <span class='ocrx_word' id='word_1_44' title='bbox 553 969 651 1003; x_wconf 82' lang='lat' dir='ltr'>eisquc</span> <span class='ocrx_word' id='word_1_45' title='bbox 682 969 908 995; x_wconf 78' lang='lat' dir='ltr'>benedictionem</span> <span class='ocrx_word' id='word_1_46' title='bbox 935 976 1016 995; x_wconf 83' lang='lat' dir='ltr'>suain</span> <span class='ocrx_word' id='word_1_47' title='bbox 1045 968 1137 995; x_wconf 87' lang='lat' dir='ltr'>mittit.</span> <span class='ocrx_word' id='word_1_48' title='bbox 1167 968 1247 1002; x_wconf 74' lang='lat' dir='ltr'>(Rae.</span> <span class='ocrx_word' id='word_1_49' title='bbox 1273 969 1320 1000; x_wconf 83' lang='lat'>44,</span> 
     </span>
     <span class='ocr_line' id='line_1_10' title="bbox 316 1017 552 1050; baseline -0.004 -7"><span class='ocrx_word' id='word_1_50' title='bbox 316 1025 341 1043; x_wconf 79' lang='lat' dir='ltr'>c.</span> <span class='ocrx_word' id='word_1_51' title='bbox 357 1017 402 1050; x_wconf 59' lang='lat'>30,</span> <span class='ocrx_word' id='word_1_52' title='bbox 420 1017 438 1043; x_wconf 87' lang='lat' dir='ltr'>f.</span> <span class='ocrx_word' id='word_1_53' title='bbox 455 1018 489 1044; x_wconf 77' lang='lat'>90</span> <span class='ocrx_word' id='word_1_54' title='bbox 506 1018 552 1048; x_wconf 75' lang='lat' dir='ltr'>ro.)</span> 
     </span>
    </p>
   </div>
   <div class='ocr_carea' id='block_1_5' title="bbox 812 856 1249 889">
    <p class='ocr_par' dir='ltr' id='par_1_7' title="bbox 812 856 1249 889">
     <span class='ocr_line' id='line_1_11' title="bbox 812 856 1249 889; baseline 0.005 -6"><span class='ocrx_word' id='word_1_55' title='bbox 812 856 1017 889; x_wconf 84' lang='lat' dir='ltr'>Saint·Pierre‚</span> <span class='ocrx_word' id='word_1_56' title='bbox 1039 857 1068 884; x_wconf 86' lang='lat'>13</span> <span class='ocrx_word' id='word_1_57' title='bbox 1085 858 1154 884; x_wconf 83' lang='lat' dir='ltr'>avril</span> <span class='ocrx_word' id='word_1_58' title='bbox 1175 857 1249 885; x_wconf 71' lang='lat'>1288.</span> 
     </span>
    </p>
   </div>
   <div class='ocr_carea' id='block_1_6' title="bbox 314 1119 1322 1477">
    <p class='ocr_par' dir='ltr' id='par_1_8' title="bbox 314 1119 1322 1413">
     <span class='ocr_line' id='line_1_12' title="bbox 355 1119 1322 1157; baseline 0.002 -11"><span class='ocrx_word' id='word_1_59' title='bbox 355 1120 495 1148; x_wconf 55' lang='lat' dir='ltr'>Nicotaus</span> <span class='ocrx_word' id='word_1_60' title='bbox 511 1124 564 1147; x_wconf 71' lang='lat' dir='ltr'>etc.</span> <span class='ocrx_word' id='word_1_61' title='bbox 584 1119 704 1147; x_wconf 77' lang='lat' dir='ltr'>Dilcclis</span> <span class='ocrx_word' id='word_1_62' title='bbox 719 1120 795 1155; x_wconf 75' lang='lat' dir='ltr'>filiis</span> <span class='ocrx_word' id='word_1_63' title='bbox 810 1120 944 1148; x_wconf 77' lang='lat' dir='ltr'>Jolmmn·</span> <span class='ocrx_word' id='word_1_64' title='bbox 960 1120 993 1148; x_wconf 80' lang='lat' dir='ltr'>de</span> <span class='ocrx_word' id='word_1_65' title='bbox 1012 1121 1162 1149; x_wconf 73' lang='lat' dir='ltr'>Bonacliz&#39;a</span> <span class='ocrx_word' id='word_1_66' title='bbox 1177 1143 1183 1154; x_wconf 84' lang='lat'>,</span> <span class='ocrx_word' id='word_1_67' title='bbox 1201 1120 1322 1157; x_wconf 68' lang='lat' dir='ltr'>Huyoni</span> 
     </span>
     <span class='ocr_line' id='line_1_13' title="bbox 317 1171 1321 1208; baseline 0.001 -7"><span class='ocrx_word' id='word_1_68' title='bbox 317 1171 480 1207; x_wconf 73' lang='lat' dir='ltr'>Gamelmi,</span> <span class='ocrx_word' id='word_1_69' title='bbox 500 1172 585 1200; x_wconf 79' lang='lat' dir='ltr'>Petro</span> <span class='ocrx_word' id='word_1_70' title='bbox 600 1173 633 1200; x_wconf 84' lang='lat' dir='ltr'>de</span> <span class='ocrx_word' id='word_1_71' title='bbox 647 1172 771 1208; x_wconf 71' lang='lat' dir='ltr'>Matina,</span> <span class='ocrx_word' id='word_1_72' title='bbox 789 1173 918 1202; x_wconf 71' lang='grc' dir='ltr'>δῖναι-(10</span> <span class='ocrx_word' id='word_1_73' title='bbox 935 1173 1082 1202; x_wconf 79' lang='lat' dir='ltr'>Gasinuri</span> <span class='ocrx_word' id='word_1_74' title='bbox 1097 1174 1131 1202; x_wconf 77' lang='lat' dir='ltr'>(Ie</span> <span class='ocrx_word' id='word_1_75' title='bbox 1147 1173 1321 1203; x_wconf 76' lang='lat' dir='ltr'>Constanti-</span> 
     </span>
     <span class='ocr_line' id='line_1_14' title="bbox 316 1225 1319 1263; baseline 0.001 -9"><span class='ocrx_word' id='word_1_76' title='bbox 316 1226 427 1262; x_wconf 74' lang='lat' dir='ltr'>nopoli,</span> <span class='ocrx_word' id='word_1_77' title='bbox 443 1226 547 1254; x_wconf 62' lang='lat' dir='ltr'>Balabo</span> <span class='ocrx_word' id='word_1_78' title='bbox 563 1226 597 1254; x_wconf 83' lang='lat' dir='ltr'>de</span> <span class='ocrx_word' id='word_1_79' title='bbox 607 1226 720 1261; x_wconf 78' lang='lat' dir='ltr'>Janua,</span> <span class='ocrx_word' id='word_1_80' title='bbox 735 1226 862 1254; x_wconf 66' lang='grc' dir='ltr'>[ἰέναι-ἀι)</span> <span class='ocrx_word' id='word_1_81' title='bbox 873 1227 908 1254; x_wconf 83' lang='lat' dir='ltr'>de</span> <span class='ocrx_word' id='word_1_82' title='bbox 923 1226 1062 1262; x_wconf 81' lang='lat' dir='ltr'>Calurco,</span> <span class='ocrx_word' id='word_1_83' title='bbox 1081 1225 1204 1263; x_wconf 72' lang='lat' dir='ltr'>Georqio</span> <span class='ocrx_word' id='word_1_84' title='bbox 1222 1226 1319 1263; x_wconf 80' lang='lat' dir='ltr'>Chufi,</span> 
     </span>
     <span class='ocr_line' id='line_1_15' title="bbox 314 1279 1279 1316; baseline 0.003 -10"><span class='ocrx_word' id='word_1_85' title='bbox 314 1279 446 1307; x_wconf 76' lang='lat' dir='ltr'><em>Iohanni</em></span> <span class='ocrx_word' id='word_1_86' title='bbox 461 1279 589 1307; x_wconf 71' lang='lat' dir='ltr'>Bar-lara</span> <span class='ocrx_word' id='word_1_87' title='bbox 609 1284 635 1307; x_wconf 80' lang='lat' dir='ltr'>et</span> <span class='ocrx_word' id='word_1_88' title='bbox 659 1279 795 1307; x_wconf 79' lang='lat' dir='ltr'>Johanm·</span> <span class='ocrx_word' id='word_1_89' title='bbox 812 1280 846 1307; x_wconf 74' lang='lat' dir='ltr'>cle</span> <span class='ocrx_word' id='word_1_90' title='bbox 863 1279 1006 1315; x_wconf 77' lang='lat' dir='ltr'>Casaria,</span> <span class='ocrx_word' id='word_1_91' title='bbox 1028 1280 1126 1316; x_wconf 74' lang='lat' dir='ltr'>laicis,</span> <span class='ocrx_word' id='word_1_92' title='bbox 1148 1280 1279 1309; x_wconf 80' lang='lat' dir='ltr'>illustris</span> 
     </span>
     <span class='ocr_line' id='line_1_16' title="bbox 314 1332 1319 1370; baseline 0.003 -11"><span class='ocrx_word' id='word_1_93' title='bbox 314 1333 393 1368; x_wconf 77' lang='lat' dir='ltr'>re91’s</span> <span class='ocrx_word' id='word_1_94' title='bbox 427 1332 625 1360; x_wconf 63' lang='lat' dir='ltr'>&#39;tartarorum</span> <span class='ocrx_word' id='word_1_95' title='bbox 654 1333 881 1369; x_wconf 69' lang='lat' dir='ltr'>interpretibus,</span> <span class='ocrx_word' id='word_1_96' title='bbox 911 1334 1039 1362; x_wconf 80' lang='lat' dir='ltr'>salutem</span> <span class='ocrx_word' id='word_1_97' title='bbox 1070 1338 1096 1362; x_wconf 82' lang='lat' dir='ltr'>et</span> <span class='ocrx_word' id='word_1_98' title='bbox 1125 1332 1319 1370; x_wconf 79' lang='lat' dir='ltr'>apostolicam</span> 
     </span>
     <span class='ocr_line' id='line_1_17' title="bbox 315 1384 559 1413; baseline 0.004 -1"><span class='ocrx_word' id='word_1_99' title='bbox 315 1384 559 1413; x_wconf 74' lang='lat' dir='ltr'><em>benedictionem.</em></span> 
     </span>
    </p>

    <p class='ocr_par' dir='ltr' id='par_1_9' title="bbox 355 1436 1137 1477">
     <span class='ocr_line' id='line_1_18' title="bbox 355 1436 1137 1477; baseline 0 -12"><span class='ocrx_word' id='word_1_100' title='bbox 355 1449 366 1462; x_wconf 71' lang='grc' dir='ltr'>ι(</span> <span class='ocrx_word' id='word_1_101' title='bbox 388 1436 537 1466; x_wconf 85' lang='lat' dir='ltr'>Letamur</span> <span class='ocrx_word' id='word_1_102' title='bbox 552 1436 586 1465; x_wconf 90' lang='lat' dir='ltr'>in</span> <span class='ocrx_word' id='word_1_103' title='bbox 606 1437 783 1467; x_wconf 88' lang='lat' dir='ltr'>Domino...</span> <span class='ocrx_word' id='word_1_104' title='bbox 800 1454 838 1458; x_wconf 96' lang='lat'><strong>—</strong></span> <span class='ocrx_word' id='word_1_105' title='bbox 855 1437 927 1467; x_wconf 86' lang='lat' dir='ltr'>Dat.</span> <span class='ocrx_word' id='word_1_106' title='bbox 947 1442 1101 1477; x_wconf 89' lang='lat' dir='ltr'>utsupra.</span> <span class='ocrx_word' id='word_1_107' title='bbox 1125 1451 1137 1465; x_wconf 80' lang='grc'>»</span> 
     </span>
    </p>
   </div>
   <div class='ocr_carea' id='block_1_7' title="bbox 313 1603 1320 1752">
    <p class='ocr_par' dir='ltr' id='par_1_10' title="bbox 313 1603 1320 1752">
     <span class='ocr_line' id='line_1_19' title="bbox 382 1603 469 1631; baseline 0 -1"><span class='ocrx_word' id='word_1_108' title='bbox 382 1603 469 1631; x_wconf 68' lang='lat'>582</span> 
     </span>
     <span class='ocr_line' id='line_1_20' title="bbox 348 1665 1320 1702; baseline 0.005 -11"><span class='ocrx_word' id='word_1_109' title='bbox 348 1665 524 1692; x_wconf 59' lang='lat' dir='ltr'>KVillelmus.</span> <span class='ocrx_word' id='word_1_110' title='bbox 543 1665 761 1693; x_wconf 72' lang='lat' dir='ltr'>Cameracensis</span> <span class='ocrx_word' id='word_1_111' title='bbox 776 1668 941 1702; x_wconf 86' lang='lat' dir='ltr'>episcopus,</span> <span class='ocrx_word' id='word_1_112' title='bbox 959 1667 1006 1701; x_wconf 60' lang='lat' dir='ltr'>G„</span> <span class='ocrx_word' id='word_1_113' title='bbox 1021 1668 1252 1702; x_wconf 73' lang='lat' dir='ltr'>archidiaconus,</span> <span class='ocrx_word' id='word_1_114' title='bbox 1267 1668 1320 1696; x_wconf 88' lang='lat' dir='ltr'>Mi·</span> 
     </span>
     <span class='ocr_line' id='line_1_21' title="bbox 313 1714 1318 1752; baseline 0.005 -13"><span class='ocrx_word' id='word_1_115' title='bbox 313 1714 429 1744; x_wconf 83' lang='lat' dir='ltr'>chaelis,</span> <span class='ocrx_word' id='word_1_116' title='bbox 449 1714 577 1747; x_wconf 78' lang='lat' dir='ltr'>ballivus,</span> <span class='ocrx_word' id='word_1_117' title='bbox 595 1714 751 1742; x_wconf 88' lang='lat' dir='ltr'>Benaudus</span> <span class='ocrx_word' id='word_1_118' title='bbox 767 1715 801 1741; x_wconf 86' lang='lat' dir='ltr'>de</span> <span class='ocrx_word' id='word_1_119' title='bbox 817 1715 942 1747; x_wconf 82' lang='lat' dir='ltr'>Bellona,</span> <span class='ocrx_word' id='word_1_120' title='bbox 957 1718 1148 1752; x_wconf 85' lang='lat' dir='ltr'>praepositus,</span> <span class='ocrx_word' id='word_1_121' title='bbox 1161 1718 1318 1752; x_wconf 88' lang='lat' dir='ltr'>capitulum</span> 
     </span>
    </p>
   </div>
   <div class='ocr_carea' id='block_1_8' title="bbox 809 1603 1246 1635">
    <p class='ocr_par' dir='ltr' id='par_1_11' title="bbox 809 1603 1246 1635">
     <span class='ocr_line' id='line_1_22' title="bbox 809 1603 1246 1635; baseline 0.007 -5"><span class='ocrx_word' id='word_1_122' title='bbox 809 1603 1014 1635; x_wconf 81' lang='lat' dir='ltr'>Saiut-Pierre,</span> <span class='ocrx_word' id='word_1_123' title='bbox 1031 1605 1065 1631; x_wconf 69' lang='lat'>‘22</span> <span class='ocrx_word' id='word_1_124' title='bbox 1081 1605 1152 1631; x_wconf 90' lang='lat' dir='ltr'>avril</span> <span class='ocrx_word' id='word_1_125' title='bbox 1168 1605 1246 1633; x_wconf 79' lang='lat'>1‘288.</span> 
     </span>
    </p>
   </div>
   <div class='ocr_carea' id='block_1_9' title="bbox 313 1763 1319 1801">
    <p class='ocr_par' dir='ltr' id='par_1_12' title="bbox 313 1763 1319 1801">
     <span class='ocr_line' id='line_1_23' title="bbox 313 1763 1319 1801; baseline 0.005 -12"><span class='ocrx_word' id='word_1_126' title='bbox 313 1767 341 1789; x_wconf 85' lang='lat' dir='ltr'>et</span> <span class='ocrx_word' id='word_1_127' title='bbox 353 1763 525 1790; x_wconf 73' lang='lat' dir='ltr'>universitas</span> <span class='ocrx_word' id='word_1_128' title='bbox 542 1763 764 1792; x_wconf 85' lang='lat' dir='ltr'>Cameracenses</span> <span class='ocrx_word' id='word_1_129' title='bbox 779 1766 904 1792; x_wconf 84' lang='lat' dir='ltr'>citentur</span> <span class='ocrx_word' id='word_1_130' title='bbox 918 1770 949 1792; x_wconf 90' lang='lat' dir='ltr'>ut</span> <span class='ocrx_word' id='word_1_131' title='bbox 959 1766 1031 1792; x_wconf 87' lang='lat' dir='ltr'>infra</span> <span class='ocrx_word' id='word_1_132' title='bbox 1042 1770 1165 1801; x_wconf 87' lang='lat' dir='ltr'>quatuor</span> <span class='ocrx_word' id='word_1_133' title='bbox 1175 1767 1319 1794; x_wconf 87' lang='lat' dir='ltr'>mensium</span> 
     </span>
    </p>
   </div>
   <div class='ocr_carea' id='block_1_10' title="bbox 313 1812 1316 1890">
    <p class='ocr_par' dir='ltr' id='par_1_13' title="bbox 313 1812 1316 1890">
     <span class='ocr_line' id='line_1_24' title="bbox 313 1812 1316 1849; baseline 0.005 -11"><span class='ocrx_word' id='word_1_134' title='bbox 313 1813 436 1846; x_wconf 87' lang='lat' dir='ltr'>spatium</span> <span class='ocrx_word' id='word_1_135' title='bbox 460 1820 555 1838; x_wconf 85' lang='lat' dir='ltr'>coram</span> <span class='ocrx_word' id='word_1_136' title='bbox 581 1812 649 1839; x_wconf 84' lang='lat' dir='ltr'>sede</span> <span class='ocrx_word' id='word_1_137' title='bbox 672 1814 828 1848; x_wconf 84' lang='lat' dir='ltr'>apostolica</span> <span class='ocrx_word' id='word_1_138' title='bbox 844 1819 1038 1849; x_wconf 78' lang='lat' dir='ltr'>compareant.</span> <span class='ocrx_word' id='word_1_139' title='bbox 1059 1814 1142 1848; x_wconf 66' lang='lat' dir='ltr'>(Rae.</span> <span class='ocrx_word' id='word_1_140' title='bbox 1165 1816 1212 1847; x_wconf 81' lang='lat'>44,</span> <span class='ocrx_word' id='word_1_141' title='bbox 1229 1824 1256 1843; x_wconf 90' lang='lat' dir='ltr'>c.</span> <span class='ocrx_word' id='word_1_142' title='bbox 1273 1815 1316 1848; x_wconf 72' lang='lat'>21,</span> 
     </span>
     <span class='ocr_line' id='line_1_25' title="bbox 313 1861 447 1890; baseline 0.007 -4"><span class='ocrx_word' id='word_1_143' title='bbox 313 1861 331 1887; x_wconf 82' lang='lat' dir='ltr'>f.</span> <span class='ocrx_word' id='word_1_144' title='bbox 348 1861 381 1888; x_wconf 81' lang='lat'>90</span> <span class='ocrx_word' id='word_1_145' title='bbox 397 1868 447 1890; x_wconf 67' lang='lat' dir='ltr'>vo.)</span> 
     </span>
    </p>
   </div>
   <div class='ocr_carea' id='block_1_11' title="bbox 313 1964 1321 3132">
    <p class='ocr_par' dir='ltr' id='par_1_14' title="bbox 313 1964 1321 3132">
     <span class='ocr_line' id='line_1_26' title="bbox 360 1964 1319 2007; baseline 0.008 -16"><span class='ocrx_word' id='word_1_146' title='bbox 360 1964 525 1993; x_wconf 71' lang='lat' dir='ltr'>Venerabili</span> <span class='ocrx_word' id='word_1_147' title='bbox 537 1965 632 2000; x_wconf 81' lang='lat' dir='ltr'>fratri</span> <span class='ocrx_word' id='word_1_148' title='bbox 647 1966 868 2004; x_wconf 75' lang='lat' dir='ltr'>archiepiscopo</span> <span class='ocrx_word' id='word_1_149' title='bbox 887 1967 1019 1997; x_wconf 70' lang='lat' dir='ltr'>Remenst</span> <span class='ocrx_word' id='word_1_150' title='bbox 1034 1973 1061 1997; x_wconf 80' lang='lat' dir='ltr'>et</span> <span class='ocrx_word' id='word_1_151' title='bbox 1078 1991 1098 1997; x_wconf 89' lang='lat'>..</span> <span class='ocrx_word' id='word_1_152' title='bbox 1116 1968 1247 2007; x_wconf 79' lang='lat' dir='ltr'>episcopo</span> <span class='ocrx_word' id='word_1_153' title='bbox 1263 1970 1319 1999; x_wconf 90' lang='lat' dir='ltr'>No-</span> 
     </span>
     <span class='ocr_line' id='line_1_27' title="bbox 315 2017 1319 2056; baseline 0.008 -11"><span class='ocrx_word' id='word_1_154' title='bbox 315 2018 468 2046; x_wconf 76' lang='lat' dir='ltr'>ciomensi.</span> <span class='ocrx_word' id='word_1_155' title='bbox 496 2027 511 2046; x_wconf 79' lang='lat' dir='ltr'>&lt;t</span> <span class='ocrx_word' id='word_1_156' title='bbox 535 2017 645 2056; x_wconf 80' lang='lat' dir='ltr'>Nuper</span> <span class='ocrx_word' id='word_1_157' title='bbox 666 2018 705 2047; x_wconf 89' lang='lat' dir='ltr'>ad</span> <span class='ocrx_word' id='word_1_158' title='bbox 730 2019 927 2049; x_wconf 85' lang='lat' dir='ltr'>audientiam</span> <span class='ocrx_word' id='word_1_159' title='bbox 953 2025 1094 2051; x_wconf 88' lang='lat' dir='ltr'>nostram</span> <span class='ocrx_word' id='word_1_160' title='bbox 1119 2030 1183 2052; x_wconf 90' lang='lat' dir='ltr'>non</span> <span class='ocrx_word' id='word_1_161' title='bbox 1209 2022 1319 2053; x_wconf 90' lang='lat' dir='ltr'>minus</span> 
     </span>
     <span class='ocr_line' id='line_1_28' title="bbox 313 2070 1319 2112; baseline 0.008 -14"><span class='ocrx_word' id='word_1_162' title='bbox 313 2070 528 2100; x_wconf 70' lang='lat' dir='ltr'>amaritudine</span> <span class='ocrx_word' id='word_1_163' title='bbox 543 2080 639 2109; x_wconf 88' lang='lat' dir='ltr'>quam</span> <span class='ocrx_word' id='word_1_164' title='bbox 653 2072 867 2102; x_wconf 86' lang='lat' dir='ltr'>admiratione</span> <span class='ocrx_word' id='word_1_165' title='bbox 880 2075 1036 2112; x_wconf 88' lang='lat' dir='ltr'>stupenda</span> <span class='ocrx_word' id='word_1_166' title='bbox 1052 2076 1244 2105; x_wconf 87' lang='lat' dir='ltr'>venerabilis</span> <span class='ocrx_word' id='word_1_167' title='bbox 1257 2076 1319 2106; x_wconf 87' lang='lat' dir='ltr'>fra-</span> 
     </span>
     <span class='ocr_line' id='line_1_29' title="bbox 314 2124 1318 2168; baseline 0.008 -17"><span class='ocrx_word' id='word_1_168' title='bbox 314 2125 369 2152; x_wconf 84' lang='lat' dir='ltr'>tris</span> <span class='ocrx_word' id='word_1_169' title='bbox 388 2124 487 2153; x_wconf 72' lang='lat' dir='ltr'>nostri</span> <span class='ocrx_word' id='word_1_170' title='bbox 506 2124 683 2161; x_wconf 61' lang='grc' dir='ltr'>ι1011311015,</span> <span class='ocrx_word' id='word_1_171' title='bbox 705 2126 841 2165; x_wconf 82' lang='lat' dir='ltr'>episcopi</span> <span class='ocrx_word' id='word_1_172' title='bbox 860 2127 1050 2164; x_wconf 75' lang='lat' dir='ltr'>Tusculani,</span> <span class='ocrx_word' id='word_1_173' title='bbox 1073 2128 1228 2159; x_wconf 80' lang='lat' dir='ltr'>relatione</span> <span class='ocrx_word' id='word_1_174' title='bbox 1246 2139 1318 2168; x_wconf 90' lang='lat' dir='ltr'>per-</span> 
     </span>
     <span class='ocr_line' id='line_1_30' title="bbox 313 2177 1318 2218; baseline 0.009 -14"><span class='ocrx_word' id='word_1_175' title='bbox 313 2177 401 2206; x_wconf 86' lang='lat' dir='ltr'>venit</span> <span class='ocrx_word' id='word_1_176' title='bbox 424 2178 506 2216; x_wconf 82' lang='lat' dir='ltr'>qnod</span> <span class='ocrx_word' id='word_1_177' title='bbox 526 2179 719 2208; x_wconf 81' lang='lat' dir='ltr'>venerabilis</span> <span class='ocrx_word' id='word_1_178' title='bbox 737 2180 833 2210; x_wconf 86' lang='lat' dir='ltr'>frater</span> <span class='ocrx_word' id='word_1_179' title='bbox 853 2186 959 2210; x_wconf 76' lang='lat' dir='ltr'>noster</span> <span class='ocrx_word' id='word_1_180' title='bbox 980 2182 1054 2218; x_wconf 84' lang='lat' dir='ltr'>W.,</span> <span class='ocrx_word' id='word_1_181' title='bbox 1078 2182 1318 2213; x_wconf 78' lang='lat' dir='ltr'>Cameracensis</span> 
     </span>
     <span class='ocr_line' id='line_1_31' title="bbox 314 2232 1318 2275; baseline 0.008 -15"><span class='ocrx_word' id='word_1_182' title='bbox 314 2232 494 2270; x_wconf 73' lang='lat' dir='ltr'>episcopus,</span> <span class='ocrx_word' id='word_1_183' title='bbox 512 2233 680 2271; x_wconf 86' lang='lat' dir='ltr'>postposito</span> <span class='ocrx_word' id='word_1_184' title='bbox 698 2233 801 2264; x_wconf 85' lang='lat' dir='ltr'>debite</span> <span class='ocrx_word' id='word_1_185' title='bbox 817 2235 1085 2266; x_wconf 77' lang='lat' dir='ltr'>considerationis</span> <span class='ocrx_word' id='word_1_186' title='bbox 1098 2237 1236 2275; x_wconf 85' lang='lat' dir='ltr'>judicio,</span> <span class='ocrx_word' id='word_1_187' title='bbox 1253 2246 1318 2268; x_wconf 91' lang='lat' dir='ltr'>non</span> 
     </span>
     <span class='ocr_line' id='line_1_32' title="bbox 314 2284 1318 2328; baseline 0.008 -15"><span class='ocrx_word' id='word_1_188' title='bbox 314 2284 480 2314; x_wconf 89' lang='lat' dir='ltr'>attendens</span> <span class='ocrx_word' id='word_1_189' title='bbox 496 2285 581 2323; x_wconf 84' lang='lat' dir='ltr'>quod</span> <span class='ocrx_word' id='word_1_190' title='bbox 598 2287 795 2317; x_wconf 82' lang='lat' dir='ltr'>venerabiles</span> <span class='ocrx_word' id='word_1_191' title='bbox 812 2288 923 2318; x_wconf 82' lang='lat' dir='ltr'>fratres</span> <span class='ocrx_word' id='word_1_192' title='bbox 939 2290 1075 2328; x_wconf 83' lang='lat' dir='ltr'>episcopi</span> <span class='ocrx_word' id='word_1_193' title='bbox 1092 2295 1122 2319; x_wconf 86' lang='lat' dir='ltr'>et</span> <span class='ocrx_word' id='word_1_194' title='bbox 1135 2290 1243 2321; x_wconf 87' lang='lat' dir='ltr'>dilecti</span> <span class='ocrx_word' id='word_1_195' title='bbox 1258 2291 1318 2322; x_wconf 89' lang='lat' dir='ltr'>filii</span> 
     </span>
     <span class='ocr_line' id='line_1_33' title="bbox 315 2338 1319 2384; baseline 0.009 -18"><span class='ocrx_word' id='word_1_196' title='bbox 315 2338 415 2367; x_wconf 85' lang='lat' dir='ltr'>nostri</span> <span class='ocrx_word' id='word_1_197' title='bbox 440 2338 617 2368; x_wconf 80' lang='lat' dir='ltr'>cardinales</span> <span class='ocrx_word' id='word_1_198' title='bbox 640 2340 771 2370; x_wconf 79' lang='lat' dir='ltr'>ecclesie</span> <span class='ocrx_word' id='word_1_199' title='bbox 798 2350 931 2372; x_wconf 86' lang='lat' dir='ltr'>romane</span> <span class='ocrx_word' id='word_1_200' title='bbox 952 2351 989 2372; x_wconf 90' lang='lat' dir='ltr'>eo</span> <span class='ocrx_word' id='word_1_201' title='bbox 1011 2344 1191 2374; x_wconf 76' lang='lat' dir='ltr'>accuratius</span> <span class='ocrx_word' id='word_1_202' title='bbox 1220 2353 1319 2384; x_wconf 90' lang='lat' dir='ltr'>eoque</span> 
     </span>
     <span class='ocr_line' id='line_1_34' title="bbox 314 2392 1318 2438; baseline 0.01 -19"><span class='ocrx_word' id='word_1_203' title='bbox 314 2392 512 2421; x_wconf 85' lang='lat' dir='ltr'>reverentius</span> <span class='ocrx_word' id='word_1_204' title='bbox 523 2392 562 2422; x_wconf 90' lang='lat' dir='ltr'>ab</span> <span class='ocrx_word' id='word_1_205' title='bbox 575 2394 726 2423; x_wconf 88' lang='lat' dir='ltr'>omnibus</span> <span class='ocrx_word' id='word_1_206' title='bbox 740 2398 769 2424; x_wconf 90' lang='lat' dir='ltr'>et</span> <span class='ocrx_word' id='word_1_207' title='bbox 783 2396 949 2433; x_wconf 78' lang='lat' dir='ltr'>presertim</span> <span class='ocrx_word' id='word_1_208' title='bbox 965 2397 1172 2428; x_wconf 84' lang='lat' dir='ltr'>ecclesiarum</span> <span class='ocrx_word' id='word_1_209' title='bbox 1189 2398 1318 2438; x_wconf 84' lang='lat' dir='ltr'>prelatis</span> 
     </span>
     <span class='ocr_line' id='line_1_35' title="bbox 314 2444 1319 2488; baseline 0.009 -14"><span class='ocrx_word' id='word_1_210' title='bbox 314 2453 348 2474; x_wconf 86' lang='lat' dir='ltr'>ac</span> <span class='ocrx_word' id='word_1_211' title='bbox 365 2444 437 2474; x_wconf 88' lang='lat' dir='ltr'>aliis</span> <span class='ocrx_word' id='word_1_212' title='bbox 450 2445 527 2475; x_wconf 86' lang='lat' dir='ltr'>viris</span> <span class='ocrx_word' id='word_1_213' title='bbox 541 2446 762 2477; x_wconf 83' lang='lat' dir='ltr'>ecclesiasticis</span> <span class='ocrx_word' id='word_1_214' title='bbox 778 2449 842 2478; x_wconf 88' lang='lat' dir='ltr'>sint</span> <span class='ocrx_word' id='word_1_215' title='bbox 858 2450 1004 2488; x_wconf 82' lang='lat' dir='ltr'>precipue</span> <span class='ocrx_word' id='word_1_216' title='bbox 1017 2451 1184 2482; x_wconf 89' lang='lat' dir='ltr'>attollendi</span> <span class='ocrx_word' id='word_1_217' title='bbox 1196 2452 1319 2483; x_wconf 84' lang='lat' dir='ltr'>honore</span> 
     </span>
     <span class='ocr_line' id='line_1_36' title="bbox 314 2499 1320 2543; baseline 0.01 -16"><span class='ocrx_word' id='word_1_218' title='bbox 314 2502 344 2527; x_wconf 87' lang='lat' dir='ltr'>et</span> <span class='ocrx_word' id='word_1_219' title='bbox 368 2499 568 2536; x_wconf 85' lang='lat' dir='ltr'>prerogativa</span> <span class='ocrx_word' id='word_1_220' title='bbox 586 2499 829 2531; x_wconf 84' lang='lat' dir='ltr'>honorificentie</span> <span class='ocrx_word' id='word_1_221' title='bbox 847 2504 1044 2541; x_wconf 85' lang='lat' dir='ltr'>prefereudi,</span> <span class='ocrx_word' id='word_1_222' title='bbox 1065 2514 1127 2543; x_wconf 90' lang='lat' dir='ltr'>quo</span> <span class='ocrx_word' id='word_1_223' title='bbox 1141 2506 1213 2543; x_wconf 82' lang='lat' dir='ltr'>ipsi,</span> <span class='ocrx_word' id='word_1_224' title='bbox 1234 2506 1320 2537; x_wconf 85' lang='lat' dir='ltr'>velut</span> 
     </span>
     <span class='ocr_line' id='line_1_37' title="bbox 313 2551 1319 2600; baseline 0.011 -21"><span class='ocrx_word' id='word_1_225' title='bbox 313 2560 430 2589; x_wconf 81' lang='lat' dir='ltr'>magna</span> <span class='ocrx_word' id='word_1_226' title='bbox 450 2551 624 2582; x_wconf 88' lang='lat' dir='ltr'>luminaria</span> <span class='ocrx_word' id='word_1_227' title='bbox 635 2554 676 2600; x_wconf 57' lang='grc'>,111</span> <span class='ocrx_word' id='word_1_228' title='bbox 700 2555 810 2584; x_wconf 85' lang='lat' dir='ltr'>eadem</span> <span class='ocrx_word' id='word_1_229' title='bbox 838 2556 969 2586; x_wconf 90' lang='lat' dir='ltr'>ecclesia</span> <span class='ocrx_word' id='word_1_230' title='bbox 988 2558 1218 2596; x_wconf 66' lang='lat' dir='ltr'>perfulgentes,</span> <span class='ocrx_word' id='word_1_231' title='bbox 1237 2561 1319 2598; x_wconf 87' lang='lat' dir='ltr'>vigi-</span> 
     </span>
     <span class='ocr_line' id='line_1_38' title="bbox 313 2604 1319 2652; baseline 0.011 -19"><span class='ocrx_word' id='word_1_232' title='bbox 313 2604 432 2634; x_wconf 87' lang='lat' dir='ltr'>lantius</span> <span class='ocrx_word' id='word_1_233' title='bbox 450 2606 540 2635; x_wconf 88' lang='lat' dir='ltr'>nobis</span> <span class='ocrx_word' id='word_1_234' title='bbox 560 2607 716 2637; x_wconf 85' lang='lat' dir='ltr'>assistunt</span> <span class='ocrx_word' id='word_1_235' title='bbox 730 2608 762 2637; x_wconf 89' lang='lat' dir='ltr'>in</span> <span class='ocrx_word' id='word_1_236' title='bbox 787 2610 1008 2649; x_wconf 83' lang='lat' dir='ltr'>supportandis</span> <span class='ocrx_word' id='word_1_237' title='bbox 1026 2612 1178 2642; x_wconf 85' lang='lat' dir='ltr'>oneribus</span> <span class='ocrx_word' id='word_1_238' title='bbox 1193 2618 1319 2652; x_wconf 86' lang='lat' dir='ltr'>aposto-</span> 
     </span>
     <span class='ocr_line' id='line_1_39' title="bbox 313 2657 1318 2703; baseline 0.011 -17"><span class='ocrx_word' id='word_1_239' title='bbox 313 2657 373 2687; x_wconf 89' lang='lat' dir='ltr'>lice</span> <span class='ocrx_word' id='word_1_240' title='bbox 389 2659 561 2696; x_wconf 79' lang='lat' dir='ltr'>servitutis,</span> <span class='ocrx_word' id='word_1_241' title='bbox 573 2669 630 2690; x_wconf 88' lang='lat' dir='ltr'>nec</span> <span class='ocrx_word' id='word_1_242' title='bbox 645 2661 806 2700; x_wconf 88' lang='lat' dir='ltr'>snperhoc</span> <span class='ocrx_word' id='word_1_243' title='bbox 822 2663 997 2701; x_wconf 82' lang='lat' dir='ltr'>fatigantur</span> <span class='ocrx_word' id='word_1_244' title='bbox 1012 2665 1144 2703; x_wconf 85' lang='lat' dir='ltr'>vigiliis,</span> <span class='ocrx_word' id='word_1_245' title='bbox 1157 2666 1318 2697; x_wconf 85' lang='lat' dir='ltr'>laboribus</span> 
     </span>
     <span class='ocr_line' id='line_1_40' title="bbox 314 2711 1319 2756; baseline 0.012 -17"><span class='ocrx_word' id='word_1_246' title='bbox 314 2719 377 2740; x_wconf 93' lang='lat' dir='ltr'>non</span> <span class='ocrx_word' id='word_1_247' title='bbox 397 2711 554 2749; x_wconf 77' lang='lat' dir='ltr'>laxantur,</span> <span class='ocrx_word' id='word_1_248' title='bbox 573 2714 723 2753; x_wconf 88' lang='lat' dir='ltr'>quodque</span> <span class='ocrx_word' id='word_1_249' title='bbox 740 2715 830 2746; x_wconf 83' lang='lat' dir='ltr'>sedes</span> <span class='ocrx_word' id='word_1_250' title='bbox 845 2717 1027 2756; x_wconf 86' lang='lat' dir='ltr'>apostolica,</span> <span class='ocrx_word' id='word_1_251' title='bbox 1047 2719 1126 2749; x_wconf 87' lang='lat' dir='ltr'>sicut</span> <span class='ocrx_word' id='word_1_252' title='bbox 1145 2720 1319 2751; x_wconf 87' lang='lat' dir='ltr'>vehemen-</span> 
     </span>
     <span class='ocr_line' id='line_1_41' title="bbox 316 2764 1317 2813; baseline 0.013 -21"><span class='ocrx_word' id='word_1_253' title='bbox 316 2768 360 2793; x_wconf 86' lang='lat' dir='ltr'>ter</span> <span class='ocrx_word' id='word_1_254' title='bbox 376 2764 409 2793; x_wconf 89' lang='lat' dir='ltr'>in</span> <span class='ocrx_word' id='word_1_255' title='bbox 431 2765 572 2803; x_wconf 88' lang='lat' dir='ltr'>ipsorum</span> <span class='ocrx_word' id='word_1_256' title='bbox 591 2768 692 2804; x_wconf 83' lang='lat' dir='ltr'>gloria</span> <span class='ocrx_word' id='word_1_257' title='bbox 708 2768 878 2807; x_wconf 81' lang='lat' dir='ltr'>gloriatur,</span> <span class='ocrx_word' id='word_1_258' title='bbox 895 2771 938 2800; x_wconf 92' lang='lat' dir='ltr'>ita</span> <span class='ocrx_word' id='word_1_259' title='bbox 957 2772 1180 2803; x_wconf 88' lang='lat' dir='ltr'>vehementius</span> <span class='ocrx_word' id='word_1_260' title='bbox 1195 2774 1317 2813; x_wconf 88' lang='lat' dir='ltr'>precel-</span> 
     </span>
     <span class='ocr_line' id='line_1_42' title="bbox 314 2816 1316 2866; baseline 0.014 -21"><span class='ocrx_word' id='word_1_261' title='bbox 314 2816 390 2846; x_wconf 85' lang='lat' dir='ltr'>litur</span> <span class='ocrx_word' id='word_1_262' title='bbox 406 2819 560 2855; x_wconf 82' lang='lat' dir='ltr'>gravioris</span> <span class='ocrx_word' id='word_1_263' title='bbox 582 2820 700 2851; x_wconf 90' lang='lat' dir='ltr'>doloris</span> <span class='ocrx_word' id='word_1_264' title='bbox 715 2822 840 2860; x_wconf 83' lang='lat' dir='ltr'>aculeo,</span> <span class='ocrx_word' id='word_1_265' title='bbox 859 2832 932 2854; x_wconf 91' lang='lat' dir='ltr'>cum</span> <span class='ocrx_word' id='word_1_266' title='bbox 953 2825 1089 2866; x_wconf 86' lang='lat' dir='ltr'>alicujus</span> <span class='ocrx_word' id='word_1_267' title='bbox 1107 2829 1266 2859; x_wconf 82' lang='lat' dir='ltr'>temeritas</span> <span class='ocrx_word' id='word_1_268' title='bbox 1283 2830 1316 2859; x_wconf 91' lang='lat' dir='ltr'>in</span> 
     </span>
     <span class='ocr_line' id='line_1_43' title="bbox 315 2873 1318 2922; baseline 0.016 -24"><span class='ocrx_word' id='word_1_269' title='bbox 315 2878 366 2899; x_wconf 89' lang='lat' dir='ltr'>eos</span> <span class='ocrx_word' id='word_1_270' title='bbox 382 2873 515 2902; x_wconf 84' lang='lat' dir='ltr'>assumit</span> <span class='ocrx_word' id='word_1_271' title='bbox 531 2874 692 2904; x_wconf 87' lang='lat' dir='ltr'>audatiam</span> <span class='ocrx_word' id='word_1_272' title='bbox 711 2876 934 2916; x_wconf 85' lang='lat' dir='ltr'>delinquendi,</span> <span class='ocrx_word' id='word_1_273' title='bbox 951 2879 983 2908; x_wconf 90' lang='lat' dir='ltr'>in</span> <span class='ocrx_word' id='word_1_274' title='bbox 1001 2880 1122 2911; x_wconf 88' lang='lat' dir='ltr'>dictum</span> <span class='ocrx_word' id='word_1_275' title='bbox 1137 2882 1318 2922; x_wconf 88' lang='lat' dir='ltr'>episcopum</span> 
     </span>
     <span class='ocr_line' id='line_1_44' title="bbox 315 2923 1318 2971; baseline 0.016 -20"><span class='ocrx_word' id='word_1_276' title='bbox 315 2923 550 2962; x_wconf 82' lang='lat' dir='ltr'>Tusculanum,</span> <span class='ocrx_word' id='word_1_277' title='bbox 569 2936 723 2965; x_wconf 88' lang='lat' dir='ltr'>magnum</span> <span class='ocrx_word' id='word_1_278' title='bbox 739 2930 870 2968; x_wconf 91' lang='lat' dir='ltr'>quidem</span> <span class='ocrx_word' id='word_1_279' title='bbox 892 2933 1035 2971; x_wconf 73' lang='lat' dir='ltr'>ejtisdem</span> <span class='ocrx_word' id='word_1_280' title='bbox 1059 2935 1190 2966; x_wconf 85' lang='lat' dir='ltr'>ecclesie</span> <span class='ocrx_word' id='word_1_281' title='bbox 1214 2945 1318 2966; x_wconf 87' lang='lat' dir='ltr'>mem-</span> 
     </span>
     <span class='ocr_line' id='line_1_45' title="bbox 316 2976 1319 3026; baseline 0.016 -22"><span class='ocrx_word' id='word_1_282' title='bbox 316 2976 420 3013; x_wconf 73' lang='lat' dir='ltr'>brum,</span> <span class='ocrx_word' id='word_1_283' title='bbox 439 2982 513 3007; x_wconf 88' lang='lat' dir='ltr'>tuuc</span> <span class='ocrx_word' id='word_1_284' title='bbox 525 2979 558 3007; x_wconf 92' lang='lat' dir='ltr'>in</span> <span class='ocrx_word' id='word_1_285' title='bbox 571 2981 711 3017; x_wconf 85' lang='lat' dir='ltr'>partibus</span> <span class='ocrx_word' id='word_1_286' title='bbox 722 2982 799 3021; x_wconf 87' lang='lat' dir='ltr'>ipsis</span> <span class='ocrx_word' id='word_1_287' title='bbox 814 2985 983 3022; x_wconf 84' lang='lat' dir='ltr'>apostolice</span> <span class='ocrx_word' id='word_1_288' title='bbox 995 2987 1078 3017; x_wconf 86' lang='lat' dir='ltr'>sedis</span> <span class='ocrx_word' id='word_1_289' title='bbox 1092 2987 1243 3026; x_wconf 85' lang='lat' dir='ltr'>legatum,</span> <span class='ocrx_word' id='word_1_290' title='bbox 1261 2998 1319 3020; x_wconf 91' lang='lat' dir='ltr'>no-</span> 
     </span>
     <span class='ocr_line' id='line_1_46' title="bbox 314 3029 1321 3074; baseline 0.015 -15"><span class='ocrx_word' id='word_1_291' title='bbox 314 3029 412 3060; x_wconf 87' lang='lat' dir='ltr'>bilem</span> <span class='ocrx_word' id='word_1_292' title='bbox 432 3039 558 3069; x_wconf 86' lang='lat' dir='ltr'>quoque</span> <span class='ocrx_word' id='word_1_293' title='bbox 575 3033 678 3062; x_wconf 88' lang='lat' dir='ltr'>virum</span> <span class='ocrx_word' id='word_1_294' title='bbox 701 3035 883 3074; x_wconf 87' lang='lat' dir='ltr'>Nicolaum,</span> <span class='ocrx_word' id='word_1_295' title='bbox 904 3039 1048 3074; x_wconf 86' lang='lat' dir='ltr'>fratrem,</span> <span class='ocrx_word' id='word_1_296' title='bbox 1066 3041 1268 3073; x_wconf 88' lang='lat' dir='ltr'>Nicolutium</span> <span class='ocrx_word' id='word_1_297' title='bbox 1290 3047 1321 3073; x_wconf 82' lang='lat' dir='ltr'>et</span> 
     </span>
     <span class='ocr_line' id='line_1_47' title="bbox 315 3083 1319 3132; baseline 0.016 -21"><span class='ocrx_word' id='word_1_298' title='bbox 315 3083 538 3117; x_wconf 81' lang='lat' dir='ltr'>Andreotiuin.</span> <span class='ocrx_word' id='word_1_299' title='bbox 557 3091 696 3125; x_wconf 86' lang='lat' dir='ltr'>nepotes,</span> <span class='ocrx_word' id='word_1_300' title='bbox 714 3089 830 3120; x_wconf 89' lang='lat' dir='ltr'>etalios</span> <span class='ocrx_word' id='word_1_301' title='bbox 846 3091 1021 3123; x_wconf 82' lang='lat' dir='ltr'>familiares</span> <span class='ocrx_word' id='word_1_302' title='bbox 1035 3103 1119 3132; x_wconf 90' lang='lat' dir='ltr'>suos,</span> <span class='ocrx_word' id='word_1_303' title='bbox 1133 3099 1209 3126; x_wconf 92' lang='lat' dir='ltr'>tunc</span> <span class='ocrx_word' id='word_1_304' title='bbox 1223 3097 1257 3126; x_wconf 90' lang='lat' dir='ltr'>in</span> <span class='ocrx_word' id='word_1_305' title='bbox 1274 3097 1319 3127; x_wconf 89' lang='lat' dir='ltr'>ci—</span> 
     </span>
    </p>
   </div>
   <div class='ocr_carea' id='block_1_12' title="bbox 1061 409 1659 441">
    <p class='ocr_par' dir='ltr' id='par_1_15' title="bbox 1061 409 1659 441">
     <span class='ocr_line' id='line_1_48' title="bbox 1061 409 1659 441; baseline -0.003 -1"><span class='ocrx_word' id='word_1_306' title='bbox 1061 409 1296 440; x_wconf 84' lang='lat' dir='ltr'>REGISTRES</span> <span class='ocrx_word' id='word_1_307' title='bbox 1318 410 1373 440; x_wconf 84' lang='lat' dir='ltr'>DE</span> <span class='ocrx_word' id='word_1_308' title='bbox 1395 409 1580 441; x_wconf 83' lang='lat' dir='ltr'>NICOLAS</span> <span class='ocrx_word' id='word_1_309' title='bbox 1603 409 1659 439; x_wconf 89' lang='lat' dir='ltr'>IV.</span> 
     </span>
    </p>
   </div>
   <div class='ocr_carea' id='block_1_13' title="bbox 2347 0 2477 2938">
    <p class='ocr_par' dir='ltr' id='par_1_16' title="bbox 2347 0 2477 2938">
     <span class='ocr_line' id='line_1_49' title="bbox 2403 0 2477 532; baseline 0 -76"><span class='ocrx_word' id='word_1_310' title='bbox 2403 0 2477 532; x_wconf 95' lang='lat' dir='ltr'>   </span> 
     </span>
     <span class='ocr_line' id='line_1_50' title="bbox 2451 532 2477 696; baseline 0 -50"><span class='ocrx_word' id='word_1_311' title='bbox 2451 532 2477 696; x_wconf 95' lang='lat' dir='ltr'>   </span> 
     </span>
     <span class='ocr_line' id='line_1_51' title="bbox 2360 696 2477 800; baseline 0 -26"><span class='ocrx_word' id='word_1_312' title='bbox 2360 696 2477 800; x_wconf 95' lang='lat' dir='ltr'>   </span> 
     </span>
     <span class='ocr_line' id='line_1_52' title="bbox 2362 800 2477 964; baseline 0 -28"><span class='ocrx_word' id='word_1_313' title='bbox 2362 800 2477 964; x_wconf 95' lang='lat' dir='ltr'>    </span> 
     </span>
     <span class='ocr_line' id='line_1_53' title="bbox 2394 964 2477 1013; baseline 0 0"><span class='ocrx_word' id='word_1_314' title='bbox 2394 964 2477 1013; x_wconf 95' lang='lat' dir='ltr'>  </span> 
     </span>
     <span class='ocr_line' id='line_1_54' title="bbox 2396 1013 2477 1070; baseline 0 2567"><span class='ocrx_word' id='word_1_315' title='bbox 2396 1013 2477 1070; x_wconf 95' lang='lat' dir='ltr'> </span> 
     </span>
     <span class='ocr_line' id='line_1_55' title="bbox 2356 1070 2477 1122; baseline 0 0"><span class='ocrx_word' id='word_1_316' title='bbox 2356 1070 2477 1122; x_wconf 95' lang='lat' dir='ltr'>  </span> 
     </span>
     <span class='ocr_line' id='line_1_56' title="bbox 2389 1122 2477 1227; baseline 0 -77"><span class='ocrx_word' id='word_1_317' title='bbox 2389 1122 2477 1227; x_wconf 95' lang='lat' dir='ltr'>   </span> 
     </span>
     <span class='ocr_line' id='line_1_57' title="bbox 2372 1227 2477 1359; baseline 0 -64"><span class='ocrx_word' id='word_1_318' title='bbox 2372 1227 2477 1359; x_wconf 95' lang='lat' dir='ltr'>    </span> 
     </span>
     <span class='ocr_line' id='line_1_58' title="bbox 2409 1359 2477 1498; baseline 0 0"><span class='ocrx_word' id='word_1_319' title='bbox 2409 1359 2477 1498; x_wconf 95' lang='lat' dir='ltr'>   </span> 
     </span>
     <span class='ocr_line' id='line_1_59' title="bbox 2371 1498 2477 1575; baseline 0 -26"><span class='ocrx_word' id='word_1_320' title='bbox 2371 1498 2477 1575; x_wconf 95' lang='lat' dir='ltr'>  </span> 
     </span>
     <span class='ocr_line' id='line_1_60' title="bbox 2411 1575 2477 1656; baseline 0 -54"><span class='ocrx_word' id='word_1_321' title='bbox 2411 1575 2477 1656; x_wconf 95' lang='lat' dir='ltr'>  </span> 
     </span>
     <span class='ocr_line' id='line_1_61' title="bbox 2375 1656 2477 1763; baseline 0 -27"><span class='ocrx_word' id='word_1_322' title='bbox 2375 1656 2477 1763; x_wconf 95' lang='lat' dir='ltr'>   </span> 
     </span>
     <span class='ocr_line' id='line_1_62' title="bbox 2376 1763 2477 1898; baseline 0 -28"><span class='ocrx_word' id='word_1_323' title='bbox 2376 1763 2477 1898; x_wconf 95' lang='lat' dir='ltr'>    </span> 
     </span>
     <span class='ocr_line' id='line_1_63' title="bbox 2391 1898 2477 1998; baseline 0 -75"><span class='ocrx_word' id='word_1_324' title='bbox 2391 1898 2477 1998; x_wconf 95' lang='lat' dir='ltr'>    </span> 
     </span>
     <span class='ocr_line' id='line_1_64' title="bbox 2372 1998 2477 2138; baseline 0 -32"><span class='ocrx_word' id='word_1_325' title='bbox 2372 1998 2477 2138; x_wconf 95' lang='lat' dir='ltr'>    </span> 
     </span>
     <span class='ocr_line' id='line_1_65' title="bbox 2433 2138 2477 2191; baseline 0 1446"><span class='ocrx_word' id='word_1_326' title='bbox 2433 2138 2477 2191; x_wconf 95' lang='lat' dir='ltr'> </span> 
     </span>
     <span class='ocr_line' id='line_1_66' title="bbox 2347 2191 2477 2350; baseline 0 -134"><span class='ocrx_word' id='word_1_327' title='bbox 2347 2191 2477 2350; x_wconf 95' lang='lat' dir='ltr'>    </span> 
     </span>
     <span class='ocr_line' id='line_1_67' title="bbox 2365 2350 2477 2457; baseline 0 -80"><span class='ocrx_word' id='word_1_328' title='bbox 2365 2350 2477 2457; x_wconf 95' lang='lat' dir='ltr'>   </span> 
     </span>
     <span class='ocr_line' id='line_1_68' title="bbox 2351 2457 2477 2588; baseline 0 -26"><span class='ocrx_word' id='word_1_329' title='bbox 2351 2457 2477 2588; x_wconf 95' lang='lat' dir='ltr'>    </span> 
     </span>
     <span class='ocr_line' id='line_1_69' title="bbox 2373 2588 2477 2673; baseline 0 0"><span class='ocrx_word' id='word_1_330' title='bbox 2373 2588 2477 2673; x_wconf 95' lang='lat' dir='ltr'>   </span> 
     </span>
     <span class='ocr_line' id='line_1_70' title="bbox 2363 2673 2477 2853; baseline 0 -107"><span class='ocrx_word' id='word_1_331' title='bbox 2363 2673 2477 2853; x_wconf 95' lang='lat' dir='ltr'>     </span> 
     </span>
     <span class='ocr_line' id='line_1_71' title="bbox 2379 2853 2477 2884; baseline 0 753"><span class='ocrx_word' id='word_1_332' title='bbox 2379 2853 2477 2884; x_wconf 95' lang='lat' dir='ltr'> </span> 
     </span>
     <span class='ocr_line' id='line_1_72' title="bbox 2378 2884 2477 2938; baseline 0 699"><span class='ocrx_word' id='word_1_333' title='bbox 2378 2884 2477 2938; x_wconf 95' lang='lat' dir='ltr'> </span> 
     </span>
    </p>
   </div>
   <div class='ocr_carea' id='block_1_14' title="bbox 1400 475 2437 3142">
    <p class='ocr_par' dir='ltr' id='par_1_17' title="bbox 1406 475 2409 568">
     <span class='ocr_line' id='line_1_73' title="bbox 1408 475 2408 513; baseline 0.004 -7"><span class='ocrx_word' id='word_1_334' title='bbox 1408 477 1503 506; x_wconf 83' lang='lat' dir='ltr'>vitate</span> <span class='ocrx_word' id='word_1_335' title='bbox 1520 475 1744 506; x_wconf 82' lang='lat' dir='ltr'>Cameracensi</span> <span class='ocrx_word' id='word_1_336' title='bbox 1768 475 1968 513; x_wconf 88' lang='lat' dir='ltr'>constitutos,</span> <span class='ocrx_word' id='word_1_337' title='bbox 1988 476 2088 508; x_wconf 87' lang='lat' dir='ltr'>immo</span> <span class='ocrx_word' id='word_1_338' title='bbox 2109 477 2143 507; x_wconf 92' lang='grc'>111</span> <span class='ocrx_word' id='word_1_339' title='bbox 2157 477 2292 508; x_wconf 86' lang='lat' dir='ltr'>eandem</span> <span class='ocrx_word' id='word_1_340' title='bbox 2308 478 2408 510; x_wconf 82' lang='lat' dir='ltr'>eccle·</span> 
     </span>
     <span class='ocr_line' id='line_1_74' title="bbox 1406 529 2409 568; baseline 0.005 -10"><span class='ocrx_word' id='word_1_341' title='bbox 1406 529 1487 559; x_wconf 88' lang='lat' dir='ltr'>siam</span> <span class='ocrx_word' id='word_1_342' title='bbox 1504 533 1533 559; x_wconf 83' lang='lat' dir='ltr'>et</span> <span class='ocrx_word' id='word_1_343' title='bbox 1552 537 1609 559; x_wconf 87' lang='lat' dir='ltr'>nos</span> <span class='ocrx_word' id='word_1_344' title='bbox 1626 529 1661 558; x_wconf 92' lang='lat' dir='ltr'>in</span> <span class='ocrx_word' id='word_1_345' title='bbox 1677 529 1755 568; x_wconf 90' lang='lat' dir='ltr'>ipsis</span> <span class='ocrx_word' id='word_1_346' title='bbox 1771 529 1875 568; x_wconf 89' lang='lat' dir='ltr'>potius</span> <span class='ocrx_word' id='word_1_347' title='bbox 1891 529 2018 560; x_wconf 89' lang='lat' dir='ltr'>insilire</span> <span class='ocrx_word' id='word_1_348' title='bbox 2033 529 2164 565; x_wconf 81' lang='lat' dir='ltr'>fortiter,</span> <span class='ocrx_word' id='word_1_349' title='bbox 2181 531 2334 561; x_wconf 83' lang='lat' dir='ltr'>associata</span> <span class='ocrx_word' id='word_1_350' title='bbox 2348 532 2409 564; x_wconf 87' lang='lat' dir='ltr'>sibi</span> 
     </span>
    </p>

    <p class='ocr_par' dir='ltr' id='par_1_18' title="bbox 1406 582 2408 625">
     <span class='ocr_line' id='line_1_75' title="bbox 1406 582 2408 625; baseline 0.003 -13"><span class='ocrx_word' id='word_1_351' title='bbox 1406 582 1613 613; x_wconf 89' lang='lat' dir='ltr'>multitudine</span> <span class='ocrx_word' id='word_1_352' title='bbox 1628 586 1840 618; x_wconf 85' lang='lat' dir='ltr'>armatorum,</span> <span class='ocrx_word' id='word_1_353' title='bbox 1857 582 1990 613; x_wconf 89' lang='lat' dir='ltr'>audacia</span> <span class='ocrx_word' id='word_1_354' title='bbox 2009 582 2209 622; x_wconf 86' lang='lat' dir='ltr'>dampnabili</span> <span class='ocrx_word' id='word_1_355' title='bbox 2231 592 2295 615; x_wconf 88' lang='lat' dir='ltr'>non</span> <span class='ocrx_word' id='word_1_356' title='bbox 2319 593 2408 625; x_wconf 80' lang='lat' dir='ltr'>expa-</span> 
     </span>
    </p>

    <p class='ocr_par' dir='ltr' id='par_1_19' title="bbox 1406 635 2407 676">
     <span class='ocr_line' id='line_1_76' title="bbox 1406 635 2407 676; baseline 0.004 -11"><span class='ocrx_word' id='word_1_357' title='bbox 1406 644 1495 672; x_wconf 88' lang='lat' dir='ltr'>vens,</span> <span class='ocrx_word' id='word_1_358' title='bbox 1518 635 1678 666; x_wconf 83' lang='lat' dir='ltr'>hostiliter</span> <span class='ocrx_word' id='word_1_359' title='bbox 1702 635 1742 665; x_wconf 86' lang='lat' dir='ltr'>ad</span> <span class='ocrx_word' id='word_1_360' title='bbox 1759 635 1890 666; x_wconf 88' lang='lat' dir='ltr'>domum</span> <span class='ocrx_word' id='word_1_361' title='bbox 1922 635 2023 674; x_wconf 89' lang='lat' dir='ltr'>ipsius</span> <span class='ocrx_word' id='word_1_362' title='bbox 2040 636 2135 674; x_wconf 85' lang='lat' dir='ltr'>legati</span> <span class='ocrx_word' id='word_1_363' title='bbox 2150 637 2292 676; x_wconf 82' lang='lat' dir='ltr'>accessit,</span> <span class='ocrx_word' id='word_1_364' title='bbox 2309 641 2340 668; x_wconf 82' lang='lat' dir='ltr'>et</span> <span class='ocrx_word' id='word_1_365' title='bbox 2355 637 2407 670; x_wconf 80' lang='lat' dir='ltr'>de-</span> 
     </span>
    </p>

    <p class='ocr_par' dir='ltr' id='par_1_20' title="bbox 1400 689 2437 2224">
     <span class='ocr_line' id='line_1_77' title="bbox 1405 689 2435 733; baseline 0.003 -15"><span class='ocrx_word' id='word_1_366' title='bbox 1405 697 1496 719; x_wconf 88' lang='lat' dir='ltr'>mum</span> <span class='ocrx_word' id='word_1_367' title='bbox 1513 693 1754 727; x_wconf 88' lang='lat' dir='ltr'>preconceptam</span> <span class='ocrx_word' id='word_1_368' title='bbox 1771 693 1881 718; x_wconf 89' lang='lat' dir='ltr'>contra</span> <span class='ocrx_word' id='word_1_369' title='bbox 1899 689 2017 719; x_wconf 89' lang='lat' dir='ltr'>dictum</span> <span class='ocrx_word' id='word_1_370' title='bbox 2043 689 2184 728; x_wconf 85' lang='lat' dir='ltr'>legatum</span> <span class='ocrx_word' id='word_1_371' title='bbox 2208 691 2411 733; x_wconf 73' lang='lat' dir='ltr'>iniquitatem</span> <span class='ocrx_word' id='word_1_372' title='bbox 2428 710 2435 715; x_wconf 88' lang='lat'>-</span> 
     </span>
     <span class='ocr_line' id='line_1_78' title="bbox 1406 742 2401 781; baseline 0.004 -10"><span class='ocrx_word' id='word_1_373' title='bbox 1406 746 1563 781; x_wconf 87' lang='lat' dir='ltr'>temptans</span> <span class='ocrx_word' id='word_1_374' title='bbox 1588 742 1738 781; x_wconf 88' lang='lat' dir='ltr'>nequiter</span> <span class='ocrx_word' id='word_1_375' title='bbox 1754 742 1891 780; x_wconf 85' lang='lat' dir='ltr'>aperire,</span> <span class='ocrx_word' id='word_1_376' title='bbox 1911 742 2043 772; x_wconf 89' lang='lat' dir='ltr'>domum</span> <span class='ocrx_word' id='word_1_377' title='bbox 2066 743 2201 773; x_wconf 86' lang='lat' dir='ltr'>eandem</span> <span class='ocrx_word' id='word_1_378' title='bbox 2221 747 2255 774; x_wconf 90' lang='lat' dir='ltr'>ut</span> <span class='ocrx_word' id='word_1_379' title='bbox 2276 744 2358 775; x_wconf 84' lang='lat' dir='ltr'>infes</span> <span class='ocrx_word' id='word_1_380' title='bbox 2391 759 2401 772; x_wconf 53' lang='grc' dir='ltr'>ι,</span> 
     </span>
     <span class='ocr_line' id='line_1_79' title="bbox 1404 794 2420 834; baseline 0.004 -10"><span class='ocrx_word' id='word_1_381' title='bbox 1404 794 1505 825; x_wconf 85' lang='grc'>1105115</span> <span class='ocrx_word' id='word_1_382' title='bbox 1517 795 1693 833; x_wconf 87' lang='lat' dir='ltr'>ingressus,</span> <span class='ocrx_word' id='word_1_383' title='bbox 1707 795 1830 833; x_wconf 85' lang='lat' dir='ltr'>abjecta</span> <span class='ocrx_word' id='word_1_384' title='bbox 1837 795 2010 834; x_wconf 87' lang='lat' dir='ltr'>pontificali</span> <span class='ocrx_word' id='word_1_385' title='bbox 2021 796 2175 826; x_wconf 88' lang='lat' dir='ltr'>modestia</span> <span class='ocrx_word' id='word_1_386' title='bbox 2187 801 2218 827; x_wconf 88' lang='lat' dir='ltr'>et</span> <span class='ocrx_word' id='word_1_387' title='bbox 2230 805 2362 828; x_wconf 86' lang='lat' dir='ltr'>reveren</span> <span class='ocrx_word' id='word_1_388' title='bbox 2378 797 2386 805; x_wconf 82' lang='lat'><em>⁰</em></span> <span class='ocrx_word' id='word_1_389' title='bbox 2396 807 2420 834; x_wconf 23' lang='lat' dir='ltr'>,g-</span> 
     </span>
     <span class='ocr_line' id='line_1_80' title="bbox 1405 848 2368 889; baseline 0 -11"><span class='ocrx_word' id='word_1_390' title='bbox 1405 848 1525 878; x_wconf 88' lang='lat' dir='ltr'>eisdem</span> <span class='ocrx_word' id='word_1_391' title='bbox 1553 848 1687 879; x_wconf 88' lang='lat' dir='ltr'>ecclesie</span> <span class='ocrx_word' id='word_1_392' title='bbox 1712 854 1742 878; x_wconf 92' lang='lat' dir='ltr'>et</span> <span class='ocrx_word' id='word_1_393' title='bbox 1770 848 1873 887; x_wconf 85' lang='lat' dir='ltr'>legato</span> <span class='ocrx_word' id='word_1_394' title='bbox 1905 848 2010 879; x_wconf 84' lang='lat' dir='ltr'>dehita</span> <span class='ocrx_word' id='word_1_395' title='bbox 2036 849 2206 888; x_wconf 84' lang='lat' dir='ltr'>vilipensa,</span> <span class='ocrx_word' id='word_1_396' title='bbox 2232 849 2411 889; x_wconf 81' lang='lat' dir='ltr'>evagina</span> 
     </span>
     <span class='ocr_line' id='line_1_81' title="bbox 1405 901 2391 943; baseline 0.003 -12"><span class='ocrx_word' id='word_1_397' title='bbox 1405 901 1521 940; x_wconf 84' lang='lat' dir='ltr'>gladiis</span> <span class='ocrx_word' id='word_1_398' title='bbox 1540 906 1570 932; x_wconf 89' lang='lat' dir='ltr'>et</span> <span class='ocrx_word' id='word_1_399' title='bbox 1585 902 1618 931; x_wconf 92' lang='lat' dir='ltr'>in</span> <span class='ocrx_word' id='word_1_400' title='bbox 1636 902 1742 932; x_wconf 89' lang='lat' dir='ltr'>furore</span> <span class='ocrx_word' id='word_1_401' title='bbox 1759 902 1907 938; x_wconf 79' lang='lat' dir='ltr'>vibratiS,</span> <span class='ocrx_word' id='word_1_402' title='bbox 1924 902 2009 932; x_wconf 88' lang='lat' dir='ltr'>circa</span> <span class='ocrx_word' id='word_1_403' title='bbox 2025 911 2192 941; x_wconf 85' lang='lat' dir='ltr'>personam</span> <span class='ocrx_word' id='word_1_404' title='bbox 2211 903 2309 942; x_wconf 90' lang='lat' dir='ltr'>ipsius</span> <span class='ocrx_word' id='word_1_405' title='bbox 2323 903 2391 943; x_wconf 82' lang='lat' dir='ltr'>ep&#39;</span> 
     </span>
     <span class='ocr_line' id='line_1_82' title="bbox 1403 955 2394 994; baseline 0.002 -9"><span class='ocrx_word' id='word_1_406' title='bbox 1403 955 1474 994; x_wconf 90' lang='lat' dir='ltr'>copi</span> <span class='ocrx_word' id='word_1_407' title='bbox 1489 955 1663 986; x_wconf 81' lang='lat' dir='ltr'>Tusculani</span> <span class='ocrx_word' id='word_1_408' title='bbox 1674 956 1810 994; x_wconf 84' lang='lat' dir='ltr'>prefatos</span> <span class='ocrx_word' id='word_1_409' title='bbox 1823 955 1974 992; x_wconf 88' lang='lat' dir='ltr'>nobilem,</span> <span class='ocrx_word' id='word_1_410' title='bbox 1987 964 2044 994; x_wconf 89' lang='lat' dir='ltr'>pro</span> <span class='ocrx_word' id='word_1_411' title='bbox 2059 965 2117 986; x_wconf 91' lang='lat' dir='ltr'>sua</span> <span class='ocrx_word' id='word_1_412' title='bbox 2133 956 2230 986; x_wconf 87' lang='lat' dir='ltr'>tutela</span> <span class='ocrx_word' id='word_1_413' title='bbox 2245 957 2329 987; x_wconf 83' lang='lat' dir='ltr'>inter</span> <span class='ocrx_word' id='word_1_414' title='bbox 2340 960 2394 988; x_wconf 77' lang='lat' dir='ltr'>ani</span> 
     </span>
     <span class='ocr_line' id='line_1_83' title="bbox 1404 1007 2396 1049; baseline 0.004 -12"><span class='ocrx_word' id='word_1_415' title='bbox 1404 1007 1514 1046; x_wconf 78' lang='lat' dir='ltr'>plexus</span> <span class='ocrx_word' id='word_1_416' title='bbox 1533 1009 1634 1047; x_wconf 89' lang='lat' dir='ltr'>ipsius</span> <span class='ocrx_word' id='word_1_417' title='bbox 1648 1008 1744 1047; x_wconf 86' lang='lat' dir='ltr'>legati</span> <span class='ocrx_word' id='word_1_418' title='bbox 1763 1009 1915 1048; x_wconf 86' lang='lat' dir='ltr'>positum,</span> <span class='ocrx_word' id='word_1_419' title='bbox 1930 1013 1960 1039; x_wconf 90' lang='lat' dir='ltr'>et</span> <span class='ocrx_word' id='word_1_420' title='bbox 1975 1009 2176 1040; x_wconf 89' lang='lat' dir='ltr'>Nicolutium</span> <span class='ocrx_word' id='word_1_421' title='bbox 2187 1018 2298 1049; x_wconf 87' lang='lat' dir='ltr'>capere</span> <span class='ocrx_word' id='word_1_422' title='bbox 2306 1010 2396 1041; x_wconf 83' lang='lat' dir='ltr'>etAn</span> 
     </span>
     <span class='ocr_line' id='line_1_84' title="bbox 1404 1061 2391 1102; baseline 0.003 -11"><span class='ocrx_word' id='word_1_423' title='bbox 1404 1061 1568 1092; x_wconf 89' lang='lat' dir='ltr'>dreocium</span> <span class='ocrx_word' id='word_1_424' title='bbox 1594 1061 1764 1092; x_wconf 86' lang='lat' dir='ltr'>vulnerare</span> <span class='ocrx_word' id='word_1_425' title='bbox 1787 1065 1925 1101; x_wconf 85' lang='lat' dir='ltr'>graviter</span> <span class='ocrx_word' id='word_1_426' title='bbox 1950 1071 2005 1102; x_wconf 90' lang='lat' dir='ltr'>per</span> <span class='ocrx_word' id='word_1_427' title='bbox 2027 1063 2192 1094; x_wconf 90' lang='lat' dir='ltr'>ministros</span> <span class='ocrx_word' id='word_1_428' title='bbox 2215 1063 2365 1094; x_wconf 80' lang='lat' dir='ltr'>detestah·</span> <span class='ocrx_word' id='word_1_429' title='bbox 2382 1063 2391 1070; x_wconf 81' lang='grc'><strong>”</strong></span> 
     </span>
     <span class='ocr_line' id='line_1_85' title="bbox 1404 1115 2389 1157; baseline 0.003 -13"><span class='ocrx_word' id='word_1_430' title='bbox 1404 1115 1618 1154; x_wconf 87' lang='lat' dir='ltr'>conceptionis</span> <span class='ocrx_word' id='word_1_431' title='bbox 1634 1124 1689 1145; x_wconf 86' lang='lat' dir='ltr'>sue</span> <span class='ocrx_word' id='word_1_432' title='bbox 1703 1116 1906 1154; x_wconf 84' lang='lat' dir='ltr'>presumpsit,</span> <span class='ocrx_word' id='word_1_433' title='bbox 1923 1125 1980 1145; x_wconf 90' lang='lat' dir='ltr'>nec</span> <span class='ocrx_word' id='word_1_434' title='bbox 1997 1115 2184 1155; x_wconf 84' lang='lat' dir='ltr'>hujusmodi</span> <span class='ocrx_word' id='word_1_435' title='bbox 2201 1125 2352 1157; x_wconf 83' lang='lat' dir='ltr'>presump</span> <span class='ocrx_word' id='word_1_436' title='bbox 2367 1116 2389 1143; x_wconf 72' lang='grc' dir='ltr'>ἰ</span> 
     </span>
     <span class='ocr_line' id='line_1_86' title="bbox 1404 1169 2412 1208; baseline 0.002 -11"><span class='ocrx_word' id='word_1_437' title='bbox 1404 1169 1455 1197; x_wconf 90' lang='lat' dir='ltr'>nis</span> <span class='ocrx_word' id='word_1_438' title='bbox 1474 1177 1604 1198; x_wconf 87' lang='lat' dir='ltr'>excessu</span> <span class='ocrx_word' id='word_1_439' title='bbox 1622 1174 1806 1207; x_wconf 88' lang='lat' dir='ltr'>contentus,</span> <span class='ocrx_word' id='word_1_440' title='bbox 1826 1174 1935 1200; x_wconf 88' lang='lat' dir='ltr'>contra</span> <span class='ocrx_word' id='word_1_441' title='bbox 1956 1170 2083 1200; x_wconf 85' lang='lat' dir='ltr'>eosdem</span> <span class='ocrx_word' id='word_1_442' title='bbox 2108 1169 2248 1208; x_wconf 84' lang='lat' dir='ltr'>legatum</span> <span class='ocrx_word' id='word_1_443' title='bbox 2267 1174 2299 1200; x_wconf 85' lang='lat' dir='ltr'>et</span> <span class='ocrx_word' id='word_1_444' title='bbox 2315 1169 2412 1202; x_wconf 69' lang='lat' dir='ltr'>fami·-</span> 
     </span>
     <span class='ocr_line' id='line_1_87' title="bbox 1404 1214 2409 1262; baseline 0.004 -12"><span class='ocrx_word' id='word_1_445' title='bbox 1404 1220 1481 1250; x_wconf 89' lang='lat' dir='ltr'>liam</span> <span class='ocrx_word' id='word_1_446' title='bbox 1500 1221 1653 1251; x_wconf 83' lang='lat' dir='ltr'>ferventis</span> <span class='ocrx_word' id='word_1_447' title='bbox 1666 1222 1700 1251; x_wconf 91' lang='lat' dir='ltr'>in</span> <span class='ocrx_word' id='word_1_448' title='bbox 1717 1231 1753 1252; x_wconf 89' lang='lat' dir='ltr'>eo</span> <span class='ocrx_word' id='word_1_449' title='bbox 1767 1214 1908 1261; x_wconf 75' lang='lat' dir='ltr'>nequitie</span> <span class='ocrx_word' id='word_1_450' title='bbox 1924 1223 2014 1252; x_wconf 89' lang='lat' dir='ltr'>freno</span> <span class='ocrx_word' id='word_1_451' title='bbox 2027 1222 2236 1262; x_wconf 82' lang='lat' dir='ltr'>laxato‚ipsos</span> <span class='ocrx_word' id='word_1_452' title='bbox 2250 1223 2286 1253; x_wconf 87' lang='lat' dir='ltr'>in</span> <span class='ocrx_word' id='word_1_453' title='bbox 2298 1222 2409 1262; x_wconf 69' lang='lat' dir='ltr'>eadem</span> 
     </span>
     <span class='ocr_line' id='line_1_88' title="bbox 1404 1266 2402 1315; baseline 0.002 -11"><span class='ocrx_word' id='word_1_454' title='bbox 1404 1274 1548 1311; x_wconf 84' lang='lat' dir='ltr'>civitate,</span> <span class='ocrx_word' id='word_1_455' title='bbox 1565 1275 1600 1304; x_wconf 88' lang='lat' dir='ltr'>in</span> <span class='ocrx_word' id='word_1_456' title='bbox 1619 1284 1681 1314; x_wconf 92' lang='lat' dir='ltr'>qua</span> <span class='ocrx_word' id='word_1_457' title='bbox 1699 1280 1835 1314; x_wconf 87' lang='lat' dir='ltr'>potestas</span> <span class='ocrx_word' id='word_1_458' title='bbox 1855 1277 2020 1315; x_wconf 86' lang='lat' dir='ltr'>utriusque</span> <span class='ocrx_word' id='word_1_459' title='bbox 2038 1276 2135 1314; x_wconf 79' lang='lat' dir='ltr'>gladii</span> <span class='ocrx_word' id='word_1_460' title='bbox 2153 1276 2193 1306; x_wconf 89' lang='lat' dir='ltr'>ad</span> <span class='ocrx_word' id='word_1_461' title='bbox 2209 1275 2332 1307; x_wconf 86' lang='lat' dir='ltr'>dictum</span> <span class='ocrx_word' id='word_1_462' title='bbox 2346 1275 2381 1307; x_wconf 90' lang='lat' dir='ltr'>C</span> <span class='ocrx_word' id='word_1_463' title='bbox 2400 1266 2402 1268; x_wconf 66' lang='lat'>‚</span> 
     </span>
     <span class='ocr_line' id='line_1_89' title="bbox 1404 1328 2391 1368; baseline 0.004 -12"><span class='ocrx_word' id='word_1_464' title='bbox 1404 1336 1622 1358; x_wconf 88' lang='lat' dir='ltr'>meracensem</span> <span class='ocrx_word' id='word_1_465' title='bbox 1635 1329 1817 1368; x_wconf 87' lang='lat' dir='ltr'>episcopum</span> <span class='ocrx_word' id='word_1_466' title='bbox 1830 1329 1946 1359; x_wconf 85' lang='lat' dir='ltr'>dicitur</span> <span class='ocrx_word' id='word_1_467' title='bbox 1958 1331 2130 1368; x_wconf 83' lang='lat' dir='ltr'>pertinere,</span> <span class='ocrx_word' id='word_1_468' title='bbox 2143 1329 2260 1360; x_wconf 87' lang='lat' dir='ltr'>invasit</span> <span class='ocrx_word' id='word_1_469' title='bbox 2279 1333 2314 1360; x_wconf 90' lang='lat' dir='ltr'>ut</span> <span class='ocrx_word' id='word_1_470' title='bbox 2332 1328 2391 1360; x_wconf 87' lang='lat' dir='ltr'>hos</span> 
     </span>
     <span class='ocr_line' id='line_1_90' title="bbox 1405 1381 2416 1426; baseline 0.004 -16"><span class='ocrx_word' id='word_1_471' title='bbox 1405 1385 1462 1417; x_wconf 80' lang='lat' dir='ltr'>teS‚</span> <span class='ocrx_word' id='word_1_472' title='bbox 1477 1385 1510 1411; x_wconf 86' lang='lat' dir='ltr'>ut</span> <span class='ocrx_word' id='word_1_473' title='bbox 1524 1381 1681 1420; x_wconf 87' lang='lat' dir='ltr'>predones</span> <span class='ocrx_word' id='word_1_474' title='bbox 1699 1382 1832 1420; x_wconf 83' lang='lat' dir='ltr'>fugavit,</span> <span class='ocrx_word' id='word_1_475' title='bbox 1850 1387 1880 1413; x_wconf 91' lang='lat' dir='ltr'>et</span> <span class='ocrx_word' id='word_1_476' title='bbox 1893 1383 2038 1413; x_wconf 80' lang='lat' dir='ltr'>tractavit</span> <span class='ocrx_word' id='word_1_477' title='bbox 2054 1382 2140 1412; x_wconf 88' lang='lat' dir='ltr'>velut</span> <span class='ocrx_word' id='word_1_478' title='bbox 2153 1383 2194 1413; x_wconf 88' lang='lat' dir='ltr'>ab</span> <span class='ocrx_word' id='word_1_479' title='bbox 2209 1383 2278 1422; x_wconf 87' lang='lat' dir='ltr'>ipso</span> <span class='ocrx_word' id='word_1_480' title='bbox 2292 1383 2416 1426; x_wconf 51' lang='grc' dir='ltr'>Ροειίῑι)ὲ</span> 
     </span>
     <span class='ocr_line' id='line_1_91' title="bbox 1403 1434 2409 1477; baseline 0.004 -14"><span class='ocrx_word' id='word_1_481' title='bbox 1403 1434 1438 1463; x_wconf 91' lang='lat' dir='ltr'>in</span> <span class='ocrx_word' id='word_1_482' title='bbox 1453 1434 1562 1464; x_wconf 83' lang='lat' dir='ltr'>derisu</span> <span class='ocrx_word' id='word_1_483' title='bbox 1576 1458 1582 1471; x_wconf 88' lang='lat'>,</span> <span class='ocrx_word' id='word_1_484' title='bbox 1599 1434 1671 1464; x_wconf 89' lang='lat' dir='ltr'>aliis</span> <span class='ocrx_word' id='word_1_485' title='bbox 1686 1441 1797 1466; x_wconf 90' lang='lat' dir='ltr'>contra</span> <span class='ocrx_word' id='word_1_486' title='bbox 1813 1436 1952 1466; x_wconf 88' lang='lat' dir='ltr'>eundem</span> <span class='ocrx_word' id='word_1_487' title='bbox 1968 1435 2109 1475; x_wconf 87' lang='lat' dir='ltr'>legatum</span> <span class='ocrx_word' id='word_1_488' title='bbox 2126 1435 2346 1475; x_wconf 86' lang='lat' dir='ltr'>multiplicatis</span> <span class='ocrx_word' id='word_1_489' title='bbox 2361 1436 2409 1477; x_wconf 62' lang='lat' dir='ltr'>inq</span> 
     </span>
     <span class='ocr_line' id='line_1_92' title="bbox 1400 1488 2406 1529; baseline 0.003 -11"><span class='ocrx_word' id='word_1_490' title='bbox 1400 1488 1494 1526; x_wconf 90' lang='lat' dir='ltr'>juriis</span> <span class='ocrx_word' id='word_1_491' title='bbox 1517 1493 1547 1518; x_wconf 90' lang='lat' dir='ltr'>et</span> <span class='ocrx_word' id='word_1_492' title='bbox 1565 1489 1714 1528; x_wconf 74' lang='lat' dir='ltr'>jactui-153</span> <span class='ocrx_word' id='word_1_493' title='bbox 1732 1494 1858 1529; x_wconf 88' lang='lat' dir='ltr'>propter</span> <span class='ocrx_word' id='word_1_494' title='bbox 1875 1490 1961 1529; x_wconf 85' lang='lat' dir='ltr'>quod</span> <span class='ocrx_word' id='word_1_495' title='bbox 1983 1490 2119 1521; x_wconf 88' lang='lat' dir='ltr'>dilectus</span> <span class='ocrx_word' id='word_1_496' title='bbox 2137 1489 2224 1520; x_wconf 87' lang='lat' dir='ltr'>filins</span> <span class='ocrx_word' id='word_1_497' title='bbox 2242 1494 2350 1521; x_wconf 85' lang='lat' dir='ltr'>noster</span> <span class='ocrx_word' id='word_1_498' title='bbox 2361 1489 2406 1522; x_wconf 83' lang='lat' dir='ltr'>J.</span> 
     </span>
     <span class='ocr_line' id='line_1_93' title="bbox 1404 1541 2402 1582; baseline 0.004 -12"><span class='ocrx_word' id='word_1_499' title='bbox 1404 1541 1487 1571; x_wconf 89' lang='lat' dir='ltr'>tituli</span> <span class='ocrx_word' id='word_1_500' title='bbox 1507 1541 1621 1572; x_wconf 88' lang='lat' dir='ltr'>Sancte</span> <span class='ocrx_word' id='word_1_501' title='bbox 1642 1542 1761 1572; x_wconf 84' lang='lat' dir='ltr'>Cecilie</span> <span class='ocrx_word' id='word_1_502' title='bbox 1779 1543 1944 1582; x_wconf 79' lang='lat' dir='ltr'>presbyter</span> <span class='ocrx_word' id='word_1_503' title='bbox 1955 1542 2145 1579; x_wconf 83' lang='lat' dir='ltr'>cardinalis,</span> <span class='ocrx_word' id='word_1_504' title='bbox 2163 1543 2307 1582; x_wconf 88' lang='lat' dir='ltr'>ejusdem</span> <span class='ocrx_word' id='word_1_505' title='bbox 2325 1542 2402 1578; x_wconf 63' lang='grc' dir='ltr'>50ιῖ</span> 
     </span>
     <span class='ocr_line' id='line_1_94' title="bbox 1401 1595 2411 1636; baseline 0.002 -11"><span class='ocrx_word' id='word_1_506' title='bbox 1401 1595 1537 1634; x_wconf 85' lang='lat' dir='ltr'>legatus,</span> <span class='ocrx_word' id='word_1_507' title='bbox 1554 1596 1658 1634; x_wconf 89' lang='lat' dir='ltr'>primo</span> <span class='ocrx_word' id='word_1_508' title='bbox 1670 1597 2009 1631; x_wconf 81' lang='lat' dir='ltr'>excommunicationis</span> <span class='ocrx_word' id='word_1_509' title='bbox 2022 1596 2216 1635; x_wconf 85' lang='lat' dir='ltr'>generaliter</span> <span class='ocrx_word' id='word_1_510' title='bbox 2229 1596 2263 1626; x_wconf 88' lang='lat' dir='ltr'>in</span> <span class='ocrx_word' id='word_1_511' title='bbox 2272 1596 2411 1636; x_wconf 67' lang='lat' dir='ltr'>premis-</span> 
     </span>
     <span class='ocr_line' id='line_1_95' title="bbox 1402 1649 2409 1689; baseline 0.003 -11"><span class='ocrx_word' id='word_1_512' title='bbox 1402 1657 1511 1680; x_wconf 87' lang='lat' dir='ltr'>sorum</span> <span class='ocrx_word' id='word_1_513' title='bbox 1535 1653 1706 1688; x_wconf 88' lang='lat' dir='ltr'>patratores</span> <span class='ocrx_word' id='word_1_514' title='bbox 1726 1649 1817 1680; x_wconf 83' lang='lat' dir='ltr'>duxit</span> <span class='ocrx_word' id='word_1_515' title='bbox 1843 1651 2036 1680; x_wconf 86' lang='lat' dir='ltr'>sententiam</span> <span class='ocrx_word' id='word_1_516' title='bbox 2063 1649 2346 1689; x_wconf 79' lang='lat' dir='ltr'>promulgandam3</span> <span class='ocrx_word' id='word_1_517' title='bbox 2377 1657 2409 1682; x_wconf 83' lang='lat' dir='ltr'>e</span> 
     </span>
     <span class='ocr_line' id='line_1_96' title="bbox 1401 1702 2411 1748; baseline 0.003 -17"><span class='ocrx_word' id='word_1_518' title='bbox 1401 1702 1504 1732; x_wconf 89' lang='lat' dir='ltr'>dictus</span> <span class='ocrx_word' id='word_1_519' title='bbox 1520 1702 1721 1733; x_wconf 86' lang='lat' dir='ltr'>Tusculanus</span> <span class='ocrx_word' id='word_1_520' title='bbox 1737 1704 1902 1742; x_wconf 89' lang='lat' dir='ltr'>episcopus</span> <span class='ocrx_word' id='word_1_521' title='bbox 1924 1704 2127 1743; x_wconf 87' lang='lat' dir='ltr'>postmodum</span> <span class='ocrx_word' id='word_1_522' title='bbox 2145 1703 2326 1743; x_wconf 86' lang='lat' dir='ltr'>specialiter</span> <span class='ocrx_word' id='word_1_523' title='bbox 2339 1703 2375 1734; x_wconf 78' lang='lat' dir='ltr'>di</span> <span class='ocrx_word' id='word_1_524' title='bbox 2407 1742 2411 1748; x_wconf 20' lang='grc' dir='ltr'>ἱ</span> 
     </span>
     <span class='ocr_line' id='line_1_97' title="bbox 1402 1756 2413 1796; baseline 0.003 -11"><span class='ocrx_word' id='word_1_525' title='bbox 1402 1760 1469 1786; x_wconf 89' lang='lat' dir='ltr'>tum</span> <span class='ocrx_word' id='word_1_526' title='bbox 1487 1756 1554 1794; x_wconf 91' lang='lat' dir='ltr'>W.‚</span> <span class='ocrx_word' id='word_1_527' title='bbox 1572 1756 1838 1787; x_wconf 86' lang='lat' dir='ltr'>Cameracensem</span> <span class='ocrx_word' id='word_1_528' title='bbox 1853 1757 2049 1796; x_wconf 89' lang='lat' dir='ltr'>episcopum,</span> <span class='ocrx_word' id='word_1_529' title='bbox 2060 1757 2100 1787; x_wconf 89' lang='lat' dir='ltr'>ab</span> <span class='ocrx_word' id='word_1_530' title='bbox 2112 1758 2260 1796; x_wconf 85' lang='lat' dir='ltr'>ingressu</span> <span class='ocrx_word' id='word_1_531' title='bbox 2275 1756 2413 1788; x_wconf 77' lang='lat' dir='ltr'>ecclesi</span> 
     </span>
     <span class='ocr_line' id='line_1_98' title="bbox 1401 1809 2437 1850; baseline 0.002 -10"><span class='ocrx_word' id='word_1_532' title='bbox 1401 1810 1671 1849; x_wconf 84' lang='lat' dir='ltr'>etpontificalium</span> <span class='ocrx_word' id='word_1_533' title='bbox 1687 1820 1758 1847; x_wconf 89' lang='lat' dir='ltr'>usn,</span> <span class='ocrx_word' id='word_1_534' title='bbox 1775 1811 1999 1849; x_wconf 86' lang='lat' dir='ltr'>temporalium</span> <span class='ocrx_word' id='word_1_535' title='bbox 2010 1819 2136 1850; x_wconf 86' lang='lat' dir='ltr'>quoque</span> <span class='ocrx_word' id='word_1_536' title='bbox 2149 1814 2180 1841; x_wconf 86' lang='lat' dir='ltr'>et</span> <span class='ocrx_word' id='word_1_537' title='bbox 2190 1809 2409 1850; x_wconf 82' lang='lat' dir='ltr'>spiritualium</span> <span class='ocrx_word' id='word_1_538' title='bbox 2434 1832 2437 1835; x_wconf 93' lang='lat'><em>-</em></span> 
     </span>
     <span class='ocr_line' id='line_1_99' title="bbox 1400 1862 2408 1903; baseline 0.001 -10"><span class='ocrx_word' id='word_1_539' title='bbox 1400 1863 1691 1901; x_wconf 84' lang='lat' dir='ltr'>administratione,</span> <span class='ocrx_word' id='word_1_540' title='bbox 1701 1873 1737 1894; x_wconf 86' lang='lat' dir='ltr'>ac</span> <span class='ocrx_word' id='word_1_541' title='bbox 1748 1863 1924 1903; x_wconf 82' lang='lat' dir='ltr'>capitulum</span> <span class='ocrx_word' id='word_1_542' title='bbox 1936 1863 2174 1894; x_wconf 87' lang='lat' dir='ltr'>Cameracensis</span> <span class='ocrx_word' id='word_1_543' title='bbox 2182 1862 2385 1903; x_wconf 86' lang='lat' dir='ltr'>ecclesie,qu&#39;</span> <span class='ocrx_word' id='word_1_544' title='bbox 2406 1871 2408 1878; x_wconf 75' lang='lat'><em>¹</em></span> 
     </span>
     <span class='ocr_line' id='line_1_100' title="bbox 1400 1917 2413 1956; baseline 0.002 -10"><span class='ocrx_word' id='word_1_545' title='bbox 1400 1917 1546 1956; x_wconf 87' lang='lat' dir='ltr'>requisiti</span> <span class='ocrx_word' id='word_1_546' title='bbox 1569 1917 1741 1956; x_wconf 81' lang='lat' dir='ltr'>diligenter</span> <span class='ocrx_word' id='word_1_547' title='bbox 1765 1918 1966 1956; x_wconf 87' lang='lat' dir='ltr'>denegarunt</span> <span class='ocrx_word' id='word_1_548' title='bbox 1990 1918 2137 1948; x_wconf 88' lang='lat' dir='ltr'>assistere</span> <span class='ocrx_word' id='word_1_549' title='bbox 2161 1917 2223 1947; x_wconf 91' lang='lat' dir='ltr'>sibi</span> <span class='ocrx_word' id='word_1_550' title='bbox 2249 1921 2413 1956; x_wconf 83' lang='lat' dir='ltr'>quatenu</span> 
     </span>
     <span class='ocr_line' id='line_1_101' title="bbox 1401 1970 2434 2013; baseline 0 -13"><span class='ocrx_word' id='word_1_551' title='bbox 1401 1974 1556 2009; x_wconf 86' lang='lat' dir='ltr'>poterant,</span> <span class='ocrx_word' id='word_1_552' title='bbox 1569 1979 1625 2009; x_wconf 92' lang='lat' dir='ltr'>pro</span> <span class='ocrx_word' id='word_1_553' title='bbox 1635 1979 1768 2010; x_wconf 83' lang='lat' dir='ltr'>persone</span> <span class='ocrx_word' id='word_1_554' title='bbox 1777 1980 1844 2008; x_wconf 87' lang='lat' dir='ltr'>sue,</span> <span class='ocrx_word' id='word_1_555' title='bbox 1857 1971 2074 2010; x_wconf 89' lang='lat' dir='ltr'>predictorum</span> <span class='ocrx_word' id='word_1_556' title='bbox 2085 1970 2204 2008; x_wconf 83' lang='lat' dir='ltr'>fratris,</span> <span class='ocrx_word' id='word_1_557' title='bbox 2217 1973 2394 2009; x_wconf 82' lang='lat' dir='ltr'>nepotume</span> <span class='ocrx_word' id='word_1_558' title='bbox 2403 1990 2412 2002; x_wconf 58' lang='grc'>,1</span> <span class='ocrx_word' id='word_1_559' title='bbox 2430 2003 2434 2013; x_wconf 41' lang='grc' dir='ltr'>Ι</span> 
     </span>
     <span class='ocr_line' id='line_1_102' title="bbox 1401 2023 2407 2075; baseline 0.001 -22"><span class='ocrx_word' id='word_1_560' title='bbox 1401 2023 1611 2054; x_wconf 86' lang='lat' dir='ltr'>familiarium</span> <span class='ocrx_word' id='word_1_561' title='bbox 1631 2033 1762 2055; x_wconf 90' lang='lat' dir='ltr'>suorum</span> <span class='ocrx_word' id='word_1_562' title='bbox 1783 2025 1951 2054; x_wconf 85' lang='lat' dir='ltr'>securitate</span> <span class='ocrx_word' id='word_1_563' title='bbox 1967 2023 2126 2074; x_wconf 68' lang='lat' dir='ltr'>habenda,</span> <span class='ocrx_word' id='word_1_564' title='bbox 2142 2024 2171 2054; x_wconf 89' lang='lat' dir='ltr'>ei</span> <span class='ocrx_word' id='word_1_565' title='bbox 2187 2023 2227 2053; x_wconf 88' lang='lat' dir='ltr'>ad</span> <span class='ocrx_word' id='word_1_566' title='bbox 2241 2023 2302 2054; x_wconf 86' lang='lat' dir='ltr'>hoc</span> <span class='ocrx_word' id='word_1_567' title='bbox 2316 2031 2407 2075; x_wconf 53' lang='lat' dir='ltr'>presf</span> 
     </span>
     <span class='ocr_line' id='line_1_103' title="bbox 1401 2075 2410 2117; baseline 0 -10"><span class='ocrx_word' id='word_1_568' title='bbox 1401 2078 1497 2108; x_wconf 88' lang='lat' dir='ltr'>tando</span> <span class='ocrx_word' id='word_1_569' title='bbox 1506 2078 1716 2116; x_wconf 86' lang='lat' dir='ltr'>patrocinium</span> <span class='ocrx_word' id='word_1_570' title='bbox 1730 2082 1934 2116; x_wconf 90' lang='lat' dir='ltr'>oportunum,</span> <span class='ocrx_word' id='word_1_571' title='bbox 1945 2078 2129 2108; x_wconf 87' lang='lat' dir='ltr'>auctoritate</span> <span class='ocrx_word' id='word_1_572' title='bbox 2141 2077 2227 2107; x_wconf 85' lang='lat' dir='ltr'>sedis</span> <span class='ocrx_word' id='word_1_573' title='bbox 2239 2075 2370 2117; x_wconf 75' lang='lat' dir='ltr'>apostoli</span> <span class='ocrx_word' id='word_1_574' title='bbox 2396 2090 2410 2106; x_wconf 59' lang='grc' dir='ltr'>η</span> 
     </span>
     <span class='ocr_line' id='line_1_104' title="bbox 1401 2127 2433 2170; baseline -0.001 -9"><span class='ocrx_word' id='word_1_575' title='bbox 1401 2140 1496 2170; x_wconf 89' lang='lat' dir='ltr'>super</span> <span class='ocrx_word' id='word_1_576' title='bbox 1518 2131 1577 2161; x_wconf 88' lang='lat' dir='ltr'>hoc</span> <span class='ocrx_word' id='word_1_577' title='bbox 1601 2130 1780 2170; x_wconf 88' lang='lat' dir='ltr'>specialiter</span> <span class='ocrx_word' id='word_1_578' title='bbox 1799 2131 1859 2160; x_wconf 88' lang='lat' dir='ltr'>sibi</span> <span class='ocrx_word' id='word_1_579' title='bbox 1877 2131 2061 2166; x_wconf 85' lang='lat' dir='ltr'>commissa,</span> <span class='ocrx_word' id='word_1_580' title='bbox 2088 2131 2128 2161; x_wconf 88' lang='lat' dir='ltr'>ab</span> <span class='ocrx_word' id='word_1_581' title='bbox 2152 2130 2266 2161; x_wconf 88' lang='lat' dir='ltr'>officiis</span> <span class='ocrx_word' id='word_1_582' title='bbox 2287 2127 2433 2161; x_wconf 46' lang='lat' dir='ltr'>divinia&lt;</span> 
     </span>
     <span class='ocr_line' id='line_1_105' title="bbox 1402 2183 2407 2224; baseline 0 -10"><span class='ocrx_word' id='word_1_583' title='bbox 1402 2184 1582 2223; x_wconf 74' lang='lat' dir='ltr'>suspendit,</span> <span class='ocrx_word' id='word_1_584' title='bbox 1601 2189 1631 2214; x_wconf 83' lang='lat' dir='ltr'>et</span> <span class='ocrx_word' id='word_1_585' title='bbox 1646 2185 1879 2223; x_wconf 83' lang='lat' dir='ltr'>subsequenter</span> <span class='ocrx_word' id='word_1_586' title='bbox 1895 2189 2004 2215; x_wconf 82' lang='lat' dir='ltr'>contra</span> <span class='ocrx_word' id='word_1_587' title='bbox 2021 2184 2142 2214; x_wconf 89' lang='lat' dir='ltr'>dictum</span> <span class='ocrx_word' id='word_1_588' title='bbox 2153 2183 2336 2224; x_wconf 89' lang='lat' dir='ltr'>episcopum</span> <span class='ocrx_word' id='word_1_589' title='bbox 2381 2204 2407 2217; x_wconf 61' lang='lat'>„.</span> 
     </span>
    </p>

    <p class='ocr_par' dir='ltr' id='par_1_21' title="bbox 1401 2236 2426 3142">
     <span class='ocr_line' id='line_1_106' title="bbox 1401 2236 2411 2276; baseline -0.002 -9"><span class='ocrx_word' id='word_1_590' title='bbox 1401 2246 1633 2274; x_wconf 84' lang='lat' dir='ltr'>meracensem,</span> <span class='ocrx_word' id='word_1_591' title='bbox 1645 2237 1684 2268; x_wconf 93' lang='lat' dir='ltr'>ob</span> <span class='ocrx_word' id='word_1_592' title='bbox 1695 2237 1810 2267; x_wconf 85' lang='lat' dir='ltr'>elatam</span> <span class='ocrx_word' id='word_1_593' title='bbox 1824 2242 1854 2267; x_wconf 88' lang='lat' dir='ltr'>et</span> <span class='ocrx_word' id='word_1_594' title='bbox 1871 2237 2024 2267; x_wconf 83' lang='lat' dir='ltr'>elevatam</span> <span class='ocrx_word' id='word_1_595' title='bbox 2039 2237 2232 2276; x_wconf 87' lang='lat' dir='ltr'>proterviam</span> <span class='ocrx_word' id='word_1_596' title='bbox 2245 2236 2326 2276; x_wconf 87' lang='lat' dir='ltr'>ejus,</span> <span class='ocrx_word' id='word_1_597' title='bbox 2337 2243 2411 2266; x_wconf 76' lang='lat' dir='ltr'>ma:</span> 
     </span>
     <span class='ocr_line' id='line_1_107' title="bbox 1402 2289 2404 2330; baseline -0.001 -9"><span class='ocrx_word' id='word_1_598' title='bbox 1402 2301 1481 2322; x_wconf 88' lang='lat' dir='ltr'>num</span> <span class='ocrx_word' id='word_1_599' title='bbox 1498 2292 1734 2330; x_wconf 84' lang='lat' dir='ltr'>aggravationis</span> <span class='ocrx_word' id='word_1_600' title='bbox 1753 2291 1928 2321; x_wconf 85' lang='lat' dir='ltr'>extendens</span> <span class='ocrx_word' id='word_1_601' title='bbox 1953 2291 1987 2320; x_wconf 91' lang='lat' dir='ltr'>in</span> <span class='ocrx_word' id='word_1_602' title='bbox 2009 2292 2076 2329; x_wconf 86' lang='lat' dir='ltr'>ejus</span> <span class='ocrx_word' id='word_1_603' title='bbox 2093 2299 2208 2330; x_wconf 90' lang='lat' dir='ltr'>penam</span> <span class='ocrx_word' id='word_1_604' title='bbox 2220 2314 2227 2327; x_wconf 84' lang='lat'>‚</span> <span class='ocrx_word' id='word_1_605' title='bbox 2245 2289 2404 2321; x_wconf 65' lang='lat' dir='ltr'>civitaten</span> 
     </span>
     <span class='ocr_line' id='line_1_108' title="bbox 1402 2342 2407 2384; baseline -0.001 -9"><span class='ocrx_word' id='word_1_606' title='bbox 1402 2345 1665 2376; x_wconf 86' lang='lat' dir='ltr'>Cameracensem</span> <span class='ocrx_word' id='word_1_607' title='bbox 1694 2345 1859 2384; x_wconf 85' lang='lat' dir='ltr'>supposuit</span> <span class='ocrx_word' id='word_1_608' title='bbox 1889 2344 2100 2375; x_wconf 81' lang='lat' dir='ltr'>ecclesiastico</span> <span class='ocrx_word' id='word_1_609' title='bbox 2123 2343 2304 2374; x_wconf 75' lang='lat' dir='ltr'>interdicto.</span> <span class='ocrx_word' id='word_1_610' title='bbox 2326 2342 2365 2374; x_wconf 89' lang='lat' dir='ltr'>P·</span> <span class='ocrx_word' id='word_1_611' title='bbox 2396 2353 2407 2367; x_wconf 53' lang='lat' dir='ltr'>‘v</span> 
     </span>
     <span class='ocr_line' id='line_1_109' title="bbox 1402 2392 2404 2437; baseline -0.002 -8"><span class='ocrx_word' id='word_1_612' title='bbox 1402 2403 1503 2429; x_wconf 87' lang='lat' dir='ltr'>tremo</span> <span class='ocrx_word' id='word_1_613' title='bbox 1526 2407 1599 2429; x_wconf 86' lang='lat' dir='ltr'>vero</span> <span class='ocrx_word' id='word_1_614' title='bbox 1627 2404 1691 2428; x_wconf 89' lang='lat' dir='ltr'>tam</span> <span class='ocrx_word' id='word_1_615' title='bbox 1722 2399 1757 2428; x_wconf 91' lang='lat' dir='ltr'>in</span> <span class='ocrx_word' id='word_1_616' title='bbox 1787 2398 1908 2428; x_wconf 85' lang='lat' dir='ltr'>dictum</span> <span class='ocrx_word' id='word_1_617' title='bbox 1935 2398 2198 2428; x_wconf 87' lang='lat' dir='ltr'>Cameracensem</span> <span class='ocrx_word' id='word_1_618' title='bbox 2223 2392 2404 2437; x_wconf 44' lang='lat' dir='ltr'>episcopum</span> 
     </span>
     <span class='ocr_line' id='line_1_110' title="bbox 1403 2449 2426 2492; baseline -0.002 -10"><span class='ocrx_word' id='word_1_619' title='bbox 1403 2462 1499 2492; x_wconf 90' lang='lat' dir='ltr'>quam</span> <span class='ocrx_word' id='word_1_620' title='bbox 1515 2453 1549 2482; x_wconf 92' lang='lat' dir='ltr'>iu</span> <span class='ocrx_word' id='word_1_621' title='bbox 1567 2452 1759 2488; x_wconf 88' lang='lat' dir='ltr'>Gerardum,</span> <span class='ocrx_word' id='word_1_622' title='bbox 1776 2452 2041 2482; x_wconf 86' lang='lat' dir='ltr'>archidiaconum</span> <span class='ocrx_word' id='word_1_623' title='bbox 2058 2450 2293 2481; x_wconf 87' lang='lat' dir='ltr'>Brahantinum</span> <span class='ocrx_word' id='word_1_624' title='bbox 2308 2449 2344 2480; x_wconf 87' lang='lat' dir='ltr'>in</span> <span class='ocrx_word' id='word_1_625' title='bbox 2363 2454 2407 2475; x_wconf 52' lang='lat' dir='ltr'>:ff</span> <span class='ocrx_word' id='word_1_626' title='bbox 2425 2455 2426 2458; x_wconf 78' lang='grc'>’</span> 
     </span>
     <span class='ocr_line' id='line_1_111' title="bbox 1402 2502 2426 2545; baseline -0.002 -9"><span class='ocrx_word' id='word_1_627' title='bbox 1402 2505 1498 2536; x_wconf 82' lang='lat' dir='ltr'>etesia</span> <span class='ocrx_word' id='word_1_628' title='bbox 1515 2505 1749 2542; x_wconf 87' lang='lat' dir='ltr'>Cameracensi‚</span> <span class='ocrx_word' id='word_1_629' title='bbox 1769 2504 1970 2542; x_wconf 86' lang='lat' dir='ltr'>Michaelem,</span> <span class='ocrx_word' id='word_1_630' title='bbox 1988 2504 2156 2542; x_wconf 88' lang='lat' dir='ltr'>ballivum,</span> <span class='ocrx_word' id='word_1_631' title='bbox 2170 2508 2201 2534; x_wconf 84' lang='lat' dir='ltr'>et</span> <span class='ocrx_word' id='word_1_632' title='bbox 2217 2502 2350 2534; x_wconf 81' lang='lat' dir='ltr'>Benaud</span> <span class='ocrx_word' id='word_1_633' title='bbox 2380 2510 2404 2527; x_wconf 67' lang='grc' dir='ltr'>υῑ</span> <span class='ocrx_word' id='word_1_634' title='bbox 2425 2541 2426 2545; x_wconf 15' lang='lat'>¹</span> 
     </span>
     <span class='ocr_line' id='line_1_112' title="bbox 1401 2558 2425 2598; baseline 0 -9"><span class='ocrx_word' id='word_1_635' title='bbox 1401 2559 1440 2590; x_wconf 90' lang='lat' dir='ltr'>de</span> <span class='ocrx_word' id='word_1_636' title='bbox 1457 2559 1624 2593; x_wconf 82' lang='lat' dir='ltr'>Bellonna,</span> <span class='ocrx_word' id='word_1_637' title='bbox 1642 2559 1836 2598; x_wconf 87' lang='lat' dir='ltr'>prepositum</span> <span class='ocrx_word' id='word_1_638' title='bbox 1853 2559 1972 2589; x_wconf 90' lang='lat' dir='ltr'>laicum</span> <span class='ocrx_word' id='word_1_639' title='bbox 1986 2584 1993 2596; x_wconf 87' lang='lat'>,</span> <span class='ocrx_word' id='word_1_640' title='bbox 2009 2558 2156 2589; x_wconf 86' lang='lat' dir='ltr'>scabinos</span> <span class='ocrx_word' id='word_1_641' title='bbox 2173 2565 2318 2598; x_wconf 86' lang='lat' dir='ltr'>quoque,</span> <span class='ocrx_word' id='word_1_642' title='bbox 2334 2565 2354 2597; x_wconf 83' lang='lat' dir='ltr'>p</span> <span class='ocrx_word' id='word_1_643' title='bbox 2378 2569 2399 2582; x_wconf 65' lang='lat'>21</span> <span class='ocrx_word' id='word_1_644' title='bbox 2423 2580 2425 2585; x_wconf 79' lang='grc'>.</span> 
     </span>
     <span class='ocr_line' id='line_1_113' title="bbox 1403 2609 2406 2652; baseline -0.001 -9"><span class='ocrx_word' id='word_1_645' title='bbox 1403 2617 1485 2643; x_wconf 88' lang='lat' dir='ltr'>tores</span> <span class='ocrx_word' id='word_1_646' title='bbox 1505 2613 1649 2652; x_wconf 88' lang='lat' dir='ltr'>ejusdem</span> <span class='ocrx_word' id='word_1_647' title='bbox 1665 2613 1810 2651; x_wconf 81' lang='lat' dir='ltr'>civitatis,</span> <span class='ocrx_word' id='word_1_648' title='bbox 1828 2617 1858 2642; x_wconf 88' lang='lat' dir='ltr'>et</span> <span class='ocrx_word' id='word_1_649' title='bbox 1881 2613 1915 2642; x_wconf 93' lang='lat' dir='ltr'>in</span> <span class='ocrx_word' id='word_1_650' title='bbox 1935 2621 2048 2643; x_wconf 89' lang='lat' dir='ltr'>omnes</span> <span class='ocrx_word' id='word_1_651' title='bbox 2062 2611 2143 2643; x_wconf 88' lang='lat' dir='ltr'>alios</span> <span class='ocrx_word' id='word_1_652' title='bbox 2158 2611 2302 2652; x_wconf 70' lang='lat' dir='ltr'>eiusdem</span> <span class='ocrx_word' id='word_1_653' title='bbox 2323 2609 2383 2651; x_wconf 73' lang='lat' dir='ltr'>epi</span> <span class='ocrx_word' id='word_1_654' title='bbox 2404 2626 2406 2633; x_wconf 92' lang='lat'>·</span> 
     </span>
     <span class='ocr_line' id='line_1_114' title="bbox 1401 2662 2390 2706; baseline 0 -10"><span class='ocrx_word' id='word_1_655' title='bbox 1401 2667 1471 2705; x_wconf 90' lang='lat' dir='ltr'>copi</span> <span class='ocrx_word' id='word_1_656' title='bbox 1496 2667 1531 2696; x_wconf 89' lang='lat' dir='ltr'>in</span> <span class='ocrx_word' id='word_1_657' title='bbox 1555 2666 1615 2697; x_wconf 88' lang='lat' dir='ltr'>hac</span> <span class='ocrx_word' id='word_1_658' title='bbox 1636 2671 1723 2706; x_wconf 90' lang='lat' dir='ltr'>parte</span> <span class='ocrx_word' id='word_1_659' title='bbox 1743 2666 1912 2705; x_wconf 88' lang='lat' dir='ltr'>complices</span> <span class='ocrx_word' id='word_1_660' title='bbox 1934 2671 1964 2696; x_wconf 91' lang='lat' dir='ltr'>et</span> <span class='ocrx_word' id='word_1_661' title='bbox 1986 2666 2140 2704; x_wconf 81' lang='lat' dir='ltr'>fautores,</span> <span class='ocrx_word' id='word_1_662' title='bbox 2164 2665 2242 2704; x_wconf 88' lang='lat' dir='ltr'>quia</span> <span class='ocrx_word' id='word_1_663' title='bbox 2261 2662 2390 2703; x_wconf 80' lang='lat' dir='ltr'>legitint</span> 
     </span>
     <span class='ocr_line' id='line_1_115' title="bbox 1402 2717 2426 2759; baseline -0.003 -9"><span class='ocrx_word' id='word_1_664' title='bbox 1402 2721 1515 2751; x_wconf 89' lang='lat' dir='ltr'>moniti</span> <span class='ocrx_word' id='word_1_665' title='bbox 1527 2720 1567 2757; x_wconf 77' lang='lat' dir='ltr'>de</span> <span class='ocrx_word' id='word_1_666' title='bbox 1584 2720 1759 2759; x_wconf 84' lang='lat' dir='ltr'>premissis,</span> <span class='ocrx_word' id='word_1_667' title='bbox 1776 2729 1849 2750; x_wconf 89' lang='lat' dir='ltr'>cum</span> <span class='ocrx_word' id='word_1_668' title='bbox 1865 2720 1943 2750; x_wconf 90' lang='lat' dir='ltr'>adeo</span> <span class='ocrx_word' id='word_1_669' title='bbox 1959 2723 2064 2749; x_wconf 88' lang='lat' dir='ltr'>essent</span> <span class='ocrx_word' id='word_1_670' title='bbox 2078 2718 2203 2749; x_wconf 89' lang='lat' dir='ltr'>notaria</span> <span class='ocrx_word' id='word_1_671' title='bbox 2217 2717 2302 2757; x_wconf 84' lang='lat' dir='ltr'>quod</span> <span class='ocrx_word' id='word_1_672' title='bbox 2317 2725 2362 2747; x_wconf 89' lang='lat' dir='ltr'>nu</span> <span class='ocrx_word' id='word_1_673' title='bbox 2395 2721 2407 2740; x_wconf 64' lang='grc' dir='ltr'><strong>ἲ</strong></span> <span class='ocrx_word' id='word_1_674' title='bbox 2421 2731 2426 2739; x_wconf 56' lang='lat' dir='ltr'>v</span> 
     </span>
     <span class='ocr_line' id='line_1_116' title="bbox 1401 2768 2404 2813; baseline -0.004 -9"><span class='ocrx_word' id='word_1_675' title='bbox 1401 2778 1531 2813; x_wconf 87' lang='lat' dir='ltr'>possent</span> <span class='ocrx_word' id='word_1_676' title='bbox 1545 2773 1806 2812; x_wconf 84' lang='lat' dir='ltr'>tergiversatione</span> <span class='ocrx_word' id='word_1_677' title='bbox 1818 2773 1928 2810; x_wconf 86' lang='lat' dir='ltr'>celari,</span> <span class='ocrx_word' id='word_1_678' title='bbox 1945 2772 2051 2803; x_wconf 86' lang='lat' dir='ltr'>eidem</span> <span class='ocrx_word' id='word_1_679' title='bbox 2067 2771 2214 2811; x_wconf 87' lang='lat' dir='ltr'>episcopo</span> <span class='ocrx_word' id='word_1_680' title='bbox 2226 2768 2404 2801; x_wconf 82' lang='lat' dir='ltr'>Tusculan-</span> 
     </span>
     <span class='ocr_line' id='line_1_117' title="bbox 1402 2821 2404 2866; baseline -0.003 -9"><span class='ocrx_word' id='word_1_681' title='bbox 1402 2827 1583 2858; x_wconf 78' lang='lat' dir='ltr'>satisfacere</span> <span class='ocrx_word' id='word_1_682' title='bbox 1597 2826 1903 2857; x_wconf 89' lang='lat' dir='ltr'>contumaciternon</span> <span class='ocrx_word' id='word_1_683' title='bbox 1922 2829 2086 2862; x_wconf 89' lang='lat' dir='ltr'>curarunt,</span> <span class='ocrx_word' id='word_1_684' title='bbox 2105 2823 2259 2855; x_wconf 87' lang='lat' dir='ltr'>suadente</span> <span class='ocrx_word' id='word_1_685' title='bbox 2270 2821 2404 2866; x_wconf 51' lang='grc' dir='ltr'>311511“χ;</span> 
     </span>
     <span class='ocr_line' id='line_1_118' title="bbox 1401 2871 2425 2917; baseline -0.004 -7"><span class='ocrx_word' id='word_1_686' title='bbox 1401 2879 1542 2910; x_wconf 90' lang='lat' dir='ltr'>similem</span> <span class='ocrx_word' id='word_1_687' title='bbox 1576 2880 1915 2910; x_wconf 85' lang='lat' dir='ltr'>excommunicationis</span> <span class='ocrx_word' id='word_1_688' title='bbox 1952 2879 2143 2910; x_wconf 86' lang='lat' dir='ltr'>sententiam</span> <span class='ocrx_word' id='word_1_689' title='bbox 2177 2871 2398 2917; x_wconf 71' lang='lat' dir='ltr'>promulgavi¹</span> <span class='ocrx_word' id='word_1_690' title='bbox 2422 2871 2425 2874; x_wconf 53' lang='lat'><strong>⁴</strong></span> 
     </span>
     <span class='ocr_line' id='line_1_119' title="bbox 1402 2929 2399 2972; baseline -0.004 -8"><span class='ocrx_word' id='word_1_691' title='bbox 1402 2932 1484 2964; x_wconf 90' lang='lat' dir='ltr'>Cum</span> <span class='ocrx_word' id='word_1_692' title='bbox 1496 2933 1603 2972; x_wconf 88' lang='lat' dir='ltr'>itaque</span> <span class='ocrx_word' id='word_1_693' title='bbox 1616 2933 1693 2963; x_wconf 87' lang='lat' dir='ltr'>dicti</span> <span class='ocrx_word' id='word_1_694' title='bbox 1704 2933 1943 2964; x_wconf 88' lang='lat' dir='ltr'>Cameracensis</span> <span class='ocrx_word' id='word_1_695' title='bbox 1957 2931 2095 2971; x_wconf 87' lang='lat' dir='ltr'>episcopi</span> <span class='ocrx_word' id='word_1_696' title='bbox 2111 2936 2175 2961; x_wconf 86' lang='lat' dir='ltr'>tam</span> <span class='ocrx_word' id='word_1_697' title='bbox 2190 2929 2350 2961; x_wconf 85' lang='lat' dir='ltr'>horrenda</span> <span class='ocrx_word' id='word_1_698' title='bbox 2378 2942 2399 2959; x_wconf 47' lang='grc' dir='ltr'>ιε</span> 
     </span>
     <span class='ocr_line' id='line_1_120' title="bbox 1402 2984 2405 3028; baseline -0.004 -10"><span class='ocrx_word' id='word_1_699' title='bbox 1402 2987 1534 3018; x_wconf 86' lang='lat' dir='ltr'>meritas</span> <span class='ocrx_word' id='word_1_700' title='bbox 1553 2992 1583 3018; x_wconf 90' lang='lat' dir='ltr'>et</span> <span class='ocrx_word' id='word_1_701' title='bbox 1604 2987 1808 3018; x_wconf 87' lang='lat' dir='ltr'>horribilium</span> <span class='ocrx_word' id='word_1_702' title='bbox 1827 2991 2020 3028; x_wconf 83' lang='lat' dir='ltr'>patratorum</span> <span class='ocrx_word' id='word_1_703' title='bbox 2039 2984 2226 3025; x_wconf 81' lang='lat' dir='ltr'>hujusmodi</span> <span class='ocrx_word' id='word_1_704' title='bbox 2242 2990 2405 3024; x_wconf 59' lang='lat' dir='ltr'>presumm-</span> 
     </span>
     <span class='ocr_line' id='line_1_121' title="bbox 1403 3037 2404 3080; baseline -0.004 -8"><span class='ocrx_word' id='word_1_705' title='bbox 1403 3043 1445 3072; x_wconf 88' lang='lat' dir='ltr'>tio</span> <span class='ocrx_word' id='word_1_706' title='bbox 1460 3041 1687 3072; x_wconf 89' lang='lat' dir='ltr'>detestandain</span> <span class='ocrx_word' id='word_1_707' title='bbox 1703 3042 1794 3072; x_wconf 87' lang='lat' dir='ltr'>nobis</span> <span class='ocrx_word' id='word_1_708' title='bbox 1807 3045 1837 3071; x_wconf 88' lang='lat' dir='ltr'>et</span> <span class='ocrx_word' id='word_1_709' title='bbox 1849 3041 1999 3071; x_wconf 84' lang='lat' dir='ltr'>fratribus</span> <span class='ocrx_word' id='word_1_710' title='bbox 2015 3038 2144 3080; x_wconf 85' lang='lat' dir='ltr'>nostris,</span> <span class='ocrx_word' id='word_1_711' title='bbox 2159 3045 2218 3068; x_wconf 87' lang='lat' dir='ltr'>nec</span> <span class='ocrx_word' id='word_1_712' title='bbox 2225 3037 2357 3074; x_wconf 87' lang='lat' dir='ltr'>mirum,</span> <span class='ocrx_word' id='word_1_713' title='bbox 2374 3039 2404 3070; x_wconf 64' lang='lat'>2112</span> 
     </span>
     <span class='ocr_line' id='line_1_122' title="bbox 1401 3089 2410 3142; baseline -0.008 -15"><span class='ocrx_word' id='word_1_714' title='bbox 1401 3096 1541 3136; x_wconf 85' lang='lat' dir='ltr'>amplius</span> <span class='ocrx_word' id='word_1_715' title='bbox 1555 3095 1770 3135; x_wconf 88' lang='lat' dir='ltr'>multiplicent</span> <span class='ocrx_word' id='word_1_716' title='bbox 1782 3099 1812 3126; x_wconf 89' lang='lat' dir='ltr'>et</span> <span class='ocrx_word' id='word_1_717' title='bbox 1823 3093 2046 3126; x_wconf 87' lang='lat' dir='ltr'>commotionis</span> <span class='ocrx_word' id='word_1_718' title='bbox 2058 3091 2163 3122; x_wconf 88' lang='lat' dir='ltr'>valide</span> <span class='ocrx_word' id='word_1_719' title='bbox 2173 3094 2204 3122; x_wconf 87' lang='lat' dir='ltr'>et</span> <span class='ocrx_word' id='word_1_720' title='bbox 2215 3089 2410 3142; x_wconf 42' lang='lat' dir='ltr'>turbation3.</span> 
     </span>
    </p>
   </div>
  </div>
 </body>
</html>
