2342 3652
929 372 1157 408 DEUXIEME
1178 372 1337 407 ANNEE.
2118 384 2170 415 331

92 452 126 477 ut
140 447 244 477 locum
265 446 387 484 ipsum,
414 453 484 474 cum
503 444 650 474 domibus
666 448 695 473 et
713 444 916 482 pertinentiis
938 445 1020 480 suis,
1039 453 1092 482 pro

91 509 152 539 quo
164 499 285 538 justum
306 498 443 536 pretium
462 496 585 526 solvere
607 501 654 525 est
675 501 819 534 paratus,
839 497 899 526 sibi
921 497 1093 526 concedere

90 553 307 591 dignaremur.
325 550 430 588 Ipsius
450 550 558 587 itaque
582 549 718 587 episcopi
742 549 1026 587 supplicationibus
1041 549 1092 578 in-

91 604 214 640 clinati,
233 602 422 633 discretioni
442 608 492 631 tue
510 611 563 640 per
578 601 749 640 apostolica
767 602 883 640 scripta
901 601 1092 631 mandamus

91 661 244 698 quatenus
261 656 439 695 predictum
456 655 572 689 locum,
592 663 665 684 cum
681 654 827 684 domibus
844 659 874 684 et
890 655 1092 693 pertiuentiis

91 711 173 746 suiS,
189 709 291 739 eidem
315 710 476 747 episcopo,
496 716 553 737 suo
576 712 606 737 et
630 708 773 745 ejusdem
791 707 922 737 ecclesie
941 708 1090 743 nomine,

90 751 272 793 auctoritate
291 767 397 791 nostra
413 761 530 790 vendas
547 769 602 798 pro
618 761 718 798 pretio
735 760 939 798 competenti,
957 769 1004 793 ac,
1023 760 1090 788 fra-

90 816 190 846 tribus
206 815 282 844 dicti
305 814 365 844 loci
384 814 569 843 cedentibus
585 813 635 842 vel
650 813 895 848 decedentibus,
913 813 1090 851 predictum

92 869 280 908 episcopum,
298 872 352 897 ant
366 866 466 896 alium
484 875 538 905 pro
557 875 603 902 eo,
622 867 656 895 in
674 866 744 899 loci,
763 865 929 895 domorum
948 870 977 895 et
993 866 1089 904 perti-

91 921 270 951 nentiarum
298 920 366 959 ejus
390 919 605 959 predictorum
634 918 829 956 corporalem
860 920 1090 957 possessionem

92 974 199 1005 eadem
223 973 409 1003 auctoritate
436 972 568 1002 inducas
589 977 619 1001 et
636 972 788 1001 defendas
809 972 986 1001 inductum.
1005 971 1090 1001 Con·

93 1026 271 1057 tradictores
287 1030 344 1056 etc.
365 1025 508 1055 Pretium
532 1030 638 1055 autem
659 1025 743 1064 quod
760 1034 796 1055 ex
814 1025 997 1054 venditione
1015 1025 1091 1054 dicti

90 1079 149 1111 loci
163 1079 318 1118 receperis
333 1079 430 1109 facias
445 1080 477 1108 in
495 1078 601 1117 aliquo
617 1083 680 1108 tuto
695 1078 775 1114 loco,
793 1083 900 1108 nostro
915 1083 945 1108 et
960 1078 1091 1108 ecclesie

90 1142 218 1165 romane
235 1133 378 1171 nomine,
394 1133 463 1162 sine
482 1133 696 1172 diminutione
712 1132 840 1171 deponi,
858 1133 892 1162 in
908 1132 1090 1162 subsidium

90 1187 184 1217 Terre
199 1185 313 1216 Sancte
324 1190 378 1216 aut
390 1185 481 1222 alias,
493 1187 584 1224 juxta
601 1190 743 1216 tenorem
757 1186 996 1216 constitutionis
1010 1187 1090 1224 ejus-

90 1239 160 1269 dem
173 1261 182 1276 ‚
198 1238 398 1276 integraliter
421 1239 684 1268 convertendum.
702 1238 859 1269 Volumus
881 1243 986 1268 auten]
1004 1238 1090 1277 quod

90 1301 182 1331 super
198 1291 383 1321 venditione
405 1296 435 1321 et
460 1291 658 1330 depositione
677 1291 860 1330 hujusmodi
878 1300 933 1330 pro
951 1291 1090 1329 singulis

89 1353 162 1376 vero
183 1345 367 1384 hujusmodi
383 1350 603 1375 contractuum
621 1346 716 1375 facias
736 1346 805 1375 fieri
826 1346 888 1375 duo
905 1345 1022 1375 similia
1037 1355 1091 1384 pu-

89 1398 405 1434 blicainstrumenta,
423 1397 461 1427 de
477 1398 594 1436 quibus
609 1398 672 1428 duo
690 1407 786 1437 penes
804 1403 831 1428 te
850 1399 998 1435 retinere,
1014 1398 1090 1428 reli-

89 1460 150 1491 qua
166 1456 273 1481 autem
296 1451 357 1481 duo
384 1451 476 1481 nohis
497 1451 639 1486 mittere,
667 1460 793 1481 necnon
819 1456 848 1481 et
872 1461 890 1480 a
913 1453 1090 1490 quantitate

71 1537 74 1540 ,
89 1504 188 1544 ipsius
205 1504 297 1543 pretii
312 1509 341 1533 et
357 1504 460 1534 locum
479 1505 534 1534 ubi
549 1505 632 1534 dicta
648 1505 785 1543 pecunia
800 1505 977 1544 deponetur
994 1510 1024 1535 et
1040 1514 1089 1535 co-

89 1566 156 1588 ram
171 1557 286 1596 quibus
301 1562 332 1587 et
349 1557 502 1596 quicquid
519 1567 614 1596 super
628 1558 689 1588 hoc
712 1559 824 1588 feceris
841 1559 932 1588 nobis
950 1568 1004 1597 per
1023 1564 1091 1589 tuas

91 1611 209 1641 litteras
225 1611 338 1641 harum
357 1611 471 1641 seriem
489 1613 689 1641 continentes
707 1612 857 1642 intimare
874 1612 1012 1642 fideliter
1026 1621 1090 1643 non

90 1664 226 1695 omittas.
248 1663 319 1693 Dat.
340 1664 457 1700 Rome,
475 1664 557 1702 apud
580 1664 730 1694 Sanctam
757 1665 891 1694 Mariam
918 1665 1090 1704 Maiorem,

90 1726 143 1747 xm
157 1717 310 1747 kalendas
323 1717 476 1756 januarii,
493 1726 580 1748 anno
595 1718 744 1748 secundo.
766 1731 780 1745 π»

159 1951 179 1978 Ι
187 1949 272 1980 '292

124 2012 308 2047 Dispensatio
341 2020 429 2047 super
457 2012 570 2039 defectu
600 2012 742 2041 ordinum.
774 2013 856 2046 (Rau.
892 2015 940 2048 44,
969 2024 994 2042 c.
1026 2016 1090 2047 671,

89 2059 108 2087 f.
124 2060 172 2093 261
195 2063 243 2092 νο.)

332 1950 698 1985 Sainte-Marie-Majeure‚
717 1951 750 1978 2³0
768 1952 924 1979 novembre
941 1953 1019 1980 ¹289.

127 2189 258 2223 Nicolao,
271 2190 452 2227 presbytew,
468 2191 578 2219 rectori
589 2191 705 2220 ecclesie
721 2192 755 2220 de
773 2192 938 2230 Templons,
953 2195 1091 2224 Leodien-

89 2243 130 2271 sis
157 2242 296 2279 diocesis,
323 2242 489 2272 confirmat
520 2244 772 2274 instrumentum
802 2254 865 2284 quo
892 2247 1089 2284 Matthaeus,

90 2293 196 2324 Sancti
213 2295 379 2325 Laurentii
402 2296 436 2325 in
458 2296 596 2326 Damaso
622 2297 814 2334 cardinalis,
834 2308 906 2328 cum
932 2300 1092 2337 praedicto

90 2346 220 2378 Nicolao
255 2347 452 2387 dispensavit
487 2354 521 2379 ut
549 2349 716 2380 ecclesiam
746 2351 784 2381 de
822 2352 1008 2390 Templons,
1040 2362 1092 2384 cu-

89 2408 156 2429 ram
180 2399 369 2439 habentem,
392 2410 448 2440 pro
473 2411 535 2440 qua
558 2403 643 2432 infra
667 2412 790 2433 annum
812 2405 1035 2443 presbyterum
1059 2416 1092 2437 se

90 2454 265 2491 promoveri
281 2462 345 2483 non
364 2454 452 2491 fecit,
472 2458 612 2485 retinere
630 2455 760 2493 valeret,
777 2456 950 2488 dummodo
970 2464 1090 2498 partem

89 2504 250 2536 fructuum
272 2507 386 2537 illicite
407 2514 626 2547 perceptorum
651 2510 685 2539 in
708 2510 848 2549 aliquam
872 2511 972 2550 ipsius
992 2514 1090 2544 eccle-

90 2558 155 2589 siae
167 2559 336 2590 utilitatem
352 2566 559 2593 converteret.
578 2563 682 2593 Tenor
695 2568 802 2594 autem
815 2564 1025 2596 instrumenti
1038 2567 1091 2597 hic

90 2615 157 2642 est:

130 2676 144 2691 ι
173 2665 282 2696 Frater
310 2666 470 2703 Matheus,
499 2668 705 2699 miseratione
735 2669 846 2699 divina
872 2670 956 2701 tituli
982 2672 1090 2703 Sancti

91 2727 106 2745 ι
127 2718 290 2749 Laurentii
313 2721 346 2749 in
371 2721 510 2751 Damaso
529 2722 694 2761 presbyter
719 2724 909 2760 cardinalis,
926 2725 1040 2756 dilecto
1055 2728 1089 2757 in

90 2782 106 2798 ι
128 2770 253 2803 Christo
271 2773 419 2809 Nicolao,
436 2775 639 2814 presbytero,
658 2777 771 2806 rectori
794 2777 926 2807 ecclesie
941 2779 980 2808 de
999 2780 1090 2810 Tem-

89 2834 106 2851 »
129 2824 228 2863 plons,
248 2826 436 2856 Leodiensis
451 2827 598 2865 diocesis,
615 2828 750 2859 salutem
767 2830 800 2859 in
820 2831 970 2861 Domino.
992 2832 1090 2871 Expo-

91 2888 106 2904 ι
129 2878 187 2908 sita
203 2888 256 2917 per
270 2888 366 2909 nos...
378 2897 418 2902 —
434 2881 505 2910 Dat.
521 2882 634 2919 Rome,
646 2892 701 2912 vni
718 2883 790 2913 idus
805 2885 999 2922 novembris,
1014 2895 1090 2924 pon-

91 2940 106 2956 ι
129 2930 262 2962 tificatus
278 2933 378 2963 donni
395 2933 519 2964 Nicolai
535 2935 603 2965 1111
620 2944 705 2965 anno
723 2937 874 2966 secundo.
894 2950 907 2964 n

130 2994 145 3010 «
161 2983 246 3014 Licet
261 2995 297 3014 ea
311 2995 394 3024 qne..
406 3010 411 3016 .
423 3002 463 3009 -
474 2987 545 3017 Dat.
563 2987 677 3025 Rome,
693 2989 776 3026 apud
790 2989 938 3020 Sanctam
954 2992 1089 3022 Mariam

89 3034 252 3075 Maiorem,
269 3047 311 3067 ΧΗ
329 3037 482 3069 kalendas
497 3039 686 3076 decembris,
703 3049 789 3071 anno
806 3043 956 3073 secundo.
975 3056 990 3070 »

1250 443 1366 471 ¹293
1433 443 1787 479 Sainte-Marie-Majeure,
1806 447 1844 472 12¹
1859 447 2009 474 decembre
2028 449 2101 476 1289.

1210 504 1396 539 Dispensatio
1412 514 1499 541 super
1513 507 1627 533 defectu
1644 509 1815 535 residentiae
1832 514 1858 535 et
1875 510 2016 536 ordinum.
2034 511 2115 542 (Rso.
2131 513 2174 545 44,

1174 561 1198 579 c.
1216 553 1276 584 67⁴2,
1294 554 1313 579 i.
1331 554 1381 581 262>
1398 556 1445 587 ιθ.)

1213 655 1369 690 Βαάιι[]·Ιιο
1386 657 1419 685 de
1434 658 1590 693 Alamcinl,
1606 660 1714 687 rectori
1732 660 1847 688 ecclesie
1863 661 1897 688 de
1915 660 2174 700 Ysconacamelup,

1179 708 1392 743 li'iyorniensis
1409 710 1542 746 diocesis,
1561 712 1674 740 merito
1690 711 1834 741 Oddonis
1849 712 1887 742 de
1904 713 2113 749 Grandisono,
2129 715 2176 743 in-

1173 759 1283 796 dulget
1299 766 1332 789 ut
1348 760 1381 789 in
1399 761 1531 791 ecclesia
1547 763 1586 791 de
1602 763 1884 802 Ystonacantelup,
1901 766 1991 803 cnjus
2008 771 2175 804 perpetuus

1174 812 1315 841 vicarius
1330 818 1387 848 est,
1402 814 1541 843 residere
1558 818 1587 844 et
1604 816 1838 854 presbyteratus
1854 817 2000 847 ordinem
2016 819 2176 857 suscipere

1172 872 1228 902 per
1243 865 1504 902 quinquennium
1522 874 1585 895 non
1605 872 1757 896 teneatur.

1214 929 1228 943 α
1250 918 1363 946 Merita
1387 923 1438 947 tue
1460 918 1674 949 devotionis...
1691 936 1728 942 —
1747 921 1815 949 Dat.
1837 921 1953 956 Rome,
1972 923 2055 960 apud
2077 923 2175 954 Sanc-

1177 973 1237 998 tam
1263 970 1401 999 Mariam
1426 971 1596 1010 Majorem,
1625 971 1771 1001 kalendis
1796 973 1989 1012 decembris,
2013 984 2097 1005 anno
2127 985 2176 1005 se-

1173 1023 1288 1052 cundo.
1308 1035 1321 1049 »

1246 1210 1266 1237 1
1275 1209 1361 1237 ¹794

1208 1272 1254 1298 Ad
1270 1272 1466 1298 collectionem
1483 1273 1610 1299 decimae
1630 1274 1689 1307 regi
1714 1273 1827 1300 Siciliae
1848 1283 2012 1301 concessae.
2033 1276 2115 1307 (Risu.
2133 1277 2176 1307 44,

1172 1328 1197 1346 c.
1215 1320 1287 1350 672²,
1305 1321 1324 1347 f.
1341 1320 1391 1347 26?
1409 1327 1450 1352 νη
1466 1320 1531 1347 Lar.
1549 1330 1584 1348 nc
1600 1321 1701 1352 Tuam,
1718 1322 1769 1354 Π.)

1435 1209 1795 1244 Sainte-Marie-Majeure,
1814 1211 1846 1238 23
1863 1211 2012 1238 decembre
2029 1213 2106 1240 1289.

1219 1423 1384 1452 Venerabili
1403 1424 1500 1458 fratri
1525 1424 1685 1459 Gausrido,
1704 1426 1836 1461 episcopo
1863 1425 2051 1462 Vapincensi.
2076 1438 2088 1452 ιι
2110 1426 2176 1455 Dn-

1172 1475 1249 1504 dnm
1265 1475 1484 1505 collectionem
1503 1475 1626 1504 decime
1642 1476 1808 1506 carissimo
1824 1477 1856 1506 in
1874 1477 2001 1507 Christo
2019 1478 2084 1508 filio
2104 1487 2177 1509 uos-

1173 1531 1220 1557 tro
1235 1527 1363 1563 Carolo,
1381 1529 1446 1565 regi
1464 1527 1572 1557 Sicilie
1588 1528 1721 1565 illustri,
1739 1538 1794 1567 pro
1808 1530 1872 1559 suis
1889 1530 2002 1568 suique
2019 1532 2108 1568 regni
2125 1541 2178 1561 ne-

1172 1581 1386 1617 cessitatibus,
1404 1582 1440 1610 in
1458 1582 1600 1620 Aquensi
1615 1606 1621 1617 ,
1640 1582 1878 1619 Ebrednnensi,
1896 1584 2131 1614 Tarantasiensi
2148 1590 2178 1614 et

1172 1634 1353 1664 Arelatensi
1378 1634 1559 1672 provintiis,
1578 1635 1744 1664 nonnullis
1763 1636 1851 1664 terris
1872 1636 2027 1666 dictarum
2051 1637 2176 1676 provin-

1175 1688 1289 1717 tiarum
1309 1689 1463 1725 exceptis.
1488 1697 1541 1726 per
1561 1688 1639 1717 certi
1659 1689 1806 1726 temporis
1822 1689 1959 1727 spatium
1975 1699 1992 1718 a
2010 1690 2099 1719 nobis
2119 1691 2178 1720 sub

1174 1746 1257 1770 certa
1282 1742 1383 1771 forma
1403 1750 1568 1777 concesse,
1593 1750 1630 1770 ac
1648 1742 1742 1770 etiam
1765 1742 1964 1771 auditionem
1991 1751 2046 1772 sen
2070 1752 2176 1782 recep—

1174 1795 1291 1824 tionem
1317 1795 1455 1833 computi
1479 1804 1497 1824 a
1522 1794 1698 1824 venerabili
1718 1795 1812 1824 fratre
1830 1800 1976 1825 nostro..
1999 1796 2176 1835 archiepis-

1175 1856 1250 1886 copo
1277 1848 1459 1877 Arelatensi
1485 1853 1514 1877 et
1541 1847 1612 1876 aliis
1642 1847 1862 1877 collectoribus
1886 1848 2009 1878 decime
2034 1857 2181 1879 concesse

1174 1901 1329 1931 hactenus
1345 1901 1428 1930 clare
1445 1902 1600 1930 memorie
1613 1901 1662 1936 C.,
1681 1901 1747 1939 regi
1764 1901 1883 1932 Sicilie.
1902 1902 1981 1940 patri
1996 1903 2078 1939 regis
2094 1903 2180 1941 ejus-

1175 1954 1265 1990 dem,
1290 1955 1323 1983 in
1349 1954 1549 1984 comitatibus
1577 1954 1740 1983 Provintie
1767 1960 1795 1983 et
1822 1954 2081 1993 Forchalquerii,
2105 1956 2177 1991 tibi,

1175 2011 1250 2036 tunc
1267 2006 1397 2036 ecclesie
1414 2008 1565 2045 Aptensis
1582 2007 1750 2045 preposito,
1765 2016 1820 2045 per
1837 2012 1959 2037 nostras
1978 2008 2109 2044 litteras,
2129 2014 2180 2039 tuo

1173 2061 1207 2090 in
1229 2061 1273 2089 eis
1299 2069 1444 2098 expresso
1471 2061 1616 2096 nomine,
1643 2061 1793 2090 duximus
1816 2061 2071 2092 committendas,
2097 2061 2178 2092 Cum

1173 2118 1280 2143 autem
1298 2113 1376 2143 facte
1392 2122 1447 2151 per
1465 2121 1522 2142 nos
1538 2113 1752 2143 concessionis
1767 2113 1890 2143 decime
1911 2113 1992 2144 dicto
2012 2115 2077 2151 regi
2098 2123 2178 2143 non-

1174 2167 1249 2196 dum
1281 2172 1404 2206 tempus
1427 2167 1582 2196 effluxerit
1613 2175 1716 2205 neque
1745 2164 1929 2204 hujusmodi
1952 2173 2137 2206 computum
2160 2176 2177 2197 a

1173 2221 1393 2250 collectoribus
1406 2221 1561 2258 receperis
1572 2219 1768 2256 memoratis,
1782 2220 1970 2249 fraternitati
1989 2225 2039 2250 tue
2052 2229 2176 2258 presen-

1175 2274 1255 2303 tium
1276 2273 1462 2303 auctoritate
1485 2273 1713 2303 committimus
1734 2272 1790 2302 tibi
1810 2272 2041 2302 nichilominus
2064 2274 2176 2311 iii-iun-

1173 2332 1285 2366 gentes
1305 2331 1462 2366 quatenus
1484 2336 1578 2365 snper
1603 2326 1765 2365 premissis
1795 2331 1825 2355 et
1851 2326 1923 2355 aliis
1948 2326 2096 2355 omnibus
2117 2327 2176 2356 hn-

1171 2382 1315 2422 jusmodi
1338 2382 1500 2420 negotium
1532 2381 1728 2411 decimarum
1761 2382 1964 2418 tangentibus
1995 2381 2028 2410 in
2059 2381 2176 2410 nostris

1173 2437 1310 2466 diversis
1322 2435 1379 2466 tibi
1392 2436 1498 2465 missis
1511 2440 1541 2464 et
1555 2436 1712 2465 concessis
1726 2434 1840 2464 litteris
1857 2443 2003 2472 expresse
2019 2435 2176 2464 contentis

1174 2490 1342 2529 procedere
1360 2489 1487 2519 studeas
1502 2489 1591 2527 juxta
1607 2487 1782 2517 earundem
1804 2492 1984 2517 nostrarum
2007 2487 2175 2517 continen-

1175 2544 1232 2573 tias
1250 2543 1442 2573 litterarum.
1462 2542 1532 2571 Dat.
1553 2542 1667 2577 Rome,
1686 2541 1768 2579 apud
1788 2541 1936 2570 Sanctam
1954 2540 2088 2569 Mariam
2105 2540 2175 2569 Ma·

1170 2598 1285 2636 j01em‚
1303 2605 1322 2626 x
1338 2595 1491 2625 kalendas
1505 2594 1660 2633 januarii,
1678 2602 1763 2623 anno
1780 2593 1929 2625 secundo.
1948 2604 1962 2618 r>

1212 2781 1232 2808 Ι
1242 2780 1366 2808 '2954
1375 2779 1460 2807 29ss
1472 2775 1828 2809 Sainte-Marie-Majeure,
1848 2775 1884 2800 1⁶¹
1899 2773 2049 2801 decembre
2060 2773 2139 2801 1289.

1207 2842 1326 2869 Collatio
1347 2841 1475 2868 beneficii
1492 2844 1517 2865 et
1535 2838 1710 2873 dispensatio
1733 2845 1819 2871 super
1838 2837 1997 2871 pluralitate
2018 2836 2175 2863 beneficio—

1173 2899 1246 2918 rum.
1264 2891 1347 2923 (Rsc.
1364 2891 1407 2919 44.
1426 2898 1452 2916 c.
1469 2888 1529 2919 673,
1549 2888 1568 2913 f.
1585 2888 1634 2913 ²262
1651 2887 1699 2918 1'0.)

1215 2993 1345 3022 Gerardo
1364 2991 1396 3019 de
1425 2986 1735 3027 Wippens,‘canonico
1758 2988 1951 3022 Eboracensi,
1975 2986 2087 3016 merito
2108 2985 2172 3016 Od-

1173 3045 1267 3076 donis
1282 3042 1548 3081 deffGrandisonQ
1563 3039 1713 3069 avunculi
1730 3040 1755 3077 ej
1763 3049 1810 3075 ns,
1823 3044 2025 3078 personatum
2042 3038 2091 3067 vel
2107 3037 2175 3075 dig-
