2342 3652
608 331 826 371 PREMIERE
848 329 1003 370 ANNEE.
1029 355 1067 360 —-
1089 338 1275 368 LETTRES
1299 338 1522 368 CURIALES.
2056 341 2110 370 119

98 410 189 439 600

64 474 184 501 Litterae
195 472 229 498 ad
238 471 365 502 Elenam,
379 472 507 505 reginam
519 470 695 503 Sclavorum,
708 470 742 496 de
753 469 940 509 conversione
956 468 1024 495 filio-

31 531 92 551 rum
106 523 178 556 ejuS,
196 519 332 554 Stephani
348 524 375 546 et
391 519 497 546 Urosii.
511 519 593 552 (Res.
612 519 655 550 44,
672 527 697 545 c.
715 518 757 550 33,
771 519 790 545 f.
803 518 836 545 93
847 526 893 550 v⁰;
908 517 1024 548 Poma,

31 571 136 603 22763.)

665 407 751 437 Rieti,
766 407 781 433 S
792 408 859 433 aout
876 406 953 432 1288,

70 686 229 716 Carissime
242 685 274 713 in
286 683 402 713 Christo
411 685 473 720 filie
483 685 583 715 Elene,
596 684 698 720 reyz‘ne
706 683 882 712 Sclavorztm
897 682 1024 718 illustri,

32 743 155 772 salutem
172 745 199 769 ec
219 740 411 776 apostolicam
430 739 672 767 benedictionem.
692 737 770 766 Eam
786 736 931 766 hortatur
947 745 1024 774 qua-

32 799 120 825 tenus
133 791 214 822 filios
232 800 320 826 suOS‚
340 791 537 829 Stephanum
556 794 586 820 et
604 790 772 825 Urosium,
790 798 879 826 reges
896 789 1024 819 Sclavo—

32 855 119 884 rum,
135 845 263 876 inducat
283 849 318 873 ut
335 845 375 873 ad
396 844 472 873 fidei
492 843 687 873 christianae
707 843 860 872 unitatem
876 842 1024 878 redeant,

31 900 207 937 litterasque
225 897 263 927 ad
284 898 368 936 ipsos
383 906 439 936 per
455 897 618 926 Marinum
637 900 666 925 et
680 896 895 935 Cyprianum‚
913 896 1025 924 fratres

32 953 148 986 ordinis
163 951 343 986 minorum,
366 951 459 986 latas,
479 950 619 987 henigne
634 950 804 988 accipiant.

0 988 1 1004 ³
69 1019 83 1036 ι
99 1005 219 1036 Gratias
239 1005 363 1042 agimus
378 1004 593 1041 gratiarum...
611 1020 649 1025 —
668 1003 739 1032 Dat.
760 1004 879 1037 Reate,
902 1013 933 1032 VI
952 1002 1024 1032 idus

32 1060 167 1099 augusti,
183 1066 267 1088 anno
282 1057 394 1096 primo.
415 1069 429 1101 '’.

66 1307 108 1335 De
126 1307 214 1342 pretio
238 1306 383 1333 sexdecim
406 1305 551 1339 galearum
576 1304 723 1331 solvendo,
746 1304 829 1335 (Rea.
858 1304 908 1335 44,
929 1313 952 1330 c,
979 1304 1026 1338 34,

34 1357 53 1384 f.
68 1356 100 1384 93
113 1357 163 1388 v⁰.)

639 1242 727 1273 Rieti,
746 1241 777 1268 12
794 1243 859 1268 aout
880 1241 954 1268 1288.

77 1471 292 1501 Venerabilibus
313 1471 462 1507 fratribus
487 1493 506 1499 ..
534 1470 754 1507 archiepiscopo
777 1471 945 1499 Arelatensi
963 1475 990 1499 et
1007 1493 1027 1499 ..

38 1524 228 1554 Gavallicensi
242 1533 275 1553 ac
290 1545 310 1553 ..
326 1524 504 1553 Tholonensi
516 1525 658 1561 episcopis
674 1524 805 1553 mandat
819 1528 976 1562 quatenus
992 1523 1030 1553 de

36 1577 165 1617 pecunia
172 1577 312 1607 decimae
322 1577 356 1607 in
369 1577 560 1607 Provinciae
574 1577 716 1616 partibus
729 1586 786 1616 pro
797 1577 925 1615 negotio
938 1578 1030 1615 regni

38 1629 158 1661 Siciliae
172 1638 347 1666 concessae,
365 1630 535 1660 Francisco
547 1630 723 1666 Ranuchii‚
741 1630 779 1660 de
792 1630 932 1660 filiorum
948 1631 1031 1660 Bon—

38 1683 174 1722 signoris
183 1683 221 1713 de
236 1683 341 1720 Senis,
360 1692 396 1713 ac
411 1684 534 1714 Probae
554 1683 698 1720 Comitis,
718 1683 755 1713 de
772 1684 1031 1714 Amannatorurn

38 1735 75 1766 de
86 1736 217 1766 Pistor-io
232 1737 444 1774 societatibus,
463 1737 599 1767 Senensi
615 1741 645 1766 et
661 1737 851 1767 Pistoriensi
863 1737 986 1767 civibus
1002 1741 1032 1767 et

38 1789 273 1827 mercatoribus,
291 1790 329 1820 de
347 1790 497 1820 mandato
515 1790 649 1820 Martini
666 1795 696 1820 et
718 1790 855 1821 Honorii
878 1799 1031 1829 paparum

39 1841 209 1881 assignata,
231 1843 374 1883 quinque
398 1843 502 1873 millia
528 1843 685 1873 librarum
706 1844 930 1874 turonensium
957 1853 1031 1882 par-

39 1903 144 1925 vorum
165 1895 288 1926 solvant
312 1897 568 1936 competentibus
587 1898 731 1936 personis
745 1897 955 1934 Provinciae,
976 1906 1032 1936 pro

38 1947 138 1979 valore
149 1949 306 1980 sexdecim
319 1955 383 1980 tam
396 1950 561 1988 galearum
572 1960 670 1989 quam
685 1959 832 1981 vasorum
843 1951 1031 1981 earumdem

39 2009 255 2040 personarum,
277 2012 358 2042 quae
375 2003 479 2033 clarae
494 2004 669 2034 memoriae
685 2004 815 2034 Carolus
831 2013 884 2034 rex
901 2003 1032 2034 Siciliae

0 2075 4 2078 -
40 2061 141 2084 secum
157 2055 240 2085 inter
262 2056 476 2095 quadraginta
492 2056 556 2087 alia
582 2057 621 2087 de
645 2057 816 2087 Provincia
836 2058 870 2087 in
895 2066 1032 2095 regnum

39 2105 160 2138 Siciliae
185 2108 292 2145 duxit,
317 2113 347 2139 et
371 2119 467 2148 quae,
492 2115 618 2140 mortuo
632 2110 764 2147 Carolo,
787 2110 838 2148 G.,
867 2111 1032 2150 episcopus

39 2157 216 2192 sabinensis
227 2185 236 2199 ‚
252 2162 440 2201 apostolicae
456 2163 538 2193 sedis
554 2163 693 2202 legatus,
710 2165 857 2198 retinuit,
875 2165 1032 2203 promissa

39 2213 199 2252 praedictis
214 2216 355 2254 personis
371 2217 594 2247 satisfactione.

77 2277 91 2292 ι
107 2266 208 2298 Habet
225 2270 357 2299 assertio
382 2270 612 2300 venerabilis...
634 2287 672 2292 -—
688 2271 760 2301 Dat.
778 2271 893 2307 Reate,
918 2280 939 2300 11
959 2270 1032 2300 idus

39 2320 168 2358 augusti,
185 2330 270 2352 anno
285 2323 396 2361 primo.
422 2335 435 2350 n

105 2505 191 2535 602

73 2565 111 2594 Ut
123 2575 217 2604 supra.
237 2569 316 2601 (Reo-
335 2569 383 2603 44,
400 2578 428 2597 c.
445 2571 491 2601 35,
508 2571 527 2598 f.
544 2572 577 2599 94
594 2573 642 2605 r0.)

645 2509 732 2541 Rieu,
752 2510 783 2537 v1⁶2
798 2512 865 2537 aont
881 2510 958 2538 1:³88.

77 2681 181 2712 Dilecto
195 2683 259 2721 filio
274 2685 432 2715 Francisco
447 2687 596 2717 Ranuchii
607 2711 614 2724 ,
633 2688 666 2717 de
680 2688 817 2725 filiorum
838 2689 1033 2726 Bonsiynoris

41 2733 73 2763 de
84 2733 179 2774 Senis,
194 2742 221 2767 el
237 2738 329 2768 Probe
344 2739 476 2777 Comitis,
494 2733 739 2771 Amannalorum
752 2743 786 2772 de
801 2743 932 2772 Pistorio
946 2743 1032 2772 socie·

43 2788 164 2825 tatibus,
199 2789 322 2820 Senensi
354 2797 379 2820 et
412 2793 590 2822 Pistoriensi
622 2795 738 2824 civibus
766 2801 792 2824 el
816 2796 1034 2825 mercatoribus

41 2838 222 2881 senensibus,
239 2844 369 2874 mandat
386 2850 544 2884 quatenus
561 2869 581 2875 ..
600 2847 837 2887 archiepiscopo
852 2848 1033 2878 Arelatensi

42 2893 249 2932 supradictam
272 2906 430 2927 summam
452 2899 595 2938 quinque
615 2899 755 2930 millium
775 2901 931 2932 librarum
948 2907 1033 2932 turo-

42 2947 188 2977 nensium
205 2949 378 2987 assignent.

81 3009 95 3025 ι
112 2999 213 3031 Habet
226 3003 358 3033 assertio
375 3004 604 3035 venerabilis...
618 3022 658 3028 —
670 3006 741 3036 Dat.
760 3011 794 3036 ut
809 3016 914 3046 supra.
932 3020 945 3035 n

1178 404 1263 432 8⁰3
1724 403 1811 436 Rieu,
1833 404 1863 430 12
1879 405 1945 430 aont
1964 404 2038 431 1288.

1142 465 1181 492 Ut
1197 475 1293 501 supra.
1310 466 1392 499 (Res.
1411 468 1453 499 44,
1470 475 1495 493 c.
1513 467 1556 498 36,
1573 467 1591 493 f.
1609 467 1641 494 94
1659 474 1698 499 r⁰;
1714 466 1782 493 LAP.
1798 475 1833 493 nu
1847 466 1945 498 Tui-zm,
1962 467 1985 499 I,
2005 468 2075 500 144.)

1153 568 1319 597 Venerabili
1334 570 1433 604 fratri
1455 590 1475 597 ..
1494 570 1716 607 archiepiscopo
1735 570 1905 598 Arelatensi
1930 569 2062 598 mandat
2079 573 2113 599 ut

1108 621 1322 659 supradictam
1355 630 1514 651 summam
1545 631 1567 657 a,
1592 621 1781 660 supradictis
1808 622 2038 652 mercatoribus
2062 631 2114 652 re-

1108 674 1215 713 cipiat.

1151 739 1164 753 «
1182 727 1264 757 Cum
1281 727 1405 757 dilectis
1424 727 1538 757 filiis...
1554 745 1591 749 —
1608 729 1680 757 Dat.
1701 733 1734 757 ut
1752 737 1856 766 supra.
1878 739 1890 755 n

1179 913 1267 942 604

1145 975 1204 1001 Sub
1230 975 1356 1002 dominio
1381 976 1502 1002 rectoris
1526 975 1638 1001 Massae
1659 975 1809 1001 Trabariae
1832 976 2047 1001 constituuntur
2071 975 2116 1001 di-

1108 1033 1191 1051 versa
1206 1028 1310 1051 castra.
1331 1024 1412 1055 (Rae.
1430 1025 1472 1057 44,
1489 1032 1515 1050 c.
1533 1024 1574 1054 37,
1593 1025 1612 1050 f.
1631 1024 1663 1050 94
1680 1029 1724 1054 1·⁰;
1742 1023 1859 1055 Porrn„
1876 1024 1986 1056 22760.)

1723 913 1811 944 Rieti,
1832 914 1867 939 10¹·
1882 915 1949 940 aout
1965 913 2044 940 1288.

1149 1127 1193 1155 Ad
1205 1131 1383 1163 perpetuam
1399 1128 1444 1154 rei
1458 1127 1648 1155 memoriam.
1664 1125 1811 1155 Declarat
1826 1130 1861 1155 ut
1875 1129 1977 1155 castra
1991 1129 2021 1155 et
2037 1126 2117 1155 teni-

1109 1183 1218 1209 menta
1235 1179 1368 1208 Sanctae
1393 1178 1556 1216 Agafflae,
1578 1178 1682 1208 Silvae
1700 1178 1830 1217 planae,
1851 1178 1942 1208 Billis
1961 1178 2119 1217 Raynerii

1110 1232 1149 1261 de
1174 1232 1284 1261 Monte
1310 1231 1466 1267 Auriolo‚
1488 1232 1646 1270 Raynerii
1670 1231 1708 1261 de
1735 1231 1914 1262 Castaldeto
1929 1255 1936 1269 ‚
1959 1232 2117 1270 Hugolini

1111 1285 1293 1323 Pyagnani,
1310 1285 1487 1314 Maceratae
1504 1284 1880 1322 Gattariae,Verguanti,
1898 1285 2012 1321 Trivii,
2030 1286 2118 1315 Wit-

1111 1338 1178 1367 toui
1204 1342 1234 1367 et
1259 1338 1407 1373 Savinae,
1437 1346 1510 1367 cum
1537 1337 1689 1367 omnihus
1717 1337 1931 1373 districtibus,
1961 1338 2116 1374 curtibus,

1112 1391 1218 1427 villis,
1237 1391 1382 1429 juribus,
1406 1391 1528 1421 finibus
1553 1395 1583 1420 et
1608 1391 1831 1429 pertinentiis,
1859 1401 1953 1430 super
1980 1401 2119 1431 quornm

1112 1445 1337 1483 jurisdictione
1357 1445 1462 1482 gravis
1480 1445 1641 1474 contentio
1664 1450 1770 1474 exorta
1796 1449 1861 1474 erat
1885 1445 1970 1474 inter
1994 1446 2120 1475 Massae

1115 1498 1287 1527 Trabariae
1303 1501 1333 1527 et
1351 1497 1560 1527 Romaniolae
1576 1501 1730 1534 rectores,
1750 1507 1808 1527 nec
1833 1507 1899 1528 non
1918 1502 1947 1528 et
1971 1498 2119 1529 homines

1116 1554 1145 1581 et
1159 1555 1261 1581 castra
1279 1559 1359 1588 quae
1378 1550 1463 1580 infra
1479 1551 1559 1580 fines
1575 1551 1719 1589 ipsorum
1735 1550 1878 1581 locorum
1893 1551 2045 1588 existunt,
2061 1551 2119 1582 sub

1112 1604 1333 1643 jurisdictione
1349 1612 1385 1633 ac
1401 1604 1543 1634 dominio
1561 1604 1692 1633 rectoris
1707 1605 1830 1634 Massae
1844 1605 2023 1642 Trahariae,
2038 1614 2119 1643 quae

1117 1661 1163 1686 est
1178 1665 1323 1687 camerae
1335 1657 1419 1686 sedis
1435 1657 1625 1695 apostolicae
1640 1657 1827 1687 demanium
1844 1657 1990 1696 speciale,
2009 1667 2118 1696 perpe-

1118 1714 1171 1741 tuo
1186 1715 1338 1740 maneant
1356 1714 1386 1740 et
1400 1711 1584 1740 consistant.

1163 1776 1175 1790 ι
1191 1763 1272 1793 Cum
1288 1763 1373 1793 inter
1388 1762 1503 1793 alias...
1523 1780 1563 1786 —
1578 1764 1651 1794 Dat.
1669 1764 1767 1794 Reate
1780 1788 1787 1801 ,
1811 1763 1958 1794 kalendis
1973 1765 2118 1802 augusti,

1117 1825 1202 1846 anno
1217 1817 1330 1855 primo.
1349 1829 1363 1843 ³³

1189 2002 1273 2031 6⁰5
1731 2003 1816 2034 Rieti,
1837 2004 1874 2029 ier
1889 2004 1956 2029 aout
1974 1986 2055 2030 128ss

1153 2065 1286 2092 Castrum
1301 2065 1398 2092 Sancti
1413 2065 1520 2100 Angeli
1531 2066 1558 2092 in
1572 2065 1858 2101 VadoJurisdictioni
1873 2066 1994 2092 rectoris
2008 2065 2122 2092 Massae

1117 2114 1268 2141 Trabariae
1284 2114 1318 2141 de
1334 2122 1409 2141 novo
1425 2114 1543 2149 subjicit
1560 2118 1589 2141 et
1608 2114 1798 2141 Urbinatibus
1814 2123 1928 2141 omnem
1940 2114 2121 2149 jurisdictio-

1118 2172 1183 2190 nem
1198 2172 1286 2199 super
1300 2162 1400 2190 eodem
1413 2163 1568 2190 interdicit.
1582 2163 1664 2197 (Rea.
1683 2164 1726 2197 44,
1743 2172 1768 2190 c.
1787 2164 1828 2195 38,
1843 2163 1862 2190 f.
1880 2163 1924 2194 94,
1936 2169 1984 2194 v⁰;
2001 2162 2120 2194 Perre„

1116 2212 1224 2243 22761.)

1157 2316 1200 2344 Ad
1210 2320 1385 2353 perpetuam
1399 2315 1442 2344 rei
1454 2317 1646 2345 memoriam.
1658 2327 1671 2342 ιι
1682 2315 1764 2345 Cum
1779 2319 1919 2345 castrum
1933 2314 2043 2345 Sancti
2055 2315 2122 2345 An-

1117 2367 1181 2406 geli
1192 2367 1226 2397 in
1240 2368 1327 2398 Vado
1342 2368 1438 2398 suerit
1453 2367 1531 2398 olim
1543 2372 1574 2397 et
1586 2377 1654 2398 esse
1667 2368 1780 2398 debeat
1790 2368 1829 2398 de
1840 2368 1945 2398 Massa
1956 2367 2120 2405 Trabaria,

1117 2425 1270 2459 tanquam
1281 2421 1366 2450 infra
1378 2421 1460 2451 fines
1471 2421 1572 2460 ipsius
1585 2422 1689 2451 Masse
1705 2421 1885 2461 specialiter
1899 2421 2121 2458 constitutum,

1117 2482 1243 2504 necnon
1269 2478 1405 2504 rectores
1437 2475 1492 2513 qui
1520 2475 1652 2504 fuerunt
1677 2475 1797 2504 ibidem
1823 2483 1879 2513 pro
1903 2478 2043 2513 tempore
2067 2483 2122 2512 per

1116 2536 1284 2557 romanam
1307 2527 1473 2557 ecclesiam
1495 2527 1636 2567 deputati
1656 2528 1692 2557 in
1714 2528 1825 2558 eodem
1845 2531 1958 2564 castro,
1982 2527 2063 2557 sicut
2085 2527 2121 2556 in

1118 2580 1190 2610 aliis
1205 2581 1284 2611 locis
1299 2581 1402 2619 ipsius
1416 2582 1531 2619 Masse,
1547 2582 1582 2610 in
1600 2581 1821 2620 spiritualibus
1842 2585 1872 2610 et
1893 2580 2121 2620 temporalibus

1117 2634 1245 2674 plenam
1254 2635 1511 2674 jurisdictionem
1521 2635 1745 2665 consueverint
1755 2643 1900 2664 exercere
1909 2645 1918 2671 3
1934 2643 2003 2671 nos,
2013 2634 2119 2665 volen-

1117 2692 1162 2718 tes
1184 2687 1269 2727 quod
1286 2688 1405 2718 dictum
1417 2692 1567 2725 castrum,
1586 2687 1670 2726 quod
1686 2687 1808 2717 dudum
1823 2691 1950 2726 propter
1965 2687 2121 2719 malitiam

1118 2741 1269 2779 temporis
1290 2741 1330 2770 ab
1351 2740 1537 2770 hominibus
1567 2740 1606 2770 de
1637 2740 1760 2770 Urbino
1784 2744 1860 2769 tunc
1886 2740 1920 2769 in
1946 2739 2122 2771 rebellione

1118 2802 1249 2824 romane
1265 2793 1396 2823 ecclesie
1411 2793 1653 2832 persistentibus
1679 2793 1782 2822 extitit
1804 2797 1991 2832 occupatum
2015 2797 2044 2823 et
2065 2802 2122 2832 per

1117 2847 1225 2886 aliqua
1245 2852 1385 2885 tempora
1400 2846 1563 2876 detentum
1582 2846 1690 2876 minus
1705 2846 1792 2876 licite
1807 2847 1846 2876 ab
1862 2846 1993 2884 eisdem,
2012 2846 2052 2876 ad
2063 2847 2119 2886 ju-

1118 2900 1336 2930 risdictionem
1358 2904 1388 2929 et
1414 2899 1596 2929 dominium
1620 2899 1749 2929 rectoris
1770 2899 1909 2938 predicte
1935 2900 2056 2937 Masse,
2081 2900 2122 2930 ab

1119 2954 1229 2984 eadem
1246 2952 1377 2983 ecclesia
1396 2953 1580 2991 deputandi,
1599 2961 1673 2982 cum
1688 2953 1841 2990 curtibus,
1853 2953 2024 2990 territorio,
2041 2953 2119 2984 fini-

1119 3007 1178 3037 bus
1198 3010 1228 3036 et
1247 3006 1449 3045 pertinentiis
1474 3006 1539 3036 suis
1563 3006 1699 3037 totaliter
1719 3011 1907 3044 revertatur,
1922 3007 2120 3046 presentium
