2342 3652
945 352 1178 391 TROISIEME
1200 351 1358 391 ANNnn.
2135 363 2192 394 517

102 424 237 464 grando,
266 424 474 461 Agennensis
501 423 666 456 dioecesis,
698 426 840 456 Eandem
869 427 1105 465 indulgentiam

102 477 246 509 concedit
264 477 309 506 eis
331 477 385 514 qui
409 477 600 515 praedictam
622 477 789 508 ecclesiam
811 479 845 508 in
867 480 1004 518 singulis
1023 480 1106 510 beati

102 530 259 562 Johannis
274 529 434 567 Baptistae
449 529 675 560 festivitatibus
691 536 722 561 et
735 541 791 570 per
806 537 874 562 octo
889 533 956 562 dies
971 542 1106 572 sequen-

104 588 150 614 tes
164 583 376 612 visitaverint.
394 583 466 612 Dat.
485 587 519 612 ut
536 592 642 622 supra.

598 677 726 709 Orvieto,
744 680 759 706 5
775 679 938 714 septembre
957 681 1033 707 1290.

141 740 180 769 In
197 747 224 768 e.
245 747 288 767 m.
315 739 484 769 Universis
505 739 623 770 Christi
645 741 804 772 fidelibus.
830 743 973 773 Eandem
996 744 1107 773 indul—

101 791 243 831 gentiam
265 791 412 821 concedit
432 791 479 821 eis
501 793 556 830 qui
581 793 729 831 hospitali
752 795 948 834 leprosorum
973 796 1108 826 Sanctae

105 844 226 875 Mariae
257 844 466 882 Magdalenae
495 854 591 884 prope
620 846 769 877 Alatrum
804 850 944 878 caritatis
974 858 1107 879 manum

103 898 310 938 porrexerint.

144 963 159 979 ι
182 951 343 988 Quoniam
358 956 393 982 nt
411 953 492 982 ait...
506 969 546 974 —
561 953 633 984 Dat.
651 955 734 993 apud
752 955 1031 993 Urbemveterem,
1050 965 1107 986 no—

102 1005 153 1035 nis
170 1004 376 1043 septembris,
393 1013 478 1035 anno
495 1007 596 1036 tertio.
616 1018 630 1033 ι)

586 1099 713 1133 Orvieto,
733 1101 764 1127 13
779 1102 941 1136 septembre
960 1102 1036 1130 1290.

139 1161 179 1190 In
197 1169 224 1190 e.
251 1169 295 1190 m.
318 1160 450 1190 eisdem.
474 1161 617 1191 Eandem
641 1162 877 1200 indulgentiam
899 1165 1044 1194 concedit
1063 1165 1109 1194 eis

103 1214 157 1253 qui
179 1213 346 1244 ecclesiam
368 1215 557 1244 monasterii
580 1215 619 1245 de
636 1215 845 1254 Kemperele,
864 1217 1109 1256 Corisopitensis

101 1266 274 1303 dioecesis,
303 1267 337 1296 in
365 1267 520 1297 honorem
549 1268 659 1298 beatae
683 1270 786 1299 crucis
814 1275 1045 1307 constructam,
1074 1272 1108 1300 in

102 1319 247 1359 ejusdem
268 1324 395 1350 sanctae
413 1321 518 1351 crucis
542 1326 572 1351 et
591 1323 830 1361 Assumptionis
855 1324 964 1353 beatae
989 1324 1110 1354 Mariae

101 1373 327 1404 festivitatibus
340 1379 370 1403 et
381 1384 436 1413 per
449 1379 518 1405 octo
533 1375 602 1405 dies
618 1375 806 1406 festivitates
822 1377 907 1416 ipsas
925 1378 1111 1408 immediate

102 1432 270 1466 sequentes
285 1428 497 1458 visitaverint.

143 1492 158 1508 «
183 1480 342 1519 Splendor
363 1485 471 1511 eterne
488 1481 627 1519 glorie...
644 1499 684 1504 —
700 1483 770 1512 Dat.
795 1483 879 1521 apud
900 1483 1110 1513 Urbemvete-

103 1542 183 1571 rem,
199 1533 307 1564 idibus
323 1535 521 1573 septembris,
539 1544 624 1565 auno
641 1537 742 1566 tertio.
762 1548 775 1563 ι)
794 1536 855 1575 (Εη
876 1537 1004 1576 marye.)

581 1629 713 1660 Orvieto,
734 1630 765 1657 13
782 1630 944 1665 septembre
962 1630 1039 1658 1290.

143 1692 183 1721 In
203 1701 230 1722 e.
252 1700 296 1721 m.
321 1692 453 1723 eisdem.
478 1692 621 1722 Eandem
642 1693 877 1731 indulgentiam
901 1694 1045 1723 concedit
1067 1694 1112 1724 eis

104 1745 162 1785 qui
173 1745 342 1776 ecclesiam
357 1745 492 1776 fratrum
509 1747 674 1776 minorum
688 1747 726 1776 de
742 1747 892 1788 Tuderto,
910 1749 943 1776 in
957 1747 1111 1778 honorem

105 1798 138 1829 S.
156 1800 322 1830 Fortunati
339 1805 572 1836 constructam,
592 1800 626 1829 in
646 1800 782 1838 singulis
798 1800 941 1839 ejusdem
959 1801 1060 1830 sancti
1083 1804 1113 1830 et

103 1851 270 1882 beatorum
297 1853 479 1890 Francisci,
506 1852 652 1882 Cassiani
677 1858 707 1883 et
733 1854 869 1883 Antonii
894 1854 1111 1884 confessorum

103 1906 329 1936 festivitatibus
343 1910 374 1936 et
388 1915 444 1945 per
458 1911 526 1936 octo
542 1906 610 1936 dies
628 1911 796 1945 sequentes
812 1907 1020 1936 visitaverint.

145 1971 159 1987 ιι
177 1960 260 1990 Cum
275 1959 315 1989 ad
331 1960 579 1999 premerenda...
596 1977 635 1981 -
653 1960 726 1989 Dat.
744 1964 898 1999 utsupra.
920 1973 932 1987 »
951 1960 1055 1999 (Ibz'cl.)

681 2053 809 2086 Orvieto,
826 2054 860 2081 29
876 2055 943 2080 aont
963 2054 1039 2081 1290.

141 2117 179 2146 In
202 2126 230 2147 e.
254 2126 298 2146 m.
322 2116 452 2146 eisdem.
479 2116 623 2146 Eandem
646 2116 883 2154 indulgentiam
905 2116 1049 2148 concedit
1064 2117 1111 2146 eis

103 2171 159 2209 qui
191 2169 344 2210 capellam
378 2170 545 2208 hospitalis
574 2171 689 2200 Beatae
718 2170 838 2200 Mariae
869 2170 908 2200 de
937 2171 1108 2206 Atrebate,

102 2224 272 2255 Olenensis
293 2223 466 2260 dioecesis,
486 2224 522 2252 in
545 2224 800 2260 Purificadonis,
824 2223 1115 2261 Annuntiationis,v

103 2278 342 2316 Assumptionis
359 2281 390 2306 et
406 2277 588 2306 Nativitatis
607 2277 751 2315 ejusdem
772 2277 906 2314 virginis
928 2276 1110 2306 festivitati-

102 2331 160 2361 bus
175 2335 206 2362 et
219 2340 274 2370 per
288 2335 357 2361 octo
374 2330 441 2360 dies
458 2335 629 2369 sequentes
644 2331 855 2360 visitaverint.

144 2397 157 2412 u
177 2385 259 2415 Cum
275 2385 313 2413 ad
330 2384 578 2423 premerenda...
590 2400 630 2405 --
646 2384 717 2413 Dat.
733 2384 815 2422 apud
834 2384 1108 2421 Urbemveterem,

103 2447 150 2468 1111
167 2438 321 2468 kalendas
337 2437 540 2476 septembris,
558 2446 644 2467 anno
660 2438 761 2468 tertio.
784 2450 797 2464 n
815 2437 917 2476 (Ibid.)

580 2530 712 2563 Orvieto,
729 2531 763 2558 22
780 2531 942 2565 septembre
962 2531 1037 2558 1290.

141 2602 180 2632 In
198 2611 226 2632 e.
246 2610 290 2631 m.
310 2601 442 2631 eisdem.
468 2601 612 2631 Eandem
637 2600 874 2638 indulgentiam
897 2600 1041 2630 concedit
1064 2601 1110 2630 eis

102 2655 158 2695 qui
181 2655 349 2685 ecclesiam
373 2655 461 2684 Beati
480 2654 662 2684 Constantii
687 2654 876 2684 confessoris
895 2654 1107 2692 Aquinatem,

102 2717 183 2748 quae
205 2708 303 2738 altare
329 2708 362 2737 in
386 2708 541 2737 honorem
562 2707 594 2737 S.
617 2707 717 2736 Blasii
742 2707 895 2745 martyris
918 2707 1028 2736 habet.
1057 2707 1109 2736 ubi

102 2761 202 2791 multa
220 2761 374 2790 miracula
392 2765 623 2800 perpetrantur,
641 2761 676 2789 in
694 2760 792 2798 hujus
810 2760 963 2799 martyris
982 2764 1011 2789 et
1027 2760 1109 2789 beati

103 2814 280 2845 Constantii
306 2814 545 2848 festivitatibuS,
566 2823 621 2852 per
645 2818 714 2843 octo
740 2813 807 2843 dies
830 2818 998 2852 sequentes
1022 2817 1051 2842 et
1075 2813 1108 2841 in

102 2867 323 2897 anniversario
339 2867 390 2897 die
407 2867 614 2896 dedicationis
631 2867 772 2905 ejusdem
789 2866 940 2896 ecclesiae
958 2866 1108 2895 visitave-

102 2921 179 2951 rint.

143 2986 158 3001 «
178 2974 367 3004 Sanctorum
389 2973 575 3003 honoranda
592 2978 704 3002 sunt...
724 2990 762 2994 -—
778 2973 848 3002 Dat.
867 2972 951 3011 apud
973 2973 1109 3002 Urbem-

103 3030 257 3063 veterem,
274 3037 292 3056 x
307 3027 460 3056 kalendas
475 3027 626 3061 octobris,
644 3034 729 3055 anno
749 3026 852 3056 tertio.
875 3038 888 3052 n
908 3026 1009 3064 (Ibid.)

1259 428 1375 456 3249

1224 489 1408 524 Dispensatio
1427 491 1610 518 matrimonii.
1627 491 1710 524 (Res.
1733 492 1775 522 45,
1792 498 1817 518 c.
1836 491 1895 522 406,
1913 491 1932 517 f.
1950 491 1983 518 80
1997 491 2045 524 r0.)

1669 427 1796 460 Orvieto,
1814 429 1843 455 11
1861 429 2024 464 septembre
2042 429 2120 456 1290.

1232 615 1250 621 ..
1274 593 1493 630 archiepiscopo
1515 593 1732 623 cantuariensi
1751 594 1921 624 committit
1939 597 2096 633 quatenus
2120 601 2195 623 cum

1189 645 1288 674 nobili
1306 645 1374 675 viro
1388 645 1538 675 Jobanne
1554 646 1591 676 de
1610 647 1703 683 Ecde,
1714 651 1744 676 et
1760 647 1859 676 nobili
1877 647 2013 677 muliere
2031 647 2193 683 Johanna,

1189 704 1262 727 nata
1290 698 1455 737 Radulphi
1488 699 1526 728 de
1551 699 1666 729 Sancto
1699 699 1928 737 Leodogareto,
1955 700 2195 730 Cantuariensis

1189 751 1360 786 dioecesis,
1380 751 1540 790 dispenset
1558 757 1593 781 ut
1614 753 1646 782 in
1664 753 1872 787 matrimonio
1889 753 1973 792 quod
1990 753 2084 790 olim,
2101 754 2195 792 igno-

1190 809 1297 834 rantes
1321 805 1483 842 quondam
1511 805 1676 841 Emmam,
1698 806 1835 844 priorem
1857 807 2020 837 Johannis
2047 815 2193 844 uxorem,

1189 858 1358 888 Johannae
1382 859 1473 888 tertio
1498 863 1526 888 et
1549 863 1660 897 quarto
1683 860 1969 897 consanguinitatis
1992 860 2092 897 gradu
2118 868 2193 889 con-

1187 911 1332 950 junctam
1358 920 1442 947 esse,
1460 915 1687 941 contraxerunt
1709 916 1739 941 et
1763 913 1797 941 in
1818 920 1880 951 quo
1899 912 2004 951 plures
2024 912 2108 942 filios
2124 920 2194 951 pro-

1191 968 1339 993 crearunt
1354 973 1521 994 remanere
1537 964 1676 994 valeant.

1232 1029 1244 1043 α
1267 1017 1359 1046 Lecta
1378 1025 1483 1047 coram
1506 1017 1634 1047 nobis...
1652 1035 1690 1040 —
1708 1018 1780 1047 Dat.
1803 1018 1886 1056 apud
1910 1019 2193 1054 Urbemveterem,

1189 1079 1225 1099 111
1241 1069 1313 1099 idus
1328 1071 1526 1108 septembris,
1546 1079 1631 1100 anno
1648 1071 1748 1100 tertio.
1769 1083 1782 1097 n

1262 1242 1381 1271 325⁰

1227 1305 1413 1340 Dispensatio
1430 1306 1613 1332 matrimonii.
1631 1305 1715 1339 (Res.
1733 1306 1783 1337 45,
1801 1314 1827 1332 c.
1845 1306 1910 1340 407,
1927 1306 1946 1332 f.
1964 1306 1997 1333 80
2012 1312 2054 1337 r⁹;
2073 1306 2177 1334 Por-ra.
2189 1326 2197 1340 ,

1191 1354 1301 1387 23389.)

1688 1243 1817 1275 Orvieto,
1837 1243 1853 1270 9
1869 1243 2032 1279 septembre
2048 1243 2126 1270 1290.

1234 1482 1255 1488 ..
1273 1459 1495 1495 archiepiscopo
1513 1457 1689 1487 Cassetlensi
1704 1458 2042 1496 committitquatenus
2057 1466 2130 1487 cum
2145 1465 2200 1487 no-

1192 1510 1251 1541 bili
1267 1511 1334 1541 viro
1350 1511 1494 1541 WValtero
1509 1511 1592 1540 dicto
1613 1511 1739 1550 Letyng
1755 1516 1784 1541 et
1807 1511 1907 1541 nobili
1927 1511 2060 1541 muliere
2084 1510 2199 1540 Dioni-

1193 1565 1254 1599 sia,
1274 1569 1347 1593 nata
1366 1564 1470 1593 David
1486 1564 1562 1593 dicti
1578 1564 1790 1603 Machatwyl‚
1807 1564 1969 1603 dispenset
1987 1569 2022 1593 ut
2037 1564 2072 1593 in
2087 1563 2199 1593 matri-

1192 1617 1302 1647 monio
1318 1617 1401 1656 quod
1421 1617 1517 1653 olim,
1541 1618 1725 1656 ignorantes
1742 1626 1774 1647 se
1789 1622 1902 1656 quarto
1917 1617 2081 1647 affinitatis
2096 1616 2198 1655 gradu

1193 1672 1379 1709 conjunctos
1395 1679 1479 1707 esse,
1498 1675 1724 1700 contraxerunt
1741 1679 1908 1701 remanere
1924 1670 2060 1700 valeant.

1235 1735 1249 1751 ιι
1274 1723 1389 1753 Petitio
1409 1723 1516 1753 dilecti
1535 1722 1631 1753 filii...
1653 1739 1693 1746 —
1715 1723 1786 1753 Dat.
1810 1723 1893 1762 apud
1918 1723 2196 1760 Urbemveterem,

1193 1786 1212 1806 v
1228 1777 1300 1806 idus
1318 1776 1521 1815 septembris,
1539 1785 1625 1807 anno
1645 1777 1746 1807 tertio.
1766 1788 1780 1803 ι

1265 1950 1351 1978 325
1358 1949 1378 1976 Ι

1230 2011 1413 2047 Dispensatio
1429 2011 1612 2038 matrimonii.
1630 2011 1713 2045 (ttae.
1731 2011 1773 2042 45,
1791 2019 1816 2038 e.
1835 2012 1895 2042 408,
1912 2011 1931 2038 f.
1949 2011 1981 2038 80
1997 2013 2045 2044 r0.)

1669 1948 1800 1982 Orvieto,
1817 1949 1856 1974 1²¹
1871 1948 2032 1983 septembre
2050 1948 2125 1976 1290.

1237 2139 1255 2144 ..
1275 2116 1407 2152 episcopo
1423 2115 1582 2143 Arnsiensi
1600 2113 1772 2144 committit
1786 2118 1835 2149 ut,
1852 2113 1891 2143 ad
1907 2113 2064 2143 sedandas
2084 2113 2197 2143 inimi-

1193 2168 1285 2198 citias
1309 2168 1394 2197 iuter
1419 2167 1561 2197 nobilem
1586 2167 1691 2197 virum
1717 2166 1902 2197 Johannem
1925 2167 2046 2196 dictum
2076 2167 2147 2196 Efre
2170 2170 2200 2196 et

1195 2221 1334 2251 nobilem
1352 2221 1458 2249 virum
1476 2220 1634 2258 Stigotum
1651 2219 1812 2257 Andreae,
1830 2219 2016 2249 Arusiensis
2034 2219 2197 2256 dioecesis,

1193 2283 1266 2304 cum
1283 2274 1393 2304 eodem
1412 2273 1562 2303 Johanne
1584 2278 1614 2303 et
1634 2274 1735 2311 Juga,
1752 2273 1819 2302 filia
1834 2273 1950 2303 sororis
1973 2272 2107 2310 Stigoti,
2130 2272 2196 2302 dis-

1192 2332 1303 2366 penset
1315 2331 1359 2363 ut,
1369 2335 1552 2365 quanquam
1563 2326 1728 2356 Johannes
1738 2325 1899 2364 quondam
1909 2325 2086 2363 legitimam
2098 2325 2199 2355 filiam

1193 2380 1318 2419 Stigoti‚
1336 2384 1411 2409 tunc
1428 2380 1571 2418 quinque
1589 2381 1683 2408 aunis
1703 2380 1873 2415 minorem,
1897 2388 1977 2417 quae
1998 2378 2199 2417 postmodum

1193 2433 1361 2464 duodecim
1380 2442 1481 2463 annos
1506 2438 1578 2462 nata
1603 2437 1727 2462 mortua
1743 2437 1804 2469 est,
1835 2433 1896 2462 sibi
1919 2432 2199 2462 matrimonialiter

1193 2486 1340 2526 copulare
1358 2487 1513 2525 promisit,
1528 2487 1769 2516 matrimonium
1785 2485 1974 2516 contrahere
1989 2485 2123 2524 possint.

1235 2552 1247 2566 α
1266 2539 1414 2578 Exposita
1428 2539 1519 2569 nobis
1530 2539 1676 2569 dilecti...
1689 2555 1727 2562 -—
1740 2540 1810 2568 Dat.
1825 2539 1908 2578 apud
1925 2539 2196 2574 Urbemveterem,

1192 2592 1339 2623 kalendis
1356 2592 1553 2632 septembris,
1569 2601 1655 2622 anno
1672 2593 1773 2623 tertio.
1794 2604 1808 2619 »

1263 2759 1380 2790 3252

1228 2819 1360 2846 Facultas
1376 2819 1542 2846 absolvendi
1557 2828 1573 2845 a
1589 2827 1730 2846 canonum
1746 2819 1908 2846 sententiis.
1925 2819 2008 2852 (Reo.
2026 2819 2074 2853 45,
2092 2827 2118 2845 c.
2135 2819 2197 2854 409,

1192 2870 1212 2897 f.
1227 2870 1260 2897 80
1276 2872 1322 2901 ro.)

1549 2757 1904 2792 Salute-Marie·MaJeure,
1923 2757 1962 2783 1⁸r
1975 2757 2031 2783 mai
2049 2756 2125 2784 ¹290.

1235 2995 1254 3002 ..
1292 2974 1423 3009 episcopo
1454 2973 1594 3001 Abulensi
1625 2970 1807 3001 facultatem
1836 2970 1980 3000 concedit
2012 2970 2199 3001 absolvendi

1194 3025 1322 3055 clericos
1339 3025 1512 3054 Abulensis
1537 3024 1703 3059 dioecesis,
1722 3024 1779 3062 qui
1801 3032 1895 3053 causa
1918 3032 2050 3054 suorum
2074 3023 2198 3053 benefi-
