2477 3637
294 393 350 424 182
1043 388 1278 420 REGISTRES
1301 390 1355 420 DE
1377 389 1561 420 NICOLAS
1584 389 1640 420 1v.

292 459 428 495 habitos,
449 457 620 487 Alfonsum
632 479 640 492 ‚
657 455 840 494 episcopum
856 453 1080 492 Cauriensem,
1099 455 1134 484 in
1150 455 1302 494 Segunti-

292 521 371 543 num
395 511 576 550 episcopum
600 508 791 548 postulavit,
815 507 869 537 sed
892 516 991 546 papa,
1015 507 1099 538 hanc
1116 508 1301 547 postulatio-

291 575 366 597 nem
379 573 442 595 non
456 564 639 597 admittens.
653 562 711 592 sihi
722 561 897 592 reservavit
913 561 1146 592 ordinationem
1157 561 1300 601 ejusdem

292 618 452 653 ecclesiae,
473 624 624 654 nuncque
638 615 797 651 Garsiam,
814 613 1076 644 archidiaconum
1092 614 1132 644 de
1150 615 1301 653 Majorica

290 672 324 702 in
341 670 473 701 ecclesia
490 669 700 707 Legionensi,
726 667 879 698 ecclesiae
903 667 1102 706 seguntinae
1120 668 1154 698 in
1179 668 1301 708 episco-

290 733 366 764 pum
386 723 541 763 praeficit.

333 790 345 805 «
384 775 564 815 Apostolice
600 774 826 805 sollicitudinis
862 774 1043 805 studium...
1078 791 1117 796 —-
1157 774 1229 804 Dat.
1267 779 1302 804 ut

289 839 396 870 supra.
417 842 430 857 »

331 884 368 913 Iu
390 892 417 913 e.
435 892 480 912 m.
508 905 529 913 ..
554 891 663 920 regem
686 881 842 912 Castellae
867 890 903 911 ac
926 881 1077 919 Legionis
1100 881 1246 911 hortatur
1266 884 1302 911 ut

290 937 394 967 eidem
411 937 556 975 episcopo
581 935 700 974 regalia
722 934 872 966 ecclesiae
896 933 1113 973 Segunfinae,
1139 942 1221 973 quae
1243 942 1300 964 va-

290 990 424 1020 cationis
442 994 582 1028 tempore
595 988 710 1025 tenuit,
729 988 885 1018 restituat.

362 1202 554 1232 ’224230
626 1201 992 1236 Sainte-Marie—Majeure,
1010 1201 1043 1228 30
1055 1209 1131 1228 mars
1150 1200 1228 1228 1‘289.

326 1278 472 1307 Gerardus
488 1278 628 1305 ecclesiae
645 1277 830 1312 Maguntinae
852 1278 881 1304 in
900 1277 1151 1313 archiepiscopum
1167 1276 1302 1312 praefici-

288 1331 346 1355 tur.
367 1328 448 1357 (Rea.
467 1328 511 1359 44.
529 1335 555 1354 c.
573 1327 617 1358 56,
635 1327 654 1354 f.
674 1326 722 1354 123
739 1328 786 1358 r⁰.)

338 1463 505 1493 Venerabili
535 1463 631 1499 fratri
670 1462 801 1491 Gerardo
818 1485 824 1498 ,
858 1461 1080 1498 archiepiscopo
1111 1461 1301 1498 Mayunti‘no.

291 1516 450 1546 Defuncto
466 1516 624 1552 Henrico,
642 1515 836 1554 Maguntino
852 1514 1111 1553 archiepiscopo,
1127 1513 1304 1552 capitulum

288 1569 370 1600 duas
382 1569 554 1599 celebravit
565 1568 746 1606 electiones,
760 1568 893 1598 alteram
904 1568 942 1598 de
954 1567 1106 1604 Gerardo,
1119 1570 1196 1597 tunc
1208 1575 1304 1597 cano-

292 1623 376 1659 nico,
388 1622 522 1653 alteram
531 1622 570 1652 de
580 1622 783 1658 Embricone,
802 1621 964 1652 scolastico
976 1621 1119 1660 ejusdem
1133 1620 1284 1651 ecclesiae
1296 1631 1303 1658 3

290 1676 418 1715 quibus,
433 1676 466 1705 in
479 1684 591 1705 eornm
599 1674 824 1715 appellatione,
837 1674 1043 1711 Benedictus,
1059 1674 1167 1704 Sancti
1179 1674 1207 1704 N
1211 1673 1305 1704 icolai

292 1730 327 1759 in
350 1729 484 1759 Carcere
515 1726 666 1758 Tulliano
688 1728 841 1758 diaconus
862 1728 1046 1765 cardinalis,
1066 1728 1235 1766 deputatus
1260 1730 1307 1757 est

293 1782 430 1819 auditor,
449 1781 504 1812 sed
522 1781 571 1811 illi
587 1790 683 1812 omne
695 1782 750 1821 jus
767 1781 828 1812 sibi
843 1791 879 1812 ex
893 1781 1104 1812 electionibus
1119 1785 1306 1820 competens

294 1834 328 1864 in
353 1834 503 1864 manibus
525 1833 703 1869 Johannts,
737 1834 874 1873 episcopi
891 1833 1094 1871 Tusculani,
1127 1832 1304 1870 Matthaei,

295 1888 430 1918 Sanctae
461 1888 580 1918 Mariae
596 1888 630 1917 in
660 1888 798 1925 Porticu,
821 1888 942 1924 Jacohi,
968 1887 1101 1918 Sanctae
1127 1886 1248 1917 Mariae
1270 1886 1306 1916 in

294 1941 357 1971 Via
369 1941 443 1977 lata,
460 1941 667 1971 diaconorum
683 1940 910 1978 cardinalium,
927 1944 958 1971 et
974 1940 1142 1971 Benedicti
1158 1940 1303 1979 praefati,

295 1995 514 2032 resignarunt.
535 1994 631 2024 Nunc
645 1995 744 2033 igitur
759 2003 839 2034 papa
854 1994 993 2024 eundem
1009 1994 1192 2024 Gerardum
1205 1993 1306 2024 eccle-

294 2048 359 2078 siae
383 2048 592 2086 Maguntinae
604 2048 638 2077 in
653 2048 930 2087 archiepiscopum
946 2047 1110 2087 praeficit,
1127 2047 1222 2086 eique
1236 2047 1306 2086 pal-

294 2101 382 2131 leum
399 2110 453 2140 per
469 2101 667 2131 Matthaeum
685 2101 834 2132 exhiberi
850 2102 934 2131 facit.

338 2167 351 2181 α
377 2154 579 2193 Apostolatus
605 2155 748 2185 officium
773 2164 997 2194 quanquam...
1021 2172 1060 2176 —
1085 2155 1157 2185 Dat.
1184 2155 1305 2193 Rome,

294 2207 379 2247 apud
402 2208 552 2238 Sanctam
578 2208 713 2238 Mariam
740 2209 896 2248 Majorem
910 2232 918 2247 ,
935 2218 972 2238 -ιιι
999 2208 1155 2239 kalendas
1176 2207 1305 2247 aprilis,

295 2269 382 2290 anno
400 2261 550 2291 secundo.
574 2272 586 2288 »

337 2314 375 2343 In
393 2323 420 2344 e.
438 2323 480 2344 m.
508 2314 647 2353 capitulo
670 2314 822 2345 ecclesiae
844 2315 1053 2354 Maguntinae
1078 2315 1210 2346 mandat
1227 2324 1306 2354 qua-

299 2372 392 2397 tenus
419 2367 522 2397 eidem
552 2367 788 2407 archiepiscopo
812 2368 954 2399 debitam
976 2369 1194 2399 obedientiam
1218 2369 1309 2399 exhi-

297 2420 379 2450 beat.

336 2473 375 2503 In
393 2482 421 2504 e.
440 2482 483 2503 m.
505 2473 590 2504 clero
605 2474 743 2504 civitatis
761 2479 793 2505 et
810 2475 964 2506 dioecesis
983 2475 1204 2514 M‘aguntinae.

337 2527 375 2557 In
393 2536 420 2558 e.
440 2537 485 2557 m.
502 2527 619 2567 populo
635 2529 772 2559 civitatis
789 2533 819 2559 et
834 2529 990 2560 dioecesis
1005 2530 1227 2568 Maguntinae.

336 2581 376 2610 In
393 2590 419 2611 e.
438 2590 482 2611 m.
510 2581 664 2620 ducibus,
682 2583 852 2613 comitibus
865 2606 873 2620 ,
893 2583 1068 2614 baronibus
1084 2583 1223 2623 aliisque
1238 2592 1310 2614 vas-

297 2633 385 2663 sallis
409 2638 439 2664 et
465 2635 733 2666 ministerialibus
762 2630 916 2667 ecclesiae
944 2637 1155 2675 Maguntinae
1180 2635 1312 2666 mandat

296 2692 453 2726 quatenus
467 2687 572 2718 eidem
584 2689 826 2729 archiepiscopo
840 2677 1027 2720 fidelitatem
1040 2690 1168 2721 solitam
1185 2699 1309 2721 necnon

297 2745 448 2771 consueta
467 2741 597 2771 servitia
613 2746 643 2772 et
656 2743 730 2782 jura
745 2742 853 2773 debita
871 2742 1052 2774 exhibeant.

338 2794 376 2823 In
404 2804 431 2824 e.
459 2804 500 2824 m.
524 2796 734 2833 suffraganeis
759 2796 913 2827 ecclesiae
943 2797 1155 2835 Maguntinae
1179 2797 1310 2840 mandat

299 2851 456 2885 quatenus
468 2848 572 2878 eidem
584 2849 824 2890 archiepiscopo
839 2850 978 2894 debitam
991 2851 1209 2882 obedientiam
1222 2850 1311 2881 exhi-

298 2898 406 2930 beant.

341 2952 378 2981 In
395 2961 422 2982 e.
441 2962 483 2982 m.
505 2977 525 2983 ..
544 2964 650 2993 regem
679 2956 899 2987 Romanorum
922 2957 1068 2988 hortatur
1085 2962 1120 2988 ut
1137 2957 1243 2988 eidem
1258 2966 1310 2987 ar-

300 3004 501 3045 chiepiscopo
525 3008 642 3045 regalia
666 3010 835 3046 concedat,
857 3011 1031 3050 omniaque
1051 3011 1123 3049 jura
1144 3011 1244 3050 ipsius
1259 3018 1309 3041 ec·

301 3057 416 3088 clesiae
434 3059 557 3098 integra
574 3067 749 3093 conservet.

1458 455 1539 484 '231

1421 517 1591 553 Sepultnras
1609 519 1636 545 in
1652 518 1826 544 monasterio
1841 518 1919 553 quod
1935 517 2073 546 Custodia
2087 519 2193 547 Beatae
2204 520 2310 548 Mariae
2320 530 2391 552 nun-

1384 570 1506 601 cupatur
1522 566 1627 593 liberas
1643 574 1709 592 esse
1725 566 1862 593 decernit.
1881 565 1965 600 (Rae.
1983 567 2027 601 44,
2044 575 2070 595 c.
2092 568 2135 602 57,
2152 568 2173 596 f.
2195 567 2245 597 123
2259 575 2306 602 νὴ
2321 570 2387 603 Lu,

1385 624 1419 642 uu
1433 615 1534 647 Tum,
1552 614 1598 648 11;
1622 614 1728 642 Purra.
1746 614 1855 647 22904.)

1717 455 2079 492 Sainte-Marie-Majeure,
2098 458 2128 485 11
2146 466 2223 486 mars
2242 459 2319 488 1289.

1424 703 1548 734 Dilectis
1569 705 1603 733 in
1622 704 1744 734 Christo
1759 703 1880 741 filiabus
1897 727 1917 734 ..
1934 705 2080 735 abbatisse
2104 710 2131 735 et
2149 707 2305 737 sororibus
2362 722 2366 733 ι
2387 686 2391 706 ³
2407 690 2418 706 p

1383 758 1514 787 nasterii
1529 758 1609 795 quod
1626 758 1768 787 Custodia
1785 757 1871 787 Beate
1885 758 1985 787 Μανία
1999 765 2216 797 nuncupatur,
2236 761 2276 790 ad
2288 769 2323 791 ro
2360 779 2380 795 ι,

1383 820 1459 840 nam
1486 812 1638 841 ecclesiam
1664 811 1751 840 nullo
1782 810 1879 840 medio
1907 812 2110 849 pertinentis,
2135 813 2255 843 ordinis
2284 813 2325 845 Sa
2360 829 2373 844 a

1384 863 1491 901 clare,
1512 864 1708 894 Carnotensis
1725 864 1859 893 diocesis.

1425 928 1439 944 ιι
1463 916 1545 947 Cum
1561 925 1579 946 a
1601 916 1731 947 nobis...
1747 932 1788 939 -—
1810 916 1882 946 Dat.
1906 917 2025 954 Rome,
2041 917 2125 956 apud
2149 917 2299 950 Sanctam
2319 919 2361 951 Μ
2378 958 2382 963 ᾖ

1382 970 1464 1000 riam
1482 970 1654 1009 Majorem,
1677 980 1696 1000 v
1714 970 1786 1000 idns
1805 970 1931 1018 martii,
1951 979 2038 1001 anno
2057 970 2231 1002 secundo.»

1457 1131 1543 1160 ¹232
1737 1130 2098 1166 Sainte-Marie-Majeure,
2116 1132 2132 1159 5
2147 1139 2225 1159 mars
2242 1131 2321 1161 1289.
2372 1118 2374 1122 γ

1419 1192 1553 1220 Potestas
1581 1193 1799 1229 archiepiscopo
1828 1192 2020 1221 Braeharensi
2050 1201 2201 1221 concessa.
2229 1193 2312 1228 (Rsu.
2368 1190 2371 1192 ’

1383 1249 1410 1269 c.
1428 1242 1470 1274 58,
1488 1242 1508 1269 f.
1526 1241 1577 1270 1‘23
1591 1244 1645 1276 vo.)-

1430 1331 1598 1362 Venerabili
1612 1331 1709 1368 fratri
1726 1353 1747 1361 ..
1765 1332 1987 1369 archiepiscopo
2003 1331 2224 1371 macharensi,
2240 1331 2281 1362 ad
2293 1332 2344 1363 ins
2382 1325 2385 1341 ³

1385 1384 1522 1414 Honorii
1538 1384 1587 1414 III
1599 1407 1606 1421 ,
1623 1384 1809 1415 facultatem
1824 1384 1971 1415 concedit
1986 1384 2128 1415 subditos
2150 1393 2224 1416 suos
2244 1393 2301 1424 per
2319 1393 2383 1418 oe

1385 1440 1494 1467 suram
1511 1437 1758 1468 ecclesiasticam
1775 1437 1990 1477 compellendi
2006 1442 2041 1468 ut
2055 1438 2160 1468 causis
2181 1443 2296 1469 vacent
2316 1447 2336 1480 q
2370 1430 2386 1447 ²²

1385 1491 1453 1529 ipse
1470 1491 1520 1521 vel
1536 1490 1688 1522 officiales
1706 1491 1775 1530 ejus
1794 1491 1839 1521 eis
1854 1491 2086 1522 commiserint.

1427 1556 1442 1572 α
1460 1544 1541 1574 Cum
1558 1544 1641 1575 sicut
1656 1545 1784 1575 nobis...
1801 1561 1839 1567 —-
1852 1546 1925 1575 Dat.
1938 1546 2050 1582 Rome,
2068 1544 2153 1584 apud
2168 1544 2319 1576 Sanctam
2330 1545 2371 1577 M

1386 1598 1468 1628 riam
1485 1598 1642 1637 MaJ‘orem
1654 1621 1662 1635 ‚
1680 1608 1715 1628 111
1733 1607 1836 1629 nonas
1851 1599 1979 1636 martii,
1995 1607 2082 1630 anno
2098 1598 2249 1630 secundo.
2267 1611 2282 1627 n

1460 1757 1652 1786 &33-234
1698 1757 2058 1793 Sainte-Marie-Majeure‚
2075 1757 2109 1786 25
2125 1757 2232 1786 sevrier
2247 1757 2326 1787 1289.

1422 1819 1552 1846 Licentia
1567 1819 1755 1846 construendi
1768 1823 1796 1846 et
1813 1820 1882 1847 ordo
1895 1819 1925 1847 S.
1942 1819 2102 1856 Augustini
2118 1820 2268 1848 sororibus
2282 1828 2341 1849 mo
2354 1834 2357 1844 2
2371 1825 2383 1847 52

1386 1868 1451 1895 terii
1476 1869 1598 1896 Sanctae
1622 1868 1791 1904 Margaritae
1816 1868 1852 1895 de
1877 1869 1975 1897 Gratia
2001 1869 2210 1898 conceduntur.
2234 1869 2318 1904 (Rae.
2373 1877 2376 1886 ¹

1387 1925 1413 1945 c.
1436 1917 1479 1951 59,
1496 1918 1516 1944 f.
1536 1917 1584 1944 123
1599 1919 1652 1951 vo.)

1434 2006 1606 2036 Venerabili
1636 2007 1732 2043 fratri
1763 2029 1784 2036 ..
1812 2007 1990 2044 patriarche
2011 2007 2222 2044 Antiochensi,
2250 2007 2304 2038 cui
2323 2015 2340 2040 c

1389 2059 1542 2090 ecclesiae
1574 2059 1767 2094 Januensis.
1814 2064 1890 2091 tunc
1929 2060 2088 2098 vacantis,
2125 2065 2174 2092 est
2211 2061 2376 2093 commi

1388 2112 1522 2143 mandat
1542 2116 1700 2153 quatenus
1725 2136 1746 2144 ..
1771 2113 1942 2152 priorissae
1965 2122 2002 2144 ac
2025 2113 2187 2145 sororibus
2212 2118 2377 2148 monaste
2419 2135 2421 2138 ⁴

1390 2165 1525 2197 Sanctae
1537 2166 1730 2204 Margaritae
1739 2166 1779 2197 de
1789 2166 1900 2197 Gratia
1911 2191 1918 2204 ,
1930 2167 1966 2196 in
1978 2166 2072 2197 Costa
2084 2166 2285 2206 Granarolii‚
2302 2177 2322 2208 p
2346 2181 2370 2195 ι’

1389 2220 1543 2258 Januam,
1569 2219 1608 2250 de
1635 2228 1717 2250 novo
1742 2220 1928 2258 constructi,
1947 2219 2112 2251 licentiam
2133 2220 2289 2260 largiatur
2305 2219 2373 2253 cor-⁵

1390 2272 1519 2303 truendi
1537 2273 1704 2304 ecclesiam
1722 2283 1777 2304 seu
1793 2274 1969 2305 oratorium
1984 2278 2015 2305 et
2029 2275 2237 2306 officinas.eis
2253 2283 2370 2307 neces

1391 2327 1456 2356 rias
1474 2327 1508 2356 in
1525 2326 1609 2357 dicto
1623 2327 1830 2358 monasterio.
2375 2336 2378 2338 ·

1437 2393 1450 2408 ‹
1472 2380 1517 2410 Ex
1532 2384 1620 2419 parte
1632 2379 1859 2411 dilectarum...
1871 2398 1910 2403 —
1925 2381 1998 2413 Dat.
2018 2382 2134 2420 Rome,
2153 2381 2238 2422 apud
2252 2381 2373 2416 Sanc
2394 2387 2398 2389 “

1392 2433 1529 2464 Mariam
1551 2434 1724 2474 Maj0rem,
1741 2444 1761 2464 v
1782 2433 1935 2465 kalendas
1956 2435 2084 2473 martii,
2107 2444 2194 2467 anno
2215 2435 2375 2471 secundae·

1431 2487 1470 2517 In
1501 2496 1528 2518 e.
1564 2497 1609 2517 m.
1650 2487 1756 2518 eidem
1793 2488 1989 2528 patriarchae
2023 2489 2237 2521 Antiochensi
2269 2499 2313 2521 m
2332 2495 2376 2530 uf

1392 2544 1551 2580 quatenus
1560 2541 1728 2580 praedictis
1747 2542 1917 2581 priorissae
1925 2551 1962 2572 ac
1971 2542 2241 2583 sororibuquuae
2249 2542 2333 2574 nulli
2356 2559 2363 2572 ι,

1391 2594 1486 2633 gulae
1507 2589 1583 2624 s'unt
1599 2594 1761 2633 astrictae,
1779 2595 1926 2626 ordinem
1949 2596 1981 2626 S.
2008 2596 2183 2636 Augustini
2207 2595 2363 2628 servandv

1392 2647 1555 2679 concedat.

2450 2010 2455 2114 ξ,

2449 2116 2455 2213 z

2444 2218 2453 2349 l

2442 2366 2453 2405 Ἴ

1467 2808 1552 2837 '235

1429 2869 1614 2905 spiritualem
1639 2870 1765 2906 gladium
1789 2872 1932 2900 concedit.
1949 2872 2033 2907 (Rau.
2051 2873 2103 2907 44,
2127 2881 2154 2900 c.
2171 2872 2221 2906 60,
2242 2873 2263 2900 f.
2284 2871 2334 2900 124
2358 2887 2373 2898 «-

1393 2920 1460 2948 LAP.
1477 2930 1513 2949 nu
1528 2921 1625 2954 Tuam,
1644 2922 1681 2956 11,
1699 2923 1753 2955 35.)

1727 2808 2092 2847 Sainte-Marie-MaJ‘eure,
2109 2809 2142 2838 ¹9
2157 2817 2236 2838 mars
2250 2808 2328 2838 1289.
2369 2831 2375 2839 .

1435 3010 1558 3040 Dileciis
1577 3010 1653 3048 filiis
1671 3033 1693 3041 ..
1713 3012 1824 3042 decano
1845 3017 1872 3042 ec
1897 3012 2030 3051 capitulo
2052 3013 2170 3044 ecclesie
2190 3012 2290 3043 Gamo

1395 3066 1428 3092 ut
1443 3062 1477 3092 in
1497 3062 1638 3102 capitulo
1655 3063 1762 3103 XLV,
1780 3064 1911 3095 mutatis
1927 3064 2100 3096 mutandis.
