2477 3637
303 389 340 419 98
1047 384 1283 415 REGISTRES
1306 384 1360 415 DE
1382 383 1566 414 NICOLAS
1589 383 1645 413 IV.

345 465 359 482 α
381 453 554 491 Gregorius
575 453 739 491 episcopus
763 460 872 480 servus
895 458 1060 480 servorum
1089 450 1157 480 Dei.
1181 450 1304 481 Dilecto

305 521 318 535 n
343 509 377 538 in
399 507 527 538 Christo
555 506 631 537 silio,
648 504 826 540 Bernardo,
848 504 953 533 abbati
980 504 1166 534 monasterii
1190 504 1304 534 Sancte

306 574 318 588 r,
343 561 403 591 Dei
431 559 605 590 Genitricis
636 566 823 595 semperque
852 556 989 594 virginis
1024 557 1140 592 Marie,
1176 557 1306 587 domine

306 628 317 640 n
343 619 467 649 nostre,
487 617 517 642 et
534 613 697 642 beatorum
717 609 930 649 apostolorum
954 610 1040 639 Petri
1061 614 1091 639 ct
1112 609 1204 639 Pauli
1222 610 1305 648 apud

305 679 318 693 2»
344 666 537 701 Massiliam,
570 664 622 694 ubi
648 663 897 693 sacratissimum
923 671 1037 701 corpus
1063 662 1143 691 beati
1168 662 1305 692 Victoris

306 732 317 745 1»
343 717 483 748 martiris
507 717 706 755 requiescere
729 715 883 750 creditur,
910 715 1043 753 ejusque
1068 714 1305 744 successoribus

304 783 317 798 ›»
342 771 458 800 ibidem
487 768 676 807 regulariter
704 767 928 807 promovendis
954 767 987 796 iu
1014 772 1212 806 perpetuum.
1243 766 1305 797 Su-

303 838 314 851 »
345 832 442 862 perne
460 822 676 852 miserationis
699 825 879 860 respectu...
899 821 1054 857 Proinde,
1073 822 1164 858 juxta
1183 821 1305 861 petitio-

305 890 317 904 »
343 886 416 907 nem
434 882 518 906 tuam
532 899 539 912 ‚
563 876 682 914 prefato
701 875 911 911 monasterio,
931 876 982 905 cui
1009 880 1040 904 tu
1059 885 1183 914 preesse
1199 875 1306 905 diuos-

305 944 318 957 »
343 931 440 967 reris,
457 939 530 959 cum
547 928 678 967 capellis
694 929 1012 967 circnmjacentibus‚
1032 929 1179 959 videlicet
1198 928 1304 958 Sancti

305 1000 317 1014 »
343 987 428 1016 Petri
457 986 511 1024 qui
543 989 672 1015 vocatur
701 984 739 1014 ad
771 984 951 1023 paradisum
980 989 1009 1014 et
1037 984 1145 1014 Sancti
1176 983 1305 1014 Audree

305 1053 318 1067 »
343 1040 515 1078 Sanctique
545 1037 705 1074 Ferreoli,
737 1037 923 1075 hujusmodi
954 1036 1137 1076 privilegia,
1166 1039 1306 1076 presenti

302 1106 314 1120 1
342 1093 536 1123 auctoritatis
557 1096 662 1121 nostre
683 1091 824 1127 decreto,
850 1089 1074 1128 indulgemus,
1099 1090 1304 1120 concedimus

306 1159 318 1173 n
341 1151 434 1185 atque
451 1145 628 1179 firmamus,
646 1148 818 1173 statuentes
834 1143 961 1172 nullum
974 1152 1085 1181 regum
1102 1143 1151 1173 vel
1173 1144 1306 1183 impera-

305 1212 317 1226 »
343 1203 463 1235 torum,
481 1198 677 1235 antistitum,
697 1196 824 1226 nulium
840 1205 1042 1235 quacumque
1063 1196 1216 1234 dignitate
1233 1205 1304 1235 pre-

301 1266 313 1280 »
340 1253 454 1289 ditum,
472 1251 521 1281 vel
537 1259 733 1289 quemquam
750 1249 849 1279 alium
866 1249 983 1279 audere
996 1249 1034 1279 de
1050 1249 1185 1288 hiisque
1202 1249 1306 1279 eidem

303 1318 316 1333 »
341 1304 518 1336 venerabili
545 1304 613 1334 loco
637 1313 655 1333 a
682 1302 878 1342 quibuslibet
903 1302 1090 1333 hominibus
1116 1303 1154 1332 de
1179 1303 1306 1341 proprio

302 1371 315 1386 »
337 1360 409 1396 jure
421 1359 488 1396 jam
504 1357 619 1387 donata
635 1360 709 1386 suut
726 1355 774 1385 vel
794 1356 828 1385 in
850 1355 1010 1391 futurum,
1031 1356 1096 1385 Deo
1113 1356 1303 1393 miserante,

302 1423 315 1439 n
340 1411 452 1441 collata
480 1410 614 1445 suerint,
636 1410 695 1438 sul)
710 1408 881 1446 cujuslibet
899 1417 991 1438 cause
1009 1409 1223 1438 occasionisve
1236 1417 1306 1447 spe-

300 1477 312 1490 »
340 1464 399 1499 cie,
421 1464 568 1492 minuere
585 1461 634 1491 vel
653 1462 790 1497 auterre,
809 1466 839 1491 et
854 1461 920 1490 sire
938 1461 1003 1490 suis
1021 1461 1130 1491 usibus
1147 1461 1306 1500 applicare

303 1528 316 1544 ι)
339 1516 387 1546 vel
407 1515 498 1552 aliis,
515 1515 604 1554 quasi
626 1514 686 1553 piis
704 1514 741 1544 de
759 1514 880 1551 causis,
905 1523 960 1553 pro
981 1523 1037 1544 sue
1060 1514 1193 1544 avaritie
1211 1523 1306 1545 excu-

301 1582 314 1596 »
339 1570 476 1605 satione,
491 1568 664 1598 concedere
679 1579 684 1604 ;
704 1568 759 1597 sed
778 1572 893 1597 cuncta
911 1576 973 1606 que
989 1568 1033 1597 ibi
1048 1567 1151 1598 oblata
1167 1572 1242 1598 sunt
1258 1568 1307 1598 vel

301 1636 312 1648 »ι
338 1623 428 1653 offeri
444 1623 622 1660 contigerit,
643 1627 706 1652 tani
729 1630 748 1651 a
770 1626 797 1652 te
812 1630 909 1661 quam
926 1622 964 1651 ab
983 1622 1028 1651 eis
1048 1622 1104 1661 qui
1120 1622 1155 1651 in
1173 1627 1224 1652 tuo
1239 1623 1307 1652 offi-

301 1689 313 1703 ),
338 1677 388 1706 cio
404 1676 534 1715 locoque
551 1676 772 1711 successerint,
789 1675 968 1714 ραι-1311811111
985 1681 1124 1714 tempore
1139 1676 1261 1706 illibata
1276 1681 1307 1707 et

301 1742 314 1756 ³)
339 1730 408 1759 sine
433 1729 661 1767 inquietudine
690 1729 800 1767 aliqua
828 1728 973 1759 volumus
998 1729 1172 1768 possideri,
1196 1738 1306 1760 eorum

301 1796 314 1811 5>
340 1783 468 1822 quidem
487 1783 606 1818 usibus,
627 1791 683 1821 pro
699 1791 836 1821 quorum
855 1783 1083 1813 sustentatione
1101 1783 1305 1821 gubernatio-

299 1851 310 1863 ιι
340 1836 1307 1876 nequeconcessasunt,modisomnibusprofutura.N0mina-

303 1902 315 1917 »
341 1891 397 1920 tim
418 1890 513 1920 etiam
531 1890 762 1919 confirmamus
779 1890 881 1919 eidem
899 1891 1092 1921 monasterio
1110 1891 1306 1921 Massiliensi

299 1956 311 1970 »
340 1943 571 1973 monasterium
600 1942 708 1972 Sancti
730 1943 884 1973 Honorati
907 1947 935 1973 et
953 1943 1060 1973 Sancti
1075 1944 1207 1974 Genesii
1222 1945 1307 1983 apud

301 2009 315 2023 1>
336 1996 509 2031 Arelatem,
520 1996 753 2026 monasterium
762 1996 876 2026 Sancte
884 1997 1305 2029 Mai-ieetSauctiVeraniin

301 2062 314 2077 ›·
341 2049 430 2079 Valle
445 2049 557 2086 Clusa,
578 2049 808 2079 monasterium
829 2050 943 2080 Sancte
965 2051 1065 2080 Marie
1085 2051 1123 2081 de
1138 2051 1305 2083 Grausello

288 2112 314 2129 -„
338 2103 421 2141 apud
451 2102 658 2139 Melaucena,
686 2103 916 2132 monasterium
945 2104 1058 2133 Sancte
1091 2104 1192 2134 Marie
1221 2105 1304 2143 apud

302 2170 313 2181 ›·
338 2156 526 2195 Spar-ouem,
543 2156 775 2185 monasterium
791 2156 905 2186 Sancte
923 2156 1022 2186 Mai-ie
1038 2157 1076 2187 de
1093 2158 1303 2196 Mandauvis,

301 2221 314 2236 n
340 2209 569 2239 monasterinm
583 2209 692 2238 Sancti
703 2209 873 2238 Maximini
887 2209 920 2238 iu
931 2210 1080 2240 comitatu
1096 2211 1259 2249 Aquensi3
1276 2216 1306 2242 et

301 2274 314 2289 >1
338 2262 373 2291 in
384 2261 545 2300 Yspaniis,
563 2262 792 2291 monasterium
805 2262 913 2292 Sancti
923 2263 1100 2301 Michaelis,
1115 2265 1199 2303 quod
1212 2274 1304 2295 voca-

302 2328 315 2342 »
341 2320 391 2345 tur
403 2315 441 2344 ad
455 2314 546 2353 Falli,
559 2319 590 2344 et
600 2316 830 2345 monasterium
842 2316 948 2347 Sancti
961 2317 1142 2348 Sebastiaui
1154 2319 1189 2348 in
1201 2319 1304 2350 Pene-

302 2382 314 2396 ιι
339 2369 409 2406 des;
420 2369 452 2398 in
465 2369 589 2399 civitate
605 2370 792 2407 Agatheusi,
808 2371 1037 2401 monasterium
1049 2372 1159 2402 Sancti
1171 2373 1302 2404 Andree

302 2436 314 2450 »
335 2422 477 2462 apostoli3
487 2424 519 2452 in
526 2424 675 2453 comitatu
686 2423 897 2460 Rutlienensi,
907 2426 1305 2458 mouasteriumVabrense

299 2489 312 2503 ι
340 2481 369 2507 et
383 2476 613 2506 monasterium
630 2477 738 2506 Sancti
755 2477 840 2507 Petri
853 2482 882 2507 et
896 2478 1004 2508 Sancti
1019 2479 1161 2517 Leontii;
1179 2480 1212 2509 in
1226 2490 1304 2519 pago

301 2542 315 2557 n
339 2529 498 2566 Albieusi,
517 2529 748 2559 monasterium
761 2530 874 2560 Sancte
890 2530 1056 2569 Segolene,
1074 2533 1158 2571 quod
1175 2539 1305 2564 vocatur

304 2596 314 2607 »
340 2582 379 2612 ad
394 2582 516 2619 Grava;
533 2583 566 2612 iu
579 2582 780 2621 Gabalitauo,
795 2585 1025 2614 monasterium
1038 2586 1145 2616 Sancti
1160 2587 1303 2626 Martini,

302 2648 314 2662 ιι
339 2635 422 2674 quod
447 2635 564 2665 dicitur
589 2636 772 2673 Canonica;
798 2646 879 2675 que,
901 2637 983 2667 sicut
1005 2647 1023 2667 a
1046 2638 1202 2677 religiosis
1229 2641 1305 2671 viris

300 2701 312 2714 ι
339 2689 532 2725 didicimus,
549 2689 616 2728 jam
638 2698 656 2719 a
681 2689 838 2728 religione
863 2692 1038 2722 monastica
1061 2693 1186 2723 fuerant
1207 2695 1306 2725 desti-

303 2753 317 2768 1)
342 2746 417 2778 tuta,
436 2746 469 2771 ut
485 2751 546 2772 non
560 2742 662 2772 solum
676 2743 734 2773 Dei
746 2744 779 2773 in
796 2744 861 2774 illis
874 2753 952 2783 opus
966 2746 1155 2784 regulariter
1171 2748 1307 2779 minime

304 2806 316 2820 n
339 2794 568 2831 celebraretur,
595 2796 649 2825 sed
674 2797 768 2826 etiam
793 2806 874 2836 pene
897 2807 951 2837 pro
976 2798 1105 2834 deletis.
1133 2801 1217 2839 quod
1243 2801 1306 2832 dici

304 2859 317 2873 2>
341 2856 436 2885 grave
467 2852 531 2885 est,
565 2848 768 2880 haberentur.
801 2851 922 2882 Idcirco
951 2857 1004 2882 tuo
1028 2852 1083 2883 illa
1113 2855 1306 2885 monasteria

305 2912 318 2926 ι)
342 2900 481 2938 presenti
501 2903 704 2940 auctoritate,
728 2913 800 2934 cum
825 2905 974 2935 omnibns
998 2906 1037 2936 ad
1059 2915 1092 2936 se
1116 2908 1306 2945 pertinenti-

305 2964 318 2979 »
342 2953 418 2989 bns,
439 2953 472 2982 iu
492 2960 676 2992 perpetuum
694 2956 843 2987 duximus
861 2958 1018 2996 unienda,
1042 2959 1252 2991 admonentes
1273 2966 1307 2991 nt

305 3017 318 3031 »
343 3006 514 3036 monachos
530 3007 562 3036 in
586 3008 735 3045 predictis
758 3011 963 3042 monasteriis
983 3013 1193 3044 Massiliensis
1208 3014 1305 3045 abbas

306 3071 318 3084 ι)
343 3058 453 3088 debeat
470 3059 632 3098 deputare,
649 3062 703 3100 qui
721 3067 751 3092 et
767 3072 876 3094 curam
894 3064 960 3095 illic
976 3065 1035 3096 Dei
1052 3065 1222 3105 diligenter
1244 3067 1304 3098 ha-

1390 516 1403 529 i)

1390 569 1402 582 >i

1390 623 1402 637 Ji

1392 676 1404 689 >i

1394 729 1407 743 ἣ

1426 451 1520 480 beant
1539 454 1662 488 etopus
1680 449 1737 479 Dei
1764 449 1903 487 regulari
1924 449 2072 480 studeant
2091 451 2300 481 instructione
2316 459 2392 490 per-

1427 512 1519 541 agere
1531 526 1538 539 ‚
1554 506 1647 542 atque
1660 503 1727 540 jam
1744 511 1776 532 se
1794 503 1827 532 iu
1846 502 1926 539 hiis,
1941 503 2022 533 sicut
2037 504 2204 540 convenit,
2222 504 2390 542 exhibere,

1429 562 1462 586 ut
1481 565 1538 586 nec
1554 555 1625 586 illos
1642 556 1680 585 de
1702 555 1846 593 neglectu
1868 565 1925 586 nec
1945 556 2091 586 abbatem
2107 557 2146 587 de
2165 557 2285 587 minori
2305 557 2394 588 solli-

1429 610 1571 640 citudine
1598 609 1690 648 culpa
1717 609 1901 639 confundat.
1932 610 2090 649 Quicquid
2118 619 2192 641 vero
2217 610 2258 641 ad
2284 611 2395 642 eadem

1429 663 1621 693 monasteria
1649 663 1807 702 pertinere
1825 663 1989 701 cognoscis
2001 686 2009 700 ,
2033 664 2059 693 si
2079 664 2119 694 ab
2138 664 2300 703 aliquibus
2315 663 2394 694 irra-

1434 716 1630 746 tionabiliter
1655 716 1827 753 detinetur,
1845 725 1881 745 ex
1899 716 1958 746 hac
1975 721 2082 746 nostra
2100 717 2285 747 auctoritate
2307 725 2396 756 repe·
2423 711 2433 738 ‚⁴

1431 770 1519 800 tendi
1549 769 1761 808 exigendique
1788 774 1881 808 atque
1908 774 1960 799 tuo
1984 771 2178 800 monasterio
2204 769 2396 802 vendicandi
2417 779 2435 805 ,¹

1428 823 1560 853 habebis
1590 832 1645 862 per
1673 823 1793 857 omnia,
1827 823 1894 853 Deo
1920 823 2075 861 juvante,
2108 822 2293 860 licentiam,
2320 823 2399 862 quit¹

1427 877 1564 914 dignum
1594 881 1641 906 est
1672 881 1705 906 ut
1735 884 1871 914 quorum
1901 884 2012 906 curam
2043 876 2127 914 geris
2145 901 2152 913 ,
2184 876 2278 906 rebus
2306 875 2396 908 nullo

1428 930 1522 960 modo
1536 929 1703 959 frauderis.
1722 930 1804 959 Sunt
1821 934 1851 958 et
1866 928 1928 958 alia
1945 929 2139 959 monasteria
2155 938 2228 968 que,
2246 928 2351 960 studio
2364 931 2407 960 etv

1426 983 1534 1013 labore
1552 988 1616 1012 tam
1637 988 1688 1013 tuo
1711 992 1806 1022 quam
1832 983 2091 1021 predecessorum
2108 987 2253 1020 tuorum,
2270 991 2289 1013 a
2303 991 2403 1032 sect}-

1428 1037 1487 1067 lari
1505 1037 1747 1067 conversatione
1762 1037 1801 1067 ad
1820 1036 2013 1075 regularem,
2032 1037 2099 1067 Deo
2115 1036 2304 1074 auxiliante,
2321 1039 2397 1077 sunt

1428 1090 1574 1125 reducta,
1592 1089 1739 1120 videlicet
1759 1100 1764 1119 :
1785 1090 1818 1119 111
1844 1090 2011 1129 Yspaniis,
2030 1091 2262 1120 monasterium
2283 1089 2398 1121 Sancte

1430 1144 1540 1179 Marie,
1555 1143 1587 1172 in
1599 1143 1667 1173 loco
1680 1144 1734 1182 qui
1746 1144 1864 1173 dicitur
1876 1143 2114 1181 RivuspolleuS,
2126 1147 2156 1174 et
2166 1143 2397 1174 monasterium

1430 1197 1539 1226 Sancti
1561 1197 1728 1236 Stephani,
1751 1196 1836 1235 quod
1858 1202 1986 1227 vocatur
2005 1196 2194 1234 Balneolas;
2211 1197 2292 1227 etin
2312 1195 2398 1228 Tho-

1429 1251 1550 1287 losano,
1570 1251 1800 1280 monasterium
1821 1250 2023 1287 Sol-isinum;
2043 1251 2073 1279 in
2095 1249 2251 1288 Albiensi,
2267 1257 2398 1280 monas-

1431 1304 1547 1333 terium
1573 1303 1683 1333 Sancti
1711 1303 1894 1341 Benedicti,
1922 1304 2007 1342 quod
2033 1303 2151 1333 dicitur
2176 1302 2318 1342 Casu-as,
2342 1303 2406 1335 ubi,

1430 1356 1462 1386 S.
1489 1357 1676 1387 Vincentius
1701 1357 1796 1387 levita
1823 1361 1853 1387 et
1876 1358 1988 1387 martir
2013 1357 2215 1396 requiescere
2242 1351 2417 1388 noscitur.'

1432 1409 1587 1443 Volumus
1598 1411 1717 1450 itaque,
1730 1411 1828 1441 immo
1840 1411 2046 1441 decernimus
2057 1415 2101 1449 ut,
2114 1411 2155 1441 ad
2163 1410 2399 1442 ordinationem

1429 1468 1524 1502 atque
1551 1463 1781 1493 correctionem
1799 1472 1924 1500 eorum,
1946 1469 2009 1494 tam
2031 1469 2063 1494 tu
2085 1473 2183 1503 quam
2203 1471 2418 1495 successores

1430 1517 1477 1547 tui
1498 1517 1603 1547 vicem
1618 1516 1702 1546 sedis
1723 1517 1892 1556 apostolice
1917 1527 2027 1556 gerere
2055 1518 2214 1556 debeatis;
2231 1517 2266 1548 in
2283 1517 2400 1557 quibu

1429 1571 1456 1600 si
1473 1570 1564 1607 tales,
1585 1570 1670 1609 quod
1685 1570 1784 1608 absit,
1800 1570 1930 1601 abbates
1951 1572 2077 1602 inventi
2100 1571 2220 1602 suerint
2233 1571 2290 1611 qui
2309 1571 2350 1601 ab
2370 1584 2406 1598 ·:.

1428 1633 1490 1663 qua
1515 1633 1602 1654 nunc
1624 1625 1734 1662 vigent
1751 1624 1908 1663 religione
1929 1625 2179 1655 exorbitaverint
2193 1624 2244 1656 vel
2263 1624 2412 1663 dignum·

1431 1678 1554 1717 aliquid
1583 1677 1782 1716 depositione
1808 1678 2054 1715 commiserint,
2081 1678 2168 1708 unde
2196 1677 2407 1716 correctioni»,
2444 1693 2446 1698 ·

1429 1736 1536 1761 nostre
1558 1740 1726 1761 censuram
1750 1732 1858 1762 subire
1885 1732 2093 1770 contendant,
2110 1731 2279 1770 diligentie
2296 1734 2400 1762 vestre

1427 1785 1468 1814 sit
1480 1785 1675 1824 episcopum,
1696 1786 1730 1815 in
1748 1786 1840 1824 cujus
1857 1785 1976 1815 diocesi
1993 1785 2224 1816 monasterium
2237 1785 2345 1822 fuerit,
2359 1783 2402 1816 ad·
2444 1807 2446 1810 -

1428 1839 1647 1868 testimonium
1676 1843 1783 1869 reatus
1809 1838 1897 1868 illius
1922 1839 2015 1869 vobis
2041 1838 2213 1875 adhibere,
2241 1842 2283 1875 et,
2309 1846 2399 1868 com-

1426 1891 1590 1922 municato
1612 1891 1764 1928 consilio,
1787 1900 1898 1921 eorum
1924 1890 2159 1922 rationabiliter
2178 1891 2364 1922 convinctos
2380 1899 2401 1922 3

1428 1945 1588 1983 regimine
1615 1945 1723 1975 habito
1749 1944 1960 1981 submovere,
1989 1945 2017 1974 si
2041 1948 2149 1975 autem
2174 1943 2340 1984 episcopus
2360 1943 2400 1975 de

1427 2000 1631 2030 ordinatione
1648 2004 1679 2029 et
1694 1998 1779 2029 mala
1800 1999 1864 2035 vita
1887 2007 1950 2028 nou
1975 1998 2071 2028 suerit
2089 2002 2254 2038 suspectus
2269 2001 2301 2028 et
2315 1997 2404 2029 infa-

1427 2057 1550 2091 matus,
1568 2053 1619 2083 vel
1639 2053 1667 2082 si
1684 2053 1764 2083 forte
1781 2061 1910 2082 causam
1932 2051 2021 2082 illam
2042 2051 2127 2082 malo
2146 2051 2280 2090 ingenio
2295 2051 2404 2090 magis>

1428 2107 1585 2147 impedire
1601 2115 1697 2146 quam
1714 2106 1891 2136 secundum
1914 2106 2019 2136 Deum
2037 2105 2175 2135 voluerit
2190 2108 2397 2149 pertractare;

1428 2161 1513 2200 quod
1529 2161 1557 2190 si
1576 2160 1696 2199 aliquis
1715 2160 1830 2190 horum
1854 2159 2032 2195 obstiterit,
2060 2167 2100 2188 ne
2125 2167 2221 2188 causa
2241 2157 2375 2198 punien·
2395 2171 2398 2183 2

1427 2219 1532 2245 reatus
1563 2214 1744 2244 indiscussa
1771 2217 1944 2252 pretereat,
1972 2211 2199 2242 sollicitudinis
2227 2215 2330 2242 vestre
2357 2209 2399 2246 si,

1429 2277 1481 2298 eos
1503 2268 1543 2298 ad
1561 2276 1695 2298 examen
1718 2265 1889 2305 apostolice
1911 2266 1994 2295 sedis
2011 2264 2203 2304 judicandos
2219 2263 2397 2303 adducere,-

1428 2325 1596 2361 quatenus,
1616 2320 1681 2350 illis
1695 2320 1822 2357 amotis,
1841 2319 1918 2349 tales
1934 2319 1991 2356 ibi,
2005 2319 2069 2348 Deo
2084 2317 2270 2355 auxiliante,
2283 2317 2356 2348 deb·
2369 2328 2400 2344 ι’-

1427 2377 1588 2413 ordinare,
1603 2375 1659 2414 qui
1671 2374 1747 2404 locis
1761 2372 1998 2403 venerabilibus
2010 2371 2137 2402 valeant
2148 2371 2248 2410 digne
2257 2378 2394 2410 preesse

1427 2429 1664 2461 Confirmamus
1681 2428 1777 2457 etiam
1795 2426 1899 2456 eidem
1915 2423 2094 2455 venerabili
2109 2423 2304 2455 monasterio
2313 2422 2400 2463 quii-³

1428 2483 1505 2522 quid
1520 2482 1555 2511 iu
1571 2481 1682 2512 salinis
1699 2479 1896 2510 Massiliensi
1912 2478 2032 2508 civitati
2048 2477 2271 2517 adjacentibus
2285 2476 2398 2512 5111111-

1425 2545 1488 2576 que
1507 2536 1542 2565 in
1563 2539 1672 2574 portu,
1695 2534 1762 2563 sive
1783 2532 1822 2562 de
1847 2532 1982 2562 navibus
2005 2531 2074 2561 sive
2095 2530 2135 2561 de
2155 2530 2343 2570 piscatione,
2359 2529 2399 2560 ar]

1425 2590 1478 2629 jus
1493 2588 1593 2628 ipsius
1609 2587 1809 2623 monasterii,
1826 2585 1947 2616 scilicet
1965 2583 2190 2622 Massiliensis,
2207 2582 2355 2622 pertinet,
2375 2591 2396 2609 iv

1429 2642 1603 2672 Revestum
1621 2641 1714 2679 Juxta
1730 2643 1874 2678 portum,
1896 2643 1926 2668 et
1945 2638 2042 2668 cellas
2063 2641 2093 2668 et
2114 2635 2261 2674 castella,
2278 2640 2343 2666 tam
2368 2643 2396 2661 2·

1428 2703 1490 2734 que
1518 2694 1558 2725 de
1586 2695 1720 2732 antiqua
1749 2693 1853 2731 ipsius
1881 2691 2070 2722 monasterii
2100 2689 2298 2730 possessione
2325 2697 2398 2719 sun·

1429 2748 1569 2785 reddita,
1585 2756 1683 2786 quam
1706 2755 1742 2776 ea
1760 2755 1822 2785 que
1837 2755 1855 2775 a
1876 2745 2023 2776 fidelihus
2039 2745 2078 2775 de
2097 2743 2223 2784 proprio
2240 2742 2391 2782 suntJu

1429 2801 1557 2838 collata,
1582 2799 1732 2830 videlicet
1752 2809 1759 2829 :
1783 2799 1817 2829 in
1844 2795 2263 2838 episcopatuMassiliensi,
2286 2793 2333 2826 cel
2352 2807 2356 2819 2

1429 2854 1537 2885 Sancti
1553 2854 1655 2890 Justi,
1673 2857 1704 2884 et
1725 2852 1840 2883 cellam
1858 2852 1966 2883 Sancti
1990 2851 2092 2888 Mitri,
2109 2853 2140 2880 et
2159 2848 2272 2880 cellam
2292 2847 2388 2878 San

1430 2906 1596 2938 Michaelis
1623 2907 1659 2937 iu
1689 2907 1808 2944 Plano,
1836 2911 1866 2936 et
1894 2905 2008 2936 cellam
2031 2903 2143 2935 Sancti
2169 2901 2330 2934 Johannis
2365 2907 2396 2932 ιε’

1429 2961 1569 2991 Roccam
1587 2960 1728 2997 Fortem,
1747 2965 1778 2990 et
1798 2959 1912 2990 cellam
1929 2958 2038 2989 Sancti
2056 2956 2145 2987 Petri
2157 2956 2393 2996 ,1113130351Μὴ

1431 3014 1581 3052 Auriola,
1604 3018 1634 3044 et
1653 3013 1769 3044 cellam
1789 3013 1898 3044 Sancti
1919 3011 2087 3048 Zacharie,
2105 3015 2137 3041 et
2156 3008 2270 3040 cellam
2291 3007 2396 3039 Sane.

1430 3067 1595 3105 Damiani,
1627 3071 1658 3097 et
1680 3066 1795 3098 cellam
1823 3066 1932 3097 Sancti
1956 3064 2120 3096 Joliannis
2146 3063 2186 3094 de
2214 3061 2335 3101 Regia;
2359 3058 2392 3092 i‘.
