2342 3652
685 365 918 402 TROISIEME
941 365 1098 401 ANNEE.
1122 385 1161 392 -—
1183 369 1369 400 LETTRES
1392 369 1616 401 CURIALES.
2142 368 2198 400 639

105 439 187 469 tibus
206 439 271 468 illis
289 438 405 477 populo
421 439 616 475 christiano,
637 443 667 468 tu
680 463 687 475 ,
707 440 789 468 sicut
807 437 1021 477 premittitur,
1038 445 1111 466 cum

103 492 181 522 viris
199 492 409 531 prudentibus
425 492 661 522 communicato
677 491 829 527 consilio,
845 491 986 529 aliquem
1007 490 1113 518 virum

106 546 269 584 ydoneum
293 545 404 575 eadem
424 545 611 575 auctoritate
631 545 821 580 constituas,
842 544 898 582 qui
920 542 1034 582 populo
1054 541 1114 580 ipsi

105 599 213 638 presit,
232 603 263 628 et
277 599 361 628 circa
377 599 446 637 ejus
462 599 605 636 regimen
623 607 732 628 curam
748 598 898 627 adhibeat
913 596 1111 633 diligentem,

105 652 211 690 quoad
237 651 454 681 ordinandum
483 656 513 681 et
535 651 772 689 disponendum
797 659 833 680 ea
857 659 919 688 que
941 650 980 678 ad
1005 656 1114 678 rerum

106 705 294 735 exercitium
318 705 533 743 predictarum
560 705 720 743 pertinere
743 707 936 739 noscuntur,
959 710 1013 740 pro
1032 701 1115 731 bono

107 763 188 788 statu
211 758 408 796 sollicitaque
429 758 572 787 custodia
593 757 674 787 dicte
699 763 790 787 terre.
811 757 924 786 Nosti-e
943 760 1049 785 autem
1068 754 1115 783 in-

107 811 260 841 tentionis
276 811 382 840 existit
399 815 433 840 ut
449 811 636 849 hujusmodi
651 811 808 849 capitanei
823 819 841 840 a
858 814 898 845 te,
913 810 963 838 vel
981 808 1021 838 ad
1039 807 1117 837 certi

109 865 259 901 temporis
282 863 438 901 spatium,
462 863 513 893 vel
532 864 572 893 ad
596 868 648 893 tue
670 863 903 902 beneplacitum
926 861 1114 895 voluntatis,

108 921 202 955 prout
216 916 363 955 expedire
381 917 592 955 prospexeris,
609 917 796 946 assumendi
813 917 867 946 tibi
885 916 949 945 sint
965 914 1116 945 obedien-

111 975 157 1000 tes
179 970 214 999 in
235 970 386 1000 omnibus
411 975 440 999 et
464 970 616 1008 subjecti,
643 977 738 1009 atque
763 971 796 1000 in
825 971 891 1000 suis
911 969 1024 1000 officiis
1046 976 1118 997 exe-

109 1023 248 1063 quendis
269 1028 321 1053 tuo
346 1023 544 1062 beneplacito
565 1024 763 1062 dirigantur;
786 1033 864 1062 quos
885 1022 1055 1053 amovendi
1079 1021 1118 1050 ab

110 1077 228 1107 eisdem
255 1076 384 1113 officiis,
412 1082 443 1106 et
467 1077 500 1106 in
527 1086 637 1107 eorum
662 1078 769 1107 locum
797 1077 875 1107 alios
903 1075 1116 1113 subrogandi,

109 1131 239 1171 quando
257 1135 289 1160 et
305 1130 453 1168 quotiens
473 1134 667 1168 oportunum
687 1130 752 1160 fore
769 1130 971 1168 cognoveris,
990 1128 1119 1167 plenam

110 1190 140 1215 et
155 1185 288 1214 liberam
307 1183 364 1213 tibi
381 1183 588 1213 concedimus
606 1184 790 1213 auctoritate
809 1183 1004 1221 presentium
1021 1180 1118 1210 [acul-

108 1243 218 1269 tatem.
236 1238 283 1267 Tu
301 1245 395 1272 vero,
412 1240 447 1265 ut
463 1236 617 1266 efficatius
634 1237 749 1274 exequi
767 1236 894 1265 valeant
913 1244 973 1274 que
991 1235 1118 1263 incum-

109 1293 200 1329 bunt,
214 1291 261 1321 tui
272 1290 388 1320 favoris
402 1289 560 1319 auxilium
574 1289 701 1318 studeas
715 1289 760 1318 eis
773 1289 942 1318 efficaciter
954 1287 1118 1317 exhibere.

111 1346 274 1383 Rogamus
289 1343 396 1382 itaque
412 1342 647 1372 fraternitatem
668 1346 753 1371 tuam
774 1347 804 1371 et
820 1342 987 1371 hortamur
1002 1343 1121 1369 attente

110 1399 274 1438 quatinus,
292 1396 452 1427 laudanda
467 1399 520 1426 tue
539 1395 707 1435 prudentie
724 1395 829 1425 studia
848 1402 1060 1433 prosequens,
1077 1393 1122 1422 sic

111 1452 146 1482 in
163 1451 330 1491 premissis
346 1455 376 1480 et
391 1450 464 1479 aliis
481 1454 533 1479 tue
549 1449 734 1478 discretioni
750 1449 929 1478 commissis
946 1453 974 1476 te
990 1445 1122 1484 vigilem

113 1510 144 1535 et-
158 1509 315 1534 attentum
333 1503 496 1538 exhibeas,
510 1503 554 1531 sic
569 1502 602 1530 in
620 1501 684 1531 illis
702 1506 730 1530 te
746 1510 836 1539 geras
853 1500 987 1530 sollicite
1004 1504 1034 1529 et
1047 1509 1123 1538 pru-

113 1559 226 1589 denter
241 1562 276 1587 ut
294 1557 452 1596 premium
470 1555 584 1585 exinde
602 1555 808 1592 consequaris
824 1564 841 1583 a
858 1555 1015 1589 Domino,
1032 1554 1123 1591 cujus

113 1612 280 1650 negotium
298 1611 404 1648 agitur
418 1610 451 1639 in
468 1609 528 1638 hac
546 1612 652 1647 parte,
669 1617 705 1637 ac
720 1608 817 1645 digne
833 1606 1124 1637 commendationis

115 1665 244 1696 titulum
261 1673 279 1693 a
294 1664 386 1694 nobis
406 1662 513 1692 valeas
529 1662 715 1701 promereri.
735 1661 988 1691 Contradictores
1000 1683 1007 1696 ‚
1025 1661 1051 1689 si
1068 1659 1124 1698 qui

116 1718 253 1754 fuerint,
275 1717 324 1747 vel
342 1715 477 1746 rebelles
500 1715 709 1753 spiritualiter
731 1719 760 1743 et
784 1713 1015 1752 temporaliter,
1034 1716 1126 1752 prout

117 1770 264 1810 expedire
293 1769 473 1808 putaveris,
502 1767 742 1806 compescendo.
772 1767 843 1796 Non
870 1767 1067 1796 obstantibus
1097 1767 1125 1796 si

116 1824 279 1864 aliquibus
298 1831 316 1852 a
336 1822 409 1852 sede
428 1821 598 1860 apostolica
620 1822 660 1850 sit
680 1820 841 1850 indultum
859 1820 940 1858 qnod
958 1820 1123 1856 interdici,

116 1876 270 1917 suspendi
288 1876 336 1906 vel
355 1875 590 1906 excomunicari
607 1883 671 1904 non
689 1874 812 1912 possint
828 1883 882 1912 per
898 1873 1020 1903 litteras
1037 1882 1126 1911 apos-

117 1931 224 1961 tolicas
237 1939 299 1969 que
312 1930 351 1959 de
363 1928 489 1958 indulto
500 1927 689 1967 hujusmodi
705 1936 740 1956 ac
756 1931 817 1957 tota
831 1928 899 1965 ejus
912 1927 1123 1962 continentia,

115 1985 154 2015 de
170 1985 265 2014 verbo
277 1984 316 2013 ad
329 1983 475 2018 verbum,
489 1986 520 2012 et
532 1982 571 2011 de
582 1982 751 2011 ordinibus
768 1981 967 2019 propriisque
984 1981 1124 2010 locorum

114 2047 151 2068 ac
171 2045 382 2077 personarum
403 2045 513 2066 eorum
536 2035 724 2065 nominibus
743 2034 932 2072 specialem,
954 2034 1080 2073 plenam
1098 2038 1127 2064 et

115 2099 297 2130 expressam
315 2098 378 2119 non
395 2089 528 2119 fecerint
540 2089 752 2124 mentionem,
767 2088 832 2117 sive
845 2087 1039 2126 quibuslibet
1055 2088 1125 2117 aliis

115 2144 305 2184 privilegiis,
317 2143 528 2180 indulgentiis
543 2146 573 2172 et
586 2142 701 2172 litteris
715 2141 971 2180 quibuscumque
987 2141 1125 2178 dignita-

117 2198 214 2236 tibus,
233 2197 410 2239 ordinibus,
427 2196 503 2226 locis
526 2195 575 2225 vel
597 2195 753 2234 personis,
775 2194 968 2232 generaliter
987 2194 1035 2224 rel
1054 2203 1125 2233 spe—v

117 2251 245 2286 naliter,
259 2251 318 2280 sub
329 2258 532 2288 quacumque
543 2249 646 2279 forma
659 2248 709 2278 vel
723 2248 929 2286 conceptione
942 2248 1123 2282 verborum,

117 2305 156 2335 ab
171 2304 281 2334 eadem
298 2303 372 2333 sede
387 2303 557 2341 concessis,
571 2302 610 2332 de
625 2302 742 2341 quibus
761 2309 937 2340 quorumve
953 2300 1027 2330 totis
1043 2305 1127 2330 teno-

117 2358 207 2388 ribus
221 2357 260 2387 de
278 2357 374 2387 verbo
389 2356 430 2385 ad
446 2356 579 2385 verbum
593 2356 627 2384 in
643 2354 847 2393 presentibus
863 2353 1016 2393 spetialis,
1034 2353 1127 2392 plena

118 2415 150 2441 et
165 2419 312 2449 expressa
331 2409 452 2439 mentio
469 2409 511 2439 sit
531 2408 679 2438 habenda
691 2431 698 2443 ,
718 2417 773 2447 per
793 2417 855 2446 que
873 2407 1000 2437 nullum
1019 2412 1128 2437 contra

118 2464 274 2502 premissa
290 2462 439 2493 volumus
457 2461 658 2492 obstaculum
674 2462 846 2500 interponi.
867 2462 938 2491 Dat.
958 2461 1040 2498 apud
1060 2461 1125 2490 Ur-

117 2517 344 2554 bemveterem,
364 2526 419 2546 vn1
434 2516 506 2546 idus
521 2515 670 2551 octobris,
689 2524 775 2545 anno
794 2515 895 2545 tertio.
916 2526 930 2540 »

188 2676 306 2705 4386

154 2738 198 2766 De
226 2739 316 2774 galeis
344 2739 372 2765 in
397 2738 514 2765 Terram
541 2737 678 2764 Sanctam
702 2736 812 2763 missis.
839 2735 925 2770 (Rso.
951 2736 1002 2766 45,
1028 2743 1053 2762 c.
1078 2734 1128 2768 92,

119 2787 140 2815 f.
158 2788 208 2815 173
225 2789 277 2820 vo.)

669 2673 796 2706 Orvieto,
814 2674 829 2700 8
845 2673 962 2700 octobre
979 2672 1057 2699 1290.

160 2889 277 2918 Eidem.
305 2901 319 2915 «
347 2888 520 2919 Credentes
546 2888 683 2917 firmiter
709 2892 740 2918 et
768 2885 988 2917 verisimiliter
1017 2895 1131 2925 suppo-

121 2945 235 2972 nentes
255 2942 352 2971 Terre
373 2941 488 2972 Sancte
508 2941 589 2972 utile
609 2941 806 2980 plurimum,
822 2940 923 2970 immo
940 2943 971 2970 et
987 2948 1132 2969 necessa-

121 2995 206 3025 rium
225 2995 291 3024 fore
307 2995 487 3025 subsidium
505 2995 686 3033 galearum,
704 3003 739 3024 ae
758 2993 900 3024 volentes
919 2996 1082 3031 propterea
1100 2995 1132 3021 ut

121 3056 159 3078 ea
179 3047 366 3087 hujusmodi
387 3048 531 3079 subsidio
553 3048 736 3083 fulciretur,
757 3055 879 3086 nuper,
901 3045 983 3076 sicut
1004 3049 1056 3075 tua
1072 3045 1133 3074 fra-

1195 436 1328 465 ternitas
1351 445 1412 466 non
1439 437 1584 474 ignorat,
1605 435 1681 465 illuc
1702 445 1764 465 non
1789 445 1902 474 paucas
1922 435 2027 473 galeas
2051 436 2149 465 armis
2170 439 2200 465 et

1195 493 1290 526 gente
1307 489 1446 518 munitas
1463 489 1613 519 duximus
1630 489 1910 524 transmittendas,
1927 489 1981 518 sed
1997 489 2155 518 miramur
2171 493 2202 517 et

1197 541 1329 571 moleste
1351 551 1415 572 non
1439 542 1600 572 modicum
1622 542 1756 571 ferimus
1777 542 1878 580 quod,
1899 542 1979 571 sicut
1997 541 2037 570 ad
2055 545 2200 571 nostrum

1197 595 1342 632 pervenit
1364 595 1510 625 auditum
1525 619 1531 631 ,
1548 595 1632 624 circa
1647 595 1824 625 custodiam
1843 600 1873 624 et
1889 594 2095 625 directionem
2116 594 2202 633 ipsa-

1198 657 1270 677 rum
1287 656 1351 677 non
1367 652 1414 678 est
1427 648 1606 678 adhibitum
1627 648 1767 677 studium
1783 648 2008 678 sollicitudinis
2023 647 2200 685 diligentis,

1198 701 1241 729 ita
1258 701 1340 738 quod
1358 710 1395 730 ex
1411 701 1455 730 eis
1471 701 1625 731 hactenus
1641 701 1724 730 dicte
1742 705 1822 730 terre
1838 700 1962 730 modica
1980 701 2122 739 provenit
2137 700 2202 730 uti-

1198 753 1283 790 litas,
1297 759 1338 789 et,
1354 754 1436 784 sicut
1451 754 1615 791 asseritur,
1633 754 1779 784 homines
1796 754 1835 784 ad
1851 763 1961 783 earum
1975 754 2114 792 deputati
2131 762 2202 782 mu-

1200 807 1311 837 nimen
1340 808 1385 838 sic
1410 812 1497 838 extra
1520 809 1604 847 ipsas
1629 808 1803 837 indiscreta
1827 808 2052 846 permittantur
2074 808 2204 837 licentia

1200 862 1327 898 evagari
1341 861 1436 900 quod,
1452 861 1478 890 si
1494 861 1647 890 articulus
1664 861 1859 890 necessitatis
1874 861 2083 896 incumberet,
2099 860 2134 889 ad
2154 869 2204 889 ar-

1200 914 1354 944 mandum
1382 918 1411 944 et
1434 914 1647 944 muniendum
1676 923 1727 943 eas
1752 914 1789 943 de
1818 914 1904 943 sacili
1930 914 2205 951 congregarivnon

1200 971 1338 1005 possent,
1352 971 1382 996 et
1399 967 1508 997 multis
1525 967 1666 1005 ipsorum
1683 967 1745 996 huc
1762 966 1902 1005 illucque
1918 967 2077 1004 dispersis,
2091 975 2127 995 ex
2142 966 2205 995 hiis

1200 1028 1278 1057 quos
1309 1024 1432 1058 paratos
1458 1020 1599 1049 inveniri
1626 1019 1824 1057 contingeret
1853 1028 2054 1057 nequaquam
2081 1022 2208 1057 possent

1201 1081 1312 1102 omnes
1330 1073 1468 1111 predicte
1486 1073 1575 1110 galee
1593 1073 1788 1102 sufficienter
1806 1073 1942 1107 armari,
1961 1072 2014 1101 sed
2034 1072 2138 1110 plures
2156 1072 2206 1110 ip-

1201 1134 1309 1155 sarum
1326 1131 1530 1156 remanerent
1547 1127 1637 1164 quasi
1658 1127 1782 1165 penitus
1800 1127 1982 1155 immunite.
2001 1125 2129 1163 Oportet
2143 1125 2206 1162 igi-

1203 1183 1253 1208 tur
1270 1184 1356 1209 tuam
1376 1179 1577 1217 diligentiam
1595 1179 1759 1217 providere
1780 1183 1812 1207 ut
1830 1180 1914 1207 circa
1935 1178 2040 1215 galeas
2058 1177 2208 1216 deinceps

1202 1241 1258 1270 per
1273 1232 1439 1262 ecclesiam
1458 1232 1644 1261 retinendas
1662 1233 1694 1261 in
1717 1237 1797 1261 terra
1811 1232 1955 1270 predicta
1974 1231 2096 1269 plenior
2115 1230 2209 1260 adhi-

1202 1286 1314 1315 beatur
1331 1285 1470 1320 cautela,
1487 1290 1522 1314 ut
1536 1285 1602 1323 ipse
1619 1285 1708 1323 galee
1727 1290 1832 1323 parate
1848 1294 1883 1314 ac
1902 1285 1994 1323 plene
2011 1284 2133 1313 munite
2148 1283 2209 1313 ho-

1202 1339 1346 1369 minibus
1361 1363 1368 1375 ,
1405 1339 1504 1368 armis
1542 1342 1570 1367 et
1607 1338 1801 1376 quibuslibet
1836 1326 2022 1367 necessariis
2060 1337 2211 1367 continue

1203 1393 1393 1422 habeantur.
1419 1392 1500 1428 Quia
1523 1401 1595 1421 vero
1621 1392 1719 1421 nimis
1747 1396 1969 1430 sumptuosum
1995 1391 2160 1426 existeret,
2185 1390 2211 1419 si

1203 1455 1314 1476 omnes
1342 1445 1429 1483 galee
1456 1455 1473 1474 a
1501 1445 1592 1474 nobis
1617 1445 1656 1474 ad
1680 1449 1782 1483 partes
1807 1445 1891 1482 ipsas
1916 1445 2100 1473 transmisse
2123 1443 2212 1480 longi

1206 1499 1357 1538 temporis
1373 1499 1472 1537 spatio
1489 1500 1705 1528 retinerentur
1720 1498 1858 1534 ibidem,
1883 1503 1913 1527 et
1936 1507 1953 1527 a
1975 1497 2084 1527 multis
2098 1497 2212 1525 verisi-

1204 1552 1326 1582 militer
1348 1552 1490 1582 creditur
1511 1552 1596 1590 quod
1613 1560 1670 1589 pro
1685 1551 1787 1590 ipsius
1803 1555 1885 1580 terre
1900 1550 2041 1580 custodia
2059 1555 2158 1588 potest
2173 1549 2213 1578 ad

1205 1614 1336 1644 presens
1352 1606 1459 1635 minor
1477 1605 1621 1634 sufficere
1641 1613 1796 1634 numerus
1815 1604 1998 1642 galearum,
2019 1603 2167 1633 volumus
2184 1607 2214 1633 et

1204 1669 1260 1698 per
1282 1659 1453 1698 apostolica
1472 1659 1528 1688 tibi
1545 1659 1658 1696 scripta
1674 1659 1866 1687 mandamus
1882 1663 2039 1696 quatenus
2058 1657 2095 1686 de
2113 1656 2213 1694 galeis

1206 1713 1356 1743 omnibus
1378 1712 1569 1750 supradictis
1590 1712 1700 1741 decem
1723 1711 1773 1740 vel
1788 1711 1971 1746 duodecim,
1992 1718 2085 1748 quas,
2106 1709 2214 1738 habito

1206 1775 1281 1796 cum
1300 1765 1510 1804 prudentibus
1525 1765 1602 1794 viris
1619 1764 1764 1800 consilio,
1780 1764 1927 1793 meliores
1944 1763 2131 1801 pleniusque
2146 1771 2214 1791 mu-

1207 1820 1291 1849 nitas
1304 1818 1416 1854 armis,
1429 1817 1619 1847 hominibus
1635 1821 1664 1846 et
1676 1817 1864 1846 necessariis
1880 1816 1952 1845 aliis
1968 1824 2003 1845 ac
2017 1816 2122 1845 eidem
2136 1819 2218 1844 terre

1206 1872 1353 1902 utiliores
1371 1872 1437 1901 fore
1453 1871 1658 1908 cognoveris,
1678 1870 1817 1899 retinere
1833 1878 2001 1908 procures3
2019 1868 2125 1906 galeas
2141 1867 2217 1897 reli-

1208 1934 1287 1964 quas
1300 1925 1399 1954 libere
1415 1924 1502 1954 abire
1518 1924 1716 1962 permittens,
1734 1924 1877 1962 personis
1893 1932 1971 1961 quas
1985 1931 2057 1951 cum
2073 1921 2149 1959 ipsis
2166 1920 2215 1949 di-

1208 1978 1335 2007 miseris
1356 1977 1514 2016 stipendio
1536 1977 1641 2006 debito
1663 1976 1834 2015 persoluto.
1860 1976 2030 2005 Provideas
2047 1979 2153 2003 autem
2177 1982 2218 2003 ne

1207 2031 1296 2070 galee
1316 2031 1473 2070 predicte,
1494 2040 1572 2070 quas
1595 2030 1724 2060 duxeris
1747 2029 1947 2066 retinendas,
1971 2028 2089 2067 torpori
2109 2028 2218 2056 deser—

1207 2086 1297 2115 viant
1311 2089 1367 2114 aut
1382 2084 1543 2114 resideant.
1562 2085 1678 2119 otiose,
1698 2083 1751 2113 sed
1770 2084 1860 2121 juxta
1881 2083 2112 2121 providentiam
2131 2084 2219 2110 tuam

1209 2143 1239 2168 et
1259 2138 1454 2168 industriam
1474 2138 1629 2176 capitanei
1647 2146 1702 2175 per
1720 2142 1747 2166 te
1766 2137 1805 2166 ad
1823 2136 2090 2174 gubernationem
2109 2143 2219 2163 earum

1208 2197 1238 2222 et
1254 2192 1398 2229 regimen
1414 2191 1612 2227 assumendi,
1628 2195 1730 2229 prout,
1745 2191 1980 2220 communicato
1995 2188 2130 2219 consilio
2146 2195 2220 2217 cum

1207 2245 1375 2284 predictis,
1397 2244 1594 2274 commodius
1617 2244 1655 2273 ad
1683 2243 1856 2273 utilitatem
1883 2247 1913 2272 et
1937 2242 2111 2281 profectum
2139 2246 2220 2270 terre

1208 2302 1382 2328 memorate
1403 2298 1592 2326 continuum
1615 2297 1680 2326 fore
1702 2297 1915 2335 prospexeris,
1933 2301 2037 2325 actore
2058 2293 2219 2324 Domino,

1209 2352 1402 2389 dirigantur.
1424 2351 1485 2380 Pro
1506 2351 1739 2388 gubernatione
1762 2359 1834 2379 vero
1854 2349 2018 2387 galearum
2038 2348 2180 2386 ipsarum
2202 2356 2220 2375 a

1210 2410 1238 2434 te
1256 2405 1515 2441 retinendarum,
1539 2405 1619 2434 sicut
1638 2403 1848 2442 premittitur,
1869 2403 2000 2440 triginta
2017 2401 2109 2431 milia
2126 2401 2221 2430 flore-

1210 2469 1325 2490 norum
1348 2459 1420 2489 auri
1445 2459 1499 2489 tibi
1524 2459 1681 2496 assignari
1703 2458 1916 2494 mandamus,
1938 2461 2031 2496 prout
2052 2457 2086 2486 in
2106 2456 2220 2485 litteris

1209 2513 1316 2542 dilecti
1337 2512 1395 2541 filii
1417 2511 1560 2549 Nicolai,
1580 2512 1750 2542 camerarii
1771 2516 1802 2541 et
1820 2511 1935 2541 notarii
1956 2511 2070 2545 nostri,
2093 2510 2150 2539 tibi
2172 2509 2218 2538 di-

1210 2566 1304 2596 rectis
1328 2565 1450 2595 videbis
1477 2565 1603 2603 plenius
1631 2565 1800 2595 contineri.
1826 2565 1921 2595 Unde
1944 2564 2092 2594 volumus
2117 2567 2147 2592 et
2169 2566 2220 2592 tue

1210 2619 1400 2650 fraternitati
1412 2619 1604 2648 mandamus
1617 2619 1701 2657 quod
1713 2618 1901 2657 hujusmodi
1915 2626 2075 2648 summam
2086 2616 2220 2656 pecunie

1211 2672 1383 2709 diligenter
1407 2675 1437 2700 et
1456 2671 1586 2709 provide
1609 2671 1642 2700 in
1666 2671 1933 2708 gubernationem
1957 2674 1986 2699 et
2008 2669 2222 2699 retentionem

1211 2724 1375 2763 galearum
1392 2723 1536 2762 ipsarum
1550 2727 1579 2753 et
1593 2732 1656 2753 non
1674 2725 1707 2753 in
1723 2723 1802 2753 alios
1818 2733 1894 2753 usus
1910 2722 2132 2761 quoquomodo
2148 2730 2220 2751 con-

1214 2782 1327 2813 vertas,
1348 2777 1430 2806 utin
1446 2777 1586 2815 partibus
1603 2777 1681 2815 ipsis
1697 2776 1834 2814 longiori
1850 2785 1912 2815 quo
1927 2776 1999 2806 fieri
2014 2776 2126 2814 poterit
2143 2779 2220 2805 tem-

1212 2839 1286 2870 pore
1302 2835 1482 2860 teneantur.
1501 2831 1566 2860 Nos
1581 2839 1655 2860 vero
1672 2829 1914 2866 nichilominus,
1932 2830 2008 2868 quia
2024 2834 2106 2859 terre
2124 2828 2221 2868 preli-

1213 2885 1284 2914 bate
1303 2884 1466 2922 negotium
1490 2883 1576 2913 cordi
1597 2883 1772 2922 spetialiter
1793 2884 1949 2921 gerimus,
1971 2883 2010 2912 de
2032 2882 2104 2912 aliis
2126 2882 2222 2913 etiam

1215 2937 1415 2967 destinandis
1434 2937 1586 2966 subsidiis
1606 2936 1689 2966 dicte
1710 2941 1791 2966 terre
1808 2936 1912 2966 adhuc
1932 2936 2071 2974 cogitare
2092 2935 2223 2966 solerter

1214 2991 1412 3020 intendimus
1433 2993 1463 3020 et
1480 2990 1518 3020 ad
1537 2999 1574 3020 ea
1591 2999 1683 3029 opem
1702 2998 1894 3028 operamque
1913 2989 2098 3026 sollicitam,
2118 2994 2222 3020 actore

1215 3043 1364 3081 Domino,
1382 3043 1543 3074 exhibere.
1563 3044 1633 3073 Dat.
1655 3048 1808 3082 utsupra.
1829 3055 1842 3071 υ
