<?xml version="1.0" encoding="UTF-8"?>
<!DOCTYPE html PUBLIC "-//W3C//DTD XHTML 1.0 Transitional//EN"
    "http://www.w3.org/TR/xhtml1/DTD/xhtml1-transitional.dtd">
<html xmlns="http://www.w3.org/1999/xhtml" xml:lang="en" lang="en">
 <head>
  <title>
</title>
<meta http-equiv="Content-Type" content="text/html;charset=utf-8" />
  <meta name='ocr-system' content='tesseract 3.04.00' />
  <meta name='ocr-capabilities' content='ocr_page ocr_carea ocr_par ocr_line ocrx_word'/>
</head>
<body>
  <div class='ocr_page' id='page_1' title='image "./lesregistresdeni01romeuoft_0497.png"; bbox 0 0 2342 3652; ppageno 0'>
   <div class='ocr_carea' id='block_1_1' title="bbox 0 3059 95 3652">
    <p class='ocr_par' dir='ltr' id='par_1_1' title="bbox 0 3059 95 3652">
     <span class='ocr_line' id='line_1_1' title="bbox 0 3059 95 3652; baseline 0 -540"><span class='ocrx_word' id='word_1_1' title='bbox 0 3059 95 3652; x_wconf 95' lang='lat' dir='ltr'>  </span> 
     </span>
    </p>
   </div>
   <div class='ocr_carea' id='block_1_2' title="bbox 922 371 2171 416">
    <p class='ocr_par' dir='ltr' id='par_1_2' title="bbox 922 371 2171 416">
     <span class='ocr_line' id='line_1_2' title="bbox 922 371 2171 416; baseline 0.005 -6"><span class='ocrx_word' id='word_1_2' title='bbox 922 372 1155 411; x_wconf 74' lang='lat' dir='ltr'>Tnoismmn</span> <span class='ocrx_word' id='word_1_3' title='bbox 1178 371 1335 412; x_wconf 68' lang='lat' dir='ltr'>ANNnE.</span> <span class='ocrx_word' id='word_1_4' title='bbox 2114 386 2171 416; x_wconf 82' lang='lat'>487</span> 
     </span>
    </p>
   </div>
   <div class='ocr_carea' id='block_1_3' title="bbox 34 444 1083 1334">
    <p class='ocr_par' dir='ltr' id='par_1_3' title="bbox 81 444 1081 539">
     <span class='ocr_line' id='line_1_3' title="bbox 81 444 1081 483; baseline 0.002 -8"><span class='ocrx_word' id='word_1_5' title='bbox 81 457 96 474; x_wconf 74' lang='grc' dir='ltr'>ι)</span> <span class='ocrx_word' id='word_1_6' title='bbox 118 453 289 480; x_wconf 87' lang='lat' dir='ltr'>consensu,</span> <span class='ocrx_word' id='word_1_7' title='bbox 307 452 362 482; x_wconf 90' lang='lat' dir='ltr'>pro</span> <span class='ocrx_word' id='word_1_8' title='bbox 388 444 479 474; x_wconf 88' lang='lat' dir='ltr'>nobis</span> <span class='ocrx_word' id='word_1_9' title='bbox 503 448 533 473; x_wconf 86' lang='lat' dir='ltr'>et</span> <span class='ocrx_word' id='word_1_10' title='bbox 556 445 790 475; x_wconf 88' lang='lat' dir='ltr'>successoribus</span> <span class='ocrx_word' id='word_1_11' title='bbox 812 448 946 483; x_wconf 87' lang='lat' dir='ltr'>nostris,</span> <span class='ocrx_word' id='word_1_12' title='bbox 965 447 1005 476; x_wconf 83' lang='lat' dir='ltr'>ad</span> <span class='ocrx_word' id='word_1_13' title='bbox 1030 448 1081 477; x_wconf 89' lang='lat' dir='ltr'>in—</span> 
     </span>
     <span class='ocr_line' id='line_1_4' title="bbox 82 497 1079 539; baseline 0.002 -11"><span class='ocrx_word' id='word_1_14' title='bbox 82 510 97 527; x_wconf 78' lang='lat'>»</span> <span class='ocrx_word' id='word_1_15' title='bbox 119 497 314 535; x_wconf 86' lang='lat' dir='ltr'>frascriptam</span> <span class='ocrx_word' id='word_1_16' title='bbox 330 497 464 526; x_wconf 84' lang='lat' dir='ltr'>sormam</span> <span class='ocrx_word' id='word_1_17' title='bbox 481 497 669 527; x_wconf 82' lang='lat' dir='ltr'>devenimus</span> <span class='ocrx_word' id='word_1_18' title='bbox 685 501 924 537; x_wconf 80' lang='lat' dir='ltr'>compositionis</span> <span class='ocrx_word' id='word_1_19' title='bbox 940 505 969 530; x_wconf 91' lang='lat' dir='ltr'>et</span> <span class='ocrx_word' id='word_1_20' title='bbox 986 501 1079 539; x_wconf 86' lang='lat' dir='ltr'>pacis.</span> 
     </span>
    </p>

    <p class='ocr_par' dir='ltr' id='par_1_4' title="bbox 34 546 1083 1334">
     <span class='ocr_line' id='line_1_5' title="bbox 120 546 1081 590; baseline 0.003 -10"><span class='ocrx_word' id='word_1_21' title='bbox 120 565 134 580; x_wconf 71' lang='grc' dir='ltr'>ι,</span> <span class='ocrx_word' id='word_1_22' title='bbox 158 550 312 582; x_wconf 82' lang='lat' dir='ltr'>Videlicet</span> <span class='ocrx_word' id='word_1_23' title='bbox 327 549 412 588; x_wconf 89' lang='lat' dir='ltr'>quod</span> <span class='ocrx_word' id='word_1_24' title='bbox 430 558 488 579; x_wconf 91' lang='lat' dir='ltr'>nos</span> <span class='ocrx_word' id='word_1_25' title='bbox 507 554 536 579; x_wconf 94' lang='lat' dir='ltr'>et</span> <span class='ocrx_word' id='word_1_26' title='bbox 551 550 690 580; x_wconf 90' lang='lat' dir='ltr'>decanus</span> <span class='ocrx_word' id='word_1_27' title='bbox 708 556 738 580; x_wconf 86' lang='lat' dir='ltr'>et</span> <span class='ocrx_word' id='word_1_28' title='bbox 751 546 930 590; x_wconf 79' lang='lat' dir='ltr'>&#39;capitulum</span> <span class='ocrx_word' id='word_1_29' title='bbox 949 553 1081 583; x_wconf 80' lang='lat' dir='ltr'>ecclesie</span> 
     </span>
     <span class='ocr_line' id='line_1_6' title="bbox 83 603 1082 641; baseline 0 -6"><span class='ocrx_word' id='word_1_30' title='bbox 83 617 98 634; x_wconf 71' lang='grc' dir='ltr'><strong>ι</strong></span> <span class='ocrx_word' id='word_1_31' title='bbox 119 603 310 635; x_wconf 88' lang='lat' dir='ltr'>Peronensis</span> <span class='ocrx_word' id='word_1_32' title='bbox 331 603 385 641; x_wconf 85' lang='lat' dir='ltr'>qui</span> <span class='ocrx_word' id='word_1_33' title='bbox 406 610 463 640; x_wconf 91' lang='lat' dir='ltr'>pro</span> <span class='ocrx_word' id='word_1_34' title='bbox 487 607 627 641; x_wconf 87' lang='lat' dir='ltr'>tempore</span> <span class='ocrx_word' id='word_1_35' title='bbox 648 603 767 633; x_wconf 84' lang='lat' dir='ltr'>fuerint</span> <span class='ocrx_word' id='word_1_36' title='bbox 788 604 886 635; x_wconf 85' lang='lat' dir='ltr'>libere</span> <span class='ocrx_word' id='word_1_37' title='bbox 908 606 1082 636; x_wconf 84' lang='lat' dir='ltr'>habeamus</span> 
     </span>
     <span class='ocr_line' id='line_1_7' title="bbox 81 655 1081 696; baseline 0.001 -9"><span class='ocrx_word' id='word_1_38' title='bbox 81 670 97 687; x_wconf 85' lang='lat'>»</span> <span class='ocrx_word' id='word_1_39' title='bbox 119 662 149 688; x_wconf 89' lang='lat' dir='ltr'>et</span> <span class='ocrx_word' id='word_1_40' title='bbox 163 664 365 687; x_wconf 81' lang='lat' dir='ltr'>exerceamus</span> <span class='ocrx_word' id='word_1_41' title='bbox 378 655 597 685; x_wconf 86' lang='lat' dir='ltr'>omnimodam</span> <span class='ocrx_word' id='word_1_42' title='bbox 612 657 866 693; x_wconf 83' lang='lat' dir='ltr'>jurisdictionem</span> <span class='ocrx_word' id='word_1_43' title='bbox 884 663 913 687; x_wconf 92' lang='lat' dir='ltr'>et</span> <span class='ocrx_word' id='word_1_44' title='bbox 925 659 1081 696; x_wconf 84' lang='lat' dir='ltr'>justitiam</span> 
     </span>
     <span class='ocr_line' id='line_1_8' title="bbox 82 708 1082 749; baseline 0.001 -9"><span class='ocrx_word' id='word_1_45' title='bbox 82 722 98 739; x_wconf 75' lang='lat' dir='ltr'>n</span> <span class='ocrx_word' id='word_1_46' title='bbox 120 709 363 740; x_wconf 87' lang='lat' dir='ltr'>ecclesiasticam</span> <span class='ocrx_word' id='word_1_47' title='bbox 380 708 414 737; x_wconf 90' lang='lat' dir='ltr'>in</span> <span class='ocrx_word' id='word_1_48' title='bbox 431 709 581 738; x_wconf 90' lang='lat' dir='ltr'>omnibus</span> <span class='ocrx_word' id='word_1_49' title='bbox 602 710 707 739; x_wconf 85' lang='lat' dir='ltr'>causis</span> <span class='ocrx_word' id='word_1_50' title='bbox 725 715 755 740; x_wconf 89' lang='lat' dir='ltr'>et</span> <span class='ocrx_word' id='word_1_51' title='bbox 771 712 906 749; x_wconf 86' lang='lat' dir='ltr'>negotiis</span> <span class='ocrx_word' id='word_1_52' title='bbox 922 716 985 741; x_wconf 83' lang='lat' dir='ltr'>tan]</span> <span class='ocrx_word' id='word_1_53' title='bbox 1002 712 1082 742; x_wconf 88' lang='lat' dir='ltr'>civi-</span> 
     </span>
     <span class='ocr_line' id='line_1_9' title="bbox 82 761 1082 803; baseline 0.003 -11"><span class='ocrx_word' id='word_1_54' title='bbox 82 775 98 792; x_wconf 77' lang='lat'><strong>»</strong></span> <span class='ocrx_word' id='word_1_55' title='bbox 120 762 204 792; x_wconf 90' lang='lat' dir='ltr'>libus</span> <span class='ocrx_word' id='word_1_56' title='bbox 225 769 320 800; x_wconf 89' lang='lat' dir='ltr'>quam</span> <span class='ocrx_word' id='word_1_57' title='bbox 341 761 565 790; x_wconf 84' lang='lat' dir='ltr'>criminalibus</span> <span class='ocrx_word' id='word_1_58' title='bbox 584 763 678 792; x_wconf 90' lang='lat' dir='ltr'>motis</span> <span class='ocrx_word' id='word_1_59' title='bbox 698 768 726 791; x_wconf 89' lang='lat' dir='ltr'>et</span> <span class='ocrx_word' id='word_1_60' title='bbox 747 765 912 794; x_wconf 77' lang='lat' dir='ltr'>movendis</span> <span class='ocrx_word' id='word_1_61' title='bbox 928 765 962 794; x_wconf 91' lang='lat' dir='ltr'>in</span> <span class='ocrx_word' id='word_1_62' title='bbox 979 770 1082 803; x_wconf 89' lang='lat' dir='ltr'>poste-</span> 
     </span>
     <span class='ocr_line' id='line_1_10' title="bbox 81 816 1081 855; baseline 0.003 -9"><span class='ocrx_word' id='word_1_63' title='bbox 81 828 98 846; x_wconf 79' lang='grc' dir='ltr'><strong>ι</strong></span> <span class='ocrx_word' id='word_1_64' title='bbox 117 825 205 853; x_wconf 85' lang='lat' dir='ltr'>rum,</span> <span class='ocrx_word' id='word_1_65' title='bbox 221 816 451 854; x_wconf 83' lang='lat' dir='ltr'>cujuscumque</span> <span class='ocrx_word' id='word_1_66' title='bbox 468 820 581 845; x_wconf 87' lang='lat' dir='ltr'>nature</span> <span class='ocrx_word' id='word_1_67' title='bbox 602 816 651 845; x_wconf 93' lang='lat' dir='ltr'>vel</span> <span class='ocrx_word' id='word_1_68' title='bbox 674 818 864 847; x_wconf 87' lang='lat' dir='ltr'>conditionis</span> <span class='ocrx_word' id='word_1_69' title='bbox 881 820 1030 855; x_wconf 81' lang='lat' dir='ltr'>existant,</span> <span class='ocrx_word' id='word_1_70' title='bbox 1048 820 1081 848; x_wconf 92' lang='lat' dir='ltr'>in</span> 
     </span>
     <span class='ocr_line' id='line_1_11' title="bbox 81 868 1082 911; baseline 0.003 -12"><span class='ocrx_word' id='word_1_71' title='bbox 81 881 96 899; x_wconf 74' lang='grc' dir='ltr'>ι</span> <span class='ocrx_word' id='word_1_72' title='bbox 119 868 248 900; x_wconf 79' lang='lat' dir='ltr'>ecclesia</span> <span class='ocrx_word' id='word_1_73' title='bbox 263 873 371 898; x_wconf 89' lang='lat' dir='ltr'>nostra</span> <span class='ocrx_word' id='word_1_74' title='bbox 384 868 474 898; x_wconf 83' lang='lat' dir='ltr'>Beati</span> <span class='ocrx_word' id='word_1_75' title='bbox 485 869 611 898; x_wconf 87' lang='lat' dir='ltr'>Furseii</span> <span class='ocrx_word' id='word_1_76' title='bbox 625 870 657 898; x_wconf 92' lang='lat' dir='ltr'>in</span> <span class='ocrx_word' id='word_1_77' title='bbox 675 871 842 900; x_wconf 87' lang='lat' dir='ltr'>canonicos</span> <span class='ocrx_word' id='word_1_78' title='bbox 859 876 889 901; x_wconf 90' lang='lat' dir='ltr'>et</span> <span class='ocrx_word' id='word_1_79' title='bbox 903 872 1082 911; x_wconf 85' lang='lat' dir='ltr'>capellanos</span> 
     </span>
     <span class='ocr_line' id='line_1_12' title="bbox 81 921 1081 962; baseline 0.004 -11"><span class='ocrx_word' id='word_1_80' title='bbox 81 935 96 951; x_wconf 73' lang='grc' dir='ltr'><strong>ι</strong></span> <span class='ocrx_word' id='word_1_81' title='bbox 119 926 149 953; x_wconf 88' lang='lat' dir='ltr'>et</span> <span class='ocrx_word' id='word_1_82' title='bbox 167 921 301 952; x_wconf 86' lang='lat' dir='ltr'>vicarios</span> <span class='ocrx_word' id='word_1_83' title='bbox 319 922 419 960; x_wconf 87' lang='lat' dir='ltr'>ipsius</span> <span class='ocrx_word' id='word_1_84' title='bbox 438 921 568 951; x_wconf 82' lang='lat' dir='ltr'>ecclesie</span> <span class='ocrx_word' id='word_1_85' title='bbox 588 927 694 952; x_wconf 84' lang='lat' dir='ltr'>nostre</span> <span class='ocrx_word' id='word_1_86' title='bbox 712 923 832 953; x_wconf 84' lang='lat' dir='ltr'>ibidem</span> <span class='ocrx_word' id='word_1_87' title='bbox 850 924 1081 962; x_wconf 75' lang='lat' dir='ltr'>deservientes,</span> 
     </span>
     <span class='ocr_line' id='line_1_13' title="bbox 82 974 1083 1014; baseline 0.002 -9"><span class='ocrx_word' id='word_1_88' title='bbox 82 987 97 1004; x_wconf 76' lang='grc' dir='ltr'><strong>ι</strong></span> <span class='ocrx_word' id='word_1_89' title='bbox 118 983 241 1005; x_wconf 87' lang='lat' dir='ltr'>necnon</span> <span class='ocrx_word' id='word_1_90' title='bbox 258 975 293 1004; x_wconf 90' lang='lat' dir='ltr'>in</span> <span class='ocrx_word' id='word_1_91' title='bbox 309 983 421 1004; x_wconf 87' lang='lat' dir='ltr'>omnes</span> <span class='ocrx_word' id='word_1_92' title='bbox 436 974 510 1004; x_wconf 91' lang='lat' dir='ltr'>illos</span> <span class='ocrx_word' id='word_1_93' title='bbox 526 975 580 1014; x_wconf 91' lang='lat' dir='ltr'>qui</span> <span class='ocrx_word' id='word_1_94' title='bbox 598 975 637 1004; x_wconf 92' lang='lat' dir='ltr'>de</span> <span class='ocrx_word' id='word_1_95' title='bbox 653 975 748 1005; x_wconf 85' lang='lat' dir='ltr'>choro</span> <span class='ocrx_word' id='word_1_96' title='bbox 765 977 853 1006; x_wconf 84' lang='lat' dir='ltr'>Beati</span> <span class='ocrx_word' id='word_1_97' title='bbox 867 977 990 1007; x_wconf 85' lang='lat' dir='ltr'>Furseii</span> <span class='ocrx_word' id='word_1_98' title='bbox 1009 982 1083 1007; x_wconf 89' lang='lat' dir='ltr'>sunt</span> 
     </span>
     <span class='ocr_line' id='line_1_14' title="bbox 81 1028 1083 1066; baseline 0.002 -6"><span class='ocrx_word' id='word_1_99' title='bbox 81 1037 98 1060; x_wconf 65' lang='lat' dir='ltr'>D</span> <span class='ocrx_word' id='word_1_100' title='bbox 117 1028 166 1058; x_wconf 84' lang='lat' dir='ltr'>vel</span> <span class='ocrx_word' id='word_1_101' title='bbox 182 1032 276 1058; x_wconf 89' lang='lat' dir='ltr'>erunt</span> <span class='ocrx_word' id='word_1_102' title='bbox 291 1036 347 1066; x_wconf 87' lang='lat' dir='ltr'>pro</span> <span class='ocrx_word' id='word_1_103' title='bbox 365 1032 520 1066; x_wconf 85' lang='lat' dir='ltr'>tempore,</span> <span class='ocrx_word' id='word_1_104' title='bbox 539 1029 607 1058; x_wconf 88' lang='lat' dir='ltr'>sine</span> <span class='ocrx_word' id='word_1_105' title='bbox 626 1029 746 1058; x_wconf 83' lang='lat' dir='ltr'>fraude.</span> <span class='ocrx_word' id='word_1_106' title='bbox 766 1030 846 1059; x_wconf 90' lang='lat' dir='ltr'>Item</span> <span class='ocrx_word' id='word_1_107' title='bbox 863 1031 896 1060; x_wconf 93' lang='lat' dir='ltr'>in</span> <span class='ocrx_word' id='word_1_108' title='bbox 912 1032 1083 1062; x_wconf 88' lang='lat' dir='ltr'>canonicos</span> 
     </span>
     <span class='ocr_line' id='line_1_15' title="bbox 79 1081 1083 1122; baseline 0.003 -11"><span class='ocrx_word' id='word_1_109' title='bbox 79 1093 96 1111; x_wconf 73' lang='lat' dir='ltr'>n</span> <span class='ocrx_word' id='word_1_110' title='bbox 117 1082 223 1113; x_wconf 85' lang='lat' dir='ltr'>Sancti</span> <span class='ocrx_word' id='word_1_111' title='bbox 239 1081 436 1119; x_wconf 85' lang='lat' dir='ltr'>Leodegarii.</span> <span class='ocrx_word' id='word_1_112' title='bbox 456 1083 537 1112; x_wconf 92' lang='lat' dir='ltr'>Item</span> <span class='ocrx_word' id='word_1_113' title='bbox 559 1083 592 1111; x_wconf 88' lang='lat' dir='ltr'>in</span> <span class='ocrx_word' id='word_1_114' title='bbox 611 1086 746 1121; x_wconf 87' lang='lat' dir='ltr'>quatuor</span> <span class='ocrx_word' id='word_1_115' title='bbox 764 1089 930 1122; x_wconf 89' lang='lat' dir='ltr'>perpetuos</span> <span class='ocrx_word' id='word_1_116' title='bbox 949 1085 1083 1115; x_wconf 89' lang='lat' dir='ltr'>vicarios</span> 
     </span>
     <span class='ocr_line' id='line_1_16' title="bbox 34 1128 1082 1175; baseline 0.004 -11"><span class='ocrx_word' id='word_1_117' title='bbox 34 1128 43 1136; x_wconf 75' lang='grc'><strong><em>’</em></strong></span> <span class='ocrx_word' id='word_1_118' title='bbox 80 1146 99 1164; x_wconf 78' lang='lat'><strong>›</strong></span> <span class='ocrx_word' id='word_1_119' title='bbox 116 1136 152 1166; x_wconf 90' lang='lat' dir='ltr'>in</span> <span class='ocrx_word' id='word_1_120' title='bbox 174 1140 309 1174; x_wconf 88' lang='lat' dir='ltr'>quatuor</span> <span class='ocrx_word' id='word_1_121' title='bbox 330 1135 474 1165; x_wconf 87' lang='lat' dir='ltr'>ecclesiis</span> <span class='ocrx_word' id='word_1_122' title='bbox 495 1135 530 1164; x_wconf 88' lang='lat' dir='ltr'>in</span> <span class='ocrx_word' id='word_1_123' title='bbox 555 1140 656 1167; x_wconf 85' lang='lat' dir='ltr'>castro</span> <span class='ocrx_word' id='word_1_124' title='bbox 676 1136 851 1166; x_wconf 87' lang='lat' dir='ltr'>Peronensi</span> <span class='ocrx_word' id='word_1_125' title='bbox 879 1139 1082 1175; x_wconf 82' lang='lat' dir='ltr'>constitutos,</span> 
     </span>
     <span class='ocr_line' id='line_1_17' title="bbox 50 1188 1081 1229; baseline 0.003 -11"><span class='ocrx_word' id='word_1_126' title='bbox 50 1196 55 1199; x_wconf 84' lang='lat'>·</span> <span class='ocrx_word' id='word_1_127' title='bbox 78 1200 94 1218; x_wconf 71' lang='grc' dir='ltr'><strong><em>ι</em></strong></span> <span class='ocrx_word' id='word_1_128' title='bbox 115 1188 261 1219; x_wconf 87' lang='lat' dir='ltr'>videlicet</span> <span class='ocrx_word' id='word_1_129' title='bbox 277 1189 372 1218; x_wconf 88' lang='lat' dir='ltr'>Beate</span> <span class='ocrx_word' id='word_1_130' title='bbox 388 1189 491 1218; x_wconf 85' lang='lat' dir='ltr'>Marie</span> <span class='ocrx_word' id='word_1_131' title='bbox 509 1189 544 1218; x_wconf 91' lang='lat' dir='ltr'>in</span> <span class='ocrx_word' id='word_1_132' title='bbox 562 1189 747 1225; x_wconf 82' lang='lat' dir='ltr'>Britannia,</span> <span class='ocrx_word' id='word_1_133' title='bbox 769 1189 875 1220; x_wconf 84' lang='lat' dir='ltr'>Sancti</span> <span class='ocrx_word' id='word_1_134' title='bbox 893 1191 1081 1229; x_wconf 62' lang='lat' dir='ltr'>salvatoris,</span> 
     </span>
     <span class='ocr_line' id='line_1_18' title="bbox 78 1242 1083 1282; baseline 0.002 -9"><span class='ocrx_word' id='word_1_135' title='bbox 78 1253 96 1272; x_wconf 62' lang='grc' dir='ltr'>ν)</span> <span class='ocrx_word' id='word_1_136' title='bbox 117 1242 226 1273; x_wconf 87' lang='lat' dir='ltr'>Sancti</span> <span class='ocrx_word' id='word_1_137' title='bbox 244 1242 422 1279; x_wconf 85' lang='lat' dir='ltr'>Johannis,</span> <span class='ocrx_word' id='word_1_138' title='bbox 447 1242 557 1272; x_wconf 86' lang='lat' dir='ltr'>Sancti</span> <span class='ocrx_word' id='word_1_139' title='bbox 581 1243 731 1279; x_wconf 88' lang='lat' dir='ltr'>Quintini</span> <span class='ocrx_word' id='word_1_140' title='bbox 750 1243 893 1282; x_wconf 87' lang='lat' dir='ltr'>Capelle,</span> <span class='ocrx_word' id='word_1_141' title='bbox 914 1245 948 1274; x_wconf 91' lang='lat' dir='ltr'>in</span> <span class='ocrx_word' id='word_1_142' title='bbox 972 1245 1083 1275; x_wconf 83' lang='lat' dir='ltr'>fratres</span> 
     </span>
     <span class='ocr_line' id='line_1_19' title="bbox 78 1295 1083 1334; baseline 0.001 -8"><span class='ocrx_word' id='word_1_143' title='bbox 78 1307 94 1325; x_wconf 76' lang='grc' dir='ltr'><strong>ι</strong></span> <span class='ocrx_word' id='word_1_144' title='bbox 116 1300 147 1326; x_wconf 89' lang='lat' dir='ltr'>et</span> <span class='ocrx_word' id='word_1_145' title='bbox 170 1304 292 1326; x_wconf 83' lang='lat' dir='ltr'>sorores</span> <span class='ocrx_word' id='word_1_146' title='bbox 316 1295 481 1334; x_wconf 88' lang='lat' dir='ltr'>hospitalis</span> <span class='ocrx_word' id='word_1_147' title='bbox 504 1295 613 1326; x_wconf 88' lang='lat' dir='ltr'>Sancti</span> <span class='ocrx_word' id='word_1_148' title='bbox 634 1296 795 1326; x_wconf 87' lang='lat' dir='ltr'>Johannis</span> <span class='ocrx_word' id='word_1_149' title='bbox 820 1298 1027 1334; x_wconf 87' lang='lat' dir='ltr'>Peronensis,</span> <span class='ocrx_word' id='word_1_150' title='bbox 1049 1300 1083 1328; x_wconf 88' lang='lat' dir='ltr'>in</span> 
     </span>
    </p>
   </div>
   <div class='ocr_carea' id='block_1_4' title="bbox 26 1348 1084 1393">
    <p class='ocr_par' dir='ltr' id='par_1_5' title="bbox 26 1348 1084 1393">
     <span class='ocr_line' id='line_1_20' title="bbox 26 1348 1084 1393; baseline 0.002 -15"><span class='ocrx_word' id='word_1_151' title='bbox 26 1359 47 1393; x_wconf 24' lang='lat' dir='ltr'>*j</span> <span class='ocrx_word' id='word_1_152' title='bbox 77 1361 93 1378; x_wconf 77' lang='grc' dir='ltr'><strong>ι</strong></span> <span class='ocrx_word' id='word_1_153' title='bbox 116 1348 284 1379; x_wconf 88' lang='lat' dir='ltr'>officialem</span> <span class='ocrx_word' id='word_1_154' title='bbox 311 1353 342 1379; x_wconf 85' lang='lat' dir='ltr'>et</span> <span class='ocrx_word' id='word_1_155' title='bbox 369 1349 580 1387; x_wconf 78' lang='lat' dir='ltr'>apparitorem</span> <span class='ocrx_word' id='word_1_156' title='bbox 606 1358 642 1379; x_wconf 93' lang='lat' dir='ltr'>ac</span> <span class='ocrx_word' id='word_1_157' title='bbox 670 1350 703 1378; x_wconf 92' lang='lat' dir='ltr'>in</span> <span class='ocrx_word' id='word_1_158' title='bbox 732 1351 925 1380; x_wconf 87' lang='lat' dir='ltr'>servientem</span> <span class='ocrx_word' id='word_1_159' title='bbox 952 1352 1084 1390; x_wconf 86' lang='lat' dir='ltr'>capituli</span> 
     </span>
    </p>
   </div>
   <div class='ocr_carea' id='block_1_5' title="bbox 75 1401 1085 2133">
    <p class='ocr_par' dir='ltr' id='par_1_6' title="bbox 75 1401 1084 1751">
     <span class='ocr_line' id='line_1_21' title="bbox 78 1401 1084 1442; baseline 0.002 -11"><span class='ocrx_word' id='word_1_160' title='bbox 78 1413 94 1431; x_wconf 73' lang='grc' dir='ltr'>ιι</span> <span class='ocrx_word' id='word_1_161' title='bbox 117 1402 206 1432; x_wconf 87' lang='lat' dir='ltr'>Beati</span> <span class='ocrx_word' id='word_1_162' title='bbox 224 1402 366 1438; x_wconf 85' lang='lat' dir='ltr'>Furseii,</span> <span class='ocrx_word' id='word_1_163' title='bbox 384 1410 510 1432; x_wconf 85' lang='lat' dir='ltr'>necnon</span> <span class='ocrx_word' id='word_1_164' title='bbox 534 1402 568 1431; x_wconf 94' lang='lat' dir='ltr'>in</span> <span class='ocrx_word' id='word_1_165' title='bbox 592 1401 664 1432; x_wconf 86' lang='lat' dir='ltr'>illos</span> <span class='ocrx_word' id='word_1_166' title='bbox 689 1403 745 1441; x_wconf 88' lang='lat' dir='ltr'>qui</span> <span class='ocrx_word' id='word_1_167' title='bbox 763 1408 838 1432; x_wconf 87' lang='lat' dir='ltr'>sunt</span> <span class='ocrx_word' id='word_1_168' title='bbox 860 1407 890 1433; x_wconf 92' lang='lat' dir='ltr'>et</span> <span class='ocrx_word' id='word_1_169' title='bbox 913 1408 1007 1432; x_wconf 81' lang='lat' dir='ltr'>erunt</span> <span class='ocrx_word' id='word_1_170' title='bbox 1029 1412 1084 1442; x_wconf 90' lang='lat' dir='ltr'>pro</span> 
     </span>
     <span class='ocr_line' id='line_1_22' title="bbox 78 1455 1084 1494; baseline 0.001 -9"><span class='ocrx_word' id='word_1_171' title='bbox 78 1466 94 1484; x_wconf 70' lang='grc' dir='ltr'>ι</span> <span class='ocrx_word' id='word_1_172' title='bbox 116 1459 256 1494; x_wconf 78' lang='lat' dir='ltr'>tempore</span> <span class='ocrx_word' id='word_1_173' title='bbox 270 1455 310 1485; x_wconf 88' lang='lat' dir='ltr'>de</span> <span class='ocrx_word' id='word_1_174' title='bbox 325 1455 450 1485; x_wconf 87' lang='lat' dir='ltr'>familia</span> <span class='ocrx_word' id='word_1_175' title='bbox 463 1464 518 1485; x_wconf 91' lang='lat' dir='ltr'>seu</span> <span class='ocrx_word' id='word_1_176' title='bbox 532 1457 706 1485; x_wconf 81' lang='lat' dir='ltr'>servientes</span> <span class='ocrx_word' id='word_1_177' title='bbox 717 1456 829 1485; x_wconf 89' lang='lat' dir='ltr'>decani</span> <span class='ocrx_word' id='word_1_178' title='bbox 841 1461 870 1485; x_wconf 89' lang='lat' dir='ltr'>et</span> <span class='ocrx_word' id='word_1_179' title='bbox 883 1456 1084 1494; x_wconf 82' lang='lat' dir='ltr'>singulorum</span> 
     </span>
     <span class='ocr_line' id='line_1_23' title="bbox 77 1508 1084 1540; baseline 0.001 -2"><span class='ocrx_word' id='word_1_180' title='bbox 77 1520 93 1538; x_wconf 70' lang='grc' dir='ltr'><strong>ι</strong></span> <span class='ocrx_word' id='word_1_181' title='bbox 117 1513 299 1539; x_wconf 90' lang='lat' dir='ltr'>nostrorum</span> <span class='ocrx_word' id='word_1_182' title='bbox 324 1513 354 1538; x_wconf 86' lang='lat' dir='ltr'>et</span> <span class='ocrx_word' id='word_1_183' title='bbox 378 1508 606 1538; x_wconf 89' lang='lat' dir='ltr'>canonicorum</span> <span class='ocrx_word' id='word_1_184' title='bbox 630 1509 720 1539; x_wconf 88' lang='lat' dir='ltr'>Beati</span> <span class='ocrx_word' id='word_1_185' title='bbox 744 1509 879 1539; x_wconf 87' lang='lat' dir='ltr'>Furseii.</span> <span class='ocrx_word' id='word_1_186' title='bbox 905 1509 1084 1540; x_wconf 88' lang='lat' dir='ltr'>Servientes</span> 
     </span>
     <span class='ocr_line' id='line_1_24' title="bbox 75 1559 1084 1600; baseline -0.001 -9"><span class='ocrx_word' id='word_1_187' title='bbox 75 1572 90 1590; x_wconf 69' lang='lat' dir='ltr'>n</span> <span class='ocrx_word' id='word_1_188' title='bbox 115 1569 190 1591; x_wconf 87' lang='lat' dir='ltr'>vero</span> <span class='ocrx_word' id='word_1_189' title='bbox 206 1564 237 1590; x_wconf 90' lang='lat' dir='ltr'>et</span> <span class='ocrx_word' id='word_1_190' title='bbox 253 1559 411 1590; x_wconf 85' lang='lat' dir='ltr'>familiam</span> <span class='ocrx_word' id='word_1_191' title='bbox 428 1561 463 1589; x_wconf 90' lang='lat' dir='ltr'>in</span> <span class='ocrx_word' id='word_1_192' title='bbox 483 1561 647 1599; x_wconf 84' lang='lat' dir='ltr'>premissis</span> <span class='ocrx_word' id='word_1_193' title='bbox 664 1561 862 1599; x_wconf 85' lang='lat' dir='ltr'>appellamus</span> <span class='ocrx_word' id='word_1_194' title='bbox 881 1567 910 1590; x_wconf 89' lang='lat' dir='ltr'>et</span> <span class='ocrx_word' id='word_1_195' title='bbox 928 1562 1084 1600; x_wconf 83' lang='lat' dir='ltr'>intelligi-</span> 
     </span>
     <span class='ocr_line' id='line_1_25' title="bbox 78 1613 1084 1654; baseline 0.001 -11"><span class='ocrx_word' id='word_1_196' title='bbox 78 1625 95 1642; x_wconf 77' lang='lat'><strong>»</strong></span> <span class='ocrx_word' id='word_1_197' title='bbox 115 1622 189 1643; x_wconf 91' lang='lat' dir='ltr'>mus</span> <span class='ocrx_word' id='word_1_198' title='bbox 213 1613 358 1643; x_wconf 89' lang='lat' dir='ltr'>bibentes</span> <span class='ocrx_word' id='word_1_199' title='bbox 378 1617 408 1643; x_wconf 89' lang='lat' dir='ltr'>et</span> <span class='ocrx_word' id='word_1_200' title='bbox 426 1613 630 1643; x_wconf 82' lang='lat' dir='ltr'>comedentes</span> <span class='ocrx_word' id='word_1_201' title='bbox 652 1618 681 1643; x_wconf 90' lang='lat' dir='ltr'>et</span> <span class='ocrx_word' id='word_1_202' title='bbox 706 1615 858 1644; x_wconf 84' lang='lat' dir='ltr'>cubantes</span> <span class='ocrx_word' id='word_1_203' title='bbox 882 1616 915 1644; x_wconf 90' lang='lat' dir='ltr'>in</span> <span class='ocrx_word' id='word_1_204' title='bbox 939 1615 1084 1654; x_wconf 88' lang='lat' dir='ltr'>hospitiis</span> 
     </span>
     <span class='ocr_line' id='line_1_26' title="bbox 78 1666 1084 1704; baseline 0 -7"><span class='ocrx_word' id='word_1_205' title='bbox 78 1677 95 1696; x_wconf 76' lang='lat' dir='ltr'>n</span> <span class='ocrx_word' id='word_1_206' title='bbox 117 1667 275 1697; x_wconf 86' lang='lat' dir='ltr'>dictorum</span> <span class='ocrx_word' id='word_1_207' title='bbox 296 1666 410 1696; x_wconf 87' lang='lat' dir='ltr'>decani</span> <span class='ocrx_word' id='word_1_208' title='bbox 435 1671 466 1696; x_wconf 90' lang='lat' dir='ltr'>et</span> <span class='ocrx_word' id='word_1_209' title='bbox 489 1667 718 1697; x_wconf 89' lang='lat' dir='ltr'>canonicorum</span> <span class='ocrx_word' id='word_1_210' title='bbox 742 1667 832 1697; x_wconf 85' lang='lat' dir='ltr'>Beati</span> <span class='ocrx_word' id='word_1_211' title='bbox 856 1668 995 1704; x_wconf 74' lang='lat' dir='ltr'>Fui-seii,</span> <span class='ocrx_word' id='word_1_212' title='bbox 1015 1668 1084 1698; x_wconf 87' lang='lat' dir='ltr'>sine</span> 
     </span>
     <span class='ocr_line' id='line_1_27' title="bbox 80 1720 240 1751; baseline 0.006 -1"><span class='ocrx_word' id='word_1_213' title='bbox 80 1731 97 1750; x_wconf 70' lang='lat' dir='ltr'>a</span> <span class='ocrx_word' id='word_1_214' title='bbox 118 1720 240 1751; x_wconf 78' lang='lat' dir='ltr'>fraude.</span> 
     </span>
    </p>

    <p class='ocr_par' dir='ltr' id='par_1_7' title="bbox 78 1773 1085 2133">
     <span class='ocr_line' id='line_1_28' title="bbox 117 1773 1085 1813; baseline 0.002 -11"><span class='ocrx_word' id='word_1_215' title='bbox 117 1786 132 1802; x_wconf 71' lang='lat' dir='ltr'>n</span> <span class='ocrx_word' id='word_1_216' title='bbox 155 1774 237 1804; x_wconf 85' lang='lat' dir='ltr'>Item</span> <span class='ocrx_word' id='word_1_217' title='bbox 253 1773 401 1804; x_wconf 88' lang='lat' dir='ltr'>volumus</span> <span class='ocrx_word' id='word_1_218' title='bbox 417 1773 499 1813; x_wconf 88' lang='lat' dir='ltr'>quod</span> <span class='ocrx_word' id='word_1_219' title='bbox 518 1782 575 1804; x_wconf 85' lang='lat' dir='ltr'>nos</span> <span class='ocrx_word' id='word_1_220' title='bbox 589 1777 619 1804; x_wconf 91' lang='lat' dir='ltr'>et</span> <span class='ocrx_word' id='word_1_221' title='bbox 629 1774 769 1804; x_wconf 87' lang='lat' dir='ltr'>decanus</span> <span class='ocrx_word' id='word_1_222' title='bbox 783 1778 813 1804; x_wconf 87' lang='lat' dir='ltr'>et</span> <span class='ocrx_word' id='word_1_223' title='bbox 826 1774 1000 1812; x_wconf 87' lang='lat' dir='ltr'>capitulum</span> <span class='ocrx_word' id='word_1_224' title='bbox 1015 1783 1085 1805; x_wconf 88' lang='lat' dir='ltr'>nos-</span> 
     </span>
     <span class='ocr_line' id='line_1_29' title="bbox 79 1826 1084 1866; baseline 0.001 -10"><span class='ocrx_word' id='word_1_225' title='bbox 79 1839 94 1854; x_wconf 76' lang='grc' dir='ltr'><strong>ι</strong></span> <span class='ocrx_word' id='word_1_226' title='bbox 117 1830 163 1857; x_wconf 86' lang='lat' dir='ltr'>tre</span> <span class='ocrx_word' id='word_1_227' title='bbox 177 1826 310 1857; x_wconf 85' lang='lat' dir='ltr'>ecclesie</span> <span class='ocrx_word' id='word_1_228' title='bbox 326 1827 521 1857; x_wconf 88' lang='lat' dir='ltr'>Peronensis</span> <span class='ocrx_word' id='word_1_229' title='bbox 539 1827 594 1865; x_wconf 87' lang='lat' dir='ltr'>qui</span> <span class='ocrx_word' id='word_1_230' title='bbox 613 1836 666 1865; x_wconf 86' lang='lat' dir='ltr'>pro</span> <span class='ocrx_word' id='word_1_231' title='bbox 683 1831 822 1866; x_wconf 89' lang='lat' dir='ltr'>tempore</span> <span class='ocrx_word' id='word_1_232' title='bbox 837 1827 957 1857; x_wconf 85' lang='lat' dir='ltr'>fuerint</span> <span class='ocrx_word' id='word_1_233' title='bbox 972 1833 1001 1857; x_wconf 87' lang='lat' dir='ltr'>et</span> <span class='ocrx_word' id='word_1_234' title='bbox 1016 1828 1084 1858; x_wconf 88' lang='lat' dir='ltr'>offi-</span> 
     </span>
     <span class='ocr_line' id='line_1_30' title="bbox 79 1880 1085 1911; baseline 0.001 -2"><span class='ocrx_word' id='word_1_235' title='bbox 79 1892 94 1909; x_wconf 75' lang='grc' dir='ltr'><strong>ι</strong></span> <span class='ocrx_word' id='word_1_236' title='bbox 115 1880 205 1911; x_wconf 87' lang='lat' dir='ltr'>cialis</span> <span class='ocrx_word' id='word_1_237' title='bbox 225 1885 332 1911; x_wconf 89' lang='lat' dir='ltr'>noster</span> <span class='ocrx_word' id='word_1_238' title='bbox 350 1881 383 1909; x_wconf 90' lang='lat' dir='ltr'>in</span> <span class='ocrx_word' id='word_1_239' title='bbox 404 1884 465 1910; x_wconf 89' lang='lat' dir='ltr'>tota</span> <span class='ocrx_word' id='word_1_240' title='bbox 483 1880 560 1910; x_wconf 90' lang='lat' dir='ltr'>villa</span> <span class='ocrx_word' id='word_1_241' title='bbox 579 1885 609 1910; x_wconf 91' lang='lat' dir='ltr'>et</span> <span class='ocrx_word' id='word_1_242' title='bbox 626 1885 727 1910; x_wconf 88' lang='lat' dir='ltr'>castro</span> <span class='ocrx_word' id='word_1_243' title='bbox 743 1881 980 1910; x_wconf 88' lang='lat' dir='ltr'>Peronensibus</span> <span class='ocrx_word' id='word_1_244' title='bbox 1002 1886 1031 1910; x_wconf 88' lang='lat' dir='ltr'>et</span> <span class='ocrx_word' id='word_1_245' title='bbox 1051 1882 1085 1910; x_wconf 91' lang='lat' dir='ltr'>in</span> 
     </span>
     <span class='ocr_line' id='line_1_31' title="bbox 78 1933 1083 1972; baseline 0.001 -10"><span class='ocrx_word' id='word_1_246' title='bbox 78 1945 94 1962; x_wconf 75' lang='grc' dir='ltr'><strong>ι</strong></span> <span class='ocrx_word' id='word_1_247' title='bbox 115 1943 227 1965; x_wconf 90' lang='lat' dir='ltr'>omnes</span> <span class='ocrx_word' id='word_1_248' title='bbox 242 1938 272 1964; x_wconf 89' lang='lat' dir='ltr'>et</span> <span class='ocrx_word' id='word_1_249' title='bbox 287 1933 431 1972; x_wconf 86' lang='lat' dir='ltr'>singulos</span> <span class='ocrx_word' id='word_1_250' title='bbox 443 1934 622 1963; x_wconf 84' lang='lat' dir='ltr'>habitantes</span> <span class='ocrx_word' id='word_1_251' title='bbox 639 1934 756 1963; x_wconf 90' lang='lat' dir='ltr'>dictam</span> <span class='ocrx_word' id='word_1_252' title='bbox 770 1934 880 1963; x_wconf 75' lang='lat' dir='ltr'>villam</span> <span class='ocrx_word' id='word_1_253' title='bbox 892 1941 922 1963; x_wconf 87' lang='lat' dir='ltr'>et</span> <span class='ocrx_word' id='word_1_254' title='bbox 933 1939 1083 1971; x_wconf 83' lang='lat' dir='ltr'>castrum,</span> 
     </span>
     <span class='ocr_line' id='line_1_32' title="bbox 78 1987 1083 2026; baseline 0.001 -10"><span class='ocrx_word' id='word_1_255' title='bbox 78 1998 94 2016; x_wconf 75' lang='grc' dir='ltr'><strong>ι</strong></span> <span class='ocrx_word' id='word_1_256' title='bbox 117 1992 181 2018; x_wconf 88' lang='lat' dir='ltr'>tam</span> <span class='ocrx_word' id='word_1_257' title='bbox 196 1987 327 2017; x_wconf 86' lang='lat' dir='ltr'>clericos</span> <span class='ocrx_word' id='word_1_258' title='bbox 338 1996 435 2025; x_wconf 86' lang='lat' dir='ltr'>quam</span> <span class='ocrx_word' id='word_1_259' title='bbox 449 1987 557 2023; x_wconf 87' lang='lat' dir='ltr'>laicos,</span> <span class='ocrx_word' id='word_1_260' title='bbox 571 1988 755 2025; x_wconf 84' lang='lat' dir='ltr'>conjugatos</span> <span class='ocrx_word' id='word_1_261' title='bbox 769 1992 799 2018; x_wconf 91' lang='lat' dir='ltr'>et</span> <span class='ocrx_word' id='word_1_262' title='bbox 809 1996 873 2018; x_wconf 90' lang='lat' dir='ltr'>non</span> <span class='ocrx_word' id='word_1_263' title='bbox 887 1988 1083 2026; x_wconf 83' lang='lat' dir='ltr'>conjugatos,</span> 
     </span>
     <span class='ocr_line' id='line_1_33' title="bbox 78 2040 1084 2080; baseline 0.001 -11"><span class='ocrx_word' id='word_1_264' title='bbox 78 2051 94 2069; x_wconf 73' lang='grc' dir='ltr'><strong>ι</strong></span> <span class='ocrx_word' id='word_1_265' title='bbox 115 2041 171 2080; x_wconf 85' lang='lat' dir='ltr'>qui</span> <span class='ocrx_word' id='word_1_266' title='bbox 187 2050 251 2071; x_wconf 90' lang='lat' dir='ltr'>non</span> <span class='ocrx_word' id='word_1_267' title='bbox 267 2045 343 2071; x_wconf 90' lang='lat' dir='ltr'>sunt</span> <span class='ocrx_word' id='word_1_268' title='bbox 358 2041 397 2070; x_wconf 89' lang='lat' dir='ltr'>de</span> <span class='ocrx_word' id='word_1_269' title='bbox 411 2040 509 2070; x_wconf 90' lang='lat' dir='ltr'>choro</span> <span class='ocrx_word' id='word_1_270' title='bbox 524 2040 573 2070; x_wconf 87' lang='lat' dir='ltr'>vel</span> <span class='ocrx_word' id='word_1_271' title='bbox 587 2041 626 2070; x_wconf 81' lang='lat' dir='ltr'>&lt;ie</span> <span class='ocrx_word' id='word_1_272' title='bbox 641 2040 763 2070; x_wconf 82' lang='lat' dir='ltr'>familia</span> <span class='ocrx_word' id='word_1_273' title='bbox 779 2050 833 2071; x_wconf 90' lang='lat' dir='ltr'>seu</span> <span class='ocrx_word' id='word_1_274' title='bbox 851 2041 1018 2070; x_wconf 83' lang='lat' dir='ltr'>servitores</span> <span class='ocrx_word' id='word_1_275' title='bbox 1034 2041 1084 2070; x_wconf 88' lang='lat' dir='ltr'>de-</span> 
     </span>
     <span class='ocr_line' id='line_1_34' title="bbox 78 2094 1084 2133; baseline 0.001 -10"><span class='ocrx_word' id='word_1_276' title='bbox 78 2104 95 2123; x_wconf 71' lang='lat' dir='ltr'>n</span> <span class='ocrx_word' id='word_1_277' title='bbox 115 2095 190 2125; x_wconf 88' lang='lat' dir='ltr'>cani</span> <span class='ocrx_word' id='word_1_278' title='bbox 213 2098 244 2124; x_wconf 93' lang='lat' dir='ltr'>et</span> <span class='ocrx_word' id='word_1_279' title='bbox 267 2094 494 2124; x_wconf 84' lang='lat' dir='ltr'>canonicorum</span> <span class='ocrx_word' id='word_1_280' title='bbox 518 2094 609 2124; x_wconf 86' lang='lat' dir='ltr'>Beati</span> <span class='ocrx_word' id='word_1_281' title='bbox 634 2094 759 2124; x_wconf 87' lang='lat' dir='ltr'>Furseii</span> <span class='ocrx_word' id='word_1_282' title='bbox 784 2095 839 2133; x_wconf 88' lang='lat' dir='ltr'>qui</span> <span class='ocrx_word' id='word_1_283' title='bbox 864 2102 920 2133; x_wconf 92' lang='lat' dir='ltr'>pro</span> <span class='ocrx_word' id='word_1_284' title='bbox 945 2099 1084 2132; x_wconf 88' lang='lat' dir='ltr'>tempore</span> 
     </span>
    </p>
   </div>
   <div class='ocr_carea' id='block_1_6' title="bbox 31 2147 1084 2186">
    <p class='ocr_par' dir='ltr' id='par_1_8' title="bbox 31 2147 1084 2186">
     <span class='ocr_line' id='line_1_35' title="bbox 31 2147 1084 2186; baseline 0.002 -11"><span class='ocrx_word' id='word_1_285' title='bbox 31 2184 35 2186; x_wconf 89' lang='lat'>.</span> <span class='ocrx_word' id='word_1_286' title='bbox 76 2157 93 2175; x_wconf 70' lang='lat' dir='ltr'>n</span> <span class='ocrx_word' id='word_1_287' title='bbox 115 2148 250 2184; x_wconf 82' lang='lat' dir='ltr'>fuerint,</span> <span class='ocrx_word' id='word_1_288' title='bbox 269 2147 319 2177; x_wconf 91' lang='lat' dir='ltr'>vel</span> <span class='ocrx_word' id='word_1_289' title='bbox 339 2147 378 2176; x_wconf 91' lang='lat' dir='ltr'>de</span> <span class='ocrx_word' id='word_1_290' title='bbox 398 2156 532 2177; x_wconf 89' lang='lat' dir='ltr'>numero</span> <span class='ocrx_word' id='word_1_291' title='bbox 551 2148 685 2177; x_wconf 71' lang='lat' dir='ltr'>Fratrum</span> <span class='ocrx_word' id='word_1_292' title='bbox 709 2152 739 2178; x_wconf 89' lang='lat' dir='ltr'>et</span> <span class='ocrx_word' id='word_1_293' title='bbox 757 2157 900 2178; x_wconf 85' lang='lat' dir='ltr'>sororum</span> <span class='ocrx_word' id='word_1_294' title='bbox 920 2147 1084 2186; x_wconf 87' lang='lat' dir='ltr'>hospitalis</span> 
     </span>
    </p>
   </div>
   <div class='ocr_carea' id='block_1_7' title="bbox 57 2200 1085 3092">
    <p class='ocr_par' dir='ltr' id='par_1_9' title="bbox 57 2200 1085 3092">
     <span class='ocr_line' id='line_1_36' title="bbox 78 2200 1085 2236; baseline 0.001 -6"><span class='ocrx_word' id='word_1_295' title='bbox 78 2211 93 2229; x_wconf 72' lang='grc' dir='ltr'>ιι</span> <span class='ocrx_word' id='word_1_296' title='bbox 117 2201 206 2231; x_wconf 85' lang='lat' dir='ltr'>Beati</span> <span class='ocrx_word' id='word_1_297' title='bbox 219 2200 397 2236; x_wconf 84' lang='lat' dir='ltr'>Johannis,</span> <span class='ocrx_word' id='word_1_298' title='bbox 416 2201 476 2231; x_wconf 89' lang='lat' dir='ltr'>soli</span> <span class='ocrx_word' id='word_1_299' title='bbox 494 2206 524 2230; x_wconf 93' lang='lat' dir='ltr'>et</span> <span class='ocrx_word' id='word_1_300' title='bbox 541 2202 575 2230; x_wconf 92' lang='lat' dir='ltr'>in</span> <span class='ocrx_word' id='word_1_301' title='bbox 595 2201 730 2232; x_wconf 89' lang='lat' dir='ltr'>solidum</span> <span class='ocrx_word' id='word_1_302' title='bbox 750 2202 849 2231; x_wconf 87' lang='lat' dir='ltr'>libere</span> <span class='ocrx_word' id='word_1_303' title='bbox 866 2202 1039 2231; x_wconf 81' lang='lat' dir='ltr'>habeamus</span> <span class='ocrx_word' id='word_1_304' title='bbox 1055 2207 1085 2231; x_wconf 92' lang='lat' dir='ltr'>et</span> 
     </span>
     <span class='ocr_line' id='line_1_37' title="bbox 78 2254 1084 2293; baseline 0.001 -10"><span class='ocrx_word' id='word_1_305' title='bbox 78 2265 93 2282; x_wconf 68' lang='grc' dir='ltr'>ι</span> <span class='ocrx_word' id='word_1_306' title='bbox 115 2262 319 2284; x_wconf 80' lang='lat' dir='ltr'>exerceamus</span> <span class='ocrx_word' id='word_1_307' title='bbox 343 2254 562 2284; x_wconf 88' lang='lat' dir='ltr'>omnimodam</span> <span class='ocrx_word' id='word_1_308' title='bbox 590 2254 847 2293; x_wconf 85' lang='lat' dir='ltr'>jurisdictionem</span> <span class='ocrx_word' id='word_1_309' title='bbox 874 2259 904 2284; x_wconf 85' lang='lat' dir='ltr'>et</span> <span class='ocrx_word' id='word_1_310' title='bbox 928 2255 1084 2292; x_wconf 81' lang='lat' dir='ltr'>justitiam</span> 
     </span>
     <span class='ocr_line' id='line_1_38' title="bbox 78 2306 1084 2345; baseline 0.001 -10"><span class='ocrx_word' id='word_1_311' title='bbox 78 2317 93 2335; x_wconf 69' lang='lat' dir='ltr'>n</span> <span class='ocrx_word' id='word_1_312' title='bbox 115 2306 361 2338; x_wconf 85' lang='lat' dir='ltr'>ecclesiasticam</span> <span class='ocrx_word' id='word_1_313' title='bbox 375 2307 410 2336; x_wconf 90' lang='lat' dir='ltr'>in</span> <span class='ocrx_word' id='word_1_314' title='bbox 427 2307 580 2337; x_wconf 89' lang='lat' dir='ltr'>omnibus</span> <span class='ocrx_word' id='word_1_315' title='bbox 596 2309 700 2338; x_wconf 88' lang='lat' dir='ltr'>causis</span> <span class='ocrx_word' id='word_1_316' title='bbox 715 2312 746 2337; x_wconf 91' lang='lat' dir='ltr'>et</span> <span class='ocrx_word' id='word_1_317' title='bbox 762 2308 911 2345; x_wconf 81' lang='lat' dir='ltr'>negotiis,</span> <span class='ocrx_word' id='word_1_318' title='bbox 927 2312 989 2337; x_wconf 89' lang='lat' dir='ltr'>tam</span> <span class='ocrx_word' id='word_1_319' title='bbox 1006 2308 1084 2337; x_wconf 91' lang='lat' dir='ltr'>civi-</span> 
     </span>
     <span class='ocr_line' id='line_1_39' title="bbox 78 2360 1083 2400; baseline 0 -10"><span class='ocrx_word' id='word_1_320' title='bbox 78 2371 93 2389; x_wconf 75' lang='lat'><strong>»</strong></span> <span class='ocrx_word' id='word_1_321' title='bbox 114 2360 198 2391; x_wconf 86' lang='lat' dir='ltr'>libus</span> <span class='ocrx_word' id='word_1_322' title='bbox 212 2370 308 2400; x_wconf 86' lang='lat' dir='ltr'>quam</span> <span class='ocrx_word' id='word_1_323' title='bbox 325 2361 566 2397; x_wconf 79' lang='lat' dir='ltr'>criminalibus,</span> <span class='ocrx_word' id='word_1_324' title='bbox 583 2362 679 2392; x_wconf 87' lang='lat' dir='ltr'>motis</span> <span class='ocrx_word' id='word_1_325' title='bbox 698 2366 728 2391; x_wconf 89' lang='lat' dir='ltr'>et</span> <span class='ocrx_word' id='word_1_326' title='bbox 743 2362 910 2391; x_wconf 88' lang='lat' dir='ltr'>movendis</span> <span class='ocrx_word' id='word_1_327' title='bbox 928 2362 961 2391; x_wconf 91' lang='lat' dir='ltr'>in</span> <span class='ocrx_word' id='word_1_328' title='bbox 979 2366 1083 2399; x_wconf 84' lang='lat' dir='ltr'>poste-</span> 
     </span>
     <span class='ocr_line' id='line_1_40' title="bbox 77 2414 1083 2453; baseline 0.001 -10"><span class='ocrx_word' id='word_1_329' title='bbox 77 2423 95 2442; x_wconf 73' lang='lat'><strong>»</strong></span> <span class='ocrx_word' id='word_1_330' title='bbox 115 2423 206 2451; x_wconf 90' lang='lat' dir='ltr'>rum,</span> <span class='ocrx_word' id='word_1_331' title='bbox 229 2415 460 2453; x_wconf 85' lang='lat' dir='ltr'>cujuscumque</span> <span class='ocrx_word' id='word_1_332' title='bbox 488 2419 601 2444; x_wconf 89' lang='lat' dir='ltr'>nature</span> <span class='ocrx_word' id='word_1_333' title='bbox 627 2414 676 2444; x_wconf 87' lang='lat' dir='ltr'>vel</span> <span class='ocrx_word' id='word_1_334' title='bbox 703 2415 899 2445; x_wconf 85' lang='lat' dir='ltr'>conditionis</span> <span class='ocrx_word' id='word_1_335' title='bbox 928 2415 1083 2451; x_wconf 77' lang='lat' dir='ltr'>existant,</span> 
     </span>
     <span class='ocr_line' id='line_1_41' title="bbox 79 2467 1082 2506; baseline -0.001 -9"><span class='ocrx_word' id='word_1_336' title='bbox 79 2475 97 2498; x_wconf 65' lang='lat' dir='ltr'>r</span> <span class='ocrx_word' id='word_1_337' title='bbox 115 2467 251 2506; x_wconf 81' lang='lat' dir='ltr'>exceptis</span> <span class='ocrx_word' id='word_1_338' title='bbox 269 2468 433 2497; x_wconf 79' lang='lat' dir='ltr'>dumtaxat</span> <span class='ocrx_word' id='word_1_339' title='bbox 451 2471 587 2506; x_wconf 82' lang='lat' dir='ltr'>quatuor</span> <span class='ocrx_word' id='word_1_340' title='bbox 605 2468 811 2504; x_wconf 82' lang='lat' dir='ltr'>criminibus,</span> <span class='ocrx_word' id='word_1_341' title='bbox 830 2468 978 2497; x_wconf 86' lang='lat' dir='ltr'>videlicet</span> <span class='ocrx_word' id='word_1_342' title='bbox 996 2468 1082 2504; x_wconf 80' lang='lat' dir='ltr'>salsi,</span> 
     </span>
     <span class='ocr_line' id='line_1_42' title="bbox 79 2521 1083 2560; baseline 0.002 -11"><span class='ocrx_word' id='word_1_343' title='bbox 79 2531 95 2548; x_wconf 57' lang='grc' dir='ltr'><strong><em>φ</em></strong></span> <span class='ocrx_word' id='word_1_344' title='bbox 116 2522 274 2560; x_wconf 82' lang='lat' dir='ltr'>symonie,</span> <span class='ocrx_word' id='word_1_345' title='bbox 288 2521 410 2551; x_wconf 85' lang='lat' dir='ltr'>heresis</span> <span class='ocrx_word' id='word_1_346' title='bbox 426 2525 457 2550; x_wconf 89' lang='lat' dir='ltr'>et</span> <span class='ocrx_word' id='word_1_347' title='bbox 472 2522 629 2559; x_wconf 87' lang='lat' dir='ltr'>sodomie;</span> <span class='ocrx_word' id='word_1_348' title='bbox 643 2522 675 2551; x_wconf 89' lang='lat' dir='ltr'>in</span> <span class='ocrx_word' id='word_1_349' title='bbox 690 2522 807 2560; x_wconf 83' lang='lat' dir='ltr'>quihus</span> <span class='ocrx_word' id='word_1_350' title='bbox 824 2526 958 2560; x_wconf 86' lang='lat' dir='ltr'>quatuor</span> <span class='ocrx_word' id='word_1_351' title='bbox 973 2521 1083 2551; x_wconf 87' lang='lat' dir='ltr'>crimi-</span> 
     </span>
     <span class='ocr_line' id='line_1_43' title="bbox 77 2574 1083 2613; baseline 0.002 -11"><span class='ocrx_word' id='word_1_352' title='bbox 77 2585 91 2602; x_wconf 69' lang='grc' dir='ltr'><strong>ι</strong></span> <span class='ocrx_word' id='word_1_353' title='bbox 117 2574 210 2604; x_wconf 91' lang='lat' dir='ltr'>nibus</span> <span class='ocrx_word' id='word_1_354' title='bbox 235 2574 381 2604; x_wconf 92' lang='lat' dir='ltr'>volumus</span> <span class='ocrx_word' id='word_1_355' title='bbox 406 2575 490 2613; x_wconf 89' lang='lat' dir='ltr'>quod</span> <span class='ocrx_word' id='word_1_356' title='bbox 513 2575 615 2605; x_wconf 85' lang='lat' dir='ltr'>dictus</span> <span class='ocrx_word' id='word_1_357' title='bbox 639 2575 832 2605; x_wconf 89' lang='lat' dir='ltr'>reverendus</span> <span class='ocrx_word' id='word_1_358' title='bbox 857 2579 943 2613; x_wconf 87' lang='lat' dir='ltr'>pater</span> <span class='ocrx_word' id='word_1_359' title='bbox 962 2574 1083 2604; x_wconf 83' lang='lat' dir='ltr'>Novio-</span> 
     </span>
     <span class='ocr_line' id='line_1_44' title="bbox 78 2628 1084 2666; baseline -0.001 -9"><span class='ocrx_word' id='word_1_360' title='bbox 78 2637 94 2655; x_wconf 68' lang='grc' dir='ltr'>π</span> <span class='ocrx_word' id='word_1_361' title='bbox 115 2628 236 2657; x_wconf 84' lang='lat' dir='ltr'>mensis</span> <span class='ocrx_word' id='word_1_362' title='bbox 253 2628 418 2666; x_wconf 87' lang='lat' dir='ltr'>episcopus</span> <span class='ocrx_word' id='word_1_363' title='bbox 436 2633 466 2657; x_wconf 89' lang='lat' dir='ltr'>et</span> <span class='ocrx_word' id='word_1_364' title='bbox 484 2637 681 2658; x_wconf 84' lang='lat' dir='ltr'>successores</span> <span class='ocrx_word' id='word_1_365' title='bbox 700 2629 749 2658; x_wconf 93' lang='lat' dir='ltr'>sui</span> <span class='ocrx_word' id='word_1_366' title='bbox 765 2629 799 2657; x_wconf 91' lang='lat' dir='ltr'>in</span> <span class='ocrx_word' id='word_1_367' title='bbox 817 2629 914 2658; x_wconf 85' lang='lat' dir='ltr'>dictas</span> <span class='ocrx_word' id='word_1_368' title='bbox 933 2636 1084 2666; x_wconf 86' lang='lat' dir='ltr'>personas</span> 
     </span>
     <span class='ocr_line' id='line_1_45' title="bbox 78 2680 1082 2720; baseline 0 -10"><span class='ocrx_word' id='word_1_369' title='bbox 78 2691 92 2706; x_wconf 71' lang='lat' dir='ltr'><strong>t</strong></span> <span class='ocrx_word' id='word_1_370' title='bbox 115 2681 251 2717; x_wconf 75' lang='lat' dir='ltr'>tantum,</span> <span class='ocrx_word' id='word_1_371' title='bbox 268 2680 417 2710; x_wconf 89' lang='lat' dir='ltr'>videlicet</span> <span class='ocrx_word' id='word_1_372' title='bbox 431 2681 529 2711; x_wconf 84' lang='lat' dir='ltr'>laicos</span> <span class='ocrx_word' id='word_1_373' title='bbox 547 2687 577 2711; x_wconf 90' lang='lat' dir='ltr'>et</span> <span class='ocrx_word' id='word_1_374' title='bbox 594 2681 725 2712; x_wconf 89' lang='lat' dir='ltr'>clericos</span> <span class='ocrx_word' id='word_1_375' title='bbox 744 2682 910 2720; x_wconf 85' lang='lat' dir='ltr'>predictos,</span> <span class='ocrx_word' id='word_1_376' title='bbox 929 2682 1082 2720; x_wconf 80' lang='lat' dir='ltr'>conjuga-</span> 
     </span>
     <span class='ocr_line' id='line_1_46' title="bbox 77 2733 1083 2774; baseline 0.001 -12"><span class='ocrx_word' id='word_1_377' title='bbox 77 2743 93 2761; x_wconf 72' lang='lat'><strong>»</strong></span> <span class='ocrx_word' id='word_1_378' title='bbox 115 2737 160 2763; x_wconf 78' lang='lat' dir='ltr'>tos</span> <span class='ocrx_word' id='word_1_379' title='bbox 176 2738 206 2764; x_wconf 89' lang='lat' dir='ltr'>et</span> <span class='ocrx_word' id='word_1_380' title='bbox 222 2742 285 2764; x_wconf 88' lang='lat' dir='ltr'>non</span> <span class='ocrx_word' id='word_1_381' title='bbox 303 2735 500 2773; x_wconf 83' lang='lat' dir='ltr'>conjugatos,</span> <span class='ocrx_word' id='word_1_382' title='bbox 518 2735 574 2774; x_wconf 88' lang='lat' dir='ltr'>qui</span> <span class='ocrx_word' id='word_1_383' title='bbox 591 2743 654 2764; x_wconf 91' lang='lat' dir='ltr'>non</span> <span class='ocrx_word' id='word_1_384' title='bbox 671 2739 746 2764; x_wconf 86' lang='lat' dir='ltr'>sunt</span> <span class='ocrx_word' id='word_1_385' title='bbox 760 2735 799 2764; x_wconf 91' lang='lat' dir='ltr'>de</span> <span class='ocrx_word' id='word_1_386' title='bbox 816 2735 912 2764; x_wconf 88' lang='lat' dir='ltr'>choro</span> <span class='ocrx_word' id='word_1_387' title='bbox 929 2733 977 2763; x_wconf 82' lang='lat' dir='ltr'>vel</span> <span class='ocrx_word' id='word_1_388' title='bbox 994 2734 1083 2763; x_wconf 87' lang='lat' dir='ltr'>fami·</span> 
     </span>
     <span class='ocr_line' id='line_1_47' title="bbox 78 2785 1083 2818; baseline 0.001 -3"><span class='ocrx_word' id='word_1_389' title='bbox 78 2796 94 2814; x_wconf 76' lang='lat'>»</span> <span class='ocrx_word' id='word_1_390' title='bbox 114 2785 157 2816; x_wconf 82' lang='lat' dir='ltr'>lia</span> <span class='ocrx_word' id='word_1_391' title='bbox 177 2787 332 2817; x_wconf 87' lang='lat' dir='ltr'>dictorum</span> <span class='ocrx_word' id='word_1_392' title='bbox 353 2788 466 2817; x_wconf 87' lang='lat' dir='ltr'>decani</span> <span class='ocrx_word' id='word_1_393' title='bbox 486 2792 517 2817; x_wconf 89' lang='lat' dir='ltr'>et</span> <span class='ocrx_word' id='word_1_394' title='bbox 537 2788 765 2818; x_wconf 88' lang='lat' dir='ltr'>canonicorum</span> <span class='ocrx_word' id='word_1_395' title='bbox 784 2788 874 2818; x_wconf 86' lang='lat' dir='ltr'>Beati</span> <span class='ocrx_word' id='word_1_396' title='bbox 891 2787 1016 2818; x_wconf 84' lang='lat' dir='ltr'>Furseii</span> <span class='ocrx_word' id='word_1_397' title='bbox 1035 2787 1083 2816; x_wconf 78' lang='lat' dir='ltr'>vel</span> 
     </span>
     <span class='ocr_line' id='line_1_48' title="bbox 57 2839 1083 2880; baseline 0.001 -12"><span class='ocrx_word' id='word_1_398' title='bbox 57 2849 94 2867; x_wconf 58' lang='lat' dir='ltr'>w»</span> <span class='ocrx_word' id='word_1_399' title='bbox 115 2839 154 2869; x_wconf 89' lang='lat' dir='ltr'>de</span> <span class='ocrx_word' id='word_1_400' title='bbox 177 2848 312 2870; x_wconf 88' lang='lat' dir='ltr'>numero</span> <span class='ocrx_word' id='word_1_401' title='bbox 337 2841 470 2870; x_wconf 81' lang='lat' dir='ltr'>fratrum</span> <span class='ocrx_word' id='word_1_402' title='bbox 494 2846 524 2870; x_wconf 90' lang='lat' dir='ltr'>et</span> <span class='ocrx_word' id='word_1_403' title='bbox 546 2849 691 2871; x_wconf 87' lang='lat' dir='ltr'>sororum</span> <span class='ocrx_word' id='word_1_404' title='bbox 715 2841 880 2880; x_wconf 84' lang='lat' dir='ltr'>hospitalis</span> <span class='ocrx_word' id='word_1_405' title='bbox 903 2841 1009 2870; x_wconf 79' lang='lat' dir='ltr'>Sancti</span> <span class='ocrx_word' id='word_1_406' title='bbox 1028 2841 1083 2870; x_wconf 84' lang='lat' dir='ltr'>Jo-</span> 
     </span>
     <span class='ocr_line' id='line_1_49' title="bbox 77 2892 1084 2933; baseline 0.002 -12"><span class='ocrx_word' id='word_1_407' title='bbox 77 2902 93 2920; x_wconf 66' lang='lat'>³</span> <span class='ocrx_word' id='word_1_408' title='bbox 114 2892 232 2923; x_wconf 87' lang='lat' dir='ltr'>hannis</span> <span class='ocrx_word' id='word_1_409' title='bbox 249 2894 451 2930; x_wconf 77' lang='lat' dir='ltr'>Peronensis,</span> <span class='ocrx_word' id='word_1_410' title='bbox 467 2894 685 2924; x_wconf 87' lang='lat' dir='ltr'>omnimodam</span> <span class='ocrx_word' id='word_1_411' title='bbox 699 2894 957 2933; x_wconf 87' lang='lat' dir='ltr'>jurisdictionem</span> <span class='ocrx_word' id='word_1_412' title='bbox 975 2895 1084 2932; x_wconf 84' lang='lat' dir='ltr'>etjus-</span> 
     </span>
     <span class='ocr_line' id='line_1_50' title="bbox 78 2946 1081 2977; baseline 0.002 -4"><span class='ocrx_word' id='word_1_413' title='bbox 78 2955 94 2972; x_wconf 73' lang='grc' dir='ltr'><strong>ι</strong></span> <span class='ocrx_word' id='word_1_414' title='bbox 117 2946 217 2975; x_wconf 88' lang='lat' dir='ltr'>titiam</span> <span class='ocrx_word' id='word_1_415' title='bbox 235 2946 295 2976; x_wconf 89' lang='lat' dir='ltr'>soli</span> <span class='ocrx_word' id='word_1_416' title='bbox 315 2950 344 2976; x_wconf 89' lang='lat' dir='ltr'>et</span> <span class='ocrx_word' id='word_1_417' title='bbox 365 2947 399 2976; x_wconf 89' lang='lat' dir='ltr'>in</span> <span class='ocrx_word' id='word_1_418' title='bbox 420 2947 558 2977; x_wconf 89' lang='lat' dir='ltr'>solidum</span> <span class='ocrx_word' id='word_1_419' title='bbox 578 2947 677 2977; x_wconf 88' lang='lat' dir='ltr'>libere</span> <span class='ocrx_word' id='word_1_420' title='bbox 695 2947 833 2976; x_wconf 82' lang='lat' dir='ltr'>habeant</span> <span class='ocrx_word' id='word_1_421' title='bbox 854 2952 883 2976; x_wconf 89' lang='lat' dir='ltr'>et</span> <span class='ocrx_word' id='word_1_422' title='bbox 905 2951 1081 2976; x_wconf 78' lang='lat' dir='ltr'>exerceant.</span> 
     </span>
     <span class='ocr_line' id='line_1_51' title="bbox 80 2998 1081 3039; baseline 0 -12"><span class='ocrx_word' id='word_1_423' title='bbox 80 3009 95 3026; x_wconf 66' lang='grc' dir='ltr'><strong>ι</strong></span> <span class='ocrx_word' id='word_1_424' title='bbox 115 2998 147 3029; x_wconf 90' lang='lat' dir='ltr'>Si</span> <span class='ocrx_word' id='word_1_425' title='bbox 165 3003 269 3030; x_wconf 88' lang='lat' dir='ltr'>tamen</span> <span class='ocrx_word' id='word_1_426' title='bbox 286 2999 415 3038; x_wconf 84' lang='lat' dir='ltr'>aliquod</span> <span class='ocrx_word' id='word_1_427' title='bbox 432 3000 607 3030; x_wconf 89' lang='lat' dir='ltr'>criminum</span> <span class='ocrx_word' id='word_1_428' title='bbox 626 3000 852 3039; x_wconf 86' lang='lat' dir='ltr'>predictorum,</span> <span class='ocrx_word' id='word_1_429' title='bbox 866 2999 984 3029; x_wconf 87' lang='lat' dir='ltr'>scilicet</span> <span class='ocrx_word' id='word_1_430' title='bbox 1001 2999 1081 3035; x_wconf 79' lang='lat' dir='ltr'>falsi,</span> 
     </span>
     <span class='ocr_line' id='line_1_52' title="bbox 79 3051 1083 3092; baseline 0 -11"><span class='ocrx_word' id='word_1_431' title='bbox 79 3061 94 3078; x_wconf 70' lang='lat'><em>2</em></span> <span class='ocrx_word' id='word_1_432' title='bbox 117 3052 269 3089; x_wconf 90' lang='lat' dir='ltr'>sodomie‚</span> <span class='ocrx_word' id='word_1_433' title='bbox 283 3052 404 3082; x_wconf 83' lang='lat' dir='ltr'>heresis</span> <span class='ocrx_word' id='word_1_434' title='bbox 418 3058 448 3082; x_wconf 91' lang='lat' dir='ltr'>et</span> <span class='ocrx_word' id='word_1_435' title='bbox 461 3053 620 3092; x_wconf 83' lang='lat' dir='ltr'>symonie,</span> <span class='ocrx_word' id='word_1_436' title='bbox 633 3053 667 3082; x_wconf 91' lang='lat' dir='ltr'>in</span> <span class='ocrx_word' id='word_1_437' title='bbox 684 3053 789 3082; x_wconf 88' lang='lat' dir='ltr'>causis</span> <span class='ocrx_word' id='word_1_438' title='bbox 805 3061 912 3082; x_wconf 89' lang='lat' dir='ltr'>coram</span> <span class='ocrx_word' id='word_1_439' title='bbox 928 3053 1019 3082; x_wconf 90' lang='lat' dir='ltr'>nobis</span> <span class='ocrx_word' id='word_1_440' title='bbox 1035 3051 1083 3082; x_wconf 90' lang='lat' dir='ltr'>vel</span> 
     </span>
    </p>
   </div>
   <div class='ocr_carea' id='block_1_8' title="bbox 1165 447 2179 3096">
    <p class='ocr_par' dir='ltr' id='par_1_10' title="bbox 1165 447 2173 804">
     <span class='ocr_line' id='line_1_53' title="bbox 1165 447 2170 490; baseline 0.006 -15"><span class='ocrx_word' id='word_1_441' title='bbox 1165 458 1180 474; x_wconf 74' lang='grc' dir='ltr'>ι)</span> <span class='ocrx_word' id='word_1_442' title='bbox 1206 447 1325 477; x_wconf 90' lang='lat' dir='ltr'>decano</span> <span class='ocrx_word' id='word_1_443' title='bbox 1346 453 1377 478; x_wconf 93' lang='lat' dir='ltr'>et</span> <span class='ocrx_word' id='word_1_444' title='bbox 1397 449 1534 487; x_wconf 88' lang='lat' dir='ltr'>capitulo</span> <span class='ocrx_word' id='word_1_445' title='bbox 1551 450 1640 479; x_wconf 88' lang='lat' dir='ltr'>Beati</span> <span class='ocrx_word' id='word_1_446' title='bbox 1656 450 1779 480; x_wconf 87' lang='lat' dir='ltr'>Furseii</span> <span class='ocrx_word' id='word_1_447' title='bbox 1795 450 1850 489; x_wconf 87' lang='lat' dir='ltr'>qui</span> <span class='ocrx_word' id='word_1_448' title='bbox 1867 459 1922 488; x_wconf 91' lang='lat' dir='ltr'>pro</span> <span class='ocrx_word' id='word_1_449' title='bbox 1943 455 2084 490; x_wconf 91' lang='lat' dir='ltr'>tempore</span> <span class='ocrx_word' id='word_1_450' title='bbox 2104 452 2170 482; x_wconf 82' lang='lat' dir='ltr'>fue-</span> 
     </span>
     <span class='ocr_line' id='line_1_54' title="bbox 1165 501 2172 543; baseline 0.006 -15"><span class='ocrx_word' id='word_1_451' title='bbox 1165 511 1180 527; x_wconf 82' lang='lat'>»</span> <span class='ocrx_word' id='word_1_452' title='bbox 1205 501 1270 529; x_wconf 89' lang='lat' dir='ltr'>rint</span> <span class='ocrx_word' id='word_1_453' title='bbox 1286 501 1334 530; x_wconf 88' lang='lat' dir='ltr'>vel</span> <span class='ocrx_word' id='word_1_454' title='bbox 1351 502 1477 531; x_wconf 84' lang='lat' dir='ltr'>officiali</span> <span class='ocrx_word' id='word_1_455' title='bbox 1497 507 1602 533; x_wconf 85' lang='lat' dir='ltr'>nostro</span> <span class='ocrx_word' id='word_1_456' title='bbox 1619 504 1711 533; x_wconf 87' lang='lat' dir='ltr'>motis</span> <span class='ocrx_word' id='word_1_457' title='bbox 1729 508 1760 533; x_wconf 88' lang='lat' dir='ltr'>et</span> <span class='ocrx_word' id='word_1_458' title='bbox 1780 504 1944 533; x_wconf 84' lang='lat' dir='ltr'>movendis</span> <span class='ocrx_word' id='word_1_459' title='bbox 1962 513 2016 543; x_wconf 87' lang='lat' dir='ltr'>pro</span> <span class='ocrx_word' id='word_1_460' title='bbox 2032 510 2172 543; x_wconf 91' lang='lat' dir='ltr'>tempore</span> 
     </span>
     <span class='ocr_line' id='line_1_55' title="bbox 1166 554 2171 596; baseline 0.006 -15"><span class='ocrx_word' id='word_1_461' title='bbox 1166 565 1179 579; x_wconf 75' lang='lat' dir='ltr'>n</span> <span class='ocrx_word' id='word_1_462' title='bbox 1205 554 1355 583; x_wconf 89' lang='lat' dir='ltr'>inciderit</span> <span class='ocrx_word' id='word_1_463' title='bbox 1369 555 1417 583; x_wconf 93' lang='lat' dir='ltr'>vel</span> <span class='ocrx_word' id='word_1_464' title='bbox 1432 556 1618 593; x_wconf 84' lang='lat' dir='ltr'>excipiendo</span> <span class='ocrx_word' id='word_1_465' title='bbox 1632 560 1838 595; x_wconf 86' lang='lat' dir='ltr'>proponatur,</span> <span class='ocrx_word' id='word_1_466' title='bbox 1852 556 2000 586; x_wconf 82' lang='lat' dir='ltr'>volumus</span> <span class='ocrx_word' id='word_1_467' title='bbox 2015 558 2098 596; x_wconf 87' lang='lat' dir='ltr'>quod</span> <span class='ocrx_word' id='word_1_468' title='bbox 2115 567 2171 588; x_wconf 88' lang='lat' dir='ltr'>nos</span> 
     </span>
     <span class='ocr_line' id='line_1_56' title="bbox 1167 606 2172 649; baseline 0.007 -15"><span class='ocrx_word' id='word_1_469' title='bbox 1167 617 1179 632; x_wconf 83' lang='lat'>»</span> <span class='ocrx_word' id='word_1_470' title='bbox 1205 610 1234 635; x_wconf 89' lang='lat' dir='ltr'>et</span> <span class='ocrx_word' id='word_1_471' title='bbox 1255 606 1395 636; x_wconf 90' lang='lat' dir='ltr'>decanus</span> <span class='ocrx_word' id='word_1_472' title='bbox 1420 613 1449 637; x_wconf 86' lang='lat' dir='ltr'>et</span> <span class='ocrx_word' id='word_1_473' title='bbox 1468 608 1642 647; x_wconf 87' lang='lat' dir='ltr'>capitulum</span> <span class='ocrx_word' id='word_1_474' title='bbox 1663 609 1794 639; x_wconf 87' lang='lat' dir='ltr'>ecclesie</span> <span class='ocrx_word' id='word_1_475' title='bbox 1818 610 2010 640; x_wconf 84' lang='lat' dir='ltr'>Peroneusis</span> <span class='ocrx_word' id='word_1_476' title='bbox 2032 611 2172 649; x_wconf 87' lang='lat' dir='ltr'>predicte</span> 
     </span>
     <span class='ocr_line' id='line_1_57' title="bbox 1165 659 2173 702; baseline 0.007 -15"><span class='ocrx_word' id='word_1_477' title='bbox 1165 670 1180 686; x_wconf 89' lang='lat'>»</span> <span class='ocrx_word' id='word_1_478' title='bbox 1205 659 1254 688; x_wconf 90' lang='lat' dir='ltr'>vel</span> <span class='ocrx_word' id='word_1_479' title='bbox 1271 665 1377 690; x_wconf 88' lang='lat' dir='ltr'>noster</span> <span class='ocrx_word' id='word_1_480' title='bbox 1395 660 1539 690; x_wconf 80' lang='lat' dir='ltr'>officialis</span> <span class='ocrx_word' id='word_1_481' title='bbox 1558 662 1613 699; x_wconf 86' lang='lat' dir='ltr'>qui</span> <span class='ocrx_word' id='word_1_482' title='bbox 1634 670 1689 700; x_wconf 90' lang='lat' dir='ltr'>pro</span> <span class='ocrx_word' id='word_1_483' title='bbox 1712 667 1852 700; x_wconf 88' lang='lat' dir='ltr'>tempore</span> <span class='ocrx_word' id='word_1_484' title='bbox 1872 663 1991 692; x_wconf 81' lang='lat' dir='ltr'>fuerint</span> <span class='ocrx_word' id='word_1_485' title='bbox 2014 665 2173 702; x_wconf 87' lang='lat' dir='ltr'>possimus</span> 
     </span>
     <span class='ocr_line' id='line_1_58' title="bbox 1166 711 2172 754; baseline 0.007 -14"><span class='ocrx_word' id='word_1_486' title='bbox 1166 723 1179 738; x_wconf 72' lang='lat' dir='ltr'>n</span> <span class='ocrx_word' id='word_1_487' title='bbox 1203 711 1242 741; x_wconf 90' lang='lat' dir='ltr'>de</span> <span class='ocrx_word' id='word_1_488' title='bbox 1258 712 1317 742; x_wconf 89' lang='lat' dir='ltr'>hoc</span> <span class='ocrx_word' id='word_1_489' title='bbox 1335 713 1433 742; x_wconf 87' lang='lat' dir='ltr'>libere</span> <span class='ocrx_word' id='word_1_490' title='bbox 1451 722 1640 751; x_wconf 78' lang='lat' dir='ltr'>cognoscere</span> <span class='ocrx_word' id='word_1_491' title='bbox 1660 720 1690 744; x_wconf 92' lang='lat' dir='ltr'>et</span> <span class='ocrx_word' id='word_1_492' title='bbox 1710 716 1930 752; x_wconf 79' lang='lat' dir='ltr'>pronuntiare,</span> <span class='ocrx_word' id='word_1_493' title='bbox 1949 722 2041 754; x_wconf 85' lang='lat' dir='ltr'>prout</span> <span class='ocrx_word' id='word_1_494' title='bbox 2059 722 2172 747; x_wconf 73' lang='lat' dir='ltr'>natum</span> 
     </span>
     <span class='ocr_line' id='line_1_59' title="bbox 1166 766 1744 804; baseline 0.009 -12"><span class='ocrx_word' id='word_1_495' title='bbox 1166 776 1180 791; x_wconf 73' lang='lat' dir='ltr'>n</span> <span class='ocrx_word' id='word_1_496' title='bbox 1205 766 1398 804; x_wconf 78' lang='lat' dir='ltr'>exceptionis</span> <span class='ocrx_word' id='word_1_497' title='bbox 1416 767 1559 804; x_wconf 82' lang='lat' dir='ltr'>requirit.</span> <span class='ocrx_word' id='word_1_498' title='bbox 1741 777 1744 778; x_wconf 49' lang='lat'><em>⁷</em></span> 
     </span>
    </p>

    <p class='ocr_par' dir='ltr' id='par_1_11' title="bbox 1165 819 2179 2719">
     <span class='ocr_line' id='line_1_60' title="bbox 1206 819 2172 861; baseline 0.007 -14"><span class='ocrx_word' id='word_1_499' title='bbox 1206 830 1219 844; x_wconf 72' lang='lat' dir='ltr'>n</span> <span class='ocrx_word' id='word_1_500' title='bbox 1245 819 1325 848; x_wconf 89' lang='lat' dir='ltr'>Item</span> <span class='ocrx_word' id='word_1_501' title='bbox 1344 819 1491 848; x_wconf 82' lang='lat' dir='ltr'>volumus</span> <span class='ocrx_word' id='word_1_502' title='bbox 1507 820 1590 858; x_wconf 86' lang='lat' dir='ltr'>quod</span> <span class='ocrx_word' id='word_1_503' title='bbox 1608 829 1663 849; x_wconf 90' lang='lat' dir='ltr'>nos</span> <span class='ocrx_word' id='word_1_504' title='bbox 1679 825 1709 850; x_wconf 88' lang='lat' dir='ltr'>et</span> <span class='ocrx_word' id='word_1_505' title='bbox 1726 821 1864 852; x_wconf 85' lang='lat' dir='ltr'>decanus</span> <span class='ocrx_word' id='word_1_506' title='bbox 1881 828 1911 852; x_wconf 90' lang='lat' dir='ltr'>et</span> <span class='ocrx_word' id='word_1_507' title='bbox 1926 824 2099 861; x_wconf 84' lang='lat' dir='ltr'>capitulum</span> <span class='ocrx_word' id='word_1_508' title='bbox 2115 825 2172 854; x_wconf 90' lang='lat' dir='ltr'>Pe-</span> 
     </span>
     <span class='ocr_line' id='line_1_61' title="bbox 1165 872 2173 912; baseline 0.007 -13"><span class='ocrx_word' id='word_1_509' title='bbox 1165 883 1180 898; x_wconf 89' lang='lat'>»</span> <span class='ocrx_word' id='word_1_510' title='bbox 1204 880 1355 901; x_wconf 87' lang='lat' dir='ltr'>ronenses</span> <span class='ocrx_word' id='word_1_511' title='bbox 1371 872 1503 910; x_wconf 85' lang='lat' dir='ltr'>predicti</span> <span class='ocrx_word' id='word_1_512' title='bbox 1517 874 1571 911; x_wconf 87' lang='lat' dir='ltr'>qui</span> <span class='ocrx_word' id='word_1_513' title='bbox 1585 882 1640 911; x_wconf 89' lang='lat' dir='ltr'>pro</span> <span class='ocrx_word' id='word_1_514' title='bbox 1653 877 1792 912; x_wconf 88' lang='lat' dir='ltr'>tempore</span> <span class='ocrx_word' id='word_1_515' title='bbox 1810 875 1930 904; x_wconf 85' lang='lat' dir='ltr'>fuerint</span> <span class='ocrx_word' id='word_1_516' title='bbox 1945 876 2043 906; x_wconf 87' lang='lat' dir='ltr'>libere</span> <span class='ocrx_word' id='word_1_517' title='bbox 2058 877 2173 907; x_wconf 85' lang='lat' dir='ltr'>habea-</span> 
     </span>
     <span class='ocr_line' id='line_1_62' title="bbox 1166 926 2174 964; baseline 0.007 -11"><span class='ocrx_word' id='word_1_518' title='bbox 1166 936 1181 951; x_wconf 92' lang='lat'>»</span> <span class='ocrx_word' id='word_1_519' title='bbox 1205 934 1277 954; x_wconf 89' lang='lat' dir='ltr'>mus</span> <span class='ocrx_word' id='word_1_520' title='bbox 1294 931 1324 954; x_wconf 87' lang='lat' dir='ltr'>et</span> <span class='ocrx_word' id='word_1_521' title='bbox 1341 926 1456 955; x_wconf 84' lang='lat' dir='ltr'>habere</span> <span class='ocrx_word' id='word_1_522' title='bbox 1473 926 1631 964; x_wconf 87' lang='lat' dir='ltr'>possimus</span> <span class='ocrx_word' id='word_1_523' title='bbox 1648 927 1818 957; x_wconf 85' lang='lat' dir='ltr'>officialem</span> <span class='ocrx_word' id='word_1_524' title='bbox 1837 934 1980 958; x_wconf 86' lang='lat' dir='ltr'>nostrum</span> <span class='ocrx_word' id='word_1_525' title='bbox 1999 930 2032 958; x_wconf 91' lang='lat' dir='ltr'>in</span> <span class='ocrx_word' id='word_1_526' title='bbox 2052 930 2126 960; x_wconf 89' lang='lat' dir='ltr'>villa</span> <span class='ocrx_word' id='word_1_527' title='bbox 2143 935 2174 960; x_wconf 88' lang='lat' dir='ltr'>et</span> 
     </span>
     <span class='ocr_line' id='line_1_63' title="bbox 1167 979 2174 1018; baseline 0.009 -13"><span class='ocrx_word' id='word_1_528' title='bbox 1167 990 1180 1004; x_wconf 64' lang='lat' dir='ltr'>u&gt;</span> <span class='ocrx_word' id='word_1_529' title='bbox 1205 984 1306 1008; x_wconf 86' lang='lat' dir='ltr'>castro</span> <span class='ocrx_word' id='word_1_530' title='bbox 1326 979 1580 1016; x_wconf 87' lang='lat' dir='ltr'>Peronensibus,</span> <span class='ocrx_word' id='word_1_531' title='bbox 1599 988 1695 1018; x_wconf 81' lang='lat' dir='ltr'>quem</span> <span class='ocrx_word' id='word_1_532' title='bbox 1710 980 1879 1010; x_wconf 84' lang='lat' dir='ltr'>officialem</span> <span class='ocrx_word' id='word_1_533' title='bbox 1897 982 2018 1011; x_wconf 91' lang='lat' dir='ltr'>ibidem</span> <span class='ocrx_word' id='word_1_534' title='bbox 2036 984 2075 1012; x_wconf 90' lang='lat' dir='ltr'>ab</span> <span class='ocrx_word' id='word_1_535' title='bbox 2090 984 2174 1014; x_wconf 91' lang='lat' dir='ltr'>arbi-</span> 
     </span>
     <span class='ocr_line' id='line_1_64' title="bbox 1167 1031 2172 1073; baseline 0.007 -14"><span class='ocrx_word' id='word_1_536' title='bbox 1167 1043 1180 1057; x_wconf 68' lang='grc' dir='ltr'>ιι</span> <span class='ocrx_word' id='word_1_537' title='bbox 1207 1033 1302 1060; x_wconf 88' lang='lat' dir='ltr'>trium</span> <span class='ocrx_word' id='word_1_538' title='bbox 1325 1036 1355 1061; x_wconf 90' lang='lat' dir='ltr'>et</span> <span class='ocrx_word' id='word_1_539' title='bbox 1375 1031 1570 1061; x_wconf 90' lang='lat' dir='ltr'>voluntatem</span> <span class='ocrx_word' id='word_1_540' title='bbox 1588 1038 1728 1062; x_wconf 86' lang='lat' dir='ltr'>nostram</span> <span class='ocrx_word' id='word_1_541' title='bbox 1744 1042 1779 1063; x_wconf 87' lang='lat' dir='ltr'>ac</span> <span class='ocrx_word' id='word_1_542' title='bbox 1794 1034 1906 1063; x_wconf 84' lang='lat' dir='ltr'>decani</span> <span class='ocrx_word' id='word_1_543' title='bbox 1923 1039 1952 1064; x_wconf 91' lang='lat' dir='ltr'>et</span> <span class='ocrx_word' id='word_1_544' title='bbox 1967 1036 2097 1073; x_wconf 84' lang='lat' dir='ltr'>capituli</span> <span class='ocrx_word' id='word_1_545' title='bbox 2114 1037 2172 1067; x_wconf 86' lang='lat' dir='ltr'>Pe-</span> 
     </span>
     <span class='ocr_line' id='line_1_65' title="bbox 1167 1086 2173 1127; baseline 0.009 -17"><span class='ocrx_word' id='word_1_546' title='bbox 1167 1096 1180 1110; x_wconf 81' lang='lat'><strong>»</strong></span> <span class='ocrx_word' id='word_1_547' title='bbox 1205 1086 1393 1114; x_wconf 88' lang='lat' dir='ltr'>ronensium</span> <span class='ocrx_word' id='word_1_548' title='bbox 1417 1086 1472 1123; x_wconf 87' lang='lat' dir='ltr'>qui</span> <span class='ocrx_word' id='word_1_549' title='bbox 1498 1094 1554 1123; x_wconf 91' lang='lat' dir='ltr'>pro</span> <span class='ocrx_word' id='word_1_550' title='bbox 1579 1090 1718 1124; x_wconf 88' lang='lat' dir='ltr'>tempore</span> <span class='ocrx_word' id='word_1_551' title='bbox 1739 1086 1859 1116; x_wconf 84' lang='lat' dir='ltr'>fuerint</span> <span class='ocrx_word' id='word_1_552' title='bbox 1880 1088 1978 1117; x_wconf 89' lang='lat' dir='ltr'>libere</span> <span class='ocrx_word' id='word_1_553' title='bbox 2002 1098 2173 1127; x_wconf 89' lang='lat' dir='ltr'>ponemus,</span> 
     </span>
     <span class='ocr_line' id='line_1_66' title="bbox 1167 1138 2174 1180; baseline 0.007 -15"><span class='ocrx_word' id='word_1_554' title='bbox 1167 1149 1181 1163; x_wconf 76' lang='lat' dir='ltr'>n</span> <span class='ocrx_word' id='word_1_555' title='bbox 1203 1142 1378 1167; x_wconf 88' lang='lat' dir='ltr'>statuemus</span> <span class='ocrx_word' id='word_1_556' title='bbox 1395 1143 1424 1167; x_wconf 89' lang='lat' dir='ltr'>et</span> <span class='ocrx_word' id='word_1_557' title='bbox 1440 1138 1663 1175; x_wconf 86' lang='lat' dir='ltr'>destituemus,</span> <span class='ocrx_word' id='word_1_558' title='bbox 1682 1148 1821 1178; x_wconf 84' lang='lat' dir='ltr'>eumque</span> <span class='ocrx_word' id='word_1_559' title='bbox 1840 1140 1889 1170; x_wconf 87' lang='lat' dir='ltr'>vel</span> <span class='ocrx_word' id='word_1_560' title='bbox 1906 1141 2006 1171; x_wconf 89' lang='lat' dir='ltr'>alium</span> <span class='ocrx_word' id='word_1_561' title='bbox 2022 1143 2174 1180; x_wconf 84' lang='lat' dir='ltr'>subroga-</span> 
     </span>
     <span class='ocr_line' id='line_1_67' title="bbox 1167 1191 2174 1232; baseline 0.007 -13"><span class='ocrx_word' id='word_1_562' title='bbox 1167 1201 1180 1217; x_wconf 70' lang='lat' dir='ltr'>a</span> <span class='ocrx_word' id='word_1_563' title='bbox 1205 1191 1310 1220; x_wconf 89' lang='lat' dir='ltr'>bimus</span> <span class='ocrx_word' id='word_1_564' title='bbox 1328 1200 1383 1229; x_wconf 92' lang='lat' dir='ltr'>pro</span> <span class='ocrx_word' id='word_1_565' title='bbox 1398 1196 1504 1221; x_wconf 86' lang='lat' dir='ltr'>nostre</span> <span class='ocrx_word' id='word_1_566' title='bbox 1519 1191 1609 1222; x_wconf 90' lang='lat' dir='ltr'>libito</span> <span class='ocrx_word' id='word_1_567' title='bbox 1626 1192 1799 1223; x_wconf 84' lang='lat' dir='ltr'>voluntatis</span> <span class='ocrx_word' id='word_1_568' title='bbox 1815 1195 1962 1232; x_wconf 87' lang='lat' dir='ltr'>quotiens</span> <span class='ocrx_word' id='word_1_569' title='bbox 1978 1195 2069 1225; x_wconf 86' lang='lat' dir='ltr'>nobis</span> <span class='ocrx_word' id='word_1_570' title='bbox 2086 1196 2174 1227; x_wconf 80' lang='lat' dir='ltr'>vide-</span> 
     </span>
     <span class='ocr_line' id='line_1_68' title="bbox 1169 1245 2174 1283; baseline 0.007 -10"><span class='ocrx_word' id='word_1_571' title='bbox 1169 1256 1182 1271; x_wconf 78' lang='lat'>»</span> <span class='ocrx_word' id='word_1_572' title='bbox 1204 1245 1290 1274; x_wconf 88' lang='lat' dir='ltr'>bitur</span> <span class='ocrx_word' id='word_1_573' title='bbox 1310 1245 1470 1283; x_wconf 84' lang='lat' dir='ltr'>expedire.</span> <span class='ocrx_word' id='word_1_574' title='bbox 1489 1246 1579 1275; x_wconf 89' lang='lat' dir='ltr'>Idem</span> <span class='ocrx_word' id='word_1_575' title='bbox 1603 1251 1709 1276; x_wconf 87' lang='lat' dir='ltr'>tamen</span> <span class='ocrx_word' id='word_1_576' title='bbox 1727 1247 1873 1277; x_wconf 84' lang='lat' dir='ltr'>officialis</span> <span class='ocrx_word' id='word_1_577' title='bbox 1895 1254 2000 1278; x_wconf 87' lang='lat' dir='ltr'>noster</span> <span class='ocrx_word' id='word_1_578' title='bbox 2017 1249 2099 1279; x_wconf 88' lang='lat' dir='ltr'>dicto</span> <span class='ocrx_word' id='word_1_579' title='bbox 2122 1259 2174 1280; x_wconf 87' lang='lat' dir='ltr'>re-</span> 
     </span>
     <span class='ocr_line' id='line_1_69' title="bbox 1169 1299 2176 1340; baseline 0.008 -14"><span class='ocrx_word' id='word_1_580' title='bbox 1169 1311 1181 1325; x_wconf 77' lang='lat'>»</span> <span class='ocrx_word' id='word_1_581' title='bbox 1207 1299 1346 1328; x_wconf 88' lang='lat' dir='ltr'>verendo</span> <span class='ocrx_word' id='word_1_582' title='bbox 1372 1300 1451 1337; x_wconf 89' lang='lat' dir='ltr'>patri</span> <span class='ocrx_word' id='word_1_583' title='bbox 1478 1300 1689 1330; x_wconf 86' lang='lat' dir='ltr'>Noviomensi</span> <span class='ocrx_word' id='word_1_584' title='bbox 1711 1301 1857 1340; x_wconf 84' lang='lat' dir='ltr'>episcopo</span> <span class='ocrx_word' id='word_1_585' title='bbox 1882 1307 1912 1331; x_wconf 86' lang='lat' dir='ltr'>et</span> <span class='ocrx_word' id='word_1_586' title='bbox 1938 1304 2176 1334; x_wconf 88' lang='lat' dir='ltr'>successoribus</span> 
     </span>
     <span class='ocr_line' id='line_1_70' title="bbox 1206 1352 2175 1394; baseline 0.005 -13"><span class='ocrx_word' id='word_1_587' title='bbox 1206 1352 1272 1381; x_wconf 90' lang='lat' dir='ltr'>suis</span> <span class='ocrx_word' id='word_1_588' title='bbox 1285 1352 1408 1391; x_wconf 77' lang='lat' dir='ltr'>jtirabit</span> <span class='ocrx_word' id='word_1_589' title='bbox 1423 1353 1506 1391; x_wconf 89' lang='lat' dir='ltr'>quod</span> <span class='ocrx_word' id='word_1_590' title='bbox 1528 1353 1601 1391; x_wconf 88' lang='lat' dir='ltr'>jura</span> <span class='ocrx_word' id='word_1_591' title='bbox 1618 1358 1648 1382; x_wconf 88' lang='lat' dir='ltr'>et</span> <span class='ocrx_word' id='word_1_592' title='bbox 1663 1354 1880 1384; x_wconf 88' lang='lat' dir='ltr'>emolumenta</span> <span class='ocrx_word' id='word_1_593' title='bbox 1897 1356 1935 1384; x_wconf 86' lang='lat' dir='ltr'>ad</span> <span class='ocrx_word' id='word_1_594' title='bbox 1952 1356 2056 1394; x_wconf 89' lang='lat' dir='ltr'>ipsum</span> <span class='ocrx_word' id='word_1_595' title='bbox 2073 1357 2175 1386; x_wconf 89' lang='lat' dir='ltr'>domi—</span> 
     </span>
     <span class='ocr_line' id='line_1_71' title="bbox 1207 1406 2176 1448; baseline 0.005 -14"><span class='ocrx_word' id='word_1_596' title='bbox 1207 1414 1285 1434; x_wconf 89' lang='lat' dir='ltr'>num</span> <span class='ocrx_word' id='word_1_597' title='bbox 1306 1406 1489 1444; x_wconf 87' lang='lat' dir='ltr'>episcopum</span> <span class='ocrx_word' id='word_1_598' title='bbox 1511 1410 1541 1435; x_wconf 88' lang='lat' dir='ltr'>et</span> <span class='ocrx_word' id='word_1_599' title='bbox 1559 1415 1755 1436; x_wconf 87' lang='lat' dir='ltr'>successores</span> <span class='ocrx_word' id='word_1_600' title='bbox 1773 1416 1846 1437; x_wconf 91' lang='lat' dir='ltr'>suos</span> <span class='ocrx_word' id='word_1_601' title='bbox 1864 1409 2037 1447; x_wconf 88' lang='lat' dir='ltr'>spectantia</span> <span class='ocrx_word' id='word_1_602' title='bbox 2053 1410 2086 1438; x_wconf 93' lang='lat' dir='ltr'>in</span> <span class='ocrx_word' id='word_1_603' title='bbox 2106 1419 2176 1448; x_wconf 84' lang='lat' dir='ltr'>pre-</span> 
     </span>
     <span class='ocr_line' id='line_1_72' title="bbox 1208 1459 2176 1497; baseline 0.007 -10"><span class='ocrx_word' id='word_1_604' title='bbox 1208 1459 1314 1488; x_wconf 87' lang='lat' dir='ltr'>missis</span> <span class='ocrx_word' id='word_1_605' title='bbox 1326 1463 1355 1488; x_wconf 93' lang='lat' dir='ltr'>et</span> <span class='ocrx_word' id='word_1_606' title='bbox 1367 1459 1574 1497; x_wconf 83' lang='lat' dir='ltr'>sequentibus</span> <span class='ocrx_word' id='word_1_607' title='bbox 1588 1459 1725 1489; x_wconf 90' lang='lat' dir='ltr'>fideliter</span> <span class='ocrx_word' id='word_1_608' title='bbox 1737 1461 1927 1490; x_wconf 76' lang='lat' dir='ltr'>observabit.</span> <span class='ocrx_word' id='word_1_609' title='bbox 1945 1462 1980 1490; x_wconf 85' lang='lat' dir='ltr'>Et</span> <span class='ocrx_word' id='word_1_610' title='bbox 1994 1471 2009 1490; x_wconf 86' lang='lat' dir='ltr'>e</span> <span class='ocrx_word' id='word_1_611' title='bbox 2022 1471 2176 1494; x_wconf 89' lang='lat' dir='ltr'>converso</span> 
     </span>
     <span class='ocr_line' id='line_1_73' title="bbox 1206 1512 2176 1553; baseline 0.005 -13"><span class='ocrx_word' id='word_1_612' title='bbox 1206 1512 1260 1541; x_wconf 89' lang='lat' dir='ltr'>ille</span> <span class='ocrx_word' id='word_1_613' title='bbox 1277 1513 1330 1550; x_wconf 89' lang='lat' dir='ltr'>qui</span> <span class='ocrx_word' id='word_1_614' title='bbox 1349 1521 1404 1550; x_wconf 90' lang='lat' dir='ltr'>pro</span> <span class='ocrx_word' id='word_1_615' title='bbox 1423 1517 1561 1551; x_wconf 88' lang='lat' dir='ltr'>tempore</span> <span class='ocrx_word' id='word_1_616' title='bbox 1577 1522 1632 1551; x_wconf 92' lang='lat' dir='ltr'>pro</span> <span class='ocrx_word' id='word_1_617' title='bbox 1647 1513 1731 1543; x_wconf 89' lang='lat' dir='ltr'>dicto</span> <span class='ocrx_word' id='word_1_618' title='bbox 1750 1513 1882 1543; x_wconf 90' lang='lat' dir='ltr'>domino</span> <span class='ocrx_word' id='word_1_619' title='bbox 1900 1515 2044 1553; x_wconf 83' lang='lat' dir='ltr'>episcopo</span> <span class='ocrx_word' id='word_1_620' title='bbox 2060 1520 2088 1544; x_wconf 84' lang='lat' dir='ltr'>et</span> <span class='ocrx_word' id='word_1_621' title='bbox 2105 1525 2176 1545; x_wconf 91' lang='lat' dir='ltr'>suc-</span> 
     </span>
     <span class='ocr_line' id='line_1_74' title="bbox 1204 1566 2176 1606; baseline 0.005 -12"><span class='ocrx_word' id='word_1_622' title='bbox 1204 1566 1379 1595; x_wconf 88' lang='lat' dir='ltr'>cessoribus</span> <span class='ocrx_word' id='word_1_623' title='bbox 1397 1566 1466 1604; x_wconf 81' lang='lat' dir='ltr'>ejus</span> <span class='ocrx_word' id='word_1_624' title='bbox 1482 1567 1516 1595; x_wconf 91' lang='lat' dir='ltr'>in</span> <span class='ocrx_word' id='word_1_625' title='bbox 1533 1571 1669 1604; x_wconf 84' lang='lat' dir='ltr'>quatuor</span> <span class='ocrx_word' id='word_1_626' title='bbox 1684 1567 1875 1597; x_wconf 89' lang='lat' dir='ltr'>criminibus</span> <span class='ocrx_word' id='word_1_627' title='bbox 1892 1569 2071 1606; x_wconf 85' lang='lat' dir='ltr'>premissis,</span> <span class='ocrx_word' id='word_1_628' title='bbox 2090 1570 2176 1599; x_wconf 87' lang='lat' dir='ltr'>scili-</span> 
     </span>
     <span class='ocr_line' id='line_1_75' title="bbox 1205 1619 2176 1660; baseline 0.004 -12"><span class='ocrx_word' id='word_1_629' title='bbox 1205 1624 1255 1648; x_wconf 92' lang='lat' dir='ltr'>cet</span> <span class='ocrx_word' id='word_1_630' title='bbox 1270 1619 1357 1655; x_wconf 89' lang='lat' dir='ltr'>falsi,</span> <span class='ocrx_word' id='word_1_631' title='bbox 1376 1620 1538 1658; x_wconf 70' lang='lat' dir='ltr'>symonie,</span> <span class='ocrx_word' id='word_1_632' title='bbox 1560 1619 1683 1649; x_wconf 87' lang='lat' dir='ltr'>heresis</span> <span class='ocrx_word' id='word_1_633' title='bbox 1700 1625 1730 1649; x_wconf 93' lang='lat' dir='ltr'>et</span> <span class='ocrx_word' id='word_1_634' title='bbox 1746 1620 1902 1657; x_wconf 84' lang='lat' dir='ltr'>sodomie‚</span> <span class='ocrx_word' id='word_1_635' title='bbox 1917 1622 2176 1660; x_wconf 85' lang='lat' dir='ltr'>jurisdictionem</span> 
     </span>
     <span class='ocr_line' id='line_1_76' title="bbox 1205 1671 2176 1714; baseline 0.003 -12"><span class='ocrx_word' id='word_1_636' title='bbox 1205 1672 1362 1702; x_wconf 77' lang='lat' dir='ltr'>exercebit</span> <span class='ocrx_word' id='word_1_637' title='bbox 1381 1671 1480 1701; x_wconf 91' lang='lat' dir='ltr'>simili</span> <span class='ocrx_word' id='word_1_638' title='bbox 1501 1672 1594 1702; x_wconf 87' lang='lat' dir='ltr'>modo</span> <span class='ocrx_word' id='word_1_639' title='bbox 1613 1673 1734 1711; x_wconf 88' lang='lat' dir='ltr'>jurabit</span> <span class='ocrx_word' id='word_1_640' title='bbox 1752 1674 1843 1703; x_wconf 89' lang='lat' dir='ltr'>nobis</span> <span class='ocrx_word' id='word_1_641' title='bbox 1859 1678 1890 1704; x_wconf 91' lang='lat' dir='ltr'>et</span> <span class='ocrx_word' id='word_1_642' title='bbox 1907 1674 2027 1704; x_wconf 87' lang='lat' dir='ltr'>decano</span> <span class='ocrx_word' id='word_1_643' title='bbox 2043 1680 2073 1704; x_wconf 88' lang='lat' dir='ltr'>et</span> <span class='ocrx_word' id='word_1_644' title='bbox 2088 1677 2176 1714; x_wconf 87' lang='lat' dir='ltr'>capi-</span> 
     </span>
     <span class='ocr_line' id='line_1_77' title="bbox 1208 1724 2177 1768; baseline 0.006 -15"><span class='ocrx_word' id='word_1_645' title='bbox 1208 1724 1273 1754; x_wconf 90' lang='lat' dir='ltr'>tulo</span> <span class='ocrx_word' id='word_1_646' title='bbox 1290 1725 1526 1754; x_wconf 87' lang='lat' dir='ltr'>Peronensibus</span> <span class='ocrx_word' id='word_1_647' title='bbox 1542 1725 1597 1764; x_wconf 88' lang='lat' dir='ltr'>qui</span> <span class='ocrx_word' id='word_1_648' title='bbox 1619 1734 1673 1764; x_wconf 89' lang='lat' dir='ltr'>pro</span> <span class='ocrx_word' id='word_1_649' title='bbox 1693 1730 1833 1764; x_wconf 88' lang='lat' dir='ltr'>tempore</span> <span class='ocrx_word' id='word_1_650' title='bbox 1856 1727 1977 1756; x_wconf 83' lang='lat' dir='ltr'>fuerint</span> <span class='ocrx_word' id='word_1_651' title='bbox 1998 1728 2082 1766; x_wconf 87' lang='lat' dir='ltr'>qnod</span> <span class='ocrx_word' id='word_1_652' title='bbox 2103 1729 2177 1768; x_wconf 88' lang='lat' dir='ltr'>jura</span> 
     </span>
     <span class='ocr_line' id='line_1_78' title="bbox 1207 1777 2176 1818; baseline 0.004 -11"><span class='ocrx_word' id='word_1_653' title='bbox 1207 1782 1237 1807; x_wconf 93' lang='lat' dir='ltr'>et</span> <span class='ocrx_word' id='word_1_654' title='bbox 1256 1777 1473 1808; x_wconf 91' lang='lat' dir='ltr'>emolumenta</span> <span class='ocrx_word' id='word_1_655' title='bbox 1488 1778 1526 1807; x_wconf 89' lang='lat' dir='ltr'>ad</span> <span class='ocrx_word' id='word_1_656' title='bbox 1542 1787 1600 1808; x_wconf 90' lang='lat' dir='ltr'>nos</span> <span class='ocrx_word' id='word_1_657' title='bbox 1616 1783 1647 1808; x_wconf 90' lang='lat' dir='ltr'>et</span> <span class='ocrx_word' id='word_1_658' title='bbox 1662 1779 1818 1808; x_wconf 89' lang='lat' dir='ltr'>decanum</span> <span class='ocrx_word' id='word_1_659' title='bbox 1838 1783 1868 1809; x_wconf 88' lang='lat' dir='ltr'>et</span> <span class='ocrx_word' id='word_1_660' title='bbox 1888 1780 2063 1818; x_wconf 85' lang='lat' dir='ltr'>capitulum</span> <span class='ocrx_word' id='word_1_661' title='bbox 2079 1782 2176 1812; x_wconf 88' lang='lat' dir='ltr'>Pero-</span> 
     </span>
     <span class='ocr_line' id='line_1_79' title="bbox 1208 1831 2176 1871; baseline 0.005 -11"><span class='ocrx_word' id='word_1_662' title='bbox 1208 1839 1323 1860; x_wconf 89' lang='lat' dir='ltr'>nenses</span> <span class='ocrx_word' id='word_1_663' title='bbox 1339 1831 1396 1869; x_wconf 89' lang='lat' dir='ltr'>qui</span> <span class='ocrx_word' id='word_1_664' title='bbox 1413 1840 1466 1870; x_wconf 88' lang='lat' dir='ltr'>pro</span> <span class='ocrx_word' id='word_1_665' title='bbox 1485 1835 1626 1870; x_wconf 89' lang='lat' dir='ltr'>tempore</span> <span class='ocrx_word' id='word_1_666' title='bbox 1641 1832 1761 1861; x_wconf 88' lang='lat' dir='ltr'>fuerint</span> <span class='ocrx_word' id='word_1_667' title='bbox 1777 1833 1952 1871; x_wconf 87' lang='lat' dir='ltr'>spectantia</span> <span class='ocrx_word' id='word_1_668' title='bbox 1970 1834 2105 1865; x_wconf 85' lang='lat' dir='ltr'>fideliter</span> <span class='ocrx_word' id='word_1_669' title='bbox 2121 1836 2176 1865; x_wconf 92' lang='lat' dir='ltr'>oh-</span> 
     </span>
     <span class='ocr_line' id='line_1_80' title="bbox 1207 1884 2178 1923; baseline 0.004 -9"><span class='ocrx_word' id='word_1_670' title='bbox 1207 1884 1356 1914; x_wconf 86' lang='lat' dir='ltr'>servabit.</span> <span class='ocrx_word' id='word_1_671' title='bbox 1375 1884 1409 1914; x_wconf 89' lang='lat' dir='ltr'>Si</span> <span class='ocrx_word' id='word_1_672' title='bbox 1424 1888 1531 1914; x_wconf 90' lang='lat' dir='ltr'>autem</span> <span class='ocrx_word' id='word_1_673' title='bbox 1549 1884 1653 1914; x_wconf 84' lang='lat' dir='ltr'>dictus</span> <span class='ocrx_word' id='word_1_674' title='bbox 1669 1885 1833 1923; x_wconf 90' lang='lat' dir='ltr'>episcopus</span> <span class='ocrx_word' id='word_1_675' title='bbox 1848 1885 1897 1915; x_wconf 89' lang='lat' dir='ltr'>vel</span> <span class='ocrx_word' id='word_1_676' title='bbox 1914 1895 2109 1918; x_wconf 83' lang='lat' dir='ltr'>successores</span> <span class='ocrx_word' id='word_1_677' title='bbox 2127 1889 2178 1918; x_wconf 90' lang='lat' dir='ltr'>sui</span> 
     </span>
     <span class='ocr_line' id='line_1_81' title="bbox 1208 1937 2178 1981; baseline 0.006 -15"><span class='ocrx_word' id='word_1_678' title='bbox 1208 1937 1309 1967; x_wconf 90' lang='lat' dir='ltr'>velint</span> <span class='ocrx_word' id='word_1_679' title='bbox 1332 1938 1366 1967; x_wconf 91' lang='lat' dir='ltr'>in</span> <span class='ocrx_word' id='word_1_680' title='bbox 1389 1943 1524 1976; x_wconf 88' lang='lat' dir='ltr'>quatuor</span> <span class='ocrx_word' id='word_1_681' title='bbox 1551 1938 1743 1968; x_wconf 88' lang='lat' dir='ltr'>criminibus</span> <span class='ocrx_word' id='word_1_682' title='bbox 1770 1939 1959 1977; x_wconf 86' lang='lat' dir='ltr'>supradietis</span> <span class='ocrx_word' id='word_1_683' title='bbox 1988 1942 2020 1970; x_wconf 92' lang='lat' dir='ltr'>in</span> <span class='ocrx_word' id='word_1_684' title='bbox 2050 1942 2178 1981; x_wconf 87' lang='lat' dir='ltr'>propria</span> 
     </span>
     <span class='ocr_line' id='line_1_82' title="bbox 1207 1989 2178 2032; baseline 0.005 -13"><span class='ocrx_word' id='word_1_685' title='bbox 1207 1998 1340 2029; x_wconf 89' lang='lat' dir='ltr'>persona</span> <span class='ocrx_word' id='word_1_686' title='bbox 1364 1989 1623 2029; x_wconf 84' lang='lat' dir='ltr'>jurisdictionem</span> <span class='ocrx_word' id='word_1_687' title='bbox 1652 1998 1816 2028; x_wconf 81' lang='lat' dir='ltr'>exercere,</span> <span class='ocrx_word' id='word_1_688' title='bbox 1846 1992 2063 2031; x_wconf 85' lang='lat' dir='ltr'>supradictum</span> <span class='ocrx_word' id='word_1_689' title='bbox 2085 1995 2178 2032; x_wconf 89' lang='lat' dir='ltr'>jura-</span> 
     </span>
     <span class='ocr_line' id='line_1_83' title="bbox 1207 2044 2178 2086; baseline 0.006 -14"><span class='ocrx_word' id='word_1_690' title='bbox 1207 2047 1351 2073; x_wconf 89' lang='lat' dir='ltr'>mentum</span> <span class='ocrx_word' id='word_1_691' title='bbox 1376 2051 1440 2072; x_wconf 90' lang='lat' dir='ltr'>non</span> <span class='ocrx_word' id='word_1_692' title='bbox 1464 2044 1650 2082; x_wconf 88' lang='lat' dir='ltr'>prestabunt</span> <span class='ocrx_word' id='word_1_693' title='bbox 1670 2044 1761 2074; x_wconf 89' lang='lat' dir='ltr'>nobis</span> <span class='ocrx_word' id='word_1_694' title='bbox 1781 2044 1831 2074; x_wconf 89' lang='lat' dir='ltr'>vel</span> <span class='ocrx_word' id='word_1_695' title='bbox 1852 2045 1971 2076; x_wconf 88' lang='lat' dir='ltr'>decano</span> <span class='ocrx_word' id='word_1_696' title='bbox 1991 2051 2022 2076; x_wconf 87' lang='lat' dir='ltr'>et</span> <span class='ocrx_word' id='word_1_697' title='bbox 2039 2048 2178 2086; x_wconf 89' lang='lat' dir='ltr'>capitulo</span> 
     </span>
     <span class='ocr_line' id='line_1_84' title="bbox 1207 2097 2179 2137; baseline 0.006 -12"><span class='ocrx_word' id='word_1_698' title='bbox 1207 2097 1446 2126; x_wconf 88' lang='lat' dir='ltr'>Peronensibus</span> <span class='ocrx_word' id='word_1_699' title='bbox 1467 2097 1520 2135; x_wconf 88' lang='lat' dir='ltr'>qui</span> <span class='ocrx_word' id='word_1_700' title='bbox 1545 2105 1602 2135; x_wconf 90' lang='lat' dir='ltr'>pro</span> <span class='ocrx_word' id='word_1_701' title='bbox 1623 2101 1763 2136; x_wconf 91' lang='lat' dir='ltr'>tempore</span> <span class='ocrx_word' id='word_1_702' title='bbox 1781 2098 1919 2134; x_wconf 75' lang='lat' dir='ltr'>fuerint3</span> <span class='ocrx_word' id='word_1_703' title='bbox 1934 2099 2009 2137; x_wconf 86' lang='lat' dir='ltr'>jura</span> <span class='ocrx_word' id='word_1_704' title='bbox 2026 2105 2130 2130; x_wconf 85' lang='lat' dir='ltr'>tamen</span> <span class='ocrx_word' id='word_1_705' title='bbox 2148 2105 2179 2132; x_wconf 87' lang='lat' dir='ltr'>et</span> 
     </span>
     <span class='ocr_line' id='line_1_85' title="bbox 1207 2150 2178 2191; baseline 0.005 -12"><span class='ocrx_word' id='word_1_706' title='bbox 1207 2150 1425 2180; x_wconf 89' lang='lat' dir='ltr'>emolumenta</span> <span class='ocrx_word' id='word_1_707' title='bbox 1440 2150 1479 2179; x_wconf 91' lang='lat' dir='ltr'>ad</span> <span class='ocrx_word' id='word_1_708' title='bbox 1495 2158 1553 2180; x_wconf 90' lang='lat' dir='ltr'>nos</span> <span class='ocrx_word' id='word_1_709' title='bbox 1570 2150 1744 2188; x_wconf 84' lang='lat' dir='ltr'>spectantia</span> <span class='ocrx_word' id='word_1_710' title='bbox 1760 2151 1864 2181; x_wconf 86' lang='lat' dir='ltr'>dictus</span> <span class='ocrx_word' id='word_1_711' title='bbox 1880 2152 2043 2191; x_wconf 89' lang='lat' dir='ltr'>episcopus</span> <span class='ocrx_word' id='word_1_712' title='bbox 2059 2158 2089 2183; x_wconf 94' lang='lat' dir='ltr'>et</span> <span class='ocrx_word' id='word_1_713' title='bbox 2105 2163 2178 2184; x_wconf 89' lang='lat' dir='ltr'>suc-</span> 
     </span>
     <span class='ocr_line' id='line_1_86' title="bbox 1206 2203 2178 2237; baseline 0.005 -5"><span class='ocrx_word' id='word_1_714' title='bbox 1206 2212 1345 2233; x_wconf 88' lang='lat' dir='ltr'>cessores</span> <span class='ocrx_word' id='word_1_715' title='bbox 1359 2204 1411 2232; x_wconf 90' lang='lat' dir='ltr'>sui</span> <span class='ocrx_word' id='word_1_716' title='bbox 1427 2203 1509 2232; x_wconf 88' lang='lat' dir='ltr'>bona</span> <span class='ocrx_word' id='word_1_717' title='bbox 1526 2203 1588 2232; x_wconf 81' lang='lat' dir='ltr'>fide</span> <span class='ocrx_word' id='word_1_718' title='bbox 1601 2212 1727 2233; x_wconf 88' lang='lat' dir='ltr'>servare</span> <span class='ocrx_word' id='word_1_719' title='bbox 1746 2205 1950 2236; x_wconf 87' lang='lat' dir='ltr'>tenebuntur.</span> <span class='ocrx_word' id='word_1_720' title='bbox 1969 2206 2004 2236; x_wconf 85' lang='lat' dir='ltr'>Si</span> <span class='ocrx_word' id='word_1_721' title='bbox 2021 2216 2094 2237; x_wconf 91' lang='lat' dir='ltr'>vero</span> <span class='ocrx_word' id='word_1_722' title='bbox 2109 2208 2178 2237; x_wconf 84' lang='lat' dir='ltr'>offi-</span> 
     </span>
     <span class='ocr_line' id='line_1_87' title="bbox 1206 2256 2178 2298; baseline 0.005 -13"><span class='ocrx_word' id='word_1_723' title='bbox 1206 2256 1296 2286; x_wconf 88' lang='lat' dir='ltr'>cialis</span> <span class='ocrx_word' id='word_1_724' title='bbox 1313 2261 1420 2286; x_wconf 87' lang='lat' dir='ltr'>noster</span> <span class='ocrx_word' id='word_1_725' title='bbox 1442 2257 1602 2296; x_wconf 87' lang='lat' dir='ltr'>predictus</span> <span class='ocrx_word' id='word_1_726' title='bbox 1624 2257 1708 2287; x_wconf 87' lang='lat' dir='ltr'>dicto</span> <span class='ocrx_word' id='word_1_727' title='bbox 1729 2258 1859 2288; x_wconf 89' lang='lat' dir='ltr'>domino</span> <span class='ocrx_word' id='word_1_728' title='bbox 1877 2259 2023 2298; x_wconf 90' lang='lat' dir='ltr'>episcopo</span> <span class='ocrx_word' id='word_1_729' title='bbox 2043 2260 2093 2290; x_wconf 93' lang='lat' dir='ltr'>vel</span> <span class='ocrx_word' id='word_1_730' title='bbox 2112 2261 2178 2291; x_wconf 86' lang='lat' dir='ltr'>suis</span> 
     </span>
     <span class='ocr_line' id='line_1_88' title="bbox 1169 2309 2177 2353; baseline 0.005 -15"><span class='ocrx_word' id='word_1_731' title='bbox 1169 2320 1184 2337; x_wconf 66' lang='grc' dir='ltr'><strong>ι</strong></span> <span class='ocrx_word' id='word_1_732' title='bbox 1208 2309 1446 2340; x_wconf 88' lang='lat' dir='ltr'>successoribus</span> <span class='ocrx_word' id='word_1_733' title='bbox 1467 2315 1633 2348; x_wconf 87' lang='lat' dir='ltr'>suspectus</span> <span class='ocrx_word' id='word_1_734' title='bbox 1656 2311 1766 2347; x_wconf 85' lang='lat' dir='ltr'>fuerit,</span> <span class='ocrx_word' id='word_1_735' title='bbox 1787 2314 1817 2340; x_wconf 88' lang='lat' dir='ltr'>et</span> <span class='ocrx_word' id='word_1_736' title='bbox 1841 2320 1935 2350; x_wconf 88' lang='lat' dir='ltr'>super</span> <span class='ocrx_word' id='word_1_737' title='bbox 1955 2321 2049 2342; x_wconf 89' lang='lat' dir='ltr'>causa</span> <span class='ocrx_word' id='word_1_738' title='bbox 2071 2314 2177 2353; x_wconf 86' lang='lat' dir='ltr'>suspi-</span> 
     </span>
     <span class='ocr_line' id='line_1_89' title="bbox 1169 2363 2179 2404; baseline 0.006 -14"><span class='ocrx_word' id='word_1_739' title='bbox 1169 2374 1183 2390; x_wconf 86' lang='lat'>»</span> <span class='ocrx_word' id='word_1_740' title='bbox 1209 2363 1306 2393; x_wconf 89' lang='lat' dir='ltr'>tionis</span> <span class='ocrx_word' id='word_1_741' title='bbox 1321 2363 1503 2392; x_wconf 85' lang='lat' dir='ltr'>rationabili</span> <span class='ocrx_word' id='word_1_742' title='bbox 1520 2363 1612 2393; x_wconf 87' lang='lat' dir='ltr'>nobis</span> <span class='ocrx_word' id='word_1_743' title='bbox 1627 2363 1676 2393; x_wconf 91' lang='lat' dir='ltr'>vel</span> <span class='ocrx_word' id='word_1_744' title='bbox 1692 2364 1814 2394; x_wconf 80' lang='lat' dir='ltr'>decano</span> <span class='ocrx_word' id='word_1_745' title='bbox 1826 2370 1856 2394; x_wconf 86' lang='lat' dir='ltr'>et</span> <span class='ocrx_word' id='word_1_746' title='bbox 1868 2365 2007 2404; x_wconf 89' lang='lat' dir='ltr'>capitulo</span> <span class='ocrx_word' id='word_1_747' title='bbox 2019 2366 2179 2396; x_wconf 86' lang='lat' dir='ltr'>Peronen-</span> 
     </span>
     <span class='ocr_line' id='line_1_90' title="bbox 1170 2416 2178 2458; baseline 0.005 -13"><span class='ocrx_word' id='word_1_748' title='bbox 1170 2427 1184 2444; x_wconf 82' lang='lat'><strong>»</strong></span> <span class='ocrx_word' id='word_1_749' title='bbox 1208 2417 1296 2446; x_wconf 90' lang='lat' dir='ltr'>sibus</span> <span class='ocrx_word' id='word_1_750' title='bbox 1320 2416 1375 2445; x_wconf 91' lang='lat' dir='ltr'>fiat</span> <span class='ocrx_word' id='word_1_751' title='bbox 1398 2416 1477 2446; x_wconf 89' lang='lat' dir='ltr'>fides</span> <span class='ocrx_word' id='word_1_752' title='bbox 1502 2426 1556 2455; x_wconf 87' lang='lat' dir='ltr'>per</span> <span class='ocrx_word' id='word_1_753' title='bbox 1580 2417 1700 2446; x_wconf 89' lang='lat' dir='ltr'>dictum</span> <span class='ocrx_word' id='word_1_754' title='bbox 1726 2417 1896 2448; x_wconf 90' lang='lat' dir='ltr'>dominum</span> <span class='ocrx_word' id='word_1_755' title='bbox 1919 2420 2102 2458; x_wconf 85' lang='lat' dir='ltr'>episcopum</span> <span class='ocrx_word' id='word_1_756' title='bbox 2128 2421 2178 2450; x_wconf 87' lang='lat' dir='ltr'>vel</span> 
     </span>
     <span class='ocr_line' id='line_1_91' title="bbox 1167 2470 2176 2510; baseline 0.004 -11"><span class='ocrx_word' id='word_1_757' title='bbox 1167 2479 1184 2499; x_wconf 83' lang='lat'><strong>)</strong></span> <span class='ocrx_word' id='word_1_758' title='bbox 1206 2478 1402 2499; x_wconf 86' lang='lat' dir='ltr'>successores</span> <span class='ocrx_word' id='word_1_759' title='bbox 1423 2477 1515 2507; x_wconf 88' lang='lat' dir='ltr'>snos,</span> <span class='ocrx_word' id='word_1_760' title='bbox 1536 2478 1593 2499; x_wconf 89' lang='lat' dir='ltr'>nos</span> <span class='ocrx_word' id='word_1_761' title='bbox 1617 2475 1647 2499; x_wconf 91' lang='lat' dir='ltr'>et</span> <span class='ocrx_word' id='word_1_762' title='bbox 1669 2470 1808 2500; x_wconf 90' lang='lat' dir='ltr'>decanus</span> <span class='ocrx_word' id='word_1_763' title='bbox 1834 2475 1865 2500; x_wconf 91' lang='lat' dir='ltr'>et</span> <span class='ocrx_word' id='word_1_764' title='bbox 1887 2472 2062 2510; x_wconf 89' lang='lat' dir='ltr'>capitulum</span> <span class='ocrx_word' id='word_1_765' title='bbox 2083 2474 2176 2504; x_wconf 86' lang='lat' dir='ltr'>Pero-</span> 
     </span>
     <span class='ocr_line' id='line_1_92' title="bbox 1169 2522 2179 2560; baseline 0.008 -11"><span class='ocrx_word' id='word_1_766' title='bbox 1169 2534 1183 2549; x_wconf 77' lang='lat'>»</span> <span class='ocrx_word' id='word_1_767' title='bbox 1209 2531 1324 2552; x_wconf 87' lang='lat' dir='ltr'>nenses</span> <span class='ocrx_word' id='word_1_768' title='bbox 1356 2522 1489 2560; x_wconf 87' lang='lat' dir='ltr'>predicti</span> <span class='ocrx_word' id='word_1_769' title='bbox 1521 2523 1659 2552; x_wconf 87' lang='lat' dir='ltr'>eundem</span> <span class='ocrx_word' id='word_1_770' title='bbox 1695 2523 1863 2553; x_wconf 78' lang='lat' dir='ltr'>officialem</span> <span class='ocrx_word' id='word_1_771' title='bbox 1895 2526 2116 2556; x_wconf 86' lang='lat' dir='ltr'>amovebimus</span> <span class='ocrx_word' id='word_1_772' title='bbox 2148 2531 2179 2557; x_wconf 90' lang='lat' dir='ltr'>et</span> 
     </span>
     <span class='ocr_line' id='line_1_93' title="bbox 1168 2573 2177 2616; baseline 0.007 -15"><span class='ocrx_word' id='word_1_773' title='bbox 1168 2586 1183 2600; x_wconf 86' lang='lat'>»</span> <span class='ocrx_word' id='word_1_774' title='bbox 1206 2573 1306 2603; x_wconf 87' lang='lat' dir='ltr'>alium</span> <span class='ocrx_word' id='word_1_775' title='bbox 1324 2573 1392 2603; x_wconf 82' lang='lat' dir='ltr'>loco</span> <span class='ocrx_word' id='word_1_776' title='bbox 1409 2574 1456 2602; x_wconf 90' lang='lat' dir='ltr'>sui</span> <span class='ocrx_word' id='word_1_777' title='bbox 1473 2574 1718 2612; x_wconf 82' lang='lat' dir='ltr'>subrogabimus</span> <span class='ocrx_word' id='word_1_778' title='bbox 1735 2584 1799 2605; x_wconf 91' lang='lat' dir='ltr'>non</span> <span class='ocrx_word' id='word_1_779' title='bbox 1816 2581 2009 2615; x_wconf 86' lang='lat' dir='ltr'>suspectum,</span> <span class='ocrx_word' id='word_1_780' title='bbox 2022 2578 2078 2616; x_wconf 89' lang='lat' dir='ltr'>qui</span> <span class='ocrx_word' id='word_1_781' title='bbox 2094 2579 2177 2609; x_wconf 91' lang='lat' dir='ltr'>dicto</span> 
     </span>
     <span class='ocr_line' id='line_1_94' title="bbox 1169 2626 2177 2667; baseline 0.006 -12"><span class='ocrx_word' id='word_1_782' title='bbox 1169 2639 1183 2654; x_wconf 83' lang='lat'>»</span> <span class='ocrx_word' id='word_1_783' title='bbox 1208 2627 1339 2656; x_wconf 91' lang='lat' dir='ltr'>domino</span> <span class='ocrx_word' id='word_1_784' title='bbox 1360 2627 1506 2665; x_wconf 88' lang='lat' dir='ltr'>episcopo</span> <span class='ocrx_word' id='word_1_785' title='bbox 1524 2631 1555 2656; x_wconf 88' lang='lat' dir='ltr'>et</span> <span class='ocrx_word' id='word_1_786' title='bbox 1572 2626 1888 2659; x_wconf 83' lang='lat' dir='ltr'>successoribussuis</span> <span class='ocrx_word' id='word_1_787' title='bbox 1904 2630 2053 2667; x_wconf 86' lang='lat' dir='ltr'>prestabit</span> <span class='ocrx_word' id='word_1_788' title='bbox 2070 2631 2177 2662; x_wconf 88' lang='lat' dir='ltr'>simile</span> 
     </span>
     <span class='ocr_line' id='line_1_95' title="bbox 1169 2681 1441 2719; baseline 0.004 -12"><span class='ocrx_word' id='word_1_789' title='bbox 1169 2692 1182 2707; x_wconf 70' lang='lat' dir='ltr'>n</span> <span class='ocrx_word' id='word_1_790' title='bbox 1205 2681 1441 2719; x_wconf 87' lang='lat' dir='ltr'>juramentum.</span> 
     </span>
    </p>

    <p class='ocr_par' dir='ltr' id='par_1_12' title="bbox 1167 2733 2179 3096">
     <span class='ocr_line' id='line_1_96' title="bbox 1207 2733 2179 2776; baseline 0.007 -16"><span class='ocrx_word' id='word_1_791' title='bbox 1207 2745 1220 2759; x_wconf 68' lang='lat' dir='ltr'>n</span> <span class='ocrx_word' id='word_1_792' title='bbox 1245 2733 1326 2762; x_wconf 88' lang='lat' dir='ltr'>Item</span> <span class='ocrx_word' id='word_1_793' title='bbox 1351 2741 1408 2762; x_wconf 91' lang='lat' dir='ltr'>nos</span> <span class='ocrx_word' id='word_1_794' title='bbox 1429 2741 1465 2762; x_wconf 86' lang='lat' dir='ltr'>ac</span> <span class='ocrx_word' id='word_1_795' title='bbox 1489 2733 1628 2763; x_wconf 87' lang='lat' dir='ltr'>decanus</span> <span class='ocrx_word' id='word_1_796' title='bbox 1651 2739 1680 2763; x_wconf 89' lang='lat' dir='ltr'>et</span> <span class='ocrx_word' id='word_1_797' title='bbox 1703 2734 1879 2772; x_wconf 91' lang='lat' dir='ltr'>capitulum</span> <span class='ocrx_word' id='word_1_798' title='bbox 1901 2736 2098 2766; x_wconf 86' lang='lat' dir='ltr'>Peronenses</span> <span class='ocrx_word' id='word_1_799' title='bbox 2122 2738 2179 2776; x_wconf 87' lang='lat' dir='ltr'>qui</span> 
     </span>
     <span class='ocr_line' id='line_1_97' title="bbox 1168 2786 2176 2829; baseline 0.007 -15"><span class='ocrx_word' id='word_1_800' title='bbox 1168 2798 1181 2813; x_wconf 70' lang='lat' dir='ltr'>n</span> <span class='ocrx_word' id='word_1_801' title='bbox 1207 2795 1261 2824; x_wconf 89' lang='lat' dir='ltr'>pro</span> <span class='ocrx_word' id='word_1_802' title='bbox 1284 2791 1423 2825; x_wconf 84' lang='lat' dir='ltr'>tempore</span> <span class='ocrx_word' id='word_1_803' title='bbox 1444 2786 1564 2815; x_wconf 79' lang='lat' dir='ltr'>fuerint</span> <span class='ocrx_word' id='word_1_804' title='bbox 1585 2787 1776 2817; x_wconf 86' lang='lat' dir='ltr'>habebimus</span> <span class='ocrx_word' id='word_1_805' title='bbox 1793 2793 1823 2818; x_wconf 91' lang='lat' dir='ltr'>et</span> <span class='ocrx_word' id='word_1_806' title='bbox 1844 2789 2022 2819; x_wconf 89' lang='lat' dir='ltr'>tenebimus</span> <span class='ocrx_word' id='word_1_807' title='bbox 2042 2791 2081 2819; x_wconf 86' lang='lat' dir='ltr'>ad</span> <span class='ocrx_word' id='word_1_808' title='bbox 2103 2800 2176 2829; x_wconf 91' lang='lat' dir='ltr'>pro-</span> 
     </span>
     <span class='ocr_line' id='line_1_98' title="bbox 1169 2839 2177 2882; baseline 0.006 -15"><span class='ocrx_word' id='word_1_809' title='bbox 1169 2852 1182 2866; x_wconf 79' lang='lat'>»</span> <span class='ocrx_word' id='word_1_810' title='bbox 1207 2839 1292 2878; x_wconf 84' lang='lat' dir='ltr'>prios</span> <span class='ocrx_word' id='word_1_811' title='bbox 1315 2844 1459 2877; x_wconf 89' lang='lat' dir='ltr'>sumptus</span> <span class='ocrx_word' id='word_1_812' title='bbox 1482 2844 1605 2869; x_wconf 88' lang='lat' dir='ltr'>nostros</span> <span class='ocrx_word' id='word_1_813' title='bbox 1629 2840 1798 2870; x_wconf 81' lang='lat' dir='ltr'>officialem</span> <span class='ocrx_word' id='word_1_814' title='bbox 1819 2846 1961 2871; x_wconf 79' lang='lat' dir='ltr'>nostrum</span> <span class='ocrx_word' id='word_1_815' title='bbox 1980 2843 2112 2882; x_wconf 84' lang='lat' dir='ltr'>ejusque</span> <span class='ocrx_word' id='word_1_816' title='bbox 2128 2853 2177 2874; x_wconf 89' lang='lat' dir='ltr'>sa-</span> 
     </span>
     <span class='ocr_line' id='line_1_99' title="bbox 1167 2892 2176 2931; baseline 0.007 -11"><span class='ocrx_word' id='word_1_817' title='bbox 1167 2904 1181 2919; x_wconf 85' lang='lat'>»</span> <span class='ocrx_word' id='word_1_818' title='bbox 1206 2892 1322 2922; x_wconf 83' lang='lat' dir='ltr'>larium</span> <span class='ocrx_word' id='word_1_819' title='bbox 1353 2892 1390 2921; x_wconf 88' lang='lat' dir='ltr'>de</span> <span class='ocrx_word' id='word_1_820' title='bbox 1421 2893 1547 2931; x_wconf 85' lang='lat' dir='ltr'>proprio</span> <span class='ocrx_word' id='word_1_821' title='bbox 1580 2899 1685 2923; x_wconf 87' lang='lat' dir='ltr'>nostro</span> <span class='ocrx_word' id='word_1_822' title='bbox 1715 2894 1885 2924; x_wconf 89' lang='lat' dir='ltr'>solvemus.</span> <span class='ocrx_word' id='word_1_823' title='bbox 1913 2896 2176 2928; x_wconf 85' lang='lat' dir='ltr'>Emolumentum</span> 
     </span>
     <span class='ocr_line' id='line_1_100' title="bbox 1168 2945 2178 2983; baseline 0.008 -10"><span class='ocrx_word' id='word_1_824' title='bbox 1168 2957 1181 2972; x_wconf 68' lang='lat' dir='ltr'>n</span> <span class='ocrx_word' id='word_1_825' title='bbox 1207 2950 1313 2975; x_wconf 89' lang='lat' dir='ltr'>autem</span> <span class='ocrx_word' id='word_1_826' title='bbox 1331 2945 1429 2983; x_wconf 83' lang='lat' dir='ltr'>sigilli</span> <span class='ocrx_word' id='word_1_827' title='bbox 1446 2946 1632 2976; x_wconf 83' lang='lat' dir='ltr'>offitialatus</span> <span class='ocrx_word' id='word_1_828' title='bbox 1647 2947 1734 2977; x_wconf 88' lang='lat' dir='ltr'>curie</span> <span class='ocrx_word' id='word_1_829' title='bbox 1754 2953 1860 2978; x_wconf 89' lang='lat' dir='ltr'>nostre</span> <span class='ocrx_word' id='word_1_830' title='bbox 1876 2957 1933 2978; x_wconf 91' lang='lat' dir='ltr'>nos</span> <span class='ocrx_word' id='word_1_831' title='bbox 1949 2953 1978 2978; x_wconf 86' lang='lat' dir='ltr'>et</span> <span class='ocrx_word' id='word_1_832' title='bbox 1993 2950 2133 2981; x_wconf 89' lang='lat' dir='ltr'>decanus</span> <span class='ocrx_word' id='word_1_833' title='bbox 2149 2955 2178 2982; x_wconf 89' lang='lat' dir='ltr'>et</span> 
     </span>
     <span class='ocr_line' id='line_1_101' title="bbox 1167 2999 2177 3040; baseline 0.008 -14"><span class='ocrx_word' id='word_1_834' title='bbox 1167 3010 1181 3026; x_wconf 70' lang='lat' dir='ltr'>n</span> <span class='ocrx_word' id='word_1_835' title='bbox 1206 2999 1382 3037; x_wconf 87' lang='lat' dir='ltr'>capitulum</span> <span class='ocrx_word' id='word_1_836' title='bbox 1406 2999 1604 3029; x_wconf 87' lang='lat' dir='ltr'>Peronenses</span> <span class='ocrx_word' id='word_1_837' title='bbox 1629 3000 1683 3039; x_wconf 92' lang='lat' dir='ltr'>qui</span> <span class='ocrx_word' id='word_1_838' title='bbox 1707 3009 1761 3039; x_wconf 89' lang='lat' dir='ltr'>pro</span> <span class='ocrx_word' id='word_1_839' title='bbox 1787 3005 1926 3040; x_wconf 86' lang='lat' dir='ltr'>tempore</span> <span class='ocrx_word' id='word_1_840' title='bbox 1950 3002 2071 3033; x_wconf 76' lang='lat' dir='ltr'>fuerint</span> <span class='ocrx_word' id='word_1_841' title='bbox 2092 3005 2177 3035; x_wconf 93' lang='lat' dir='ltr'>inte-</span> 
     </span>
     <span class='ocr_line' id='line_1_102' title="bbox 1168 3051 2179 3096; baseline 0.007 -16"><span class='ocrx_word' id='word_1_842' title='bbox 1168 3063 1182 3079; x_wconf 77' lang='lat'><strong>»</strong></span> <span class='ocrx_word' id='word_1_843' title='bbox 1208 3051 1340 3089; x_wconf 85' lang='lat' dir='ltr'>graliter</span> <span class='ocrx_word' id='word_1_844' title='bbox 1354 3052 1566 3091; x_wconf 87' lang='lat' dir='ltr'>percipiemus</span> <span class='ocrx_word' id='word_1_845' title='bbox 1582 3057 1612 3082; x_wconf 92' lang='lat' dir='ltr'>et</span> <span class='ocrx_word' id='word_1_846' title='bbox 1628 3053 1828 3091; x_wconf 85' lang='lat' dir='ltr'>habebimus,</span> <span class='ocrx_word' id='word_1_847' title='bbox 1844 3055 1888 3084; x_wconf 89' lang='lat' dir='ltr'>ita</span> <span class='ocrx_word' id='word_1_848' title='bbox 1903 3055 1987 3094; x_wconf 88' lang='lat' dir='ltr'>quod</span> <span class='ocrx_word' id='word_1_849' title='bbox 2003 3056 2082 3087; x_wconf 88' lang='lat' dir='ltr'>dicti</span> <span class='ocrx_word' id='word_1_850' title='bbox 2097 3059 2179 3096; x_wconf 90' lang='lat' dir='ltr'>epis-</span> 
     </span>
    </p>
   </div>
   <div class='ocr_carea' id='block_1_9' title="bbox 1167 1363 1182 1431">
    <p class='ocr_par' dir='ltr' id='par_1_13' title="bbox 1167 1363 1182 1431">
     <span class='ocr_line' id='line_1_103' title="bbox 1167 1363 1182 1431; textangle 90"><span class='ocrx_word' id='word_1_851' title='bbox 1167 1417 1181 1431; x_wconf 58' lang='lat' dir='ltr'>S</span> <span class='ocrx_word' id='word_1_852' title='bbox 1167 1363 1182 1378; x_wconf 61' lang='grc' dir='ltr'>δ</span> 
     </span>
    </p>
   </div>
   <div class='ocr_carea' id='block_1_10' title="bbox 1168 1470 1182 2231">
    <p class='ocr_par' dir='ltr' id='par_1_14' title="bbox 1168 1470 1182 2231">
     <span class='ocr_line' id='line_1_104' title="bbox 1168 1470 1182 2231; textangle 90"><span class='ocrx_word' id='word_1_853' title='bbox 1169 2216 1182 2231; x_wconf 58' lang='grc' dir='ltr'>ὅ</span> <span class='ocrx_word' id='word_1_854' title='bbox 1169 2162 1182 2178; x_wconf 61' lang='grc' dir='ltr'>ἓν</span> <span class='ocrx_word' id='word_1_855' title='bbox 1168 2109 1182 2124; x_wconf 68' lang='lat'>:9</span> <span class='ocrx_word' id='word_1_856' title='bbox 1168 2056 1182 2071; x_wconf 63' lang='lat' dir='ltr'>U</span> <span class='ocrx_word' id='word_1_857' title='bbox 1168 2002 1182 2017; x_wconf 57' lang='grc' dir='ltr'>υ</span> <span class='ocrx_word' id='word_1_858' title='bbox 1168 1950 1182 1965; x_wconf 63' lang='grc'><strong>8</strong></span> <span class='ocrx_word' id='word_1_859' title='bbox 1169 1897 1182 1911; x_wconf 64' lang='grc' dir='ltr'>δ</span> <span class='ocrx_word' id='word_1_860' title='bbox 1168 1843 1182 1858; x_wconf 55' lang='grc' dir='ltr'>ὃ</span> <span class='ocrx_word' id='word_1_861' title='bbox 1168 1790 1182 1805; x_wconf 58' lang='grc'><strong>5</strong></span> <span class='ocrx_word' id='word_1_862' title='bbox 1168 1735 1181 1751; x_wconf 67' lang='lat' dir='ltr'>U</span> <span class='ocrx_word' id='word_1_863' title='bbox 1168 1684 1181 1699; x_wconf 64' lang='grc' dir='ltr'>δ</span> <span class='ocrx_word' id='word_1_864' title='bbox 1168 1630 1182 1645; x_wconf 68' lang='lat'>:5</span> <span class='ocrx_word' id='word_1_865' title='bbox 1168 1577 1181 1592; x_wconf 55' lang='grc' dir='ltr'>θ</span> <span class='ocrx_word' id='word_1_866' title='bbox 1168 1524 1182 1538; x_wconf 66' lang='lat'>¹5</span> <span class='ocrx_word' id='word_1_867' title='bbox 1168 1470 1182 1485; x_wconf 62' lang='grc' dir='ltr'>δ</span> 
     </span>
    </p>
   </div>
   <div class='ocr_carea' id='block_1_11' title="bbox 1167 2269 1182 2285">
    <p class='ocr_par' dir='ltr' id='par_1_15' title="bbox 1167 2269 1182 2285">
     <span class='ocr_line' id='line_1_105' title="bbox 1167 2269 1182 2285; textangle 90"><span class='ocrx_word' id='word_1_868' title='bbox 1167 2269 1182 2285; x_wconf 64' lang='grc' dir='ltr'>ι’</span> 
     </span>
    </p>
   </div>
  </div>
 </body>
</html>
