2342 3652
901 392 1131 432 1111οΧ1000
1150 391 1305 431 ANNEE.
2093 396 2146 440 195

63 472 118 509 per
133 466 298 506 apostolica
315 467 431 505 scripta
454 467 662 502 mandamus,
680 468 711 495 in
735 467 956 497 remissionem
976 467 1065 496 vobis

63 520 278 561 peccaminum
298 519 517 557 injungentes,
534 523 692 556 quatenus
707 519 741 548 in
757 520 888 549 caritate
906 520 982 554 Dei,
1002 520 1059 549 lio-

62 574 186 606 minum
212 573 324 602 timore
346 573 537 610 postposito,
566 572 717 601 virtutem
741 573 871 609 spiritus
892 572 1064 602 induentes

63 633 99 658 e'x
114 627 185 663 alto,
204 625 379 664 predictum
397 625 550 661 officium,
569 625 652 662 quod
668 625 838 663 apostolica
855 626 942 655 vobis
958 632 1065 656 ancto-

62 675 153 711 ritate
175 678 424 714 committimus,
448 678 481 706 in
507 677 600 707 dictis
626 686 725 714 regno
746 682 775 707 et
795 678 922 707 civitate
943 687 977 708 ac
997 680 1065 716 ejus

63 728 214 764 districtu,
234 730 331 760 simul
349 730 396 760 vel
415 730 584 768 separatim
597 734 652 759 aut
666 730 882 767 singulariter,
902 737 991 769 prout
1009 740 1063 760 ne-

60 784 139 824 gatii*
153 783 270 814 utililas
289 783 435 812 suadebit
450 805 458 819 ‚
477 783 535 812 sub
551 791 604 820 spe
620 783 776 812 mercedis
793 787 916 818 eterne,
937 784 981 813 sic
998 784 1065 812 effi-

47 832 174 869 ssmcitler
194 836 339 875 prosequi
359 835 514 873 etexequi
531 835 698 871 studeatis,
718 841 750 864 ul
765 845 819 874 per
838 835 1064 865 sollicitudinis

129 898 161 920 re
191 889 409 928 prudentiam,
435 889 474 918 de
497 888 576 927 ipsis
602 897 700 926 regno
730 894 758 917 et
788 889 912 918 civitate
942 898 977 918 ac
995 890 1064 927 ejus

46 880 202 988 ἒῖέηἲιῑυ
223 942 310 971 radix
337 941 520 979 iniquitatis
546 941 685 970 heretice
710 941 908 978 succidatur,
927 947 956 971 et
971 943 1064 971 vinea

58 1002 65 1020 a·
97 1011 102 1021 .
116 994 200 1030 101,
214 995 433 1024 exterminatis
452 994 641 1033 vulpeculis,
656 1004 716 1033 que
732 996 887 1033 perversis
905 995 1064 1024 morsibus

43 1053 73 1087 a}
90 1044 278 1078 „moliuntur
294 1047 442 1083 eandem,
464 1048 491 1076 si
495 1051 585 1076 nctus
603 1048 713 1077 afferat
735 1048 886 1077 catholice
906 1049 1061 1087 puritatis.

49 1097 93 1134 ,iss
112 1109 195 1140 quos
212 1105 320 1130 autem
348 1101 386 1130 de
407 1101 561 1139 piaxitate
579 1101 716 1139 predicta
739 1101 911 1140 culpabiles
933 1102 1064 1132 invene-

79 1144 140 1192 J‘,
118 1168 123 1171 -
157 1154 208 1185 vel
225 1154 369 1190 infectos,
389 1163 443 1184 seu
458 1155 564 1184 etiam
572 1155 753 1189 infamatos
765 1161 870 1185 contra
890 1157 985 1194 ipsos.
999 1156 1064 1185 nisi

51 1214 106 1242 »ζα
117 1208 232 1238 minati
249 1207 394 1237 absolute
405 1207 508 1236 velint
523 1208 683 1237 mandatis
695 1208 826 1237 ecclesie
839 1209 978 1247 obedire,
993 1218 1065 1239 000-

61 1263 118 1287 »³³⁸1
141 1264 172 1291 et
181 1265 289 1291 contra
306 1265 525 1298 receptatores,
545 1261 728 1291 defensores
741 1266 771 1291 et
786 1262 924 1291 fautores
941 1271 1062 1297 eorum,

50 1315 85 1353 ,3²
115 1304 1063 1353 tasanctionescanonicasauctoritateapostolica.hominum

36 1382 40 1389 -
79 1375 106 1394 :1
128 1375 149 1398 0
161 1367 272 1398 d‘ivino
289 1367 396 1397 timori
412 1368 595 1406 postposito,
614 1368 802 1407 procedatis.
820 1369 893 1398 Non
909 1369 1063 1398 obstanti-

53 1417 91 1451 ‘l-
127 1420 287 1460 aliquibus
305 1421 420 1450 litteris
431 1421 474 1450 ad
485 1430 705 1460 quoscumque
721 1422 799 1452 alios
812 1422 850 1451 de
869 1423 946 1461 ipsis
966 1431 1063 1460 regno

40 1470 76 1515 -ςζὲ
100 1473 226 1505 civitate
241 1483 277 1504 30
294 1475 362 1513 ejus
377 1471 522 1504 districtu
535 1500 542 1512 ,
559 1475 694 1513 exceptis
709 1475 849 1505 locorum
869 1476 1061 1511 di'ocesanis,

52 1519 149 1560 {flu-r
165 1528 350 1567 hujusmodi
372 1530 498 1565 negotio
520 1529 560 1558 ab
576 1530 644 1568 ipsa
659 1529 732 1559 sede
753 1529 902 1566 directis,
924 1539 1062 1569 quarum

125 1586 201 1621 ‘ceps
216 1581 255 1611 ad
272 1581 500 1620 inquisitiones
517 1582 702 1621 hujusmodi
729 1583 889 1612 faciendas
910 1583 1062 1613 nolumus

18 1665 25 1671 ,
48 1629 86 1671 1,,17
115 1635 237 1664 toi-itate
249 1634 374 1673 procedi
386 1645 392 1669 ;
406 1635 486 1673 quin
495 1635 596 1665 immo
607 1644 648 1664 ne
657 1635 844 1673 procedatur
851 1645 905 1674 per
918 1636 990 1666 illas
1000 1637 1062 1666 dis-

40 1680 176 1718 'iratius
195 1687 393 1720 inhibemus
414 1697 454 1718 ne
477 1693 619 1726 pietextu
637 1689 872 1719 commissionis
887 1690 1062 1728 spetialiter

46 1736 174 1789 &fidem
189 1739 366 1770 diocesanis
385 1748 480 1778 super
503 1739 562 1770 hoc
583 1740 676 1777 facte,
698 1745 817 1771 vestros
841 1750 1003 1779 processus
1026 1742 1059 1770 in

51 1775 236 1826 &furacem
255 1791 499 1822 diocesanorum
515 1793 698 1823 civitatibus
721 1798 751 1823 et
772 1794 951 1824 diocesibus
969 1795 1060 1825 volu-

48 1843 128 1878 :ssus
143 1845 306 1884 impediri,
324 1854 383 1876 nec
399 1856 455 1885 per
472 1846 531 1876 1100
545 1847 629 1885 quod
644 1847 721 1876 fidei·
730 1847 892 1885 negotium
903 1848 1059 1886 generali-

110 1898 151 1928 in'
162 1896 239 1938 ipsis
254 1907 356 1937 regno
371 1904 402 1929 et
418 1900 543 1929 civitate
565 1904 595 1929 et
617 1901 686 1939 ejus
706 1900 851 1930 districtu
867 1901 957 1931 vobis
973 1910 1058 1931 com-

65 1944 220 1989 ''']titnus,
239 1952 483 1983 commissiones
499 1962 517 1982 a
533 1953 652 1992 prefata
667 1953 741 1983 sede
750 1954 926 1984 diocesanis
936 1955 1056 1985 eisdem

24 2038 29 2050 Ι
105 2006 162 2041 tas,
177 2006 202 2035 si
219 2005 325 2047 forsan
342 2005 475 2036 illarum
492 2015 546 2036 sen
565 2007 658 2036 etiam
671 2007 833 2037 ordinaria
843 2008 1058 2038 velintaucto-

56 2062 144 2092 iste
152 2059 320 2098 procedere
341 2059 542 2089 intendimus
551 2068 710 2090 revocare.
727 2060 843 2090 Verum
858 2065 975 2097 tamen,
993 2062 1060 2091 sive

50 2112 235 2146 >ctoritate
251 2112 429 2148 ordinaria,
449 2113 517 2142 sive
537 2122 572 2142 ex
593 2113 792 2151 delegatione
808 2115 946 2153 predicte
963 2115 1057 2151 sedis,

55 2157 149 2196 ,st-‚em
157 2165 318 2195 diocesani
328 2167 361 2195 in
374 2166 561 2205 th‘usmodi
576 2167 702 2204 negotio
710 2168 931 2206 processerint,
942 2177 1057 2206 nequa-

72 2219 89 2248 '21
99 2231 106 2243 1:
116 2218 358 2250 mvolumusvel
366 2228 422 2258 per
430 2227 621 2249 concursum
629 2221 890 2258 processuumvel
897 2221 976 2250 alias
984 2230 1060 2259 qno-

53 2261 100 2304 ’ἧι
113 2270 224 2303 olibet
233 2277 353 2303 vestros
366 2273 518 2312 impediri
527 2281 703 2311 processus,
715 2274 793 2312 quin
802 2274 1007 2304 diocesanoru
1014 2284 1042 2303 m
1049 2298 1056 2311 ‚

55 2327 115 2368 23·
140 2335 198 2356 um·
213 2326 410 2365 processibus
433 2335 498 2356 non
517 2326 727 2363 obstantibus,
747 2327 781 2356 in
803 2321 913 2357 eodem
930 2328 1058 2365 negotio

57 2385 79 2420 [ἧι
99 2392 103 2405 1
134 2379 219 2409 ·de1·e
240 2379 339 2409 libere
367 2379 510 2409 valeatis.
535 2379 569 2409 Si
590 2389 664 2410 vero
689 2380 806 2419 aliquis
830 2390 866 2411 ex
887 2381 1056 2419 predictis,

39 2419 71 2464 ’ζ’
82 2438 90 2467 ’7
144 2433 150 2438 “
176 2446 181 2459 ι
203 2431 275 2463 labe
290 2433 419 2471 penitus
434 2433 593 2472 abjurata,
611 2433 717 2463 redire
732 2434 891 2464 voluerint
907 2435 945 2464 ad
962 2434 1057 2464 eccle-

85 2484 210 2519 ticam
217 2487 386 2523 unitatem,
397 2487 442 2516 eis
455 2488 547 2526 Juxta
557 2487 693 2517 formam
703 2487 834 2518 ecclesie
845 2488 1057 2518 absolutionis

67 2570 71 2571 ⁷
93 2554 104 2565 1
127 2544 131 2545 ’
142 2539 240 2570 -01001
252 2540 457 2578 impendatis,
468 2544 498 2570 et
508 2540 686 2578 injungatis
697 2540 818 2571 eisdem
831 2541 914 2580 quod
926 2542 1057 2579 injungi

60 2589 103 2635 ’.ῖῆ
118 2601 167 2623 ·us
180 2594 356 2623 consuevit.
381 2593 512 2623 Proviso
533 2593 678 2624 sollerter
697 2603 736 2624 ne
756 2595 907 2624 simulata
923 2604 1056 2625 conver-

53 2641 95 2690 ,jn
103 2648 143 2676 110
156 2645 289 2676 redeant
303 2645 534 2681 fraudulenter,
550 2651 580 2676 et
595 2655 664 2684 1105,
678 2647 779 2677 immo
794 2648 899 2687 potius
912 2658 945 2678 se
959 2649 1054 2688 ipsos,

52 2694 68 2730 'L
84 2716 95 2731 ·7
109 2702 212 2736 entes,
235 2699 294 2729 sub
315 2699 390 2738 agni
412 2700 516 2738 specie
532 2705 644 2738 gerant
661 2701 785 2739 lupum.
803 2701 894 2737 Quod
912 2702 940 2731 si
954 2701 1055 2740 aliqui

39 2742 98 2786 ''fl-z
124 2751 170 2782 'nt
182 2753 350 2791 judicandi
373 2753 519 2788 heretici,
536 2753 588 2782 vel
610 2753 870 2784 incarcerationis
887 2763 966 2793 pena
982 2763 1055 2793 per—

52 2802 95 2846 rfsffl
107 2814 145 2836 ue
158 2806 255 2837 alicui
273 2815 329 2845 pro
344 2806 530 2844 hujusmodi
545 2807 682 2836 crimine
696 2807 794 2837 fuerit
809 2807 998 2845 infligenda,
1016 2809 1055 2837 ad

44 2850 79 2892 ζ’-ῥ,
104 2867 159 2898 per
179 2857 306 2896 vos,'de
328 2859 573 2890 diocesanorum
591 2859 641 2889 vel
656 2860 847 2890 vicariorum
864 2870 1007 2898 suorum
1029 2862 1054 2890 si

65 2897 132 2959 ,ἵζει
151 2911 328 2942 diocesanis
357 2911 543 2942 absentibus
566 2917 727 2950 presentes
749 2913 886 2950 fuerint,
909 2914 1054 2950 consilio

51 2961 246 3006 ffinedatur,
261 2965 339 2995 utin
359 2969 445 2994 tante
460 2964 752 2995 animadversionis
761 2966 884 3005 judicio
895 2976 959 2997 non
976 2972 1056 3006 post-

56 3014 198 3062 Quenda
213 3018 399 3057 pontificum
410 3018 582 3048 auctoritas
596 3018 781 3048 intercedat.
798 3019 919 3050 Verum
930 3021 1006 3059 quia
1021 3022 1056 3050 in

52 3063 118 3102 Dim
140 3070 228 3109 gravi
248 3071 384 3102 crimine
407 3079 480 3101 cum
504 3069 605 3100 multa
624 3075 746 3109 oportet
766 3072 888 3102 cautela
910 3073 1054 3111 procedi,

1148 471 1181 495 ut
1202 468 1233 495 in
1252 476 1321 497 reos
1343 470 1411 498 sine
1430 469 1495 500 ullo
1518 471 1694 508 proferatur
1715 480 1820 501 errore
1836 472 1913 501 dure
1929 482 1965 502 ac
1983 474 2079 511 digne
2096 485 2145 503 se·

1147 520 1262 549 veritas
1284 520 1431 559 ultionis,
1460 523 1606 552 volumus
1629 528 1657 553 et
1681 525 1871 554 mandamus
1893 531 1925 555 ut
1945 535 2015 561 vos,
2036 527 2082 556 vel
2098 528 2146 557 illi

1146 581 1223 611 quos
1239 574 1277 602 ad
1294 573 1352 604 hoc
1377 575 1529 605 duxeritis
1553 577 1766 615 deputaiidOS‚
1791 579 1823 608 in
1850 579 1997 608 examine
2019 581 2144 610 testium

1145 634 1224 663 qnos
1242 627 1338 664 recipi
1357 636 1450 665 super
1465 630 1599 658 crimine
1620 630 1756 667 predicto
1774 631 1943 670 ipsumque
1960 633 2148 670 contingen-

1147 677 1229 706 tibus
1253 680 1440 716 oportuerit,
1463 680 1642 710 adhibeatis
1664 682 1741 711 duas
1766 683 1929 721 religiosas
1950 690 1980 714 et
1998 685 2147 715 discretas

1147 739 1310 767 personas,
1328 732 1362 760 in
1379 741 1512 770 quarum
1532 735 1689 771 presentia
1707 745 1760 772 per
1777 736 1933 774 publicani
1947 760 1954 773 ,
1975 738 2001 766 si
2018 739 2146 768 comode

1146 787 1245 820 potest
1265 784 1396 820 haberi,
1420 794 1603 826 personam.
1631 792 1685 815 aut
1709 797 1762 825 per
1785 788 1863 818 duos
1887 790 1970 819 viros
1988 791 2146 829 ydoneos,

1146 836 1282 866 fideliter
1297 838 1481 867 eorumdem
1506 839 1719 877 depositiones
1746 842 1869 870 testium
1894 844 2145 875 conscribantur.

1146 889 1195 917 Ad
1220 891 1467 919 conscribendas
1493 901 1617 930 quoque
1644 884 1829 930 hujusmodi
1856 894 2067 932 depositiones
2089 903 2146 927 tes-

1148 942 1241 977 tium,
1260 946 1288 971 et
1304 942 1342 971 ad
1359 943 1542 972 faciendum
1559 945 1668 973 omnia
1685 954 1746 982 que
1764 946 1795 974 in
1816 947 1986 977 commisso
2003 949 2149 979 101115οΐ-

1146 994 1233 1031 ficio,
1261 996 1299 1024 ad
1321 996 1498 1031 scriniarii,
1521 1006 1573 1025 seu
1600 997 1782 1027 tabellionis
1805 999 1944 1028 osticium
1973 1002 2146 1038 pertinent,

1147 1048 1248 1076 teneri
1265 1049 1406 1078 districte
1430 1050 1637 1087 precipimus,
1657 1059 1728 1079 cum
1749 1061 1803 1089 per
1821 1061 1889 1086 vos,
1910 1062 1962 1081 seu
1984 1063 2035 1091 per
2051 1054 2148 1092 depu-

1146 1105 1223 1130 tatos
1239 1101 1278 1130 ad
1295 1101 1353 1131 hoc
1370 1111 1387 1131 a
1407 1102 1493 1131 vohis
1512 1103 1656 1141 requifflti
1677 1104 1812 1140 suerint,
1832 1114 1942 1134 omnes
1959 1112 1988 1134 et
2007 1108 2148 1144 singulos

1147 1155 1241 1184 vestri
1265 1155 1387 1184 ordinis
1410 1156 1522 1186 fratres
1547 1158 1614 1195 qui,
1636 1157 1711 1186 dum
1731 1165 1835 1187 essent
1853 1159 1884 1187 in
1905 1160 2020 1189 seculo.
2039 1161 2148 1198 hujus-

1146 1208 1233 1238 modi
1259 1208 1480 1238 tabellionatus
1496 1210 1636 1239 officinm
1656 1211 1805 1240 habuisse
1829 1218 1857 1241 et
1879 1213 2055 1241 exercuisse
2078 1223 2149 1243 nos-

1145 1266 1272 1296 cuntur,
1291 1267 1321 1291 et
1335 1262 1407 1292 illos
1424 1263 1519 1292 etiam
1538 1264 1653 1302 quibus
1670 1264 1753 1293 idem
1771 1265 1991 1295 tabellionatus
2008 1267 2147 1296 officinm

1145 1315 1269 1345 ratione
1281 1316 1392 1354 prelati
1410 1317 1528 1354 negotii
1544 1317 1617 1346 fidei
1635 1318 1694 1347 fuit
1709 1327 1726 1346 a
1742 1318 1823 1348 dicta
1838 1320 1911 1348 sede
1925 1310 2148 1357 commissum,

1144 1373 1174 1397 et
1189 1369 1221 1397 in
1240 1372 1399 1406 posterum
1414 1370 1639 1399 committetur.
1658 1370 1875 1401 Concedentes
1894 1372 2074 1410 hujusmodi
2090 1374 2150 1403 fra-

1145 1422 1262 1458 tribus,
1286 1431 1410 1452 necnon
1435 1428 1465 1452 et
1481 1424 1552 1452 aliis
1573 1424 1729 1461 religiosis
1749 1425 1944 1462 quibuslibet
1963 1427 2019 1464 qui
2038 1427 2150 1456 simili-

1146 1479 1201 1512 ter,
1225 1475 1301 1505 dum
1318 1481 1423 1506 essent
1436 1477 1469 1505 in
1488 1477 1604 1512 seculo,
1625 1478 1746 1507 dictum
1769 1478 1991 1509 tabellionatus
2009 1480 2148 1510 officium

1142 1528 1323 1558 habuerunt
1345 1535 1376 1559 et
1391 1536 1614 1559 exercuerunt.
1635 1531 1895 1570 quibuscumque
1911 1533 2004 1561 etiam
2018 1533 2148 1565 ¹clericis

1143 1582 1337 1612 secularibus
1358 1583 1500 1612 officinm
1524 1585 1627 1621 ipsum
1652 1584 1864 1621 habentibus,
1888 1587 1981 1614 etiam
2000 1587 2027 1616 si
2050 1587 2146 1616 iidem

1143 1636 1254 1665 fratres
1274 1636 1418 1673 religiosi
1447 1641 1476 1665 et
1502 1637 1607 1667 clerici
1627 1638 1690 1666 sint
1711 1638 1743 1667 in
1767 1639 1864 1667 sacris
1887 1640 2051 1669 ordinibus
2075 1649 2148 1670 con·

1142 1689 1256 1723 stituti,
1276 1689 1442 1718 exercendi
1464 1689 1565 1719 libere
1582 1690 1723 1720 officium
1744 1692 1847 1729 ipsum
1866 1693 1965 1730 quoad
1983 1694 2145 1730 premissa,

1142 1750 1205 1771 1100
1228 1742 1372 1772 obstante
1391 1742 1497 1781 aliquo
1520 1744 1678 1773 contrario
1698 1749 1812 1774 statuto
1836 1746 1967 1774 canonis
1992 1746 2041 1774 vel
2062 1746 2146 1776 ordi-

1141 1796 1202 1831 nis,
1213 1804 1413 1834 qcocumque
1427 1795 1542 1826 vallato
1556 1797 1749 1832 munimine,
1765 1797 1941 1836 plenariam
1954 1799 2145 1830 facultatem.

1141 1849 1234 1885 Quod
1255 1851 1280 1878 si
1310 1850 1440 1879 testibus
1467 1858 1546 1888 quos
1568 1859 1585 1879 3
1608 1851 1695 1880 vobis
1715 1852 1829 1889 recipi,
1857 1852 1905 1880 vel
1929 1853 1968 1881 ab
1988 1852 2059 1887 alio,
2080 1854 2147 1882 vice

1140 1907 1255 1938 vestra,
1281 1912 1376 1940 super
1402 1903 1513 1932 eodem
1541 1903 1679 1933 crimine
1705 1905 1883 1934 examinari
1905 1905 2084 1942 contigerit,
2110 1915 2145 1935 ex

1140 1956 1353 1994 publicatione
1384 1957 1554 1986 nominum
1587 1957 1773 1987 eorumdem
1802 1958 1943 1987 videritis
1970 1959 2145 1997 pericnlum

1140 2009 1325 2045 imminere,
1339 2010 1480 2048 ipsorum
1497 2010 1627 2039 nomina
1644 2019 1706 2040 non
1726 2010 1861 2049 publice,
1881 2011 1933 2040 scd
1951 2017 2080 2042 secrete.
2099 2021 2146 2042 co-

1141 2062 1386 2103 ram-aliquibus
1405 2063 1548 2101 personis
1567 2056 1708 2102 providis
1727 2068 1757 2093 et
1772 2064 1927 2097 honestis,
1945 2064 2101 2102 religiosis
2118 2070 2148 2095 et

1140 2116 1224 2152 aliis,
1243 2116 1282 2145 ad
1299 2116 1357 2146 hoc
1379 2117 1514 2151 vocatis,
1535 2116 1573 2146 de
1589 2125 1729 2155 qnorum
1748 2117 1883 2147 consilio
1900 2118 1938 2146 ad
1955 2120 2145 2148 sententiam

1140 2169 1189 2200 vel
1205 2170 1527 2209 condempnationem
1544 2171 1669 2209 procedi
1684 2170 1843 2206 volumus,
1864 2172 2095 2209 exprimantur.
2112 2172 2147 2201 Et

1118 2232 1121 2234 ·
1140 2224 1195 2255 sic,
1213 2232 1276 2252 non
1292 2217 1436 2253 obstante
1452 2224 1536 2262 quod
1552 2223 1616 2253 illis
1632 2229 1742 2253 contra
1759 2233 1838 2262 qnos
1852 2224 2036 2262 hujusmodi
2055 2230 2147 2254 testes

1140 2276 1343 2314 deposuerint
1359 2285 1469 2306 eorum
1486 2277 1617 2306 nomina
1636 2285 1704 2306 non
1722 2277 1841 2306 fuerint
1858 2277 2027 2315 publicata.
2042 2278 2080 2306 ad
2093 2286 2144 2307 co-

1139 2329 1316 2367 gnitionem
1337 2330 1458 2367 judicis
1483 2330 1706 2359 instruendam
1734 2330 1924 2360 adhibeatur
1953 2331 2046 2369 plena
2067 2331 2145 2360 fides

1140 2383 1267 2412 testium
1293 2383 1545 2420 depositionibus
1573 2384 1777 2413 eorumdem.
1810 2384 1853 2413 Ut
1880 2392 1954 2421 ergo
1982 2383 2145 2413 commissi

1139 2436 1230 2466 vobis
1256 2436 1357 2466 officii
1388 2436 1529 2466 debitum
1552 2437 1665 2467 utilius
1693 2441 1722 2466 et
1746 2437 1897 2466 libentius
1927 2436 2142 2475 exequamini,

1138 2490 1360 2520 committendi
1375 2489 1538 2519 citationes
1552 2514 1559 2526 ,
1579 2491 1705 2519 testium
1722 2490 1991 2525 examinationes,
2010 2497 2082 2518 cum
2104 2489 2142 2518 de

1138 2542 1325 2580 hujusmodi
1356 2543 1491 2572 crimine
1523 2551 1558 2572 ac
1585 2543 1684 2581 ipsius
1713 2542 1960 2572 circumstantiis
1990 2541 2143 2570 duxeritis

1137 2596 1382 2634 inquirendum,
1410 2596 1453 2625 ita
1472 2601 1576 2625 tamen
1601 2595 1683 2634 quod
1701 2596 1812 2628 eidem¹
1823 2595 1965 2624 examini
1995 2594 2056 2623 due
2072 2603 2143 2632 per-

1139 2658 1214 2679 sone
1233 2648 1391 2686 religiose,
1409 2653 1443 2678 ut
1459 2649 1578 2679 dictum
1597 2654 1654 2684 est,
1671 2648 1836 2684 intersint,
1848 2647 2144 2677 etdenuntialiones

1138 2702 1369 2732 sententiarum
1392 2711 1470 2740 quas
1495 2702 1530 2731 in
1557 2701 1713 2740 quoslibet
1740 2701 1799 2730 1130
1822 2701 1860 2730 (10
1876 2710 1970 2730 031153
1985 2700 2141 2737 tuleritis;

1137 2755 1331 2785 accersiendi
1347 2763 1484 2793 quoque,
1502 2759 1594 2793 prout
1609 2754 1792 2793 expedierit,
1805 2754 1919 2792 peritos
1930 2753 2098 2791 quoslibet,
2111 2757 2146 2782 ut

1137 2809 1225 2838 vobis
1250 2808 1284 2837 in
1309 2807 1450 2838 ferendis
1468 2807 1655 2845 hujusmodi
1681 2806 1849 2836 sententiis
1871 2806 2020 2844 prebeant
2037 2806 2143 2836 consi-

1138 2862 1219 2892 lium
1243 2865 1457 2900 oportunum,
1475 2869 1511 2890 ac
1535 2860 1626 2890 vobis
1649 2860 1814 2896 assistant,
1835 2859 2030 2889 convocandi
2048 2860 2143 2889 etiam

1138 2915 1260 2945 clerum
1288 2919 1317 2943 et
1342 2913 1495 2952 populum
1527 2913 1712 2948 civitatum,
1745 2916 1919 2942 castrorum
1941 2913 2143 2951 aliorumque

1138 2968 1290 3003 locorum,
1307 2971 1399 3006 prout
1413 2966 1498 2996 dicto
1515 2966 1642 3004 negotio
1657 2966 1733 2995 fidei
1748 2966 1892 2995 videritis
1909 2965 2074 3004 expedire,
2092 2966 2143 2994 in-

1139 3030 1233 3060 super
1247 3021 1280 3050 in
1304 3020 1386 3050 dicto
1401 3019 1539 3057 negotio,
1561 3019 1599 3048 de
1616 3019 1709 3057 plano
1725 3023 1754 3048 et
1769 3019 1888 3058 absque
1900 3019 2096 3057 judiciorum
2115 3024 2144 3047 et

1139 3075 1360 3105 advocatorum
1382 3073 1526 3112 strepitu,
1552 3081 1588 3103 30
1608 3078 1720 3102 contra
1743 3072 1815 3102 illos
1837 3080 1915 3110 quos
1938 3073 1970 3100 in
1996 3071 2142 3110 predictis
