2342 3652
952 372 1184 412 TeoismME
1205 374 1362 413 ANNEE.

110 448 224 488 gentiis
247 447 422 485 impetratis
447 451 477 476 et
502 447 599 477 etiam
622 448 855 486 impetrandis,
884 457 1007 479 necnon
1030 448 1114 487 juris

109 500 226 533 auxilio
237 499 382 529 canonici
393 504 423 529 et
436 499 540 529 civilis
553 504 583 529 et
594 501 832 539 exceptionibus
845 502 1112 541 quibuscumque.

111 554 171 584 Per
191 552 251 582 hoc
274 556 380 581 autem
405 552 578 590 quominus
601 552 699 582 iidem
727 553 896 583 creditores
925 554 1114 593 principalia

111 606 212 637 debita
229 605 263 634 in
280 605 397 643 quibus
419 609 451 634 tu
478 604 527 634 vel
550 605 635 634 idem
654 607 885 636 monasterium
901 608 975 637 estis
992 608 1035 637 eis
1052 608 1114 637 for-

100 659 191 690 .sitan
207 657 337 695 obligati
354 657 482 687 nullum
500 658 546 688 eis
563 658 710 688 volumus
727 659 937 698 prejudicium
954 661 1112 697 generari.

112 711 199 744 Nulli
211 719 296 749 ergo,
315 715 386 748 etc.,
402 716 508 741 nostre
521 712 746 747 concessionis,
763 717 820 742 etc.
840 713 910 742 Dat.
929 718 962 742 ut
977 723 1083 752 supra.
1099 725 1112 740 n

144 945 276 972 Facultas
291 945 495 972 reconciliandi
510 946 571 972 loca
586 946 700 973 violata.
718 946 800 980 (Rae.
819 948 862 978 45,
875 956 900 974 c.
913 948 972 981 453,
986 948 1005 974 f.
1018 948 1051 975 89
1063 950 1114 980 vo.)

658 883 783 915 Orvieto,
802 885 816 911 5
833 885 948 911 octobre
967 885 1042 912 1290.

147 1049 252 1078 Eidem
278 1048 424 1078 concedit
449 1052 483 1078 ut
504 1049 694 1078 coemeteria
717 1053 747 1078 et
772 1049 920 1079 ecclesias
948 1050 986 1079 ad
1013 1050 1113 1088 ipsius

111 1101 338 1132 monasterium
371 1102 544 1139 spectantia
577 1102 786 1132 reconciliare
818 1103 931 1141 possit,
963 1113 1043 1142 aqua
1074 1104 1113 1134 ab

111 1154 251 1195 episcopo
281 1154 464 1190 benedicta,
491 1155 709 1185 consentiente
736 1156 921 1187 dioecesano
952 1158 1110 1197 episcopo.

150 1219 163 1235 ι
181 1208 306 1238 Meritis
322 1212 373 1238 tue
389 1208 604 1239 devotionis...
624 1226 659 1231 -
674 1209 744 1239 Dat.
764 1214 797 1239 ut
812 1219 917 1249 supra.
939 1223 951 1237 n

177 1381 428 1410 3383-3384

143 1442 188 1470 Ad
204 1443 377 1470 solutionem
393 1442 554 1470 debitorum
572 1445 737 1470 monasterii
756 1443 945 1472 cerasiensis.
963 1445 1045 1478 (Res.
1062 1446 1110 1477 45,

110 1500 134 1520 c.
149 1491 210 1523 454,
225 1492 245 1519 f.
262 1492 295 1519 89
309 1493 360 1525 vo.)

654 1380 781 1417 Orvieto,
798 1383 812 1409 5
830 1383 946 1409 octobre
964 1383 1039 1410 1290.

147 1594 251 1624 Eidem
287 1593 435 1632 indulget
467 1599 501 1624 ut
532 1595 653 1624 fructus
667 1618 674 1631 ,
707 1595 849 1625 redditus
881 1600 910 1624 et
941 1600 1112 1634 proventus

109 1647 202 1687 primi
226 1647 305 1677 anni
324 1648 471 1678 omnium
494 1648 713 1686 prioratuum,
738 1648 946 1678 ecclesiarum
969 1654 998 1679 et
1018 1650 1113 1679 bene-

109 1699 250 1731 ficiorum
267 1701 307 1730 ad
321 1701 422 1739 ipsius
440 1701 642 1731 collationem
658 1701 708 1731 vel
725 1703 1012 1740 praesentationem
1028 1711 1112 1741 spec-

109 1755 244 1785 tantium
269 1755 431 1793 percipere
452 1764 508 1794 per
530 1756 707 1785 triennium
729 1756 845 1795 possit,
863 1756 902 1785 ad
921 1756 1111 1787 solutionem

108 1807 285 1838 debitorum
304 1808 491 1838 monasterii
505 1809 747 1839 convertendos.

149 1873 163 1888 ιι
180 1861 272 1892 Circa
289 1861 506 1899 quarumlibet
523 1861 767 1893 ecclesiarum...
780 1879 820 1885 —
834 1863 903 1892 Dat.
925 1866 957 1892 ut
972 1872 1005 1891 su
1013 1872 1076 1901 pra.
1097 1876 1108 1888 υ

149 1915 186 1944 In
212 1924 238 1944 e.
262 1924 305 1945 m.
332 1938 352 1945 ..
374 1914 612 1954 archiepiscopo
637 1916 889 1954 Rothomagensi
917 1921 947 1945 et
969 1916 1112 1945 ..abbati

109 1968 294 1998 monasterii
313 1968 429 1998 Beatae
446 1968 566 1998 Mariae
584 1969 622 1998 de
639 1969 784 2008 Ybreyo,
803 1969 1003 1999 Ebroicensis
1024 1969 1111 1999 dioe-

62 2055 67 2059 ,
108 2021 203 2058 cesis,
220 2022 353 2051 mandat
372 2027 407 2052 ut
424 2022 527 2052 eidem
550 2022 656 2053 abbati
675 2023 849 2061 praedictos
869 2023 1010 2052 redditus
1030 2023 1108 2052 assi-

107 2075 196 2114 gnari
211 2075 340 2105 faciant.

173 2241 292 2270 3:385

138 2303 294 2331 Revocatio
309 2305 482 2340 pensionum
496 2313 512 2331 a
528 2305 702 2331 monasterio
717 2304 878 2331 Cerasiensi
896 2305 975 2332 laicis
990 2314 1108 2332 conces-

106 2359 210 2380 sarum.
227 2353 308 2388 (Rea.
326 2353 368 2384 45.
387 2361 411 2380 c.
428 2353 495 2385 455,
512 2354 531 2381 f.
549 2353 582 2381 89
596 2355 646 2387 v0.)

652 2241 778 2273 Orvieto,
796 2243 810 2269 5
828 2242 943 2268 octobre
962 2242 1036 2269 1290.

142 2455 260 2485 Eisdem
283 2456 504 2494 archiepiscopo
526 2461 553 2485 ec
575 2457 675 2486 abbati
694 2456 826 2486 mandat
848 2461 1004 2496 quatenus
1029 2466 1106 2496 pen-

106 2506 208 2538 siones
225 2517 244 2538 a
267 2508 562 2547 praedecessoribus
584 2509 756 2546 Bernardi,
776 2510 898 2539 abbatis
920 2510 1107 2540 monasterii

106 2558 314 2599 Gerasiensis‚
348 2561 472 2592 clericis
506 2562 721 2593 saecularibus
755 2567 783 2593 et
817 2563 909 2593 laicis
944 2571 1108 2593 concessas

106 2619 260 2644 revocent.

146 2678 160 2694 α
177 2667 221 2697 Ex
237 2671 324 2706 parte
340 2667 483 2699 dilecti...
503 2686 542 2691 —
560 2669 631 2699 Dat.
653 2673 687 2698 ut
704 2678 808 2708 snpra.
830 2681 842 2696 n

138 2893 246 2922 citatur
275 2895 485 2923 Corinthiensis
511 2898 757 2932 archiepiscopus.
789 2897 870 2930 (Rea.
902 2898 950 2929 45,
981 2906 1006 2924 c.
1037 2897 1104 2931 456,

104 2941 124 2968 Ι.
139 2942 172 2970 90
186 2945 233 2977 rv.)

582 2834 709 2866 Orvieto,
726 2834 759 2861 22
776 2835 938 2870 septembre
958 2835 1033 2862 1290.

149 3046 314 3077 Venerabili
335 3048 430 3084 fratri
453 3070 473 3078 ..
497 3049 629 3087 episcopo
647 3048 785 3078 olenensi
803 3047 932 3077 mandat
947 3051 1103 3086 quatenus

2141 390 2194 421 531

1197 448 1234 478 de
1263 449 1355 488 plano
1380 455 1409 480 et
1434 451 1502 481 sine
1524 453 1640 491 judicii
1666 454 1796 491 strepitu
1822 454 1964 492 inquirat
1987 455 2025 485 de
2047 455 2199 486 relatione

1197 510 1293 540 papae
1315 512 1332 532 a
1360 503 1461 533 nobili
1479 505 1545 534 viro
1562 505 1722 535 Anibaldo
1737 506 1955 536 Transmundi
1971 508 2009 537 de
2030 509 2200 538 Anibaldis

1197 555 1292 592 facta,
1316 556 1463 586 videlicet
1491 559 1574 596 quod
1601 559 1776 596 imbertus,
1802 560 2059 600 archiepiscopus
2085 561 2198 592 Corin-

1198 607 1342 645 thiensis,
1356 610 1516 648 quondam
1531 612 1740 648 Anibaldum,
1757 613 1897 651 ejusdem
1911 614 2028 643 nobilis
2038 619 2197 653 nepotem,

1198 659 1352 689 decanum
1370 660 1646 699 Corinthiensem,
1668 664 1737 693 sine
1754 665 1936 694 rationabili
1959 674 2064 703 causa,
2083 667 2152 705 capi
2170 671 2199 696 et

1198 713 1307 742 tandiu
1322 715 1439 744 carceri
1453 717 1611 753 captivum
1626 716 1762 746 detineri
1778 717 1853 747 fecit
1865 718 1947 756 quod
1961 718 2015 749 ille
2027 720 2197 758 expiravit;

1198 769 1242 801 et,
1260 766 1287 794 si
1303 766 1340 795 de
1356 769 1538 805 praemissis
1560 770 1750 806 constiterit,
1769 771 1907 800 eundem
1926 772 2199 811 archiepiscopum

1197 819 1270 848 citet
1301 824 1334 848 ut
1365 820 1448 849 infra
1473 830 1523 850 sex
1552 830 1677 852 menses
1706 827 1773 861 post
1802 824 1985 854 citationem
2014 825 2199 863 hujusmodi

1197 877 1376 909 compareat
1390 873 1599 910 personaliter
1614 883 1720 904 corani
1740 885 1865 906 summo
1885 877 2041 915 pontifice.

1239 937 1251 950 α
1273 925 1424 954 Horenda
1441 927 1555 956 nostris
1571 928 1739 957 auribus...
1764 945 1798 949 —
1825 929 1893 958 Dat.
1915 930 1998 968 apud
2021 931 2199 961 Urbemve-

1196 981 1307 1013 terem,
1325 988 1341 1007 x
1359 978 1512 1009 kalendas
1528 981 1682 1017 octobris,
1702 990 1786 1011 anno
1804 983 1905 1013 tertio.
1925 995 1938 1009 n

1265 1137 1380 1166 3382

1230 1197 1415 1232 Dispensatio
1431 1206 1519 1233 super
1532 1198 1643 1225 defectu
1661 1199 1802 1226 ordinum.
1816 1200 1898 1234 (Rae.
1912 1201 1954 1232 45,
1967 1209 1992 1228 e.
2005 1202 2065 1233 457,
2079 1203 2097 1229 f.
2111 1203 2143 1230 90
2154 1206 2200 1235 r0.)

1697 1138 1822 1172 Orvieto,
1839 1140 1854 1167 6
1870 1142 2032 1175 septembre
2051 1142 2127 1169 1‘290.

1236 1300 1382 1337 Gausrido
1399 1302 1432 1329 cle
1454 1300 1568 1339 Viluby,
1585 1303 1767 1339 presbytero,
1785 1305 1896 1332 rectori
1914 1304 2029 1333 ecclesie
2046 1305 2079 1333 cte
2094 1306 2198 1343 Eleylt„

1194 1354 1397 1383 Norwicensss
1415 1354 1546 1383 diocesis.
1573 1354 1654 1384 Cum
1677 1364 1713 1385 eo
1737 1355 1897 1393 dispensat
1919 1362 1951 1385 ut
1973 1357 2140 1386 ecclesiam
2162 1358 2200 1388 de

1196 1407 1313 1444 Elegh,
1334 1416 1442 1437 curam
1466 1397 1647 1437 animarum
1666 1408 1852 1438 habentem.
1872 1418 2067 1448 quanquam,
2089 1411 2199 1440 eadem

1194 1465 1336 1499 recepta,
1357 1466 1425 1499 post
1448 1469 1571 1490 annum
1594 1461 1687 1491 modo
1710 1462 1856 1491 ordinem
1876 1464 2112 1501 presbyteratus
2129 1473 2199 1494 sns-

1195 1514 1275 1552 cepit
1286 1537 1294 1549 ,
1311 1513 1450 1543 retinere
1466 1514 1571 1552 possit.

1237 1578 1250 1593 «
1276 1566 1409 1596 Illorum
1435 1567 1514 1596 votis
1536 1567 1741 1606 apostolica...
1765 1585 1802 1589 —
1827 1569 1897 1597 Dat.
1919 1569 2002 1607 apud
2020 1570 2198 1600 Urbemve-

1196 1624 1306 1656 terem,
1323 1629 1377 1649 vnl
1395 1620 1467 1649 idus
1487 1621 1686 1659 septembris,
1705 1630 1790 1651 anno
1809 1622 1908 1651 tertio.
1929 1634 1942 1648 ν

1265 1780 1381 1808 3388

1229 1842 1362 1869 Facultas
1371 1843 1536 1869 absolvendi
1546 1843 1580 1869 ab
1588 1844 1893 1870 excommunicationis
1902 1845 2053 1871 sententia.
2063 1845 2145 1878 (Rea.
2155 1846 2196 1873 45.

1194 1899 1219 1918 c.
1237 1892 1296 1924 458,
1314 1891 1333 1917 f.
1350 1891 1383 1917 90
1400 1894 1444 1923 νῦ.)

1719 1780 1848 1812 Orvieto‚
1869 1782 1900 1807 215
1916 1782 2031 1808 octobre
2051 1782 2125 1809 1290.

1235 1987 1396 2023 Pandulso,
1414 1988 1544 2024 episcopo
1561 1987 1712 2025 Pactensi,
1730 1988 1979 2017 administratori
1995 1990 2109 2018 ecclesie
2129 1990 2199 2017 Tur-

1193 2041 1305 2075 rz'tane,
1319 2039 1500 2069 facultatem
1515 2040 1660 2069 concedit
1672 2040 1857 2070 absolvendi
1870 2041 2000 2071 clericos
2018 2042 2198 2080 provinciae

1193 2093 1383 2122 Turritanae
1401 2092 1457 2130 qui
1476 2100 1531 2131 pro
1547 2093 1685 2122 violenta
1705 2093 1877 2131 injectione
1895 2103 2051 2124 manuum
2070 2095 2102 2124 in
2127 2104 2197 2132 per-

1193 2154 1286 2176 sonas
1303 2146 1529 2176 ecclesiasticas
1546 2147 1885 2176 excommunicationis
1901 2148 2074 2177 sententias
2091 2149 2196 2178 incur-

1192 2204 1302 2230 rerunt
1328 2205 1361 2230 et
1384 2199 1589 2238 dispensandi
1612 2209 1684 2230 cum
1711 2201 1756 2230 eis
1780 2210 1874 2239 super
1896 2201 2143 2239 irregularitate,
2170 2202 2197 2230 si

1191 2262 1287 2292 quam
1303 2252 1418 2282 exinde
1434 2253 1660 2282 contraxerint.

1232 2319 1246 2333 «
1263 2306 1330 2335 Tua
1346 2305 1435 2335 nobis
1453 2305 1672 2335 fraternitas...
1688 2322 1727 2328 -
1738 2306 1808 2336 Dat.
1820 2307 1903 2345 apud
1919 2307 2196 2346 Urhemveterem,

1190 2359 1295 2389 idibus
1310 2359 1457 2396 octobris,
1477 2368 1562 2389 anno
1582 2361 1682 2389 tertio.
1704 2372 1717 2386 υ

1261 2518 1376 2546 3389

1226 2579 1358 2606 Facultas
1374 2580 1539 2607 absolvendi
1555 2581 1589 2607 ab
1606 2581 1750 2607 interdicti
1766 2582 1916 2607 sententia.
1933 2581 2016 2615 (Rae.
2034 2582 2076 2612 45,
2090 2589 2115 2607 c.
2133 2581 2193 2612 459.

1189 2630 1208 2656 1⁶.
1227 2630 1260 2657 90
1276 2631 1321 2660 ro.)

1720 2519 1846 2550 Orvicto,
1869 2519 1897 2545 15
1913 2519 2029 2545 octobre
2048 2519 2123 2546 1‘290.

1229 2726 1333 2754 Eidem
1349 2724 1530 2754 facultatem
1546 2725 1689 2755 concedit
1710 2725 1897 2755 absolvendi
1914 2725 2069 2763 praelatos
2086 2729 2114 2754 et
2130 2724 2194 2754 cle-

1189 2779 1272 2808 ricos
1289 2778 1469 2817 provinciae
1489 2779 1679 2808 Turritanae
1699 2779 1765 2817 qui,
1787 2784 1895 2808 contra
1914 2782 2055 2808 tenorem
2075 2778 2192 2808 consti-

1190 2831 1322 2861 tutionis
1344 2831 1528 2860 Innocentii
1549 2841 1664 2870 papae,
1685 2830 2024 2861 excommunicationis
2045 2835 2075 2860 et
2092 2831 2194 2860 inter-

1189 2884 1264 2913 dicti
1287 2884 1461 2914 sententias
1487 2885 1682 2924 proferentes
1709 2885 1780 2914 sine
1807 2884 1951 2922 scriptis,
1976 2884 2194 2922 suspensionis

1189 2937 1364 2966 sententias
1388 2937 1612 2975 incurrerunt,
1637 2942 1666 2966 et
1690 2937 1895 2976 dispensandi
1923 2946 1995 2967 cum
2024 2937 2070 2966 eis
2098 2946 2193 2975 super

1187 2990 1434 3028 irregularitate,
1450 2991 1475 3020 si
1492 3000 1587 3030 quam
1604 2991 1718 3021 exinde
1736 2990 1960 3021 contraxerint.

1230 3056 1243 3070 u
1260 3043 1437 3073 Insinuasti
1454 3044 1545 3074 nohis
1564 3045 1687 3083 quod...
1705 3060 1745 3067 —
1762 3045 1831 3073 Dat.
1849 3048 1881 3073 ut
1898 3052 2000 3082 supra.
2021 3055 2034 3069 n
