2477 3637
293 396 348 425 5⁴⁷¹*
1036 382 1272 414 REGISTRES
1295 381 1348 411 DE
1372 380 1554 409 NICOLAs
1579 380 1633 409 lv.

291 461 455 497 gulvusem
473 458 666 495 episcopum,
679 465 695 484 a
713 453 839 483 vim-uto
854 460 915 491 quo
927 450 1130 488 Strugulcnsi
1143 448 1292 479 ecclesiae

292 517 414 542 tenetur
437 510 614 543 absolvens,
632 508 658 536 ei
679 506 841 535 licentiam
859 503 1008 534 concedat
1026 502 1064 532 ad
1083 501 1292 540 llapollanam

291 566 455 595 ecclesiam
473 561 670 591 tinuseundi.
689 561 778 598 cujus
795 557 1038 587 archidiaconus
1059 559 1087 584 et
1103 554 1291 593 capitulum,

292 622 413 647 mortu-,1
433 617 567 652 llogero,
587 613 747 652 quondam
769 610 942 649 napollano
967 610 1126 647 episcopo,
1146 616 1218 637 eum
1240 615 1293 645 per

291 672 372 700 vium
398 668 543 698 scrutinii
561 667 741 705 episcopum
762 674 855 693 suum
873 662 1082 702 postularunt.

333 736 344 749 α
373 724 434 752 Sua
459 721 549 750 nobis
576 719 718 749 dilecti...
743 735 780 739 —
807 718 876 746 Dat.
900 715 983 755 apud
1010 715 1290 747 Urbemveterem.

290 787 322 805 ιιι
341 776 411 804 idus
429 773 620 808 novembris,
639 780 723 801 anno
741 771 842 800 tertio.
865 782 877 796 ι)

358 945 475 974 365⁰
777 942 904 973 [nx-icto,
920 940 953 966 ‘20
971 939 1124 965 novembre
1146 938 1219 964 1290.

326 1009 498 1035 Facultatum
515 1006 731 1039 archiepiscopo
748 1004 908 1030 senonensi
920 1002 1051 1029 concedit
1064 999 1225 1027 remittendi
1238 1000 1293 1025 sra-

290 1059 381 1085 tribus
398 1057 555 1083 minoribus
567 1054 716 1089 quenulam
731 1061 860 1079 rensum.
879 1052 962 1085 (litu.
976 1052 1018 1082 45,
1035 1058 1058 1076 c.
1075 1049 1134 1080 529,
1148 1050 1165 1076 f.
1184 1049 1230 1075 106
1243 1055 1291 1079 v⁰;

291 1108 392 1134 Ροτίιι.
412 1106 521 1134 *stit-3.)

335 1195 501 1224 tcum-atili
523 1194 617 1229 fratri
643 1214 662 1221 ..
684 1191 904 1228 archiepiscopo
926 1189 1099 1218 Senonensi.
1120 1199 1133 1214 α
1158 1186 1290 1224 Signifi-

288 1253 399 1279 carunt
425 1247 514 1275 nobis
537 1245 641 1274 dilecti
664 1243 721 1272 {ilii
747 1266 765 1271 ..
784 1242 979 1280 gunrdianus
996 1246 1026 1270 et
1045 1244 1220 1270 conventus
1237 1239 1291 1268 do-

288 1310 358 1330 mus
370 1299 491 1330 ordinis
506 1298 668 1327 minorum
682 1295 878 1326 Senonensis
890 1294 973 1333 quod
988 1294 1103 1323 dilecta
1118 1293 1151 1322 in
1166 1292 1292 1322 Christo

288 1353 353 1384 iilia
377 1352 488 1382 Dulcia
507 1351 590 1380 dicta
614 1349 846 1387 Lagnecbiere,
872 1347 988 1376 mulier
1014 1345 1229 1381 Senonensis,
1253 1345 1291 1375 de

288 1406 410 1445 propria
438 1405 538 1434 salute
567 1403 728 1440 cogitans,
755 1401 847 1430 dictis
872 1400 1049 1438 guar-diano
1081 1404 1111 1429 et
1141 1398 1292 1428 iratribus

286 1459 445 1499 quendam
463 1457 583 1492 locum,
604 1460 677 1485 tunc
694 1454 731 1484 ad
750 1455 849 1492 ipsam
868 1458 1072 1492 spectantem,
1092 1458 1122 1481 et
1137 1453 1227 1491 juxta
1242 1451 1290 1490 ip-

287 1513 351 1541 sius
370 1511 482 1540 domus
501 1510 656 1538 ambitum
677 1508 880 1539 existentem,
900 1516 934 1535 ex
952 1514 1014 1545 quo
1034 1510 1063 1535 tu
1082 1510 1111 1535 et
1130 1505 1291 1543 predeces-

287 1574 371 1595 sores
389 1564 432 1593 tui
449 1565 650 1593 Senoneuses
665 1560 907 1599 archiepiscopi,
923 1560 977 1598 qui
996 1560 1125 1588 fuerunt
1143 1567 1198 1597 pro
1216 1563 1291 1587 tem·

286 1626 370 1656 pore,
381 1625 512 1646 censum
523 1616 658 1645 duorum
668 1613 895 1653 parisiensium
905 1618 933 1642 et
942 1612 1068 1642 dimidii
1080 1611 1292 1642 consuevistis

287 1672 447 1710 percipere
471 1669 657 1704 annuatim,
681 1667 816 1697 contulit
843 1667 961 1696 intuitu
989 1666 1130 1705 pietatis,
1152 1674 1187 1695 ac
1213 1665 1291 1695 dicti

286 1724 480 1763 guar-dianus
494 1727 523 1752 et
537 1723 646 1752 iratres
659 1721 743 1760 apud
758 1725 785 1750 te
799 1720 919 1750 devotis
937 1720 1083 1758 precibus
1097 1718 1292 1748 insisterunt

287 1783 330 1813 ut,
345 1786 418 1807 cum
434 1776 520 1806 locus
538 1775 694 1814 predictus
711 1774 756 1804 eis
771 1773 861 1803 utilis
878 1778 908 1803 et
926 1772 1126 1802 necessarius
1144 1780 1208 1802 non
1225 1780 1290 1802 mo-

285 1832 392 1861 dicum
409 1838 476 1859 esse
492 1833 650 1865 noscatur,
666 1836 797 1857 censum
812 1826 988 1865 predictum
1006 1826 1082 1864 ipsis
1099 1826 1288 1861 remitteres,

285 1884 334 1915 vel
349 1882 673 1923 recompensationem
689 1885 917 1919 congruentem
933 1880 1089 1919 reciperes
1102 1880 1140 1909 ab
1154 1879 1288 1910 eisdem.

285 1939 366 1968 Cum
389 1938 487 1975 igitur
505 1936 584 1966 votis
601 1944 728 1971 eorum,
751 1935 830 1964 sicut
849 1934 1017 1972 asseritur,
1038 1933 1218 1963 satisfacere
1235 1941 1290 1962 cu-

286 1992 351 2030 pias
372 1992 405 2021 in
428 1991 487 2020 hac
509 1994 611 2029 parte,
630 1997 686 2018 nos
708 1988 855 2018 affectum
879 1992 968 2017 tuum
990 1987 1025 2016 in
1044 1987 1183 2017 Domino
1203 1995 1290 2016 com-

285 2044 489 2079 mendantes,
515 2041 699 2072 remittendi
727 2041 854 2079 prefatis
880 2040 1056 2078 guardiano
1085 2043 1114 2069 et
1141 2039 1291 2069 fratribus

284 2106 414 2127 censum
439 2095 633 2135 predictum,
659 2094 707 2124 vel
728 2093 902 2132 recipiendi
927 2101 983 2132 pro
1007 2101 1043 2123 eo
1067 2101 1291 2131 recompensa-

285 2150 403 2180 tionem
434 2149 531 2178 aliam
563 2151 812 2186 competentem,
841 2155 902 2176 non
934 2146 1078 2176 obstante
1106 2147 1291 2185 juramento

286 2203 367 2243 quod
383 2204 421 2233 de
439 2211 501 2232 non
518 2201 700 2232 alienandis
716 2200 809 2230 bonis
826 2200 956 2230 ecclesie
974 2204 1026 2229 tue
1042 2208 1174 2229 romano
1190 2199 1290 2237 ponti-

285 2259 342 2287 lice
363 2256 542 2286 inconsulto
565 2254 736 2294 prestitisse
757 2253 892 2289 diceris,
910 2253 1044 2282 liberam
1067 2252 1121 2281 tihi
1141 2251 1291 2281 concedi-

285 2319 355 2340 mus
380 2310 564 2340 auctoritate
589 2308 786 2347 presentium
809 2311 1003 2346 potestatem.
1028 2306 1098 2336 Dat.
1121 2306 1205 2344 apud
1226 2306 1290 2335 Ur-

286 2364 509 2398 bemveterem‚
528 2371 567 2391 xu
585 2361 737 2391 kalendas
755 2360 944 2397 decembris,
962 2369 1048 2390 anno
1064 2360 1165 2390 tertio.
1186 2372 1199 2386 η

354 2535 466 2564 365¹
772 2533 898 2563 Orvieto,
919 2533 950 2560 ¹16
968 2533 1121 2559 novembre
1141 2532 1217 2559 1290.

321 2598 464 2624 ltemissio
481 2597 652 2624 visitationis
668 2596 702 2623 ad
718 2596 824 2622 limina.
843 2596 926 2628 (nm.
944 2596 992 2630 45,
1010 2604 1035 2621 c.
1054 2595 1118 2626 530,
1135 2595 1153 2621 1⁶⁴
1174 2594 1221 2621 106
1237 2596 1289 2627 vo.)

328 2687 490 2716 Venerabili
511 2688 606 2723 fratri
628 2686 779 2722 Berarclo,
800 2686 931 2723 episcopo
952 2685 1116 2715 Britt‘iensi.
1137 2684 1218 2713 Eum
1233 2684 1290 2714 ab·

282 2740 375 2769 solvit
396 2749 413 2768 a
433 2740 615 2777 juramento
631 2738 782 2768 visitandi
800 2739 895 2768 annis
915 2737 1053 2775 singulis
1068 2737 1183 2767 limina
1197 2745 1290 2776 apos-

285 2792 416 2822 tolorum
430 2792 468 2822 ab
480 2801 516 2822 eo
528 2792 687 2830 praestito,
698 2801 770 2821 cum
785 2792 885 2821 bonae
897 2791 1071 2821 memoriae
1080 2790 1288 2827 GuiscarduS,

284 2845 448 2883 episcopus
470 2845 713 2883 Pergamensis,
734 2845 921 2874 auctoritate
942 2843 1120 2873 litterarum
1142 2843 1289 2881 Gregorii

285 2906 379 2935 papae
400 2898 469 2932 ΚΜ,
490 2898 540 2934 O„
559 2898 794 2938 archiepiscopo
815 2897 1063 2931 Mediolanensi,
1083 2902 1158 2926 tunc
1181 2898 1212 2927 in
1238 2906 1288 2927 re-

285 2951 377 2979 motis
392 2952 532 2989 partibus
547 2957 672 2989 agente,
683 2953 710 2981 ei
724 2960 842 2981 munus
855 2951 1106 2981 consecrationis
1118 2951 1286 2989 impendit.

325 3015 337 3029 ι
360 3003 402 3032 Ex
420 3008 504 3041 parte
522 3009 610 3034 tua...
627 3020 666 3026 —
685 3005 755 3034 Dat.
773 3004 855 3043 apud
873 3004 1148 3042 Urbemveteiem,
1166 3013 1215 3033 ,τινι
1233 3003 1287 3033 ka-

283 3055 393 3084 lendas
409 3056 595 3094 decembris,
615 3065 699 3087 anno
715 3057 818 3087 tertio.
840 3069 852 3084 ι

1448 446 1566 475 3652
1868 445 1995 474 Οιϊιόῑο,
2016 445 2046 472 19
2062 445 2215 471 novembre
2236 443 2310 472 ¹990.

1412 508 1623 534 'l'abcllionatus
1637 508 1772 534 officium.
1789 507 1871 540 (Rau.
1889 507 1931 537 45,
1949 515 1974 533 c.
1992 507 2065 537 5302,
2082 507 2100 533 f.
2122 507 2168 533 107
2186 509 2231 537 1¹⁰.)

1418 611 1526 644 Blasio,
1546 615 1615 639 nato
1632 610 1785 647 quondam
1801 609 2040 638 ΛόῑαιήἰΜαιΙιει·
2057 608 2091 638 de
2105 608 2209 646 Sitqz'o,
2226 608 2329 638 clerico
2348 610 2381 639 in

1379 664 1550 691 minor-[bus
1567 663 1726 691 ordinibus
1742 663 1914 697 constituto,
1932 661 2074 691 Gaiecane
2092 661 2226 697 diocesis,
2244 659 2381 691 tabellio-

1377 719 1469 744 natus
1487 715 1630 744 coucedit
1645 714 1804 749 osticium,
1823 714 1861 743 ad
1878 714 1960 752 quod
1979 722 2033 752 per
2050 714 2238 751 magistrum
2255 712 2380 743 sonan-

1377 776 1468 803 nem,
1489 767 1646 797 decanum
1671 768 1893 803 Baiocensem,
1913 772 2041 796 sanctae
2059 775 2209 796 romanae
2231 765 2380 798 eeclesiae

1377 820 1686 856 vicecancellarium,
1706 820 1841 850 idoneus
1856 825 1903 850 est
1918 824 2070 858 repertus.

1418 886 1430 901 α
1450 875 1498 904 Ne
1516 879 1736 905 contractuum
1753 874 1945 904 memoria...
1960 890 2000 896 —
2021 874 2089 903 Dat,
2110 873 2194 912 apud
2213 873 2382 904 Urbemve-

1377 932 1488 964 terem,
1505 936 1559 957 xm
1578 927 1731 957 kalendas
1747 927 1935 964 decembris,
1953 935 2039 957 anno
2054 926 2155 956 tertio.
2176 938 2189 952 ιι

1446 1093 1564 1122 3653
1909 1092 2035 1124 Orvieto,
2051 1092 2086 1119 23
2102 1092 2218 1119 octobre
2235 1091 2311 1120 1290.

1411 1155 1454 1182 De
1475 1156 1619 1183 solutione
1638 1155 1799 1182 debitorum
1820 1156 1985 1182 monasterii
2006 1155 2199 1187 Cei-asiensis,
2217 1154 2382 1183 Baiocensis

1376 1205 1528 1232 dioecesis.
1547 1204 1630 1239 (Rau.
1648 1205 1692 1235 45,
1709 1213 1734 1231 c.
1752 1205 1812 1236 2331,
1831 1205 1848 1232 f.
1868 1205 1914 1231 107
1933 1205 1979 1239 ιο.)

1416 1295 1536 1324 Βίὶεειίε
1553 1295 1627 1332 filiis
1645 1317 1665 1325 ..
1683 1296 1784 1324 abbaci
1801 1295 1980 1324 monasterii
1997 1294 2082 1323 Beate
2096 1294 2190 1323 Maria
2208 1294 2242 1323 de
2262 1293 2380 1332 Ybreys,

1376 1349 1564 1378 Ebroicensis
1586 1349 1723 1385 diocesis,
1741 1353 1768 1377 ec
1788 1370 1807 1377 ..
1825 1348 1934 1377 decano
1950 1347 2129 1377 Parisz'ensi.
2149 1359 2163 1374 α
2182 1347 2231 1377 Ad
2252 1346 2383 1378 audien-

1377 1400 1452 1429 tiam
1469 1403 1612 1430 nostram
1627 1400 1779 1431 noveritis
1795 1400 1979 1439 pervenisse
1993 1399 2077 1438 quod
2093 1423 2112 1429 ..
2127 1399 2224 1430 abbas
2239 1403 2269 1429 et
2285 1407 2384 1439 quon-

1376 1453 1449 1482 dam
1472 1453 1602 1483 abbates
1628 1453 1813 1484 monasterii
1836 1453 2051 1489 Cerasiensis,
2075 1452 2198 1483 ordinis
2223 1452 2254 1483 S.
2284 1452 2382 1484 Bene-

1376 1506 1472 1543 dicti,
1494 1507 1677 1537 Baiocensis
1700 1507 1851 1542 diocesis,
1877 1516 1940 1536 nna
1963 1515 2035 1536 cum
2058 1509 2215 1536 conventu
2239 1505 2383 1545 ejusdem

1377 1561 1575 1597 monasterii,
1594 1561 1823 1591 monasterium
1842 1560 1948 1599 ipsum
1967 1560 2000 1589 in
2019 1559 2144 1597 magnis
2160 1564 2190 1589 et
2207 1558 2318 1589 multis
2333 1567 2382 1598 pe-

1375 1614 1547 1644 cuniarum
1564 1615 1701 1644 summis
1717 1614 1850 1644 diversis
1865 1613 2076 1644 creditoribus
2091 1613 2291 1643 diversarum
2310 1621 2383 1652 par-

1378 1668 1456 1697 tium
1472 1667 1666 1706 obligarunt,
1687 1676 1823 1706 quarum
1843 1666 2000 1697 nonnulle
2016 1666 2183 1706 presertim
2200 1674 2254 1705 per
2273 1674 2382 1696 usura-

1376 1721 1457 1751 riam
1470 1721 1657 1760 pravitatem
1670 1725 1799 1757 extorte‚
1811 1720 1845 1750 in
1859 1720 2026 1750 utilitatem
2041 1719 2183 1758 ejusdem
2198 1719 2384 1750 monasterii

1376 1783 1440 1804 non
1466 1780 1648 1811 cesserunt3
1671 1775 1755 1805 unde
1778 1774 2026 1811 monasterium,
2046 1777 2174 1813 propter
2197 1771 2383 1812 hujusmodi

1376 1828 1501 1865 debita,
1520 1828 1598 1858 adeo
1617 1828 1772 1867 premitur
1790 1828 1874 1867 quod
1893 1828 1932 1857 ad
1958 1826 2238 1866 irrecuperabilem
2260 1825 2383 1856 desola-

1376 1882 1496 1912 tionem
1515 1881 1673 1919 deveniet,
1695 1882 1756 1911 nisi
1772 1882 1801 1911 ei
1817 1881 1880 1911 cito
1897 1890 1951 1920 per
1968 1881 2074 1911 sedem
2092 1879 2295 1919 apostolicam
2312 1887 2383 1910 suc-

1375 1940 1541 1972 curratur3
1564 1935 1752 1965 eorumdem
1778 1944 1904 1974 quoque
1927 1935 2121 1965 creditorum
2145 1933 2247 1973 aliqui
2272 1941 2328 1973 pro
2351 1941 2383 1964 se

1375 1998 1470 2028 super
1495 1989 1560 2018 hiis
1585 1993 1694 2019 contra
1720 1997 1772 2019 eos
1797 1989 1950 2018 diffinitas
1977 1988 2188 2018 obtinuerunt
2209 1986 2384 2017 sententias

1374 2042 1560 2072 auctoritate
1575 2042 1747 2081 apostolica
1763 2041 1970 2081 promulgari,
1988 2046 2017 2071 et
2033 2041 2093 2080 ipsi
2109 2040 2270 2080 quondam
2287 2040 2383 2071 abba-

1376 2099 1423 2125 tes
1445 2100 1475 2125 et
1495 2100 1671 2126 conventus
1687 2095 1765 2125 dicti
1785 2095 1971 2125 monasterii
1990 2104 2062 2124 cum
2080 2093 2243 2134 aliquibus
2259 2103 2275 2124 e
2292 2093 2383 2124 dictis

1375 2148 1586 2179 creditoribus
1602 2148 1745 2178 diversas
1765 2148 2010 2187 compositiones
2021 2171 2029 2185 ‚
2046 2147 2128 2177 datis
2143 2155 2238 2186 super
2251 2146 2312 2177 hoc
2329 2145 2383 2176 lit-

1376 2202 1451 2231 teris
1467 2206 1496 2232 et
1510 2202 1751 2241 fidejussoribus
1764 2210 1800 2232 ac
1815 2202 1907 2241 penis
1923 2201 2066 2240 adjectis,
2083 2200 2280 2240 interpositis
2291 2200 2382 2239 jura-

1375 2255 1508 2293 mentis,
1525 2255 1737 2285 satisfactione
1752 2255 1966 2294 dampnorum
1983 2263 2019 2284 ae
2036 2254 2192 2284 iuteresse
2210 2254 2381 2292 promissa,

1375 2312 1405 2338 et
1422 2308 1573 2339 consectis
1591 2307 1825 2338 nichilominus
1845 2307 1959 2338 exinde
1982 2307 2119 2347 publicis
2136 2306 2380 2344 instrumentis,

1375 2362 1465 2392 sactis
1481 2362 1773 2392 renuntiationibus
1789 2370 1851 2400 quo
1867 2361 1906 2391 ad
1922 2362 2106 2400 impetratas
2123 2365 2153 2390 et
2167 2359 2383 2400 impetrandas

1375 2415 1496 2445 litteras
1510 2414 1708 2454 apostolicas,
1727 2415 1949 2445 executoribus
1963 2415 2058 2444 etiam
2076 2413 2143 2444 sive
2155 2413 2319 2453 judicibus
2334 2421 2382 2443 su·

1374 2478 1430 2508 per
1455 2469 1619 2507 premissis
1642 2478 1661 2498 a
1687 2469 1761 2499 sede
1783 2468 1956 2508 apostolica
1979 2468 2138 2507 deputatis
2162 2472 2192 2498 et
2217 2465 2383 2498 nonnullis

1376 2522 1573 2562 processibus
1591 2522 1706 2552 habitis
1720 2531 1774 2561 per
1787 2522 1928 2559 eosdem,
1940 2523 1973 2552 in
1988 2530 2153 2552 enormem
2167 2521 2243 2552 dicti
2259 2528 2382 2551 monas-

1376 2575 1447 2606 terii
1464 2575 1619 2606 lesionem
1638 2580 1713 2606 sunt
1730 2576 1813 2606 inire
1829 2576 1939 2606 coacti.
1958 2576 2040 2612 Quia
2058 2575 2158 2614 igitur
2177 2579 2283 2605 nostra
2301 2574 2380 2604 inte-

1375 2635 1439 2659 rest
1460 2639 1555 2669 super
1578 2630 1637 2659 hoc
1660 2630 1764 2659 eidem
1788 2631 1982 2660 monasterio
2004 2629 2042 2659 de
2062 2633 2219 2668 oportuno
2241 2626 2381 2658 remedio

1375 2683 1557 2720 subvenire,
1574 2692 1641 2720 nOS,
1657 2683 1695 2713 de
1709 2683 1995 2723 circumspectione
2012 2687 2114 2712 vestra
2130 2681 2257 2722 plenam
2271 2681 2305 2711 in
2322 2680 2381 2710 Do-

1374 2737 1465 2767 mino
1482 2737 1624 2768 fidutiam
1641 2738 1837 2774 obtinentes,
1855 2737 2040 2767 discretioni
2063 2740 2165 2766 vestre
2187 2744 2242 2774 per
2259 2737 2380 2773 aposto-

1374 2790 1434 2820 lica
1460 2790 1576 2829 scripta
1604 2791 1795 2820 mandamns
1817 2790 1968 2829 quatinus
1995 2790 2162 2819 universos
2187 2787 2332 2818 redditus
2350 2789 2380 2816 et

1374 2848 1546 2882 proventus
1571 2845 1755 2874 monasterii
1776 2843 1945 2874 memorati
1964 2852 2000 2874 ae
2016 2843 2163 2873 omnium
2182 2843 2378 2882 prioratuum

1374 2901 1404 2927 et
1422 2898 1640 2927 membrorum
1660 2898 1748 2936 ejus,
1770 2907 1788 2927 a
1806 2898 2064 2937 quibuscumque
2085 2896 2307 2932 detineantur,
2325 2901 2379 2924 vos

1373 2950 1421 2980 vel
1438 2950 1518 2980 alter
1535 2955 1692 2988 vestrum,
1714 2961 1768 2990 per
1787 2959 1840 2981 vos
1860 2951 1908 2981 vel
1928 2960 1982 2990 per
1998 2950 2117 2987 aliurn,
2136 2948 2272 2979 fideliter
2288 2945 2378 2978 colli-

1373 3006 1471 3042 gatis,
1493 3008 1522 3035 et
1539 3006 1623 3035 tenni
1644 3005 1682 3035 de
1699 3006 1763 3035 illis
1779 3005 1885 3035 abbati
1909 3010 1939 3034 et
1956 3003 2128 3034 conventui
2144 3001 2333 3042 supradictis
2348 3003 2378 3030 et

1373 3058 1516 3097 personis
1530 3060 1561 3088 in
1581 3059 1772 3098 prioratibus
1787 3063 1818 3089 et
1833 3059 1985 3088 membris
2001 3057 2079 3097 ipsis
2094 3055 2307 3087 servientibus
2323 3060 2377 3093 pro
