2477 3637
202 377 260 407 400
523 376 526 381 “
567 379 570 381 ’
953 370 1189 410 REGISTRES
1211 371 1266 401 DE
1287 370 1472 402 N1C01.AS
1496 372 1550 402 lv.

274 442 390 471 2268

238 505 283 533 Ad
300 503 538 540 praedicationem
555 502 660 529 crucis.
675 500 757 534 (Rea.
771 500 814 534 44,
826 508 852 527 0.
868 501 909 531 74,
923 501 941 527 f.
960 500 1010 528 319
1027 506 1068 534 r⁰;
1086 500 1204 532 Po'r'ru„

201 554 311 586 ς23153.)

534 437 882 472 Salute-Marie-MaJeure,
899 438 914 464 5
926 438 1039 472 janvier
1058 438 1132 465 1‘290.

244 655 396 685 L'nz'rersis
408 654 521 683 Christi
537 653 677 690 fidelibus
693 653 733 682 ad
745 660 820 690 quos
829 657 977 689 presentes
993 653 1090 680 littere
1105 659 1207 689 perve-

202 711 313 739 nerint.
333 707 392 737 Eos
409 705 449 737 ad
465 705 706 744 suscipiendum
723 706 826 735 crucis
842 705 970 743 signum
988 704 1112 735 excitat.

241 774 255 788 «
273 761 364 791 Visio
378 760 458 789 dura
474 759 658 789 nuntiata...
677 775 715 780 —
732 758 803 788 Dat.
823 758 922 788 Rome
935 781 943 796 ,
960 757 1043 797 apud
1057 757 1207 788 Sanctam

199 814 337 845 Mariam
354 813 509 852 Major-em
524 837 530 849 ‚
549 813 642 843 nonis
655 812 796 851 januarii
809 835 816 847 ,
831 819 918 842 anno
934 810 1086 841 secundo.
1105 823 1118 838 n

269 987 386 1016 2269
495 985 863 1020 Sainte-Marie-Majeure,
882 984 1040 1019 17janvie1·
1058 983 1135 1011 1-290.

235 1036 338 1064 Galeas
354 1037 512 1063 instructas
526 1035 559 1062 ad
577 1035 721 1062 civitatem
737 1034 939 1061 Accouensem
957 1033 1052 1060 mittit.
1066 1033 1148 1066 (Rae.
1162 1032 1206 1064 44,

199 1094 223 1113 c.
242 1087 285 1116 75,
304 1086 322 1113 s.
339 1085 390 1112 3-20
407 1085 459 1117 vo.)

245 1188 466 1218 Vener-abiimus
473 1187 625 1224 fratribus
636 1210 655 1217 ..
668 1186 845 1224 patriarche
856 1186 1207 1222 Jerosoltmizano,apos-

200 1242 284 1271 tolice
297 1241 374 1270 sedis
392 1241 496 1278 leglato,
515 1245 542 1269 et
563 1264 582 1269 ..
599 1241 731 1278 episcopo
756 1239 943 1276 Tripolitana
963 1247 998 1268 ac
1012 1239 1117 1267 dilecto
1141 1238 1206 1274 filio

199 1295 295 1324 nobili
311 1293 376 1323 viro
394 1294 529 1323 Johanm·
545 1294 578 1322 cle
597 1293 702 1327 Grati,
720 1293 877 1329 capitaneo
892 1292 990 1329 yemis
1005 1290 1157 1321 carissimi
1172 1291 1207 1319 in

200 1347 316 1377 christo
334 1347 396 1384 filii
416 1347 513 1375 nostri.
530 1346 681 1383 phylippi,
700 1345 778 1381 repis
795 1345 985 1373 Francorum
1006 1344 1154 1378 illustris,
1174 1343 1207 1372 ἰη

197 1402 335 1440 partibus
368 1401 601 1430 transmarinis.
637 1411 650 1425 ι(
685 1398 736 1428 Ad
768 1397 945 1428 custodiam
976 1402 1006 1426 et
1037 1397 1205 1427 tuitionem

198 1454 367 1485 sollicitam
380 1453 519 1483 civitatis
535 1453 733 1483 Acconensis
749 1456 779 1482 et
794 1451 930 1482 aliarum
945 1456 1101 1481 terrarum
1114 1459 1148 1480 ac
1162 1450 1204 1480 lo-

198 1516 306 1538 corum
323 1516 384 1546 que
401 1515 419 1536 a
439 1506 624 1536 christianis
643 1509 794 1535 tenentur
809 1505 842 1534 in
861 1504 1002 1544 partibus
1020 1503 1206 1533 transmari-

198 1562 264 1596 nis,
290 1564 382 1600 prout
406 1559 561 1599 presentis
587 1559 738 1598 temporis
761 1558 899 1598 qualitas
924 1557 1038 1595 exigit,
1063 1556 1206 1587 sollicitis

199 1614 313 1646 studiis
335 1613 556 1649 intendentes,
583 1612 790 1652 quamplures
812 1612 850 1642 de
872 1612 1081 1641 Venetiarum
1104 1615 1134 1640 et
1149 1610 1206 1640 Ja-

199 1678 263 1698 nue
281 1667 464 1698 civitatibus
480 1675 515 1696 ac
534 1666 675 1706 partibus
691 1666 763 1696 aliis
780 1665 901 1704 galeas,
920 1669 1034 1704 gente,
1054 1664 1153 1695 armis
1170 1673 1207 1694 ac

199 1721 270 1751 aliis
285 1720 474 1751 necessariis
494 1720 635 1750 munitas
650 1723 685 1749 ut
701 1718 827 1758 expedit
848 1722 878 1748 et
900 1718 1084 1755 instructas,
1100 1717 1140 1747 ad
1157 1717 1206 1747 ci—

199 1775 330 1805 vitatem
354 1774 572 1804 Acconensem
590 1772 764 1811 predictam
786 1771 972 1802 fidutialiter
993 1771 1204 1801 destinamus.

175 1858 178 1859 .
199 1827 281 1859 Cum
300 1827 406 1866 itaque
423 1827 460 1856 de
478 1826 629 1866 probitate
645 1829 747 1856 vestra
765 1825 994 1856 confidentiam
1009 1833 1158 1863 geramus
1171 1825 1204 1854 in

199 1882 339 1912 Domino
352 1880 529 1920 spetialem,
547 1880 634 1911 vobis
646 1889 767 1917 curam,
782 1879 1032 1910 sollicitudinem
1049 1878 1206 1917 etguber-

201 1936 363 1966 nationem
379 1933 544 1973 galearum
560 1934 774 1972 predictarum
792 1942 827 1963 ac
844 1941 1051 1972 personarum
1068 1933 1205 1973 existen-

200 1990 281 2020 tium
297 1989 332 2018 in
347 1988 478 2025 eisdem,
493 1988 594 2018 donec
610 1996 704 2026 super
719 1987 778 2017 hec
789 1996 844 2025 per
856 1985 1025 2025 apostolice
1038 1985 1122 2016 sedis
1138 1994 1206 2025 pro-

200 2043 376 2073 videntiam
400 2041 486 2072 aliud
509 2041 650 2072 ordinari
669 2041 858 2079 contigerit,
880 2044 989 2070 tenore
1007 2039 1205 2078 presentium

200 2095 351 2126 duximus
369 2095 610 2126 committendas
622 2117 631 2132 ,
649 2099 683 2124 ut
697 2094 735 2124 de
752 2093 831 2132 ipsis
845 2102 899 2132 per
915 2102 990 2130 vos,
1008 2098 1101 2131 prout
1120 2093 1206 2122 utili-

202 2150 257 2180 tati
272 2150 368 2180 'Perre
385 2149 500 2180 Sancte
514 2157 550 2179 ac
566 2148 674 2188 populi
698 2147 866 2178 christiani
883 2147 1028 2186 degentis
1042 2148 1076 2176 in
1092 2156 1128 2177 ea
1144 2147 1208 2177 cir-

200 2203 396 2243 cumspectio
419 2207 523 2241 vestra
549 2202 749 2232 commodius
770 2206 800 2232 et
822 2201 937 2231 melius
960 2201 1108 2239 expedire
1131 2209 1206 2238 cog-

201 2257 336 2294 noverit,
377 2257 565 2296 disponatur
578 2279 585 2292 ‚
627 2255 859 2285 nichilominus
901 2254 989 2285 vobis
1029 2255 1208 2294 expressius

201 2312 407 2349 injungentes
439 2314 596 2349 quatenus
629 2310 663 2339 in
695 2309 754 2339 hac
783 2313 870 2348 parte
902 2309 945 2338 sic
976 2308 1150 2347 prudenter
1179 2313 1209 2338 et

202 2364 335 2396 sollicite
353 2373 405 2394 vos
420 2363 536 2393 habere
551 2363 668 2393 curetis
681 2367 712 2392 ut
727 2362 842 2392 exinde
858 2362 897 2392 ab
910 2362 1056 2392 omnium
1074 2362 1208 2392 retribu-

202 2422 269 2448 tore
280 2417 436 2448 bonorum
452 2416 610 2455 condigna
622 2416 743 2455 premia
758 2416 909 2454 consequi
927 2415 1069 2452 valeatis,
1088 2424 1208 2454 nosque

201 2475 305 2502 vestre
323 2470 548 2501 sollicitudinis
572 2470 714 2500 studium
734 2479 797 2500 non
820 2469 981 2499 immerito
1003 2469 1208 2499 commende-

201 2535 284 2556 mus.
304 2524 396 2561 Quod
417 2524 445 2554 si
467 2533 529 2555 non
547 2533 659 2555 omnes
675 2524 738 2554 hiis
754 2523 949 2562 exequendis
970 2523 1136 2562 potueritis
1156 2523 1208 2552 iu-

202 2583 335 2615 teresse,
352 2577 415 2608 duo
433 2582 487 2607 aut
504 2586 587 2607 unus
605 2582 747 2607 vestrum
765 2586 800 2607 ea
820 2576 1052 2606 nichilominus
1070 2585 1208 2615 exequa-

203 2636 263 2662 tur.
282 2632 381 2662 Vobis
406 2636 528 2668 autem,
548 2630 727 2671 patriarcha
754 2635 785 2661 et
809 2631 970 2670 episcope,
1001 2639 1037 2660 ac
1067 2634 1208 2660 vestrum

202 2685 332 2715 cuilibet
361 2684 608 2715 contradictores
633 2688 662 2714 et
686 2683 819 2714 rebelles
842 2693 896 2723 per
916 2692 1084 2714 censuram
1109 2683 1208 2713 eccle-

203 2738 362 2768 siasticam
379 2763 384 2774 ,
401 2737 612 2777 appellatione
627 2738 818 2776 postposita„
836 2736 1059 2776 compescendi
1082 2736 1208 2775 plenam

204 2796 234 2821 et
258 2791 390 2821 liberam
418 2791 532 2821 harum
557 2797 665 2821 tenore
688 2791 894 2821 concedimus
916 2794 1111 2829 potestatem.
1135 2790 1208 2820 Non

204 2843 401 2874 obstantibus
414 2845 439 2874 si
450 2845 594 2883 personis
603 2844 776 2883 aliquibus,
789 2845 1021 2883 cujuscumque
1030 2843 1207 2881 dignitatis,

205 2890 336 2933 ordinis,
354 2903 452 2928 status
470 2897 515 2927 vel
537 2898 729 2928 conditionis
746 2897 896 2934 existant,
915 2906 932 2927 a
953 2897 1026 2927 sede
1041 2896 1210 2936 apostolica

206 2949 245 2978 sit
264 2949 423 2980 indultum
441 2951 524 2989 quod
542 2951 687 2981 interdici
703 2975 708 2986 ,
729 2950 900 2990 suspendi,
922 2950 970 2980 vel
990 2950 1209 2980 excommuni-

205 3003 268 3032 cari
295 3011 357 3033 non
383 3005 520 3044 possint,
543 3014 597 3043 per
617 3005 717 3044 ipsius
743 3005 825 3034 sedis
847 3004 987 3041 litteras,
1015 3004 1074 3034 sub
1097 3004 1210 3043 quavis

205 3055 307 3085 forma
323 3055 370 3086 vel
385 3058 588 3095 conceptione
603 3057 772 3088 verborum
786 3057 961 3094 confectas,
977 3065 1042 3087 non
1057 3056 1210 3086 facientes

1288 436 1432 476 plenam,
1453 442 1570 468 certam
1591 441 1622 468 et
1639 437 1884 468 determinatam
1908 439 1946 470 de
1967 441 2092 472 indulto
2106 441 2295 481 hujusmodi

1288 491 1504 528 mentionem,
1531 496 1561 521 et
1589 491 1731 531 qualibet
1750 492 1811 522 alia
1834 493 1952 531 prefate
1978 494 2064 525 sedis
2095 495 2296 534 indulgentia

1288 543 1430 582 generali
1448 544 1497 574 vel
1521 544 1664 583 spetiali,
1688 546 1921 585 cujuscumque
1946 548 2066 578 tenoris
2090 548 2218 586 existat,
2242 559 2296 589 per
2366 568 2369 572 ,

1288 606 1384 636 quam
1401 597 1601 636 presentibus
1616 606 1679 628 non
1693 607 1877 638 expressam
1893 599 1941 630 vel
1957 600 2094 631 totaliter
2111 610 2173 632 non
2197 602 2296 633 inser-
2340 592 2341 595 Ἴ

1291 655 1353 681 tam
1369 651 1499 681 effectus
1515 660 1626 681 earum
1638 651 1789 690 impediri
1802 652 1905 683 valeat
1917 654 2156 693 quomodolibet
2170 655 2220 686 vel
2234 655 2295 687 dif-

1289 704 1532 744 ferri,etdequa
1543 705 1575 734 in
1587 705 1788 744 presentibus
1800 707 1944 744 spetialis
1955 708 2077 738 mentio
2086 708 2128 738 sit
2138 708 2293 740 habenda.

1291 759 1362 788 Dat.
1380 758 1498 790 Rome.
1517 758 1599 797 apud
1621 758 1769 789 Sanctam
1787 759 1924 790 Mariam
1940 761 2101 799 Majorem,
2117 771 2169 792 xvi
2185 761 2296 793 kalen·
2330 771 2335 777 '¹

1289 812 1345 842 das
1360 812 1511 843 februarii
1528 838 1534 850 ,
1550 821 1637 843 anno
1653 813 1803 853 secundo.
1825 825 1838 840 n

1361 979 1481 1008 2220

1325 1042 1455 1070 Officium
1471 1042 1566 1069 crucis
1583 1042 1789 1078 praedicandae
1804 1042 1852 1074 N..
1865 1043 2042 1078 patriarchae
2052 1043 2296 1080 Jerosotimitano,
2319 1027 2322 1033 ἱ

1289 1090 1451 1118 committit.
1471 1091 1553 1125 (Rea.
1571 1091 1614 1124 44,
1632 1100 1657 1118 c.
1674 1091 1716 1123 76,
1734 1091 1754 1118 f.
1772 1091 1822 1119 320
1839 1093 1890 1125 νο.)

1569 1021 1577 1026 ἱ
1601 979 1962 1015 Salnte-Marie-Majeure,
1981 981 2013 1007 10
2029 981 2133 1008 fevi-ier
2149 980 2227 1010 1290.

1336 1179 1502 1209 Venerabili.
1516 1181 1612 1217 [ratri
1630 1181 1666 1210 N.
1682 1205 1688 1216 ,
1707 1181 1883 1219 patriarche
1898 1181 2145 1211 Jerosolimitano
2156 1205 2163 1219 ,
2182 1187 2297 1220 aposto·
2328 1175 2330 1178 ⁵

1290 1232 1344 1262 lice
1359 1234 1436 1262 sedis
1458 1234 1563 1271 leqato.
1588 1245 1602 1260 ι(
1625 1233 1839 1263 Necessitates
1855 1234 2047 1264 miserabilis
2066 1226 2163 1267 Terre
2184 1234 2310 1268 Sancte&

1289 1285 1484 1324 multiplices
1500 1286 1647 1326 antiquas
1663 1291 1693 1317 et
1709 1295 1806 1317 novas
1823 1295 1886 1317 non
1903 1287 2024 1326 absque
2041 1287 2131 1326 gravi
2145 1289 2296 1320 amaritu-
2307 1282 2331 1323 ’,

1289 1339 1364 1369 dine
1380 1340 1465 1377 intra
1485 1341 1602 1370 mentis
1623 1345 1728 1371 nostre
1745 1341 1909 1380 precordia
1928 1345 2130 1372 recensentes
2147 1346 2242 1382 atque
2258 1341 2298 1375 ad
2308 1338 2323 1351 '‘

1289 1393 1417 1432 plenam
1443 1393 1707 1424 deliberationem
1727 1394 1828 1433 ipsius
1853 1399 1883 1424 et
1906 1395 2039 1425 interim
2056 1394 2096 1425 ad
2114 1395 2299 1427 subventio-

1290 1455 1364 1476 nem
1384 1446 1526 1476 locorum
1551 1455 1613 1485 que
1634 1447 1917 1485 impresentiarum
1941 1447 2160 1479 christianitas
2177 1448 2311 1480 obtinet-

1289 1500 1323 1529 in
1340 1500 1450 1529 eadem
1477 1508 1535 1530 nos
1553 1505 1583 1529 et
1608 1500 1720 1530 fratres
1736 1501 1835 1530 nostri
1856 1501 1994 1531 intensis
2009 1501 2178 1532 desideriis
2192 1488 2312 1541 suspica*-

1290 1558 1415 1590 rantes,
1435 1554 1467 1583 in
1475 1558 1518 1583 ter
1534 1553 1634 1583 multa
1650 1562 1782 1593 operosa
1800 1554 1943 1585 subsidia
1959 1565 2021 1594 que
2036 1555 2098 1594 ipsi
2113 1558 2196 1586 terre
2207 1578 2214 1592 ,
2231 1555 2310 1587 Deo..

1289 1608 1437 1646 auspice,
1463 1607 1625 1637 fructuosa
1653 1607 1764 1638 sedulo
1793 1617 1962 1647 procurare
1991 1612 2086 1648 atque
2111 1608 2298 1648 impendere
2321 1613 2336 1631 ‘-

1289 1659 1471 1690 studuimus
1496 1665 1527 1690 et
1552 1661 1737 1698 studemus,
1761 1661 1800 1692 de
1825 1662 1968 1701 ips'orum
1989 1663 2124 1693 fratrum
2144 1659 2298 1701 consilio,

1289 1723 1345 1752 per
1357 1713 1499 1744 diversas
1518 1714 1632 1744 mundi
1650 1719 1755 1754 partes
1771 1715 1963 1747 christicolis
1979 1716 2114 1747 verbum
2129 1716 2233 1746 crucis
2245 1715 2298 1747 do-

1288 1767 1497 1797 liberavimus
1526 1768 1782 1807 proponendum.
1808 1769 2055 1800 Considerantes
2083 1773 2191 1800 autem
2213 1767 2308 1808 quoti„

1285 1821 1388 1860 ipsius
1409 1820 1581 1860 predicatio
1602 1822 1705 1852 crucis
1727 1822 1761 1852 in
1785 1823 1955 1861 provintiis
1974 1823 2196 1862 adjacentibus
2214 1817 2310 1854 dic
2351 1814 2355 1818 ⁸
2398 1807 2404 1827 '³

1290 1879 1372 1905 terre
1399 1875 1438 1905 ad
1463 1874 1600 1905 celerem
1623 1876 1868 1906 subventionem
1892 1876 1995 1915 ipsius
2014 1877 2184 1916 provenire
2207 1879 2307 1916 pote-{2⁴

1288 1929 1349 1964 rit,
1367 1928 1524 1966 largiente
1539 1928 1680 1959 Domino
1694 1953 1700 1966 ‚
1720 1929 1898 1968 plurimum
1915 1929 2091 1967 fructuosa,
2108 1926 2295 1960 fraternita'

1292 1985 1353 2017 tue,
1371 1990 1467 2020 quam
1484 1981 1567 2012 circa
1585 1981 1644 2011 hoc
1660 1982 1825 2020 negotium
1841 1982 2094 2020 promovendum
2109 1982 2220 2013 divino
2234 1989 2300 2012 cre·w

1290 2034 1398 2065 dimus
1411 2034 1534 2065 fervore
1550 2043 1750 2069 succensam,
1768 2034 1959 2073 predicande
1974 2035 2076 2074 ipsius
2091 2034 2217 2066 vivifice
2229 2041 2302 2066 crui

1289 2089 1334 2119 cis
1350 2088 1493 2127 officium
1511 2088 1707 2127 presentium
1726 2088 1912 2118 auctoritate
1930 2088 2162 2119 committimus
2177 2112 2184 2126 ‚
2200 2088 2233 2118 in
2251 2088 2326 2129 res.»

1290 2143 1443 2172 missione
1466 2141 1686 2181 peccaminum
1706 2142 1914 2181 injungentes
1936 2146 2096 2181 quatenus
2117 2142 2150 2172 in
2176 2141 2314 2173 cunctis

1291 2201 1343 2226 tue
1360 2195 1531 2234 legationis
1554 2194 1697 2234 partibus
1710 2218 1717 2231 ,
1736 2199 1828 2234 prout
1849 2195 1998 2235 expedire·
2016 2194 2222 2233 cognoveris,
2243 2198 2314 2234 pot*

1291 2254 1320 2280 te
1341 2258 1377 2280 ac
1393 2249 1470 2279 alios
1488 2249 1571 2279 viros
1587 2248 1730 2287 ydoneos
1752 2257 1832 2287 quos
1851 2248 1890 2278 ad
1914 2248 1974 2279 hoc
1994 2248 2093 2279 semel
2109 2248 2160 2278 vel
2179 2247 2310 2288 plurizj

1290 2304 1418 2334 duxeris
1433 2302 1617 2341 eligendos,
1634 2302 1714 2333 illud
1731 2302 1902 2332 efficaciter
1919 2306 1950 2332 et
1967 2301 2139 2342 prudenter
2153 2309 2314 2338 exercet&

1289 2366 1450 2397 procures.
1470 2356 1609 2386 Cunctos
1624 2356 1798 2386 orthodoxe
1814 2356 1888 2385 fidei
1911 2355 2048 2386 cultores
2070 2353 2299 2394 predicationi:

1289 2411 1350 2442 hus
1364 2410 1485 2441 crebris
1501 2414 1532 2439 et
1547 2409 1666 2439 sedulis
1682 2409 1881 2440 exhortando
1900 2413 1934 2440 ut
1947 2409 1986 2440 ad
2001 2408 2218 2440 retundendos
2232 2408 2291 2439 im',

1290 2463 1340 2503 pie
1358 2463 1462 2502 gentis
1478 2462 1632 2502 impetus,
1650 2462 1895 2501 compescendos
1911 2461 2050 2493 insultus
2067 2467 2098 2492 et
2115 2461 2287 2501 superbiam
2302 2479 2310 2496 ,-

1290 2516 1536 2552 conterendam,
1562 2525 1623 2554 que
1645 2516 1766 2546 Christi
1791 2524 1907 2546 nomen
1933 2516 1971 2546 de
1991 2520 2071 2546 terra
2097 2514 2216 2555 prefata

1290 2570 1429 2611 phandis
1442 2569 1573 2600 ausibus
1591 2569 1760 2599 eliminare
1775 2569 1918 2606 molitur,
1936 2569 2138 2600 victoriosum
2155 2567 2286 2608 ejusde

1292 2624 1417 2654 vivifice
1439 2622 1544 2653 crucis
1569 2623 1699 2661 signum
1720 2623 1833 2653 devote
1853 2622 2048 2661 suscipiant,
2075 2625 2106 2653 et
2123 2621 2205 2652 illud
2223 2626 2300 2660 pm.-

1290 2678 1369 2717 priis
1384 2677 1559 2715 affligentes
1575 2676 1719 2706 humeris
1731 2685 1768 2707 ac
1782 2676 1890 2715 magis-
1900 2675 2049 2707 cordibus
2063 2663 2305 2715 1111111111101115Ῐ,ζ

1291 2735 1474 2762 reverenter
1491 2734 1521 2760 et
1537 2730 1662 2769 publice
1679 2731 1825 2761 deserant
1839 2735 1934 2769 atque
1951 2729 1990 2760 ad
2005 2733 2200 2768 oportunum
2217 2731 2302 2762 ιον,

1291 2788 1467 2815 memorate
1491 2792 1678 2813 succursum
1702 2784 1853 2823 promptis
1874 2783 1993 2813 animis
2018 2782 2152 2821 totisque
2177 2775 2294 2813 ν11·111γ’

1292 2848 1324 2869 se
1339 2837 1518 2876 accingant.
1537 2837 1627 2873 Quod
1646 2837 1777 2876 quidem
1793 2835 1977 2867 venerabile
1991 2836 2121 2874 signum
2137 2842 2193 2874 per
2213 2837 2243 2865 te
2265 2840 2298 2864 17·

1291 2892 1388 2929 alios,
1415 2895 1447 2921 ut
1472 2891 1679 2930 premittitur,
1707 2890 1870 2930 eligendos
1894 2900 1911 2920 a
1937 2894 1966 2920 te
1994 2888 2125 2920 concedi
2151 2877 2293 2921 votumu‘

1291 2944 1414 2976 cunctis
1429 2944 1539 2975 devote
1557 2944 1753 2984 petentibus,
1771 2944 1886 2982 quibus
1906 2943 2064 2974 Dominus
2079 2940 2248 2980 inspirabit
2271 2939 2300 2964 ῑῒ

1291 3001 1330 3032 ad
1348 3005 1410 3030 tam
1427 3000 1515 3039 pium
1534 3000 1699 3038 negotium
1715 2999 1974 3038 prosequendum
1995 2997 2045 3028 vel
2061 2997 2205 3037 proprias
2221 3001 2294 3035 ρετ·

1291 3064 1384 3086 sonas
1399 3062 1555 3093 exponere
1574 3053 1622 3083 vel
1638 3053 1676 3083 de
1693 3053 1897 3083 facultatibus
1916 3051 2051 3091 propriis
2072 3049 2175 3088 velint
2191 3045 2310 3090 subsig⁴

2449 2531 2477 3084 §aefi-sszffssgssegz
