2342 3652
914 381 1147 420 TnoismME
1168 381 1324 422 ANNE'E.
2106 396 2162 426 457

73 469 144 491 cum
156 458 341 489 scandalum
354 456 498 487 fidelium
513 457 736 496 plurimorum.
756 457 821 487 Nos
840 456 960 486 dictum
977 457 1074 486 abba-

73 516 135 542 tem
159 520 214 550 per
236 513 360 540 nostras
381 509 441 539 sub
455 513 540 539 certa
558 509 658 538 forma
677 508 799 538 litteras
822 508 1000 546 rogandum
1026 513 1075 538 at-

73 568 157 594 tente
172 563 322 593 duximus
344 566 373 592 et
395 562 607 598 hortandum,
627 562 738 591 dantes
763 562 822 591 sibi
845 561 1076 591 nichilominus

71 618 106 648 in
122 616 293 652 mandatis,
306 619 340 645 ut
352 616 392 645 ab
406 615 594 653 hujusmodi
610 615 797 645 eorumdem
810 615 991 652 guardiam,
1006 624 1076 653 pre-

72 669 222 709 ceptori8‚
240 668 353 708 prioris
370 672 400 697 et
418 668 551 697 fratrum
568 668 822 706 gravaminibus,
840 667 1005 703 molestiis,
1024 668 1077 697 in—

70 722 163 763 juriis
178 727 208 752 et
218 721 368 761 jacturis,
383 729 439 759 pro
455 720 565 750 divina
580 725 610 750 et
625 720 795 759 apostolice
811 720 894 749 sedis
917 729 951 749 ac
972 724 1078 750 nostra

73 775 269 810 reverentia,
292 774 417 812 penitus
440 774 628 810 abstineret,
651 782 703 803 eos
730 774 895 803 occasione
924 773 1078 810 premissa

74 828 205 859 ulterius
222 836 286 857 non
305 826 460 856 turbando
476 851 481 862 ,
500 828 542 855 ita
559 826 644 865 quod
660 827 705 856 eis
727 827 812 865 justa
827 826 865 855 de
882 825 994 855 abbate
1011 826 1078 864 ipso

75 879 290 919 conquerendi
315 880 447 909 materia
472 879 649 916 tolleretur,
672 888 793 918 nosque
811 879 1011 909 devotionern
1029 879 1078 917 ip-

75 934 140 965 sius
154 942 315 974 possemus
331 933 446 963 exinde
463 942 526 963 non
543 933 706 963 immerito
723 933 959 963 commendare.
976 932 1077 962 Cum-

74 996 135 1027 que
151 986 367 1025 guardianus,
394 991 577 1026 preceptor,
600 987 685 1025 prior
707 992 736 1016 et
757 986 870 1015 fratres
896 985 1026 1024 predicti
1042 994 1078 1015 ac

75 1040 168 1071 etiam
195 1040 340 1070 Andreas
370 1039 491 1069 Mathie
503 1062 511 1076 ,
539 1039 634 1069 frater
661 1039 798 1078 predicte
827 1039 941 1068 domus
961 1038 1079 1069 militie

74 1094 217 1133 Templi,
238 1101 311 1122 cum
335 1093 470 1131 quodam
495 1091 680 1127 tabellione,
702 1092 742 1121 ad
769 1092 891 1121 dictum
916 1097 1077 1123 monaste-

73 1149 159 1180 rium
180 1147 401 1182 accessissent,
424 1150 459 1175 ut
483 1146 566 1175 dicto
584 1146 689 1176 abbati
713 1145 833 1175 litteras
858 1150 1079 1184 presentarent

75 1202 213 1236 easdem,
227 1209 263 1230 ac
278 1200 363 1230 idem
379 1199 486 1235 abbas,
505 1199 539 1228 iu
564 1207 690 1228 camera
706 1200 831 1237 propria
847 1208 879 1228 se
894 1199 1077 1237 includens,

73 1255 120 1287 eis
141 1255 191 1285 sui
219 1254 342 1292 copiam
366 1253 468 1282 facere
491 1252 682 1289 denegaret,
707 1252 866 1290 predictus
887 1253 984 1282 frater
1008 1254 1076 1283 An·

74 1309 180 1344 dreas,
200 1307 239 1337 de
253 1315 410 1337 consensu
430 1305 598 1344 guardiani
614 1330 620 1341 ,
639 1306 828 1344 preceptoris
849 1310 879 1335 et
897 1307 1012 1344 prioris
1028 1306 1078 1345 ip-

75 1370 198 1397 sorum,
217 1359 419 1400 presentibus
437 1382 456 1390 ..
475 1358 603 1388 officiali
620 1359 742 1387 abbatis
764 1359 907 1397 ejusdem
930 1368 965 1389 ac
983 1360 1079 1389 etiam

75 1423 138 1446 non
155 1414 280 1444 modica
294 1412 501 1442 multitudine
521 1412 750 1442 monachorum
767 1414 952 1442 monasterii
969 1423 1079 1453 supra·-

75 1468 168 1505 dicti,
187 1466 390 1496 tabellionem
407 1465 530 1503 rogavit
548 1465 686 1495 eundem
704 1470 736 1494 ut
750 1474 845 1504 snper
858 1475 894 1495 eo
910 1466 995 1505 quod
1012 1475 1081 1505 pre·

74 1521 156 1552 fatus
174 1520 271 1550 abbas
293 1518 449 1558 predictas
468 1523 591 1548 nostras
608 1518 749 1556 recipere
767 1518 886 1548 litteras
904 1528 966 1549 non
988 1529 1078 1550 cura-

75 1576 128 1606 bat
142 1574 311 1605 conficeret
323 1573 485 1612 publicum
498 1572 750 1602 instrumentum
762 1583 768 1609 ;
782 1573 912 1611 predicti
925 1583 998 1603 vero
1009 1574 1079 1603 offi-

75 1628 163 1660 cialis
180 1632 211 1658 et
232 1627 400 1664 monachi,
426 1626 581 1656 modestie
602 1626 801 1655 monachalis
818 1626 924 1663 obliti,
945 1628 1080 1666 sumptis

74 1682 183 1718 armis,
202 1681 237 1711 in
255 1680 482 1719 guardianum,
499 1683 727 1718 preceptorem,
745 1680 882 1717 priorem
900 1684 928 1709 et
949 1681 1080 1711 fratrem

74 1736 238 1766 Andream
256 1739 287 1765 et
305 1733 511 1764 tabellionem
535 1733 671 1772 prefatos
695 1737 813 1763 temere
836 1734 1012 1770 irruentes,
1030 1735 1079 1773 ip-

74 1798 124 1820 sos
140 1798 196 1828 per
219 1788 337 1827 gradus
359 1796 484 1817 camere
505 1787 683 1825 supradicte
697 1809 704 1822 ‚
731 1795 793 1816 non
809 1787 886 1816 vsine
908 1787 1080 1826 injectione

73 1851 231 1873 manuum
246 1841 397 1876 violenta,
419 1840 612 1870 descendere
628 1840 869 1879 compulerunt,
884 1845 914 1870 et
929 1850 1001 1870 curn
1019 1842 1080 1880 ipsi

74 1900 239 1936 propterea
267 1903 332 1924 non
358 1894 491 1931 indigne
517 1893 674 1931 perterriti
701 1903 754 1932 per
778 1894 877 1932 ipsius
894 1895 1079 1924 monasterii

74 1949 214 1979 hostium
230 1947 317 1978 exire
335 1951 500 1986 putarent,
527 1956 562 1976 ac
588 1956 643 1985 per
666 1946 747 1976 illud
762 1971 768 1983 ,
786 1956 858 1976 cum
884 1948 1027 1977 clausurn
1051 1952 1080 1978 et

74 2003 237 2032 firmatum
253 2000 395 2031 clavibus
413 2005 444 2029 et
459 2000 603 2030 cathenis
627 2000 793 2038 existeret,
812 2001 920 2039 egredi
940 2011 1003 2032 non
1024 2011 1079 2032 va-

73 2055 191 2092 lerent,
209 2054 364 2094 predictos
381 2054 551 2084 officialem
570 2058 600 2083 et
625 2053 799 2084 monachos
826 2064 898 2084 cum
924 2056 1080 2087 instantia

73 2111 266 2147 rogaverunt
282 2111 315 2137 ut
325 2107 371 2136 eis
383 2106 539 2146 prefatum
556 2107 696 2136 facerent
712 2107 852 2137 hostium
869 2109 998 2147 aperiri,
1011 2110 1080 2149 qui-

73 2161 132 2192 bus
149 2161 182 2190 id
207 2159 439 2198 denegantibus
460 2161 494 2189 in
520 2165 625 2189 actum
647 2160 841 2199 producere,
865 2163 1077 2200 guardianus,

73 2218 257 2254 preceptor,
284 2213 388 2252 prior,
417 2213 513 2242 frater
539 2213 685 2242 Andreas
712 2218 742 2243 et
764 2214 889 2244 tabellio
911 2217 1079 2246 memorati

73 2267 259 2306 aliquandiu
280 2267 314 2296 in
331 2267 414 2297 dicto
433 2267 628 2297 monasterio
646 2267 740 2297 inviti
759 2269 851 2307 quasi
870 2271 989 2299 carceri
1014 2275 1078 2301 tra-

73 2320 131 2350 diti
151 2325 417 2359 permanserunt3
445 2319 573 2350 tandem
596 2320 684 2350 abire
706 2323 870 2359 permissi,
895 2324 1009 2353 exinde
1028 2334 1078 2354 re-

73 2377 249 2411 cesserunt3
277 2373 394 2411 dieque
423 2373 570 2411 sequenti
593 2373 632 2402 ad
661 2374 816 2412 prefatum
849 2378 1078 2407 monasterium

73 2426 241 2457 redeuutes
256 2451 264 2466 ‚
282 2426 366 2456 dicto
381 2426 486 2456 abbati
505 2431 658 2465 pretactas
675 2432 797 2457 nostras
813 2428 932 2459 litteras
952 2439 1079 2468 presen-

74 2482 200 2517 tarunt,
216 2479 335 2518 quibus
354 2488 408 2517 per
425 2479 563 2508 eundem
584 2479 672 2508 lectis
693 2482 723 2509 et
740 2481 889 2520 inspectis
910 2483 1055 2513 abbatem
1067 2506 1077 2522 ‚

72 2531 175 2563 dictus
191 2532 288 2562 frater
304 2533 451 2561 Andreas
466 2531 612 2561 abbatem
630 2533 735 2571 ipsum
762 2543 873 2571 rogare
889 2536 1011 2565 curavit
1028 2540 1077 2573 ut,

73 2585 113 2616 ob
130 2586 342 2616 reverentiam
353 2585 413 2615 Dei
427 2590 456 2614 et
473 2590 624 2622 nostram,
637 2586 785 2624 predictis
802 2588 918 2617 nostris
932 2589 1078 2627 precibus

65 2642 105 2669 et
115 2638 264 2669 mandato
280 2643 403 2677 pareret
419 2637 587 2668 humiliter
602 2647 638 2667 ac
650 2648 685 2668 ea
699 2640 868 2669 efficaciter
878 2641 1076 2680 adimpleret.

75 2691 164 2721 ldem
180 2700 254 2722 vero
270 2691 382 2728 abbas,
401 2700 508 2730 preces
527 2696 557 2721 et
573 2692 761 2722 mandatum
776 2693 963 2732 hujusmodi
982 2695 1079 2724 dedu·

75 2753 150 2775 cens
170 2745 297 2784 penitus
321 2745 353 2774 in
370 2748 606 2782 contemptum,
629 2745 733 2775 taliter
749 2748 949 2786 respondisse
965 2757 1078 2787 propo-

77 2798 166 2829 nitur
189 2798 274 2837 quod
287 2821 295 2836 ‚
313 2798 338 2828 si
368 2807 423 2837 per
440 2798 546 2837 ipsum
572 2798 621 2827 vel
639 2799 808 2830 officialem
825 2810 918 2830 suum
933 2826 939 2839 ,
956 2811 1012 2831 sua
1030 2802 1079 2832 vel

75 2851 314 2890 privilegiorum
325 2851 408 2881 dicte
424 2851 508 2881 sedis
521 2852 719 2888 auctoritate,
731 2859 840 2883 contra
848 2855 1077 2892 guardianum,

75 2909 309 2944 preceptorem,
327 2905 463 2943 priorem
482 2909 511 2934 et
528 2905 638 2935 fratres
656 2907 789 2945 prefatos
806 2908 837 2937 in
857 2908 931 2938 villa
946 2910 1081 2939 existen-

77 2960 121 2987 tes
138 2957 247 2987 eadem
262 2958 297 2986 in
312 2957 420 2996 aliquo
443 2966 624 2996 processum
642 2959 763 2997 fuerat,
785 2970 947 2999 processus
967 2962 1079 3000 liujus-

76 3011 163 3041 modi
180 3011 303 3041 volebat
315 3011 350 3040 in
364 3020 420 3041 suo
435 3011 546 3041 robore
559 3021 759 3050 permanere,
774 3023 809 3043 ac
824 3015 905 3053 ipsos
922 3016 955 3044 in
974 3025 1080 3054 perpe-

77 3067 166 3094 tuum
193 3064 296 3094 valere
321 3065 551 3102 pronuntians,
580 3074 647 3102 eos,
668 3072 822 3105 quantum
842 3069 874 3097 in
898 3077 934 3098 eo
959 3069 1077 3104 extitit,

217 3129 290 3157 Rae.
312 3129 434 3157 Niconis
454 3130 506 3157 IV.

1157 458 1378 492 confirmavit,
1395 463 1457 488 tam
1475 459 1585 489 eodem
1608 460 1717 489 abbate
1734 469 1828 498 quam
1848 461 1989 499 predicto
2005 462 2073 500 ejus
2089 463 2160 492 offi-

1158 509 1231 538 ciali
1261 518 1406 548 expresse
1436 513 1746 542 communicantibus
1779 513 1862 551 quod
1893 518 2001 543 contra
2035 514 2160 544 eosdem

1158 561 1393 598 guardianum,
1427 569 1657 602 preceptorem,
1685 566 1824 603 priorem
1848 570 1877 595 et
1915 566 2027 596 fratres
2057 568 2163 605 pejora

1158 614 1316 652 prioribus
1337 616 1535 645 committere
1567 622 1787 655 procurarent,
1815 619 1849 647 in
1874 624 2014 649 nostram
2040 625 2069 649 et
2092 630 2162 658 pre-

1159 666 1241 695 dicte
1258 667 1341 696 sedis
1362 668 1519 705 injuriam
1537 674 1566 698 et
1588 676 1821 709 contemptum,
1843 681 1879 701 ac
1895 672 2050 701 dictorum
2069 682 2163 710 guar-

1159 718 1263 755 diani,
1284 721 1489 758 preceptoris,
1510 722 1624 759 prioris
1641 727 1671 751 et
1686 724 1818 752 fratrum
1833 733 1895 753 non
1914 725 2074 754 modicum
2094 735 2161 764 pre-

1156 772 1317 811 judicium
1352 778 1381 802 et
1417 783 1600 811 gravamen.
1629 775 1772 814 Cumque
1807 777 1916 815 prefati
1948 778 2161 815 guardianus‚

1161 830 1338 864 preceptor,
1360 827 1443 864 prior
1466 832 1495 855 et
1515 827 1625 856 fratres
1643 828 1681 856 ad
1702 834 1840 858 nostram
1863 839 1957 867 snper
1979 830 2037 859 hoc
2056 831 2163 868 provi-

1160 878 1300 908 dentiam
1319 879 1548 915 recurrissent,
1568 889 1623 909 nos
1640 882 1774 918 experiri
1793 882 1932 911 volentes
1951 892 1990 911 an
2008 882 2114 921 aliqua
2129 884 2162 912 in

1160 931 1271 961 abbate
1287 932 1354 970 ipso
1370 931 1509 961 scintilla
1532 932 1712 962 obedientie
1737 934 1960 970 remansisset,
1983 944 2043 972 que
2063 939 2166 973 posset

1161 984 1194 1012 in
1213 993 1248 1013 eo
1264 984 1436 1013 accendere
1453 985 1611 1014 fervorem
1630 986 1810 1015 obedientie
1825 986 1950 1023 filialis,
1968 988 2027 1016 sibi
2047 989 2164 1018 nostris

1161 1037 1307 1067 dedimus
1324 1037 1438 1066 litteris
1454 1039 1486 1066 in
1504 1038 1662 1067 mandatis
1679 1043 1733 1074 ut,
1758 1039 1841 1068 fame
1863 1048 1918 1068 sue
1943 1040 2072 1077 provide
2088 1049 2165 1070 con-

1162 1090 1271 1119 sulens
1288 1095 1318 1119 et
1336 1090 1445 1125 saluti,
1467 1095 1496 1120 et
1521 1091 1560 1120 ab
1582 1091 1723 1128 ipsorum
1747 1091 1932 1128 guardiani,
1957 1094 2165 1130 preceptoris‚

1161 1143 1276 1182 prioris
1307 1147 1337 1173 et
1366 1143 1502 1173 fratrum
1533 1143 1675 1173 molestia
1704 1144 1839 1174 omnino
1871 1145 2053 1183 quiescens,
2082 1146 2167 1175 infra

1162 1196 1259 1225 unius
1276 1196 1397 1225 mensis
1414 1196 1553 1234 spatium
1570 1201 1638 1234 post
1654 1196 1868 1234 receptionem
1887 1196 2066 1226 litterarum
2088 1199 2167 1236 ipsa-

1162 1259 1235 1279 rum
1251 1259 1345 1288 super
1360 1249 1425 1279 hiis
1441 1251 1474 1278 in
1487 1250 1601 1288 quibus
1615 1251 1698 1288 ipsos
1714 1250 1891 1279 offenderat
1906 1251 1950 1280 eis
1967 1251 2107 1289 plenarie
2121 1261 2169 1281 sa-

1163 1304 1306 1333 tisfacere
1335 1309 1530 1343 procuraret,
1556 1304 1600 1333 ita
1621 1304 1704 1342 quod
1726 1304 1908 1343 preteritam
1934 1304 2166 1342 negligentiam

1163 1365 1217 1395 per
1229 1356 1429 1394 diligentiam
1442 1357 1612 1386 redemerit
1625 1357 1885 1395 subsequentem,
1898 1358 2044 1396 injuncto
2055 1358 2167 1388 nichil-

1162 1410 1289 1440 ominus
1307 1410 1363 1439 tibi
1380 1419 1435 1448 per
1448 1409 1526 1439 alias
1541 1415 1663 1439 nostras
1680 1410 1799 1440 litteras
1814 1411 1962 1449 spetiales
1980 1416 2023 1446 ut,
2039 1413 2062 1440 si
2081 1412 2168 1442 idem

1162 1463 1258 1493 abbas
1287 1463 1480 1501 hujusmodi
1505 1463 1692 1493 mandatum
1724 1467 1866 1493 nostrum
1894 1465 1978 1493 infra
2010 1466 2166 1503 prefixum

1163 1521 1305 1555 tempus,
1340 1517 1375 1545 iu
1412 1517 1591 1554 superbiam
1620 1517 1726 1546 forsan
1762 1522 1900 1553 erectuS,
1929 1522 2166 1557 contempneret

1161 1569 1350 1607 adimplere,
1368 1574 1411 1605 tu,
1425 1570 1452 1598 si
1466 1579 1521 1608 per
1537 1570 1653 1599 famam
1671 1580 1725 1599 sen
1737 1570 1924 1607 indaginem
1940 1579 2002 1600 non
2017 1571 2166 1610 sollemp-

1161 1632 1236 1652 nem
1265 1623 1302 1652 de
1327 1623 1490 1661 premissis
1511 1623 1566 1653 tibi
1597 1628 1772 1658 constaret,
1798 1623 1937 1653 eundem
1962 1624 2107 1654 abbatem
2130 1634 2166 1654 ex

1163 1682 1237 1707 tunc
1253 1686 1289 1706 ex
1307 1681 1392 1715 parte
1409 1682 1515 1706 nostra
1534 1686 1587 1715 per
1602 1681 1630 1706 te
1646 1677 1696 1706 vel
1714 1686 1768 1715 per
1781 1676 1883 1706 alium
1901 1678 2109 1715 peremptorie
2125 1678 2167 1707 ci-

1162 1734 1228 1759 tare
1244 1738 1373 1759 curares
1390 1733 1422 1759 ut
1445 1730 1530 1759 infra
1555 1735 1614 1759 tres
1635 1739 1761 1759 meuses
1784 1735 1852 1768 post
1872 1730 2053 1759 citationem
2081 1735 2166 1759 tuam

1162 1788 1358 1821 compareret
1376 1783 1586 1822 personaliter
1601 1791 1706 1812 coram
1727 1783 1832 1817 nobis,
1852 1792 1907 1821 pro
1923 1783 2045 1812 meritis
2062 1792 2166 1822 recep-

1163 1841 1252 1866 turus
1274 1846 1310 1866 ac
1334 1837 1473 1866 facturus
1494 1846 1588 1875 super
1612 1837 1776 1875 premissis
1800 1836 1883 1875 quod
1909 1838 1936 1865 ei
1959 1837 2166 1874 duxerimus,

1162 1890 1314 1919 suadente
1336 1889 1475 1928 justitia,
1506 1889 1757 1927 injungendum.
1780 1890 1918 1926 Verum,
1947 1890 2005 1919 etsi
2029 1890 2167 1927 prefatus

1162 1943 1270 1978 abbas,
1283 1942 1432 1981 predictis
1446 1942 1559 1972 litteris
1572 1943 1688 1972 nostris
1703 1942 1816 1972 ultimo
1830 1943 1890 1972 sibi
1903 1943 2029 1972 directis
2042 1952 2165 1980 presen-

1163 1997 1235 2025 tatis
1252 1996 1374 2032 eidem,
1393 1995 1551 2024 mandatis
1570 2000 1686 2025 uostris
1707 1997 1739 2024 in
1761 1996 1819 2025 hac
1839 2001 1943 2034 parte,
1962 2005 2025 2025 non
2048 1997 2167 2035 absque

1161 2049 1243 2078 dicte
1266 2048 1349 2078 sedis
1367 2053 1396 2077 et
1420 2056 1551 2086 persone
1568 2052 1674 2077 nostre
1690 2053 1871 2086 contemptu
1894 2049 2014 2083 nimio,
2038 2058 2165 2087 spreve-

1162 2103 1202 2131 rit
1224 2102 1372 2138 obedire,
1398 2107 1428 2131 tu
1455 2106 1576 2137 tamen,
1603 2102 1748 2131 deferens
1775 2102 1899 2131 homini
1926 2107 2035 2132 contra
2066 2103 2167 2132 Deum

1161 2165 1217 2194 per
1228 2156 1363 2194 prefatas
1379 2155 1499 2185 litteras
1512 2155 1660 2185 traditam
1674 2155 1731 2184 tibi
1748 2155 1881 2184 formam
1896 2161 1925 2185 et
1935 2156 1974 2184 ad
1987 2156 2167 2194 inquisitio-

1124 2232 1126 2234 *
1161 2217 1235 2238 nem
1248 2208 1458 2247 sollempnem
1473 2218 1567 2247 super
1580 2209 1741 2246 premissis
1758 2209 1934 2238 faciendam
1954 2209 2164 2244 descendens,

1161 2271 1196 2291 ac
1213 2262 1238 2290 si
1256 2267 1409 2301 spectaret
1424 2262 1463 2291 ad
1478 2266 1505 2292 te
1521 2262 1558 2291 de
1577 2262 1725 2300 predictis
1737 2262 1886 2291 omnibus
1899 2262 2055 2301 judicare,
2071 2261 2108 2290 ad
2125 2262 2167 2290 ci-

1162 2316 1311 2345 tationem
1330 2316 1508 2345 faciendam
1535 2316 1706 2354 predictam
1732 2315 1899 2354 hucusque
1916 2325 1970 2354 pro
1990 2320 2042 2344 tuo
2060 2323 2167 2353 proce-

1161 2369 1235 2399 dere
1253 2369 1343 2399 libito
1359 2369 1526 2405 distulisti,
1542 2378 1594 2398 sex
1614 2369 1780 2398 mensibus
1800 2373 1830 2397 et
1850 2368 1987 2407 amplius
1999 2369 2065 2407 jain
2082 2367 2166 2405 elap-

1161 2424 1202 2453 sis
1216 2447 1224 2461 ‚
1254 2425 1287 2453 in
1319 2424 1505 2454 eorumdem
1532 2424 1722 2461 guardiani,
1754 2424 1961 2462 preceptoris,
1994 2423 2107 2461 prioris
2138 2426 2168 2452 et

1160 2477 1295 2507 fratrum
1322 2486 1416 2515 grave
1435 2477 1647 2515 prejudicium
1671 2482 1701 2506 et
1722 2486 1911 2514 gravamen,
1936 2482 2060 2514 propter
2083 2474 2167 2514 quod

1161 2530 1237 2568 ipsi,
1257 2530 1379 2567 gravati
1403 2529 1565 2559 laboribus
1590 2533 1620 2559 et
1640 2530 1758 2559 exausti
1783 2529 1944 2567 expensis,
1966 2529 2002 2557 ad
2023 2528 2167 2567 ejusdem

1161 2583 1246 2612 sedis
1261 2583 1464 2613 clementiam
1481 2591 1644 2612 recurrere
1663 2587 1736 2612 sunt
1753 2583 1867 2618 coacti,
1889 2582 1979 2611 nobis
2001 2581 2168 2610 humiliter

1161 2636 1374 2675 supplicantes
1396 2640 1443 2671 ut,
1471 2645 1526 2672 ne,
1549 2636 1632 2673 quod
1649 2636 1749 2671 absit,
1774 2636 1828 2664 fiat
1853 2634 2086 2674 quodammodo
2109 2634 2166 2663 im-

1161 2690 1317 2725 mortalis,
1336 2689 1503 2728 providere
1518 2689 1596 2727 ipsis
1610 2698 1704 2727 super
1719 2689 1777 2718 hoc
1790 2688 2038 2717 misericorditer
2053 2688 2167 2724 digua-

1163 2753 1281 2773 remur.
1309 2743 1462 2778 Quocirca
1488 2742 1678 2771 fraternitati
1708 2746 1757 2771 tue
1784 2751 1837 2780 per
1857 2740 2028 2780 apostolica
2051 2741 2167 2778 scripta

1162 2802 1191 2826 et
1209 2797 1266 2826 sub
1284 2796 1501 2834 suspensionis
1518 2804 1610 2833 pena,
1629 2804 1725 2833 quam
1743 2803 1778 2823 eo
1798 2795 1863 2833 ipso
1882 2799 1908 2823 te
1926 2795 2091 2823 incurrere
2112 2802 2167 2822 vo·

1161 2850 1287 2885 lumus,
1309 2850 1334 2878 si
1352 2849 1538 2878 mandatum
1561 2849 1592 2877 in
1621 2848 1678 2877 liac
1707 2853 1792 2886 parte
1818 2852 1962 2877 nostrum
1984 2847 2162 2884 neglexeris

1161 2902 1347 2940 adimplere,
1368 2902 1510 2931 districte
1527 2901 1730 2940 precipiendo
1749 2901 1939 2930 mandamus
1957 2905 2114 2939 quatenus
2128 2900 2169 2929 ad

1162 2956 1345 2986 citationem
1364 2954 1548 2993 hujusmodi
1572 2963 1626 2992 per
1645 2959 1672 2983 te
1697 2954 1744 2982 vel
1768 2963 1820 2992 pei·
1842 2953 1939 2983 alium
1962 2954 2045 2982 inl'ra
2072 2953 2167 2982 unius

1162 3009 1282 3038 niensis
1307 3008 1442 3046 spatium
1464 3017 1480 3036 a
1504 3007 1681 3046 receptione
1706 3007 1898 3045 presentium
1917 3006 2166 3044 computandum

1164 3063 1330 3103 procedere
1350 3070 1411 3091 non
1429 3062 1566 3097 omittas,
1586 3062 1702 3099 prefixo
1720 3061 1778 3090 sibi
1803 3061 1938 3090 termino
1955 3059 2166 3099 peremptorio

1977 3126 2009 3153 58
