2477 3637
282 391 321 422 60
1030 388 1267 419 REGISTRES
1289 390 1344 420 DE
1367 389 1551 420 NICOLAS
1574 389 1631 420 IV.

282 458 379 489 etiam
423 456 528 487 adhuc
563 455 674 486 aetatis
712 463 836 485 annum
876 454 1192 493 quintumdecimum
1225 464 1290 486 non

283 512 463 550 attingens,
497 511 529 540 in
561 509 655 540 domo
683 508 779 547 patris
811 507 895 537 inter
924 507 1081 537 seculares
1107 509 1199 547 quasi
1218 517 1290 539 con-

285 565 373 595 tinue
389 567 615 594 commoratur.
635 560 780 591 Eundem
804 564 908 589 tamen
934 582 953 589 ..
976 559 1186 591 Guardiensis
1205 562 1289 601 epis-

283 625 389 656 copus,
409 619 452 646 tot
467 615 646 645 defectuum
662 615 692 643 et
708 613 896 642 intrusionis
912 621 975 642 non
988 614 1130 650 ignarus,
1148 614 1181 643 in
1193 614 1291 644 abba-

283 674 346 700 tem
373 667 586 699 confirmavit.
611 667 660 696 Ad
686 666 764 695 haec
789 665 949 704 praefatus
978 666 1064 703 Rao,
1088 667 1291 704 permittente

282 723 364 753 dicto
379 721 541 757 Conrado,
561 721 641 751 bona
658 719 843 750 monasterii
859 718 1019 758 dilapidat.

324 788 338 803 α
358 774 473 805 Dilecti
496 773 555 803 filii
582 773 767 803 Matheus...
789 789 828 793 —
847 772 918 802 Dat.
940 772 1055 808 Reate,
1079 782 1119 802 xv
1137 772 1290 803 kalendas

282 829 435 865 octobris,
453 836 538 858 anno
556 827 668 866 primo.
692 840 703 852 υ

353 1009 440 1038 318

319 1073 476 1106 inquisitor
491 1072 644 1105 deputatur
660 1070 688 1097 in
704 1070 841 1096 comitatu
858 1068 1017 1104 Venysino.
1033 1068 1117 1101 (Rea.
1130 1069 1174 1098 44,
1189 1076 1215 1094 0.
1230 1068 1289 1101 190,

282 1121 301 1148 f.
319 1121 352 1148 46
369 1128 412 1153 r⁰;
432 1120 549 1153 Por-ru„
565 1119 675 1151 22791.)

818 1006 908 1037 Rieti,
928 1007 942 1033 5
962 1007 1123 1041 septembre
1143 1006 1217 1033 1288.

324 1260 344 1267 ..
360 1236 502 1266 ministro
515 1234 699 1273 provintiali
714 1233 833 1264 ordinis
847 1235 984 1271 fratrum
999 1235 1157 1263 minorum
1175 1235 1207 1263 in
1224 1242 1291 1263 am-

281 1291 512 1320 ministratione
524 1288 677 1326 provintie
697 1287 829 1317 mandat
845 1292 1004 1326 quatenus
1020 1286 1116 1325 eligat
1135 1295 1237 1316 unum
1253 1286 1292 1316 de

280 1342 432 1373 fratribus
444 1342 544 1381 ipsius
557 1341 846 1370 administrationis
863 1340 902 1369 ad
920 1339 1142 1379 exequendum
1156 1339 1292 1378 inquisi-

282 1396 376 1427 tionis
402 1395 544 1425 oificium
573 1395 607 1423 111
634 1394 785 1424 comitatu
816 1393 1004 1432 Venysino,
1035 1393 1124 1431 juxta
1155 1393 1291 1422 formam

281 1457 460 1488 expressam
484 1448 517 1477 in
541 1447 657 1477 litteris
674 1456 752 1486 quas
775 1446 926 1476 Clemens
950 1455 1029 1485 papa
1054 1446 1118 1475 1111
1141 1445 1291 1475 fratribus

280 1503 381 1542 ipsius
395 1502 518 1532 ordinis
534 1500 778 1540 inquisitoribus
792 1499 974 1530 destinavit.

325 1568 337 1582 ι
350 1556 411 1584 Pre
427 1554 549 1584 cunctis
565 1558 709 1584 nostre...
722 1569 762 1576 —
774 1554 844 1583 Dat.
859 1553 968 1590 Reate,
983 1553 1076 1582 nonis
1088 1553 1288 1591 septembris,

280 1617 366 1639 anno
381 1609 496 1647 primo.
516 1620 529 1635 ι)

352 1806 438 1834 319

317 1869 474 1903 Inquisitor-
498 1868 650 1903 deputatur
672 1868 700 1894 in
726 1867 881 1903 provinciis
906 1868 1107 1903 infrascriptis.
1132 1868 1215 1903 (ΗΕΘ.
1241 1869 1288 1902 44,

281 1926 306 1945 c.
324 1918 384 1949 191,
397 1917 415 1944 f.
434 1917 466 1943 Δ16
481 1924 524 1949 v⁰;
540 1916 695 1951 WADDiNG,
712 1919 786 1943 sinn.
800 1918 914 1948 Minor„
928 1924 958 1943 11ο
972 1917 1020 1950 t4;
1040 1917 1210 1950 SBARAGMA,
1229 1918 1288 1944 Bul.

818 1805 909 1838 Rieu,
927 1807 942 1832 5
958 1806 1121 1840 septembre
1138 1806 1216 1833 1288.

282 1968 390 1999 Freiria,
410 1965 464 1999 Vl,
482 1975 509 2001 p.
527 1966 570 1998 37,
588 1974 619 1992 n⁰
635 1967 677 1998 50,
695 1967 855 1993 seulement
870 1967 1006 2001 sigualeet
1029 1967 1075 2000 (1).

321 2083 424 2112 Eidem
444 2081 574 2111 mandat
593 2086 751 2120 quatenns
774 2081 870 2120 eligat
887 2082 1017 2111 fratrem
1033 2082 1197 2121 ydoneum
1209 2106 1216 2119 ,
1234 2084 1289 2122 qni

280 2136 501 2175 inquisitionis
522 2135 665 2165 officium
680 2140 825 2165 exerceat
842 2136 875 2165 in
892 2136 1017 2166 civitate
1035 2137 1243 2167 Aurasicensi
1260 2141 1291 2167 et

282 2191 350 2228 ejus
373 2189 517 2218 districtu
543 2198 578 2218 ac
594 2193 696 2218 castro
715 2188 753 2218 de
771 2189 918 2226 Sellone,
945 2198 1071 2219 necnon
1094 2190 1127 2219 in
1151 2191 1288 2220 civitati-

282 2243 359 2277 bus,
393 2242 469 2272 locis
500 2242 566 2271 sive
589 2243 678 2271 terris
708 2242 792 2272 infra
822 2242 1043 2278 Arelatensis,
1071 2244 1233 2282 Aquensis
1261 2248 1291 2274 et

283 2295 523 2325 Ebredunensis
554 2295 791 2334 provinciarum
821 2296 974 2326 terminos
996 2297 1195 2335 constitutis,
1225 2307 1289 2328 me-

282 2349 365 2379 diate
391 2348 441 2378 vel
462 2349 647 2378 immediate
680 2348 852 2379 heredibus
881 2349 1004 2386 Caroli,
1032 2350 1116 2388 regis
1139 2350 1288 2389 Siciliae,

282 2410 347 2432 non
363 2401 524 2440 subjectis.

324 2468 337 2482 α
360 2456 421 2485 Pre
437 2455 559 2485 cunctis
576 2459 719 2486 nostre...
737 2472 776 2478 —
792 2456 863 2486 Dat.
883 2461 1036 2496 utsupra.
1055 2469 1069 2484 n

352 2642 440 2670 320

319 2704 507 2739 Inquisitores
530 2705 690 2732 haereticae
706 2707 854 2741 pravitatis
874 2708 1024 2735 constituit
1039 2709 1067 2734 in
1084 2708 1287 2741 Forcalcherii,

282 2753 460 2785 Arelatensi,
485 2754 634 2788 Aquensi,
661 2754 860 2782 Ebredunensi
886 2757 1042 2791 provinciis
1069 2761 1097 2784 ct
1122 2759 1150 2784 in
1174 2758 1288 2786 civitate

283 2801 488 2829 Aveuionensi.
509 2802 589 2833 (Res.
603 2804 646 2834 44,
664 2812 690 2831 c.
709 2804 767 2836 192,
786 2804 805 2831 f.
825 2805 857 2832 46
874 2812 919 2837 νος
939 2805 1054 2839 romi„
1071 2806 1182 2840 22792.)

821 2643 911 2675 Rieti,
930 2645 944 2670 5
961 2645 1124 2680 septembre
1141 2644 1216 2673 1288.

322 2904 462 2933 Nicotaus
484 2910 536 2934 etc.
559 2907 679 2936 Dilectis
697 2907 774 2944 filiis
793 2910 942 2945 fratribus
962 2910 1082 2939 ordinis
1103 2911 1263 2940 mineram
1280 2934 1286 2947 ‚

283 2956 515 2994 inquisitoribus
547 2960 672 2989 heretice
701 2963 866 2997 pravitatis
884 2985 892 2999 ,
925 2964 1075 3002 deputatis
1108 2965 1288 2994 auctoritate

318 3077 348 3106 (1)
366 3076 485 3101 Potthast
498 3084 512 3100 a
527 3078 595 3101 omis
610 3081 676 3102 cette
693 3081 769 3104 bnlle.

1373 457 1534 494 apostolica
1551 462 1577 485 ει
1598 457 1630 486 ῐη
1649 461 1804 494 posterum
1827 458 2009 495 deputandis
2029 461 2063 490 in
2082 463 2240 498 provintia
2263 462 2383 492 Fotkat-

1374 511 1452 539 iterii
1464 532 1471 546 ‚
1491 511 1680 539 comitatibus
1704 515 1729 539 e!
1745 512 1987 550 quibuscumque
2005 515 2178 544 civitatibus
2193 520 2219 544 e!
2237 516 2308 545 locis
2321 517 2385 545 sive

1373 565 1462 593 terris
1487 565 1609 602 imperii
1633 565 1716 600 infra
1738 565 1934 602 Arelatensis,
1956 567 2103 604 Aquensis
2117 573 2143 597 et
2161 569 2384 599 liberdunensis

1371 618 1601 654 provintiarum
1621 618 1765 646 termInos
1782 619 1970 654 constitutis,
1995 620 2155 650 heredibus
2172 623 2254 651 clare
2271 631 2384 652 memo-

1372 671 1418 698 rie
1433 670 1535 700 Caroli
1549 671 1628 707 repis
1647 670 1750 699 Sicilie
1764 671 1892 700 mediate
1909 672 1955 701 vel
1982 673 2155 704 immediate
2173 675 2314 711 subJ'ectis
2327 698 2334 711 ,
2354 680 2382 705 et

1372 724 1462 752 etiam
1488 725 1519 752 in
1542 725 1663 753 ciuitate
1686 724 1902 760 Αυὶηῐοηεηεῐ,
1925 725 2055 754 salntem
2073 731 2127 756 etc.
2145 738 2159 753 <i
2179 727 2239 756 Pre
2257 727 2382 758 cunctis

1374 780 1479 805 nostre
1491 776 1619 812 mentis,
1632 780 1703 811 etc„
1716 785 1815 814 usque
1826 777 2021 814 conspirare.
2033 779 2128 816 Sane,
2140 784 2175 809 ut
2187 780 2380 819 accepimus,

1371 829 1406 857 111
1423 829 1584 868 aliquibus
1601 830 1743 868 partibus
1759 830 1967 860 comitatuum
1986 832 2144 870 provintie
2164 833 2380 864 Folkalcherii

1373 887 1404 912 et
1416 883 1606 920 quibusdam
1622 883 1805 913 civitatibus
1821 887 1851 912 et
1868 883 1945 913 locis
1958 884 2026 913 sive
2043 886 2135 915 terris
2148 886 2286 925 imperii,
2296 887 2382 918 infra

1372 935 1588 971 Arelatensis,
1622 937 1785 975 Aquensis
1817 941 1848 966 et
1884 936 2123 968 Eberdnnensis
2147 940 2381 977 provintiarum

1374 989 1526 1019 terminos
1551 990 1747 1026 constitutis,
1776 990 1949 1019 heredibus
1980 989 2063 1021 clare
2091 993 2245 1022 memorie
2275 993 2382 1024 Caroli

1374 1043 1456 1080 regis
1477 1042 1586 1072 Sicilie
1607 1043 1743 1072 mediate
1767 1043 1817 1073 vel
1845 1043 2031 1073 immediate
2047 1044 2213 1083 subjectiS,
2230 1054 2267 1075 ac
2284 1046 2381 1076 etiam

1372 1096 1406 1124 in
1432 1097 1559 1126 civitate
1587 1096 1810 1131 Avinionensi,
1841 1096 1919 1126 adeo
1943 1097 2142 1127 infidelitatis
2172 1107 2259 1128 error
2287 1099 2381 1129 inva-

1374 1148 1433 1179 luit
1458 1154 1529 1184 etc,
1559 1158 1659 1189 usqne
1687 1150 1838 1179 adhibeat
1866 1154 2072 1189 oportunum.
2102 1151 2138 1180 In
2162 1151 2310 1189 predictis
2335 1155 2381 1183 ta-

1374 1211 1448 1232 men
1475 1203 1675 1233 comitatibus
1687 1226 1695 1240 ,
1715 1203 1896 1233 civitatibus
1917 1208 1946 1233 et
1964 1203 2041 1233 locis
2059 1204 2126 1234 sive
2144 1205 2236 1234 terris
2252 1205 2382 1244 cupien-

1373 1260 1418 1286 tes
1447 1256 1541 1285 anxie
1569 1261 1649 1292 etc.‚
1681 1265 1782 1295 usque
1809 1256 2008 1295 providimus
2040 1257 2138 1294 igitur
2166 1258 2200 1287 in
2232 1257 2382 1296 predictis

1373 1309 1592 1346 comitatibus,
1619 1309 1800 1339 civitatibus
1823 1314 1853 1339 et
1879 1309 1955 1339 locis
1981 1310 2046 1339 sive
2071 1311 2163 1340 terris
2187 1311 2226 1340 ad
2251 1319 2382 1350 presens

1374 1371 1524 1402 personas
1542 1362 1666 1401 aliquas
1690 1363 1932 1402 circumspectas
1958 1372 2012 1402 pro
2032 1367 2117 1393 tanto
2137 1365 2264 1402 negotio
2283 1364 2383 1404 depu-

1373 1417 1445 1454 tari,
1460 1425 1601 1456 quarum
1618 1416 1750 1446 honesta
1763 1417 1961 1447 conversatio
1974 1416 2156 1456 exemplum
2170 1417 2286 1448 tribuat
2298 1417 2383 1456 puri—

1375 1470 1444 1499 tatis
1465 1474 1494 1499 et
1518 1469 1693 1500 doctrinam
1713 1469 1849 1498 fundant
1875 1470 1999 1499 erudita
2021 1470 2105 1500 labia
2130 1469 2322 1508 salutarem,
2348 1475 2384 1501 ut

1373 1532 1461 1553 sacro
1481 1523 1624 1562 ipsarum
1645 1523 1825 1553 ministerio
1846 1523 1958 1562 prefati
1983 1524 2167 1561 comitatus,
2192 1524 2334 1554 civitates
2353 1529 2385 1554 et

1371 1576 1440 1606 loca
1464 1577 1530 1606 sive
1547 1581 1627 1606 terre
1647 1576 1687 1606 ab
1707 1576 1892 1615 hujusmodi
1913 1577 2068 1615 contagiis
2090 1580 2318 1616 expurgentur.
2340 1577 2384 1608 Ut

1371 1633 1479 1660 autem
1497 1630 1715 1668 inquisitionis
1732 1630 1874 1659 officium
1898 1634 2007 1660 contra
2029 1630 2185 1661 hereticos
2202 1631 2235 1660 in
2254 1631 2383 1670 prefatis

1371 1684 1588 1719 comitatibuS,
1608 1683 1789 1713 civitatibus
1804 1688 1834 1712 et
1855 1682 1931 1713 locis
1947 1684 2014 1713 sive
2042 1683 2135 1713 terris
2162 1684 2259 1722 possit
2273 1683 2382 1714 effica-

1372 1737 1433 1767 tius
1455 1736 1640 1776 adimpleri,
1662 1736 1844 1766 discretioni
1868 1741 1971 1766 vestre
1995 1745 2050 1775 per
2071 1735 2241 1775 apostolica
2267 1736 2383 1775 scripta

1371 1790 1582 1826 mandamus,
1602 1791 1635 1820 in
1662 1790 1885 1820 remissionem
1912 1790 2001 1820 vobis
2026 1790 2247 1828 peccaminum
2270 1790 2382 1829 injun-

1371 1850 1492 1885 gentes,
1511 1850 1667 1884 quatenus
1683 1845 1718 1874 in
1735 1845 1864 1874 caritate
1884 1845 1961 1880 Dei,
1977 1845 2150 1875 hominum
2169 1846 2281 1875 timore
2296 1849 2380 1884 post-

1370 1899 1487 1938 posito,
1515 1899 1664 1928 virtutem
1690 1898 1820 1936 spiritns
1846 1897 2018 1928 induentes
2046 1907 2082 1927 ex
2099 1897 2182 1934 alto,
2201 1898 2382 1936 predictum

1371 1953 1523 1986 officium,
1541 1952 1625 1991 quod
1641 1951 1810 1990 apostolica
1826 1951 1913 1981 vobis
1929 1951 2115 1981 auctoritate
2131 1952 2380 1988 committimus,

1371 2007 1489 2045 ubique
1508 2006 1593 2036 intra
1620 2005 1754 2045 prefatos
1780 2005 1902 2035 limites
1925 2004 2024 2034 simul
2051 2004 2100 2034 vel
2130 2005 2301 2043 separatim
2327 2009 2382 2035 aut

1372 2060 1588 2098 singulariter,
1607 2064 1697 2097 prout
1713 2058 1832 2097 negotii
1851 2058 1969 2088 utilitas
1985 2058 2143 2094 suadebit,
2161 2058 2199 2087 ad
2217 2058 2381 2097 extirpan-

1371 2114 1445 2144 dam
1474 2112 1588 2143 exinde
1616 2113 1787 2142 hereticam
1816 2112 2025 2150 pravitatem.
2058 2111 2116 2141 sub
2145 2120 2198 2149 spe
2226 2111 2382 2142 mercedis

1372 2172 1492 2203 eterne,
1510 2167 1554 2196 sic
1570 2166 1739 2196 efficaciter
1756 2165 1902 2204 prosequi
1919 2169 1949 2194 et
1964 2165 2077 2203 exequi
2095 2164 2259 2201 5101103115,
2277 2168 2311 2194 ut
2325 2173 2381 2203 per
2410 2155 2413 2159 ’

1372 2220 1598 2250 sollicitudinis
1627 2223 1728 2249 vestre
1758 2218 1959 2257 prudentiam
1984 2218 2022 2247 de
2049 2218 2252 2248 comitatibus
2279 2218 2379 2257 ipsis,

1372 2273 1555 2304 civitatibus
1579 2277 1610 2302 et
1631 2272 1706 2302 locis
1728 2272 1794 2301 sive
1816 2271 1907 2301 terris
1930 2271 2016 2300 radix
2036 2271 2220 2310 iniquitatis
2241 2271 2380 2302 heretice

1372 2327 1559 2357 succedatur
1583 2330 1613 2355 et
1636 2325 1728 2355 vinea
1751 2324 1905 2360 Domini,
1934 2324 2154 2354 exterminatis
2178 2323 2356 2363 vulpeculis
2371 2348 2378 2362 ,

1372 2391 1434 2420 que
1460 2380 1618 2420 perversis
1644 2379 1802 2409 morsibus
1829 2378 2051 2408 demoliuntur
2079 2378 2230 2414 eandem,
2259 2378 2380 2409 fructus

1371 2434 1482 2464 afferat
1500 2432 1654 2463 catholice
1680 2431 1839 2470 puritatis.
1869 2432 1902 2461 Si
1928 2440 2006 2470 quos
2032 2435 2139 2461 autem
2165 2431 2204 2462 de
2226 2431 2380 2470 pravitate

1373 2488 1511 2528 predicta
1540 2485 1713 2525 culpabiles
1741 2485 1931 2514 inveneritis
1961 2485 2011 2514 vel
2041 2485 2176 2515 infectos
2202 2493 2257 2515 seu
2284 2485 2380 2515 etiam
2419 2486 2423 2492 '

1372 2542 1557 2577 infamatos,
1578 2543 1687 2570 contra
1714 2539 1797 2577 ipsos
1821 2539 1880 2568 nisi
1911 2538 2084 2568 examinati
2108 2538 2251 2569 absolute
2281 2538 2380 2569 velint

1372 2594 1530 2624 mandatis
1542 2592 1672 2623 ecclesie
1689 2591 1829 2627 obedire,
1846 2600 1969 2621 necnon
1986 2596 2017 2621 et
2031 2595 2141 2622 contra
2157 2594 2378 2630 receptatores,

1371 2648 1553 2678 defensores
1567 2651 1596 2675 et
1613 2646 1748 2675 fautores
1764 2653 1872 2674 eorum
1885 2668 1892 2682 ,
1907 2645 1997 2683 juxta
2013 2632 2193 2675 sanctiones
2209 2645 2379 2676 canonicas

1371 2702 1555 2731 auctoritate
1586 2699 1776 2739 apostolica,
1808 2698 1977 2728 hominum
2013 2701 2097 2728 metu
2128 2698 2239 2729 divino
2272 2699 2379 2729 timori

1371 2754 1538 2794 postposito
1550 2776 1557 2790 ‚
1576 2753 1760 2792 procedatis.
1780 2752 1852 2782 Non
1871 2751 2069 2782 obstantibus
2084 2751 2246 2790 aliquibus
2267 2751 2378 2783 litteris

1369 2809 1409 2839 ad
1428 2815 1647 2847 quoscumque
1668 2806 1746 2836 alios
1765 2806 1802 2835 de
1818 2806 2018 2836 comitatibus
2036 2805 2129 2844 ipsis,
2147 2805 2329 2836 civitatibus
2349 2809 2380 2836 et

1370 2862 1447 2892 locis
1463 2861 1529 2891 sive
1549 2861 1657 2897 terris,
1677 2860 1815 2898 exceptis
1828 2859 1969 2890 locorum
1986 2859 2181 2896 diocesanis,
2201 2867 2296 2899 super
2315 2859 2377 2890 hu-

1367 2915 1509 2954 jusmodi
1527 2914 1652 2951 negotio
1672 2913 1711 2943 ab
1727 2914 1793 2952 ipsa
1815 2913 1889 2943 sede
1910 2912 2054 2949 directis,
2073 2921 2209 2951 quarum
2228 2912 2378 2952 deinceps

1369 2969 1408 2998 ad
1432 2969 1655 3007 inquisitiones
1678 2966 1862 3006 hujusmodi
1877 2965 2039 2996 faciendas
2065 2965 2216 2996 nolumus
2241 2966 2376 2997 auctori-

1371 3025 1431 3051 tate
1448 3021 1570 3060 procedi
1587 3045 1592 3057 ‚
1616 3020 1798 3059 quinimmo
1817 3028 1856 3049 118
1877 3018 2064 3058 procedatur
2079 3027 2134 3058 per
2156 3018 2228 3049 illas
2251 3019 2377 3050 distric-

1371 3074 1433 3103 tius
1457 3073 1666 3109 inhibemus,
1690 3081 1748 3102 neo
1775 3075 1917 3111 pretextu
1940 3070 2179 3101 commissionis
2199 3069 2377 3110 specialiter
