2342 3652
936 372 1168 413 TROISOEME
1190 376 1346 413 ANNEE.
2122 377 2178 408 573

95 453 258 488 habenteS,
274 451 382 489 gravia
393 450 530 480 subieris
543 455 572 480 et
584 450 689 480 adhuc
702 455 730 480 te
744 451 850 480 subire
863 454 984 490 oportet
998 457 1095 479 onera

96 513 317 546 expensarum,
331 512 425 533 nos...
438 503 630 533 fraternitati
644 508 695 533 tue
707 504 791 542 quod
804 504 970 542 prioratus,
985 510 1095 542 prepo-

95 559 214 589 situras
229 561 259 587 et
273 556 420 587 ecclesias
433 556 588 595 predictas
603 565 658 595 per
676 565 778 586 unum
793 566 917 586 annum
932 557 1096 593 integrum

96 615 262 652 postquam
279 618 373 640 cause
389 609 527 648 predicte
543 610 736 639 cessaverint
751 618 788 639 ac
807 609 906 639 libere
921 609 960 638 ad
976 609 1094 647 episco-

97 669 206 704 patum
228 667 319 693 tuum
345 662 449 693 redire
472 662 590 701 poteris
613 661 698 692 licite
714 663 852 692 retinere
868 662 972 692 valeas
989 666 1098 691 aucto-

97 718 188 748 ritate
216 715 386 756 apostolica
416 715 566 745 duximus
599 715 877 745 concedendum...
911 715 981 745 Dat.
1014 714 1098 754 apud

98 771 376 805 Urbemveterem,
396 768 502 798 idibus
517 767 704 803 decembris,
723 776 808 798 anno
823 768 924 799 tertio.
945 781 957 793 ι

591 849 717 883 Orvieto,
735 850 766 876 13
782 849 933 876 decembre
950 849 1028 876 1290.

139 915 177 945 In
198 923 225 944 e.
249 923 292 944 m.
319 935 339 943 ..
366 913 511 951 episcopo
533 912 666 942 Elnensi
691 916 720 942 et
741 935 761 942 ..
788 912 892 942 abbati
914 911 1100 942 monasterii

99 967 209 999 Sancti
235 965 402 996 Michaelis
427 965 466 995 de
490 965 636 1000 Cuxano,
666 965 815 995 Elnensis
838 965 1006 1001 dioecesis,
1027 968 1057 994 et
1077 987 1099 995 ..

97 1019 324 1051 archidiacono
344 1018 446 1048 Vallis
474 1018 573 1057 Spirii
593 1018 627 1047 in
652 1017 783 1048 ecclesia
811 1017 943 1048 Elnensi
970 1017 1102 1047 mandat

99 1076 136 1104 ut
149 1072 253 1103 eidem
269 1071 386 1102 Pontio
402 1071 453 1101 vel
468 1071 664 1109 procuratori
678 1071 746 1109 ejus
765 1070 802 1100 de
818 1070 982 1105 fructibus,
995 1069 1100 1100 reddi-

100 1126 183 1156 tibus
205 1129 237 1155 et
258 1124 466 1164 proventibus
490 1124 588 1154 unius
605 1124 683 1153 anni
708 1124 922 1162 prioratuum,
940 1123 1101 1162 praeposi-

99 1184 243 1210 turarum
267 1183 298 1209 et
320 1178 527 1209 ecclesiarum
550 1177 798 1216 praedictorum,
815 1177 903 1215 juxta
925 1176 1102 1215 praedictae

96 1232 312 1264 concessionis
333 1236 493 1268 tenorem,
514 1230 657 1270 plenarie
677 1230 863 1269 responderi
883 1230 1010 1260 faciant.
1028 1229 1099 1258 Dat.

99 1289 135 1316 ut
151 1294 261 1324 supra,
281 1284 365 1324 apud
382 1284 661 1319 Urbemveterem,
680 1283 787 1312 idibus
804 1283 998 1318 decembris,
1015 1290 1102 1312 anno

100 1339 202 1370 tertio.
220 1340 278 1376 (En
292 1337 423 1377 marqe.)

171 1503 424 1533 3295-32913

136 1566 286 1594 Fratribus
294 1565 455 1592 minoribus
465 1564 648 1599 Lucanisjus
658 1564 763 1590 liberae
772 1565 935 1599 sepulturae
945 1564 1103 1591 confirmat.

100 1615 186 1650 (Rea.
203 1616 247 1650 45,
263 1623 289 1642 c.
306 1615 367 1646 576,
383 1615 403 1642 f.
421 1614 470 1641 116
485 1621 531 1647 v⁰;
549 1613 667 1644 Pone„
679 1613 789 1646 23487.)

614 1501 740 1533 Οι·ν1910,
759 1502 773 1528 5
789 1502 938 1528 decembre
956 1502 1033 1529 1290.

145 1741 167 1749 ..
196 1718 371 1756 yuardiano
401 1722 427 1747 et
455 1717 605 1753 fratribus
636 1716 756 1745 ordinis
782 1717 937 1744 minorum
967 1716 1106 1745 Lucanis.

106 1772 364 1802 Instrumentum
391 1770 558 1800 confirmat
589 1777 652 1808 quo
676 1769 727 1806 J.‚
760 1767 894 1798 Sanctae
923 1768 1043 1798 Mariae
1073 1768 1108 1798 in

107 1825 169 1855 Via
179 1824 242 1854 lata
257 1824 410 1854 diaconus
425 1821 607 1860 cardinalis,
618 1822 715 1861 judex
727 1821 887 1860 delegatus
899 1822 932 1851 in
944 1822 1109 1860 questione

108 1878 148 1909 de
162 1877 343 1917 sepulturae
357 1878 445 1916 jure,
463 1877 548 1906 inter
562 1876 737 1915 praedictos
752 1876 864 1905 fratres
880 1879 909 1905 et
927 1875 1065 1914 priorem
1081 1880 1111 1906 et

104 1931 283 1970 capitulum
307 1930 458 1960 ecclesiae
485 1929 593 1959 Sancti
625 1928 769 1958 Fridiani
797 1929 958 1963 Lucanae,
990 1928 1110 1958 ordinis

106 1983 140 2014 S.
167 1983 362 2022 Augustini,
395 1983 566 2020 existente,
596 1981 748 2011 fratribus
771 1981 953 2011 minoribus
976 1980 1111 2011 liberam

106 2037 303 2076 sepulturam
325 2045 393 2067 esse
415 2035 574 2072 decrevit;
599 2036 691 2074 cujus
712 2035 921 2065 instrumenti
946 2039 1035 2065 tenor
1059 2034 1112 2065 hic

106 2095 155 2121 est
173 2103 180 2120 :

147 2156 162 2172 «
186 2144 224 2174 In
247 2143 379 2174 nomine
402 2143 546 2173 Domini.
572 2141 703 2172 Dudum
725 2141 810 2171 inter
832 2141 996 2179 religiosos
1074 2157 1114 2164 —

110 2210 124 2226 n
148 2198 236 2235 Lata,
251 2197 332 2228 lecta
347 2201 377 2227 et
392 2197 523 2226 recitata
538 2196 599 2226 fuit
611 2195 791 2234 supradicta
804 2195 963 2225 sententia
977 2204 1031 2234 per
1042 2203 1112 2231 nos,

110 2264 124 2279 ι
147 2251 344 2282 cardinalem
357 2250 526 2290 prefatum,
539 2249 622 2288 apud
638 2249 911 2283 Urbemveterem‚
928 2248 962 2277 in
975 2248 1113 2287 hospitio

112 2316 126 2332 ιι
149 2309 270 2342 nostro,
285 2312 371 2334 anno
386 2303 517 2333 Domini
531 2302 785 2338 MCCLXXXX,
800 2301 975 2331 indictione
989 2305 1112 2339 quarta,

112 2369 126 2385 s
151 2357 352 2397 pontificatus
367 2355 479 2386 domni
501 2355 627 2385 Nicolai
646 2364 723 2393 pape
739 2354 824 2384 IIIIti
836 2362 922 2384 anno
940 2354 1046 2391 tertio,
1064 2353 1114 2383 die

113 2422 127 2438 n
151 2410 277 2447 martis,
305 2410 439 2449 septima
462 2409 514 2439 die
539 2409 660 2438 mensis
688 2408 888 2444 novembris,
916 2406 1115 2445 presentibus

114 2475 128 2491 ι
151 2463 282 2503 prefatis
298 2462 466 2502 Baynaldo
487 2466 518 2492 et
540 2462 624 2500 Lapo
639 2461 914 2500 procuratoribus,
933 2464 963 2490 et
985 2468 1114 2498 presen—

114 2529 130 2544 »
153 2517 237 2547 tibus
253 2521 283 2546 et
297 2516 415 2554 rogatis
428 2515 561 2546 testibus
574 2515 712 2553 dompno
725 2513 910 2550 Valentino,
925 2513 1036 2543 abbate
1049 2521 1115 2542 mo-

114 2581 130 2598 »
153 2569 286 2600 nasterii
301 2569 404 2599 Vallis
417 2569 577 2606 umbrose,
595 2568 730 2598 Giffrido
744 2567 782 2597 de
800 2567 971 2603 Placentia,
985 2565 1116 2604 dompni

115 2635 130 2651 ι
152 2632 232 2662 pape
247 2622 410 2661 capellano
428 2625 458 2652 et
477 2622 576 2661 ipsius
592 2621 700 2661 palatii
715 2620 875 2657 auditore,
893 2620 1044 2657 magistro
1061 2619 1117 2648 Jo-

115 2687 130 2704 »
152 2676 262 2706 hanne
280 2675 413 2712 Maroti,
434 2679 554 2705 rectore
571 2674 702 2704 ecclesie
720 2674 829 2704 Sancti
849 2673 993 2711 Georgii,
1010 2672 1116 2702 Picta-

116 2741 131 2758 »
153 2730 273 2760 viensis
291 2730 443 2765 diocesiS,
466 2733 497 2759 et
518 2728 658 2758 Henrico
683 2728 722 2758 de
742 2728 879 2763 Arrono,
897 2731 926 2757 et
950 2725 1115 2762 Gualasco‚

116 2794 132 2810 »
154 2783 307 2813 canonico
327 2782 534 2819 Civitatensi,
552 2780 726 2820 capellanis
742 2780 873 2816 nostris,
895 2778 1117 2809 Bartholomeo

117 2846 132 2863 »
154 2835 316 2872 Jannocti,
338 2835 462 2865 notario
484 2835 523 2865 de
539 2834 641 2869 Luca,
663 2838 693 2864 et
707 2833 800 2863 Petro
816 2832 951 2862 Asibilis
965 2831 1003 2861 de
1020 2831 1116 2862 Setia.

117 2899 133 2915 »
155 2887 194 2918 In
218 2889 309 2927 cujus
326 2888 374 2917 rei
400 2887 616 2917 testimonium
641 2895 770 2925 presens
791 2886 1044 2914 instrumentum
1065 2892 1120 2922 per

118 2952 134 2968 υ
153 2941 295 2980 judicem
319 2941 502 2971 Johannem
531 2939 728 2970 Parlatorem
758 2939 796 2968 de
826 2938 931 2974 Setia,
958 2937 1119 2967 notarium

119 3005 134 3022 a
157 2998 320 3032 nostrum,
344 2995 398 3033 qni
424 2993 574 3033 predictis
596 2992 758 3029 interfuit,
780 2991 851 3021 fieri
876 2990 1117 3025 mandavimus,

121 3059 135 3075 ι
159 3051 190 3078 et
212 3048 465 3078 instrumentum
480 3048 587 3086 ipsum
606 3045 704 3085 sigilli
727 3045 829 3076 nostri
851 3044 984 3074 fecimus
1000 3051 1119 3083 appen-

1179 460 1192 475 »
1217 448 1306 478 sione
1317 448 1449 477 muniri.
1465 447 1502 477 Et
1515 455 1571 485 ego
1582 446 1747 476 Johannes
1760 445 1865 476 dictus
1876 445 2019 475 Parlator
2030 445 2068 475 de
2081 444 2178 481 Setia,

1179 513 1193 528 »
1215 501 1383 540 apostolice
1403 501 1487 531 sedis
1504 500 1690 530 auctoritate
1703 499 1799 538 judex
1816 504 1846 529 et
1862 499 2004 529 notarius
2021 503 2049 528 et
2065 499 2179 537 prefati

1180 566 1194 581 »
1217 555 1341 585 domini
1358 554 1467 584 Jacobi
1488 553 1660 584 cardinalis
1683 553 1837 588 notarius,
1859 553 2009 591 predictis
2030 552 2180 582 omnibus

1181 620 1194 635 ι)
1218 611 1346 646 rogatus
1361 607 1493 637 interfui
1509 610 1539 637 et
1554 616 1590 636 ea
1605 607 1643 636 de
1658 606 1808 635 mandato
1824 606 1926 644 ipsius
1941 605 2063 635 domini
2080 604 2179 635 cardi-

1181 672 1195 687 »
1220 660 1304 690 nalis
1320 661 1442 700 scripsi,
1457 660 1617 700 publicavi
1633 664 1663 689 et
1675 660 1766 697 signo
1781 667 1852 689 meo
1868 659 2005 697 signavi.
2027 671 2041 684 >1

1222 726 1236 741 «
1254 714 1298 743 Ea
1314 722 1375 752 que
1386 714 1543 752 judicio...
1560 729 1598 735 —
1611 713 1682 742 Dat.
1698 711 1780 751 apud
1796 712 2070 749 Urbemveterem,
2087 711 2182 742 nonis

1181 766 1368 802 decembris,
1385 774 1470 795 anno
1487 766 1587 795 tertio.
1607 777 1620 791 n

1221 819 1261 848 In
1277 829 1304 849 e.
1322 828 1366 848 m.
1384 841 1404 848 ..
1426 819 1587 857 episcopo,
1612 842 1632 849 ..
1656 818 1836 857 primicerio
1853 818 1981 856 maj0ris
1999 822 2029 847 et
2047 840 2066 848 ..
2084 817 2182 856 priori

1183 871 1353 902 saecularis
1381 873 1567 902 Sanctorum
1595 871 1755 901 Johannis
1779 875 1809 900 et
1835 871 2008 909 Reparatae
2035 870 2183 900 Lucanae

1183 925 1388 956 ecclesiarum
1414 925 1545 954 mandat
1572 928 1608 954 ut
1636 923 1828 963 praedictam
1852 924 2045 953 seutentiam
2071 923 2183 962 exequi

1183 979 1310 1009 faciant.

1226 1043 1239 1058 α
1257 1031 1371 1061 Petitio
1387 1030 1576 1060 dilectorum
1590 1029 1768 1059 filiorum...
1788 1045 1828 1052 —
1845 1029 1915 1059 Dat.
1934 1034 1968 1059 ut
1985 1038 2089 1067 supra.
2111 1040 2122 1055 n

1255 1215 1505 1245 3287-3803

1220 1278 1428 1313 Indulgentiae.
1446 1277 1526 1312 (Rsc.
1547 1277 1590 1308 45,
1608 1285 1634 1303 c.
1651 1277 1711 1308 577,
1728 1277 1746 1303 f.
1767 1277 1813 1303 117
1830 1278 1877 1308 ro.)

1681 1214 1806 1245 Orvieto,
1823 1213 1856 1240 23
1872 1213 2022 1239 decembre
2040 1213 2116 1240 1290.

1229 1387 1381 1417 Universis
1403 1386 1516 1416 Christi
1533 1387 1672 1424 fidelibus
1688 1390 1839 1423 presentes
1857 1386 1975 1414 litteras
1999 1385 2186 1422 inspecturis.

1187 1439 1428 1477 Indulgentiam
1446 1439 1542 1469 unius
1553 1439 1632 1468 anni
1649 1442 1678 1467 et
1692 1447 1730 1467 xc
1744 1437 1868 1467 dierum
1884 1437 2028 1467 concedit
2039 1436 2190 1467 omnibus

1187 1502 1261 1523 vere
1277 1492 1513 1532 poenitentibus
1526 1496 1556 1522 et
1569 1492 1720 1522 confessis
1736 1491 1791 1530 qui
1805 1489 1971 1521 ecclesiam
1985 1490 2022 1520 de
2039 1490 2189 1525 Pairano,

1187 1546 1387 1577 Tholosanae
1405 1546 1569 1582 dioecesis,
1586 1545 1679 1575 certis
1694 1544 1805 1574 diebus
1819 1544 2030 1573 visitaverint.

1231 1610 1245 1625 α
1264 1598 1335 1628 Vite
1349 1597 1499 1636 perennis
1517 1596 1653 1635 gloria...
1672 1613 1710 1618 —
1726 1596 1797 1625 Dat.
1818 1594 1900 1634 apud
1916 1594 2188 1629 Urbemveterem,

1190 1660 1208 1680 x
1221 1650 1373 1680 kalendas
1385 1650 1538 1689 januarii,
1556 1658 1641 1679 anno
1659 1649 1760 1679 tertio.
1779 1661 1792 1675 ι)

1684 1729 1811 1763 Orvieto,
1830 1728 1860 1755 13
1875 1727 2025 1754 decembre
2043 1727 2121 1754 1290.

1232 1794 1271 1824 In
1290 1803 1318 1825 e.
1337 1803 1398 1830 m.‚
1417 1801 1473 1832 pro
1492 1792 1624 1823 ecclesia
1645 1792 1753 1822 Sancti
1771 1790 1890 1829 Angeli
1907 1791 1945 1820 de
1963 1794 2063 1820 castro
2083 1789 2193 1820 Sancti

1193 1847 1322 1886 Angeli,
1338 1846 1536 1885 Tyburtinae
1551 1845 1714 1875 dioecesis.
1732 1845 1804 1874 Dat.
1824 1843 1907 1883 apud
1922 1844 2194 1879 Urbemveterem‚

1193 1901 1300 1931 idibus
1312 1900 1499 1935 decembris,
1515 1907 1601 1929 anno
1618 1899 1719 1928 tertio.
1738 1899 1795 1935 (En
1810 1897 1940 1935 marye.)

1688 1978 1813 2011 Orvieto,
1834 1978 1863 2003 18
1881 1976 2030 2003 decembre
2049 1976 2126 2003 1290.

1235 2042 1274 2072 In
1291 2051 1318 2072 e.
1340 2051 1397 2081 m.‚
1414 2050 1470 2080 pro
1486 2040 1618 2071 ecclesia
1635 2041 1747 2071 domus
1764 2039 1872 2069 Sancti
1890 2039 1992 2068 Lucae
2009 2038 2195 2073 Brixiensis,

1195 2095 1235 2125 ad
1250 2104 1417 2125 romanam
1440 2094 1604 2124 ecclesiam
1622 2093 1712 2123 nullo
1730 2092 1835 2122 medio
1856 2092 2058 2131 pertinentis,
2077 2091 2198 2121 ordinis

1196 2147 1457 2178 Humiliatorum.
1475 2148 1543 2177 Dat.
1559 2151 1711 2185 utsupra,
1728 2155 1767 2175 xv
1780 2145 1934 2175 kalendas
1949 2144 2101 2183 januarii,
2116 2152 2199 2173 anno

1196 2202 1298 2232 tertio.
1315 2201 1420 2241 (Ibid.)

1236 2255 1275 2284 In
1288 2263 1314 2283 e.
1330 2263 1387 2290 m.‚
1399 2262 1455 2292 pro
1471 2252 1603 2283 ecclesia
1617 2252 1773 2282 Omnium
1789 2251 1978 2282 Sanctorum
1996 2249 2197 2280 Novariensi.

1197 2308 1269 2338 Dat.
1290 2311 1323 2337 ut
1338 2315 1444 2346 supra.
1462 2307 1562 2344 (Ibid.)

1706 2371 1836 2403 Orvieto‚
1855 2371 1869 2397 5
1886 2370 2035 2397 decembre
2053 2369 2128 2396 1290.

1237 2437 1277 2466 In
1295 2445 1322 2465 e.
1339 2444 1397 2472 m.‚
1414 2443 1470 2474 pro
1486 2433 1618 2464 ecclesia
1636 2433 1821 2463 monasterii
1839 2433 1971 2463 Sanctae
1985 2430 2152 2461 Trinitatis
2163 2429 2201 2459 de

1199 2489 1351 2528 Exaquio,
1373 2487 1627 2518 Constantiensis
1650 2487 1814 2516 dioecesis.
1839 2486 1911 2515 Dat.
1931 2485 2015 2524 apud
2031 2484 2202 2515 Urbemve-

1199 2546 1310 2579 terem,
1328 2541 1423 2571 nonis
1438 2540 1628 2577 decembris,
1646 2548 1731 2569 anno
1749 2540 1849 2569 tertio.
1870 2539 1973 2577 (Ibid.)

1745 2619 1876 2653 Orvieto‚
1895 2619 1909 2645 4
1923 2618 2036 2653 janvier
2056 2617 2130 2645 1291.

1239 2685 1279 2714 In
1297 2693 1324 2713 e.
1341 2692 1398 2720 m.‚
1415 2691 1471 2722 pro
1487 2681 1620 2712 ecclesia
1637 2681 1750 2711 domus
1766 2681 1901 2710 fratrum
1920 2680 2083 2709 minorum
2099 2677 2202 2708 Cado-

1200 2738 1332 2774 mensis,
1350 2736 1535 2767 Baiocensis
1551 2735 1713 2771 dioecesis,
1730 2735 1763 2764 in
1778 2743 1840 2773 qua
1852 2733 2005 2763 festivitas
2024 2732 2056 2762 S.
2073 2731 2204 2770 Georgii

1201 2791 1387 2822 solemniter
1399 2789 1587 2820 celebratur.
1600 2789 1671 2818 Dat.
1684 2788 1767 2827 apud
1783 2787 2054 2822 Urbemveterem,
2067 2795 2089 2815 11
2104 2794 2204 2815 nonas

1199 2844 1350 2883 januarii,
1368 2852 1453 2873 anno
1467 2843 1569 2872 tertio.
1585 2842 1693 2879 (Ibid.‚·
1710 2841 1846 2877 Por-m.‚
1864 2839 1987 2878 23:321.)

1740 2920 1865 2951 Orvieto,
1886 2920 1911 2946 11
1926 2919 2038 2954 janvier
2055 2919 2132 2946 1291.

1243 2988 1282 3017 In
1299 2996 1325 3017 e.
1345 2995 1407 3024 m.‚
1426 2994 1482 3025 pro
1504 2984 1635 3015 ecclesia
1660 2985 1773 3014 domus
1797 2983 1910 3012 Beatae
1930 2982 2051 3011 Mariae
2071 2981 2206 3019 virginis

1205 3041 1243 3071 de
1264 3040 1415 3077 Conchis,
1440 3039 1479 3070 ad
1503 3046 1666 3069 romanam
1687 3036 1852 3067 ecclesiam
1875 3034 1964 3066 nullo
1984 3034 2089 3065 medio
2110 3034 2206 3074 perti-
