<?xml version="1.0" encoding="UTF-8"?>
<!DOCTYPE html PUBLIC "-//W3C//DTD XHTML 1.0 Transitional//EN"
    "http://www.w3.org/TR/xhtml1/DTD/xhtml1-transitional.dtd">
<html xmlns="http://www.w3.org/1999/xhtml" xml:lang="en" lang="en">
 <head>
  <title>
</title>
<meta http-equiv="Content-Type" content="text/html;charset=utf-8" />
  <meta name='ocr-system' content='tesseract 3.04.00' />
  <meta name='ocr-capabilities' content='ocr_page ocr_carea ocr_par ocr_line ocrx_word'/>
</head>
<body>
  <div class='ocr_page' id='page_1' title='image "./lesregistresdeni01romeuoft_0242.png"; bbox 0 0 2477 3637; ppageno 0'>
   <div class='ocr_carea' id='block_1_1' title="bbox 196 370 1541 415">
    <p class='ocr_par' dir='ltr' id='par_1_1' title="bbox 196 370 1541 415">
     <span class='ocr_line' id='line_1_1' title="bbox 196 370 1541 415; baseline -0.01 -2"><span class='ocrx_word' id='word_1_1' title='bbox 196 383 254 415; x_wconf 75' lang='lat'>232</span> <span class='ocrx_word' id='word_1_2' title='bbox 899 382 902 385; x_wconf 91' lang='lat'>&#39;</span> <span class='ocrx_word' id='word_1_3' title='bbox 949 373 1186 405; x_wconf 78' lang='lat' dir='ltr'>REGISTRES</span> <span class='ocrx_word' id='word_1_4' title='bbox 1207 373 1262 404; x_wconf 87' lang='lat' dir='ltr'>DE</span> <span class='ocrx_word' id='word_1_5' title='bbox 1283 370 1461 402; x_wconf 78' lang='lat' dir='ltr'>NICOLAS</span> <span class='ocrx_word' id='word_1_6' title='bbox 1485 370 1541 400; x_wconf 91' lang='lat' dir='ltr'>IV.</span> 
     </span>
    </p>
   </div>
   <div class='ocr_carea' id='block_1_2' title="bbox 188 440 1204 1601">
    <p class='ocr_par' dir='ltr' id='par_1_2' title="bbox 188 440 1204 1601">
     <span class='ocr_line' id='line_1_2' title="bbox 197 440 1204 488; baseline -0.012 -7"><span class='ocrx_word' id='word_1_7' title='bbox 197 454 227 481; x_wconf 89' lang='lat' dir='ltr'>et</span> <span class='ocrx_word' id='word_1_8' title='bbox 251 448 466 488; x_wconf 86' lang='lat' dir='ltr'>Fulcalquerii</span> <span class='ocrx_word' id='word_1_9' title='bbox 489 453 637 477; x_wconf 83' lang='lat' dir='ltr'>concesse</span> <span class='ocrx_word' id='word_1_10' title='bbox 660 452 715 483; x_wconf 88' lang='lat' dir='ltr'>per</span> <span class='ocrx_word' id='word_1_11' title='bbox 738 450 905 472; x_wconf 86' lang='lat' dir='ltr'>romanam</span> <span class='ocrx_word' id='word_1_12' title='bbox 927 440 1093 472; x_wconf 87' lang='lat' dir='ltr'>ecclesiam</span> <span class='ocrx_word' id='word_1_13' title='bbox 1120 440 1204 471; x_wconf 85' lang='lat' dir='ltr'>clare</span> 
     </span>
     <span class='ocr_line' id='line_1_3' title="bbox 195 493 1204 538; baseline -0.012 -4"><span class='ocrx_word' id='word_1_14' title='bbox 195 502 351 534; x_wconf 86' lang='lat' dir='ltr'>memorie</span> <span class='ocrx_word' id='word_1_15' title='bbox 367 501 416 538; x_wconf 94' lang='lat' dir='ltr'>C.‚</span> <span class='ocrx_word' id='word_1_16' title='bbox 433 500 499 538; x_wconf 83' lang='lat' dir='ltr'>regi</span> <span class='ocrx_word' id='word_1_17' title='bbox 522 497 648 533; x_wconf 85' lang='lat' dir='ltr'>Sicilie,</span> <span class='ocrx_word' id='word_1_18' title='bbox 664 495 745 536; x_wconf 89' lang='lat' dir='ltr'>patri</span> <span class='ocrx_word' id='word_1_19' title='bbox 761 503 818 525; x_wconf 92' lang='lat' dir='ltr'>suo</span> <span class='ocrx_word' id='word_1_20' title='bbox 831 518 838 531; x_wconf 90' lang='lat'>,</span> <span class='ocrx_word' id='word_1_21' title='bbox 858 498 888 524; x_wconf 92' lang='lat' dir='ltr'>et</span> <span class='ocrx_word' id='word_1_22' title='bbox 904 494 943 524; x_wconf 89' lang='lat' dir='ltr'>ad</span> <span class='ocrx_word' id='word_1_23' title='bbox 964 493 1204 532; x_wconf 88' lang='lat' dir='ltr'>recoligendum</span> 
     </span>
     <span class='ocr_line' id='line_1_4' title="bbox 196 545 1203 585; baseline -0.01 0"><span class='ocrx_word' id='word_1_24' title='bbox 196 553 404 585; x_wconf 81' lang='lat' dir='ltr'>sollicitudini</span> <span class='ocrx_word' id='word_1_25' title='bbox 424 557 475 582; x_wconf 84' lang='lat' dir='ltr'>tue</span> <span class='ocrx_word' id='word_1_26' title='bbox 492 549 673 584; x_wconf 81' lang='lat' dir='ltr'>commisse,</span> <span class='ocrx_word' id='word_1_27' title='bbox 690 551 810 578; x_wconf 88' lang='lat' dir='ltr'>certam</span> <span class='ocrx_word' id='word_1_28' title='bbox 823 555 841 576; x_wconf 90' lang='lat' dir='ltr'>a</span> <span class='ocrx_word' id='word_1_29' title='bbox 859 550 887 577; x_wconf 90' lang='lat' dir='ltr'>te</span> <span class='ocrx_word' id='word_1_30' title='bbox 903 555 958 576; x_wconf 89' lang='lat' dir='ltr'>seu</span> <span class='ocrx_word' id='word_1_31' title='bbox 980 545 1203 576; x_wconf 78' lang='lat' dir='ltr'>collectoribus</span> 
     </span>
     <span class='ocr_line' id='line_1_5' title="bbox 195 599 1204 647; baseline -0.011 -9"><span class='ocrx_word' id='word_1_32' title='bbox 195 606 339 647; x_wconf 85' lang='lat' dir='ltr'>ejusdem</span> <span class='ocrx_word' id='word_1_33' title='bbox 355 605 476 636; x_wconf 89' lang='lat' dir='ltr'>decime</span> <span class='ocrx_word' id='word_1_34' title='bbox 491 610 651 633; x_wconf 90' lang='lat' dir='ltr'>summam</span> <span class='ocrx_word' id='word_1_35' title='bbox 668 600 798 639; x_wconf 88' lang='lat' dir='ltr'>recepit,</span> <span class='ocrx_word' id='word_1_36' title='bbox 815 607 870 639; x_wconf 90' lang='lat' dir='ltr'>pro</span> <span class='ocrx_word' id='word_1_37' title='bbox 886 599 986 638; x_wconf 89' lang='lat' dir='ltr'>ipsius</span> <span class='ocrx_word' id='word_1_38' title='bbox 998 599 1083 637; x_wconf 83' lang='lat' dir='ltr'>regis</span> <span class='ocrx_word' id='word_1_39' title='bbox 1098 607 1204 628; x_wconf 89' lang='lat' dir='ltr'>neces-</span> 
     </span>
     <span class='ocr_line' id='line_1_6' title="bbox 196 650 1202 696; baseline -0.01 -6"><span class='ocrx_word' id='word_1_40' title='bbox 196 659 353 696; x_wconf 84' lang='lat' dir='ltr'>sitatibus,</span> <span class='ocrx_word' id='word_1_41' title='bbox 369 657 507 688; x_wconf 85' lang='lat' dir='ltr'>servitiis</span> <span class='ocrx_word' id='word_1_42' title='bbox 518 664 573 685; x_wconf 89' lang='lat' dir='ltr'>seu</span> <span class='ocrx_word' id='word_1_43' title='bbox 590 653 783 685; x_wconf 78' lang='lat' dir='ltr'>utilitatibus</span> <span class='ocrx_word' id='word_1_44' title='bbox 794 651 1002 690; x_wconf 84' lang='lat' dir='ltr'>erogandam,</span> <span class='ocrx_word' id='word_1_45' title='bbox 1016 652 1075 682; x_wconf 91' lang='lat' dir='ltr'>sub</span> <span class='ocrx_word' id='word_1_46' title='bbox 1083 650 1202 689; x_wconf 85' lang='lat' dir='ltr'>obliga-</span> 
     </span>
     <span class='ocr_line' id='line_1_7' title="bbox 197 704 1202 750; baseline -0.009 -8"><span class='ocrx_word' id='word_1_47' title='bbox 197 712 281 742; x_wconf 85' lang='lat' dir='ltr'>tione</span> <span class='ocrx_word' id='word_1_48' title='bbox 289 710 426 750; x_wconf 85' lang='lat' dir='ltr'>quadam</span> <span class='ocrx_word' id='word_1_49' title='bbox 438 708 521 749; x_wconf 87' lang='lat' dir='ltr'>quod</span> <span class='ocrx_word' id='word_1_50' title='bbox 529 709 629 747; x_wconf 84' lang='lat' dir='ltr'>ipsam</span> <span class='ocrx_word' id='word_1_51' title='bbox 640 707 696 737; x_wconf 91' lang='lat' dir='ltr'>tibi</span> <span class='ocrx_word' id='word_1_52' title='bbox 707 706 889 737; x_wconf 84' lang='lat' dir='ltr'>restitueret</span> <span class='ocrx_word' id='word_1_53' title='bbox 899 705 985 734; x_wconf 81' lang='lat' dir='ltr'>infra</span> <span class='ocrx_word' id='word_1_54' title='bbox 997 704 1202 734; x_wconf 90' lang='lat' dir='ltr'>determinati</span> 
     </span>
     <span class='ocr_line' id='line_1_8' title="bbox 195 757 1203 803; baseline -0.007 -9"><span class='ocrx_word' id='word_1_55' title='bbox 195 764 345 803; x_wconf 90' lang='lat' dir='ltr'>temporis</span> <span class='ocrx_word' id='word_1_56' title='bbox 361 763 497 802; x_wconf 89' lang='lat' dir='ltr'>spatium</span> <span class='ocrx_word' id='word_1_57' title='bbox 511 786 518 799; x_wconf 92' lang='lat'>,</span> <span class='ocrx_word' id='word_1_58' title='bbox 536 761 609 792; x_wconf 90' lang='lat' dir='ltr'>licet</span> <span class='ocrx_word' id='word_1_59' title='bbox 626 760 665 791; x_wconf 88' lang='lat' dir='ltr'>de</span> <span class='ocrx_word' id='word_1_60' title='bbox 692 759 873 790; x_wconf 82' lang='lat' dir='ltr'>exhibenda</span> <span class='ocrx_word' id='word_1_61' title='bbox 894 758 956 788; x_wconf 91' lang='lat' dir='ltr'>sibi</span> <span class='ocrx_word' id='word_1_62' title='bbox 983 758 1051 797; x_wconf 88' lang='lat' dir='ltr'>ipsa</span> <span class='ocrx_word' id='word_1_63' title='bbox 1067 757 1203 796; x_wconf 88' lang='lat' dir='ltr'>pecunia</span> 
     </span>
     <span class='ocr_line' id='line_1_9' title="bbox 193 811 1201 855; baseline -0.007 -8"><span class='ocrx_word' id='word_1_64' title='bbox 193 817 380 847; x_wconf 89' lang='lat' dir='ltr'>mandatum</span> <span class='ocrx_word' id='word_1_65' title='bbox 395 819 578 855; x_wconf 89' lang='lat' dir='ltr'>competens</span> <span class='ocrx_word' id='word_1_66' title='bbox 594 822 659 844; x_wconf 91' lang='lat' dir='ltr'>non</span> <span class='ocrx_word' id='word_1_67' title='bbox 679 813 814 843; x_wconf 88' lang='lat' dir='ltr'>haberes</span> <span class='ocrx_word' id='word_1_68' title='bbox 825 834 834 849; x_wconf 92' lang='lat'>,</span> <span class='ocrx_word' id='word_1_69' title='bbox 853 815 980 851; x_wconf 85' lang='lat' dir='ltr'>propter</span> <span class='ocrx_word' id='word_1_70' title='bbox 1005 811 1091 850; x_wconf 86' lang='lat' dir='ltr'>quod</span> <span class='ocrx_word' id='word_1_71' title='bbox 1108 819 1127 840; x_wconf 93' lang='lat' dir='ltr'>a</span> <span class='ocrx_word' id='word_1_72' title='bbox 1142 819 1201 840; x_wconf 90' lang='lat' dir='ltr'>no—</span> 
     </span>
     <span class='ocr_line' id='line_1_10' title="bbox 193 864 1202 909; baseline -0.008 -8"><span class='ocrx_word' id='word_1_73' title='bbox 193 871 242 901; x_wconf 89' lang='lat' dir='ltr'>bis</span> <span class='ocrx_word' id='word_1_74' title='bbox 262 870 446 909; x_wconf 84' lang='lat' dir='ltr'>suppliciter</span> <span class='ocrx_word' id='word_1_75' title='bbox 460 868 631 908; x_wconf 86' lang='lat' dir='ltr'>postulavit</span> <span class='ocrx_word' id='word_1_76' title='bbox 650 871 698 902; x_wconf 91' lang='lat' dir='ltr'>ut,</span> <span class='ocrx_word' id='word_1_77' title='bbox 723 875 797 896; x_wconf 93' lang='lat' dir='ltr'>cum</span> <span class='ocrx_word' id='word_1_78' title='bbox 817 870 849 895; x_wconf 87' lang='lat' dir='ltr'>tu</span> <span class='ocrx_word' id='word_1_79' title='bbox 874 865 1009 895; x_wconf 89' lang='lat' dir='ltr'>eandem</span> <span class='ocrx_word' id='word_1_80' title='bbox 1032 864 1202 903; x_wconf 88' lang='lat' dir='ltr'>pecuniam</span> 
     </span>
     <span class='ocr_line' id='line_1_11' title="bbox 193 919 1201 963; baseline -0.007 -7"><span class='ocrx_word' id='word_1_81' title='bbox 193 926 233 956; x_wconf 92' lang='lat' dir='ltr'>ab</span> <span class='ocrx_word' id='word_1_82' title='bbox 249 926 360 956; x_wconf 90' lang='lat' dir='ltr'>eodem</span> <span class='ocrx_word' id='word_1_83' title='bbox 376 924 509 955; x_wconf 84' lang='lat' dir='ltr'>Isuardo</span> <span class='ocrx_word' id='word_1_84' title='bbox 519 928 624 963; x_wconf 88' lang='lat' dir='ltr'>petere</span> <span class='ocrx_word' id='word_1_85' title='bbox 640 922 758 953; x_wconf 89' lang='lat' dir='ltr'>dicaris</span> <span class='ocrx_word' id='word_1_86' title='bbox 776 922 944 957; x_wconf 80' lang='lat' dir='ltr'>instanter,</span> <span class='ocrx_word' id='word_1_87' title='bbox 965 919 1131 960; x_wconf 86' lang='lat' dir='ltr'>providere</span> <span class='ocrx_word' id='word_1_88' title='bbox 1145 929 1201 949; x_wconf 91' lang='lat' dir='ltr'>su-</span> 
     </span>
     <span class='ocr_line' id='line_1_12' title="bbox 192 973 1202 1018; baseline -0.007 -9"><span class='ocrx_word' id='word_1_89' title='bbox 192 988 248 1018; x_wconf 87' lang='lat' dir='ltr'>per</span> <span class='ocrx_word' id='word_1_90' title='bbox 262 979 319 1009; x_wconf 83' lang='lat' dir='ltr'>hoc</span> <span class='ocrx_word' id='word_1_91' title='bbox 336 978 436 1017; x_wconf 84' lang='lat' dir='ltr'>ipsius</span> <span class='ocrx_word' id='word_1_92' title='bbox 447 977 573 1007; x_wconf 87' lang='lat' dir='ltr'>Isuardi</span> <span class='ocrx_word' id='word_1_93' title='bbox 585 975 874 1015; x_wconf 89' lang='lat' dir='ltr'>indempnitatibus</span> <span class='ocrx_word' id='word_1_94' title='bbox 885 982 1080 1004; x_wconf 79' lang='lat' dir='ltr'>curaremus.</span> <span class='ocrx_word' id='word_1_95' title='bbox 1097 973 1202 1009; x_wconf 84' lang='lat' dir='ltr'>Quare</span> 
     </span>
     <span class='ocr_line' id='line_1_13' title="bbox 192 1027 1201 1069; baseline -0.007 -7"><span class='ocrx_word' id='word_1_96' title='bbox 192 1032 384 1062; x_wconf 79' lang='lat' dir='ltr'>fraternitati</span> <span class='ocrx_word' id='word_1_97' title='bbox 411 1036 461 1061; x_wconf 90' lang='lat' dir='ltr'>tue</span> <span class='ocrx_word' id='word_1_98' title='bbox 487 1040 542 1069; x_wconf 89' lang='lat' dir='ltr'>per</span> <span class='ocrx_word' id='word_1_99' title='bbox 561 1029 732 1069; x_wconf 86' lang='lat' dir='ltr'>apostolica</span> <span class='ocrx_word' id='word_1_100' title='bbox 750 1029 866 1067; x_wconf 85' lang='lat' dir='ltr'>scripta</span> <span class='ocrx_word' id='word_1_101' title='bbox 881 1027 1074 1057; x_wconf 87' lang='lat' dir='ltr'>mandamus</span> <span class='ocrx_word' id='word_1_102' title='bbox 1090 1030 1201 1065; x_wconf 86' lang='lat' dir='ltr'>quate-</span> 
     </span>
     <span class='ocr_line' id='line_1_14' title="bbox 193 1081 1200 1126; baseline -0.008 -10"><span class='ocrx_word' id='word_1_103' title='bbox 193 1095 271 1123; x_wconf 76' lang='lat' dir='ltr'>nu5‚</span> <span class='ocrx_word' id='word_1_104' title='bbox 290 1091 457 1126; x_wconf 83' lang='lat' dir='ltr'>postquam</span> <span class='ocrx_word' id='word_1_105' title='bbox 473 1085 527 1114; x_wconf 88' lang='lat' dir='ltr'>tibi</span> <span class='ocrx_word' id='word_1_106' title='bbox 553 1083 730 1114; x_wconf 87' lang='lat' dir='ltr'>constiterit</span> <span class='ocrx_word' id='word_1_107' title='bbox 747 1082 832 1121; x_wconf 89' lang='lat' dir='ltr'>quod</span> <span class='ocrx_word' id='word_1_108' title='bbox 852 1082 955 1111; x_wconf 86' lang='lat' dir='ltr'>dictus</span> <span class='ocrx_word' id='word_1_109' title='bbox 978 1089 1031 1110; x_wconf 81' lang='lat' dir='ltr'>rex</span> <span class='ocrx_word' id='word_1_110' title='bbox 1055 1081 1200 1117; x_wconf 82' lang='lat' dir='ltr'>assigna-</span> 
     </span>
     <span class='ocr_line' id='line_1_15' title="bbox 193 1133 1199 1176; baseline -0.007 -7"><span class='ocrx_word' id='word_1_111' title='bbox 193 1139 315 1170; x_wconf 81' lang='lat' dir='ltr'>tionem</span> <span class='ocrx_word' id='word_1_112' title='bbox 331 1139 412 1169; x_wconf 85' lang='lat' dir='ltr'>dicte</span> <span class='ocrx_word' id='word_1_113' title='bbox 433 1146 575 1168; x_wconf 81' lang='lat' dir='ltr'>summe.</span> <span class='ocrx_word' id='word_1_114' title='bbox 595 1146 648 1176; x_wconf 85' lang='lat' dir='ltr'>per</span> <span class='ocrx_word' id='word_1_115' title='bbox 667 1142 694 1166; x_wconf 87' lang='lat' dir='ltr'>te</span> <span class='ocrx_word' id='word_1_116' title='bbox 715 1135 765 1165; x_wconf 87' lang='lat' dir='ltr'>vel</span> <span class='ocrx_word' id='word_1_117' title='bbox 786 1135 825 1165; x_wconf 84' lang='lat' dir='ltr'>de</span> <span class='ocrx_word' id='word_1_118' title='bbox 847 1134 998 1164; x_wconf 85' lang='lat' dir='ltr'>mandato</span> <span class='ocrx_word' id='word_1_119' title='bbox 1015 1138 1069 1163; x_wconf 87' lang='lat' dir='ltr'>tuo</span> <span class='ocrx_word' id='word_1_120' title='bbox 1085 1133 1199 1162; x_wconf 79' lang='lat' dir='ltr'>factam</span> 
     </span>
     <span class='ocr_line' id='line_1_16' title="bbox 193 1187 1200 1231; baseline -0.009 -8"><span class='ocrx_word' id='word_1_121' title='bbox 193 1192 276 1223; x_wconf 90' lang='lat' dir='ltr'>dicto</span> <span class='ocrx_word' id='word_1_122' title='bbox 297 1192 441 1231; x_wconf 86' lang='lat' dir='ltr'>Isuardo,</span> <span class='ocrx_word' id='word_1_123' title='bbox 458 1196 559 1221; x_wconf 89' lang='lat' dir='ltr'>ratam</span> <span class='ocrx_word' id='word_1_124' title='bbox 579 1190 745 1225; x_wconf 87' lang='lat' dir='ltr'>habuerit,</span> <span class='ocrx_word' id='word_1_125' title='bbox 763 1189 930 1227; x_wconf 83' lang='lat' dir='ltr'>ipsamque</span> <span class='ocrx_word' id='word_1_126' title='bbox 948 1187 1075 1216; x_wconf 85' lang='lat' dir='ltr'>duxerit</span> <span class='ocrx_word' id='word_1_127' title='bbox 1089 1194 1200 1223; x_wconf 88' lang='lat' dir='ltr'>accep-</span> 
     </span>
     <span class='ocr_line' id='line_1_17' title="bbox 192 1238 1199 1283; baseline -0.008 -8"><span class='ocrx_word' id='word_1_128' title='bbox 192 1244 341 1281; x_wconf 85' lang='lat' dir='ltr'>tandam,</span> <span class='ocrx_word' id='word_1_129' title='bbox 365 1244 541 1283; x_wconf 83' lang='lat' dir='ltr'>predictum</span> <span class='ocrx_word' id='word_1_130' title='bbox 564 1242 735 1272; x_wconf 90' lang='lat' dir='ltr'>Isuardum</span> <span class='ocrx_word' id='word_1_131' title='bbox 751 1245 781 1270; x_wconf 90' lang='lat' dir='ltr'>et</span> <span class='ocrx_word' id='word_1_132' title='bbox 806 1240 1009 1279; x_wconf 77' lang='lat' dir='ltr'>fideJussores</span> <span class='ocrx_word' id='word_1_133' title='bbox 1031 1238 1134 1278; x_wconf 84' lang='lat' dir='ltr'>ipsius</span> <span class='ocrx_word' id='word_1_134' title='bbox 1150 1247 1199 1267; x_wconf 91' lang='lat' dir='ltr'>ra-</span> 
     </span>
     <span class='ocr_line' id='line_1_18' title="bbox 191 1291 1200 1337; baseline -0.008 -9"><span class='ocrx_word' id='word_1_135' title='bbox 191 1299 277 1329; x_wconf 88' lang='lat' dir='ltr'>tione</span> <span class='ocrx_word' id='word_1_136' title='bbox 292 1297 432 1337; x_wconf 84' lang='lat' dir='ltr'>predicte</span> <span class='ocrx_word' id='word_1_137' title='bbox 447 1296 583 1335; x_wconf 82' lang='lat' dir='ltr'>pecunie</span> <span class='ocrx_word' id='word_1_138' title='bbox 605 1300 635 1325; x_wconf 89' lang='lat' dir='ltr'>et</span> <span class='ocrx_word' id='word_1_139' title='bbox 659 1293 865 1332; x_wconf 80' lang='lat' dir='ltr'>obligationis</span> <span class='ocrx_word' id='word_1_140' title='bbox 892 1293 1020 1331; x_wconf 85' lang='lat' dir='ltr'>prestite</span> <span class='ocrx_word' id='word_1_141' title='bbox 1037 1291 1094 1321; x_wconf 85' lang='lat' dir='ltr'>tibi</span> <span class='ocrx_word' id='word_1_142' title='bbox 1110 1299 1200 1330; x_wconf 87' lang='lat' dir='ltr'>prop-</span> 
     </span>
     <span class='ocr_line' id='line_1_19' title="bbox 191 1345 1200 1390; baseline -0.007 -9"><span class='ocrx_word' id='word_1_143' title='bbox 191 1356 275 1381; x_wconf 85' lang='lat' dir='ltr'>terea</span> <span class='ocrx_word' id='word_1_144' title='bbox 296 1360 351 1390; x_wconf 86' lang='lat' dir='ltr'>per</span> <span class='ocrx_word' id='word_1_145' title='bbox 374 1350 513 1380; x_wconf 86' lang='lat' dir='ltr'>eundem</span> <span class='ocrx_word' id='word_1_146' title='bbox 537 1357 600 1379; x_wconf 93' lang='lat' dir='ltr'>non</span> <span class='ocrx_word' id='word_1_147' title='bbox 618 1349 753 1387; x_wconf 88' lang='lat' dir='ltr'>impetas</span> <span class='ocrx_word' id='word_1_148' title='bbox 774 1346 823 1376; x_wconf 86' lang='lat' dir='ltr'>vel</span> <span class='ocrx_word' id='word_1_149' title='bbox 850 1346 1019 1382; x_wconf 75' lang='lat' dir='ltr'>molestes,</span> <span class='ocrx_word' id='word_1_150' title='bbox 1037 1345 1094 1374; x_wconf 87' lang='lat' dir='ltr'>sed</span> <span class='ocrx_word' id='word_1_151' title='bbox 1114 1345 1200 1382; x_wconf 88' lang='lat' dir='ltr'>ipsos</span> 
     </span>
     <span class='ocr_line' id='line_1_20' title="bbox 188 1398 1199 1442; baseline -0.007 -8"><span class='ocrx_word' id='word_1_152' title='bbox 188 1404 229 1435; x_wconf 91' lang='lat' dir='ltr'>ab</span> <span class='ocrx_word' id='word_1_153' title='bbox 243 1403 438 1442; x_wconf 84' lang='lat' dir='ltr'>obligatione</span> <span class='ocrx_word' id='word_1_154' title='bbox 459 1402 580 1441; x_wconf 80' lang='lat' dir='ltr'>prefata</span> <span class='ocrx_word' id='word_1_155' title='bbox 595 1401 710 1431; x_wconf 90' lang='lat' dir='ltr'>liberes</span> <span class='ocrx_word' id='word_1_156' title='bbox 726 1405 756 1430; x_wconf 89' lang='lat' dir='ltr'>et</span> <span class='ocrx_word' id='word_1_157' title='bbox 770 1399 915 1430; x_wconf 87' lang='lat' dir='ltr'>absolvas</span> <span class='ocrx_word' id='word_1_158' title='bbox 927 1409 937 1436; x_wconf 90' lang='lat'>;</span> <span class='ocrx_word' id='word_1_159' title='bbox 955 1403 986 1428; x_wconf 94' lang='lat' dir='ltr'>et</span> <span class='ocrx_word' id='word_1_160' title='bbox 1007 1398 1034 1428; x_wconf 90' lang='lat' dir='ltr'>si</span> <span class='ocrx_word' id='word_1_161' title='bbox 1049 1398 1130 1428; x_wconf 83' lang='lat' dir='ltr'>forte</span> <span class='ocrx_word' id='word_1_162' title='bbox 1145 1407 1199 1427; x_wconf 89' lang='lat' dir='ltr'>su-</span> 
     </span>
     <span class='ocr_line' id='line_1_21' title="bbox 188 1452 1200 1498; baseline -0.008 -9"><span class='ocrx_word' id='word_1_163' title='bbox 188 1467 244 1498; x_wconf 87' lang='lat' dir='ltr'>per</span> <span class='ocrx_word' id='word_1_164' title='bbox 259 1458 317 1488; x_wconf 89' lang='lat' dir='ltr'>hoc</span> <span class='ocrx_word' id='word_1_165' title='bbox 328 1461 438 1488; x_wconf 90' lang='lat' dir='ltr'>contra</span> <span class='ocrx_word' id='word_1_166' title='bbox 454 1465 528 1487; x_wconf 90' lang='lat' dir='ltr'>eum</span> <span class='ocrx_word' id='word_1_167' title='bbox 545 1455 595 1486; x_wconf 89' lang='lat' dir='ltr'>vel</span> <span class='ocrx_word' id='word_1_168' title='bbox 603 1454 807 1494; x_wconf 85' lang='lat' dir='ltr'>fidejussores</span> <span class='ocrx_word' id='word_1_169' title='bbox 823 1454 892 1492; x_wconf 88' lang='lat' dir='ltr'>ejus</span> <span class='ocrx_word' id='word_1_170' title='bbox 907 1453 942 1482; x_wconf 90' lang='lat' dir='ltr'>in</span> <span class='ocrx_word' id='word_1_171' title='bbox 957 1452 1068 1491; x_wconf 88' lang='lat' dir='ltr'>aliquo</span> <span class='ocrx_word' id='word_1_172' title='bbox 1078 1460 1200 1491; x_wconf 86' lang='lat' dir='ltr'>proces-</span> 
     </span>
     <span class='ocr_line' id='line_1_22' title="bbox 190 1505 1196 1550; baseline -0.008 -8"><span class='ocrx_word' id='word_1_173' title='bbox 190 1511 272 1549; x_wconf 85' lang='lat' dir='ltr'>sisti,</span> <span class='ocrx_word' id='word_1_174' title='bbox 298 1519 482 1550; x_wconf 85' lang='lat' dir='ltr'>processum</span> <span class='ocrx_word' id='word_1_175' title='bbox 505 1513 595 1539; x_wconf 85' lang='lat' dir='ltr'>tuum</span> <span class='ocrx_word' id='word_1_176' title='bbox 624 1516 773 1538; x_wconf 85' lang='lat' dir='ltr'>revocare</span> <span class='ocrx_word' id='word_1_177' title='bbox 795 1515 958 1546; x_wconf 90' lang='lat' dir='ltr'>procures.</span> <span class='ocrx_word' id='word_1_178' title='bbox 987 1506 1059 1535; x_wconf 90' lang='lat' dir='ltr'>Dat.</span> <span class='ocrx_word' id='word_1_179' title='bbox 1085 1505 1196 1541; x_wconf 83' lang='lat' dir='ltr'>Reate,</span> 
     </span>
     <span class='ocr_line' id='line_1_23' title="bbox 188 1561 847 1601; baseline -0.009 -6"><span class='ocrx_word' id='word_1_180' title='bbox 188 1575 207 1596; x_wconf 85' lang='lat' dir='ltr'><strong>x</strong></span> <span class='ocrx_word' id='word_1_181' title='bbox 222 1565 377 1595; x_wconf 82' lang='lat' dir='ltr'>kalendas</span> <span class='ocrx_word' id='word_1_182' title='bbox 394 1563 521 1601; x_wconf 85' lang='lat' dir='ltr'>augusti</span> <span class='ocrx_word' id='word_1_183' title='bbox 532 1586 540 1600; x_wconf 93' lang='lat'>,</span> <span class='ocrx_word' id='word_1_184' title='bbox 557 1570 642 1592; x_wconf 89' lang='lat' dir='ltr'>anno</span> <span class='ocrx_word' id='word_1_185' title='bbox 658 1561 810 1591; x_wconf 91' lang='lat' dir='ltr'>secundo.</span> <span class='ocrx_word' id='word_1_186' title='bbox 833 1572 847 1588; x_wconf 82' lang='lat'><strong><em>»</em></strong></span> 
     </span>
    </p>
   </div>
   <div class='ocr_carea' id='block_1_3' title="bbox 265 1718 1126 1753">
    <p class='ocr_par' dir='ltr' id='par_1_3' title="bbox 265 1718 1126 1753">
     <span class='ocr_line' id='line_1_24' title="bbox 265 1718 1126 1753; baseline -0.009 -1"><span class='ocrx_word' id='word_1_187' title='bbox 265 1724 380 1752; x_wconf 72' lang='grc'>1096</span> <span class='ocrx_word' id='word_1_188' title='bbox 778 1720 866 1751; x_wconf 84' lang='lat' dir='ltr'>Rieti,</span> <span class='ocrx_word' id='word_1_189' title='bbox 883 1719 918 1747; x_wconf 73' lang='lat'>28</span> <span class='ocrx_word' id='word_1_190' title='bbox 930 1719 1026 1753; x_wconf 86' lang='lat' dir='ltr'>juillet</span> <span class='ocrx_word' id='word_1_191' title='bbox 1048 1718 1126 1746; x_wconf 68' lang='lat'>1289.</span> 
     </span>
    </p>
   </div>
   <div class='ocr_carea' id='block_1_4' title="bbox 189 1782 1197 1868">
    <p class='ocr_par' dir='ltr' id='par_1_4' title="bbox 189 1782 1197 1868">
     <span class='ocr_line' id='line_1_25' title="bbox 226 1782 1197 1822; baseline -0.006 -8"><span class='ocrx_word' id='word_1_192' title='bbox 226 1786 402 1814; x_wconf 69' lang='lat' dir='ltr'>Refer-matio</span> <span class='ocrx_word' id='word_1_193' title='bbox 417 1785 583 1812; x_wconf 85' lang='lat' dir='ltr'>monasterii</span> <span class='ocrx_word' id='word_1_194' title='bbox 599 1784 697 1822; x_wconf 79' lang='lat' dir='ltr'>Sancti</span> <span class='ocrx_word' id='word_1_195' title='bbox 710 1783 843 1819; x_wconf 88' lang='lat' dir='ltr'>Dionysii</span> <span class='ocrx_word' id='word_1_196' title='bbox 859 1784 888 1810; x_wconf 91' lang='lat' dir='ltr'>in</span> <span class='ocrx_word' id='word_1_197' title='bbox 905 1782 1035 1809; x_wconf 84' lang='lat' dir='ltr'>Francia.</span> <span class='ocrx_word' id='word_1_198' title='bbox 1052 1782 1135 1818; x_wconf 72' lang='lat' dir='ltr'>(Rae.</span> <span class='ocrx_word' id='word_1_199' title='bbox 1153 1782 1197 1815; x_wconf 83' lang='lat'>44,</span> 
     </span>
     <span class='ocr_line' id='line_1_26' title="bbox 189 1832 859 1868; baseline -0.009 -4"><span class='ocrx_word' id='word_1_200' title='bbox 189 1845 216 1863; x_wconf 87' lang='lat' dir='ltr'>e.</span> <span class='ocrx_word' id='word_1_201' title='bbox 233 1836 293 1868; x_wconf 65' lang='lat'>326,</span> <span class='ocrx_word' id='word_1_202' title='bbox 310 1836 330 1862; x_wconf 82' lang='lat' dir='ltr'>f.</span> <span class='ocrx_word' id='word_1_203' title='bbox 351 1835 398 1862; x_wconf 79' lang='lat'>176</span> <span class='ocrx_word' id='word_1_204' title='bbox 413 1842 458 1866; x_wconf 83' lang='lat' dir='ltr'>v⁰;</span> <span class='ocrx_word' id='word_1_205' title='bbox 476 1834 543 1861; x_wconf 60' lang='lat' dir='ltr'>Lae.</span> <span class='ocrx_word' id='word_1_206' title='bbox 560 1842 596 1860; x_wconf 86' lang='lat' dir='ltr'>nu</span> <span class='ocrx_word' id='word_1_207' title='bbox 608 1832 713 1864; x_wconf 66' lang='lat' dir='ltr'>Tam,</span> <span class='ocrx_word' id='word_1_208' title='bbox 730 1832 767 1864; x_wconf 92' lang='lat'>11,</span> <span class='ocrx_word' id='word_1_209' title='bbox 788 1832 859 1864; x_wconf 82' lang='lat'>188.)</span> 
     </span>
    </p>
   </div>
   <div class='ocr_carea' id='block_1_5' title="bbox 191 1933 1203 2621">
    <p class='ocr_par' dir='ltr' id='par_1_5' title="bbox 191 1933 1203 2511">
     <span class='ocr_line' id='line_1_27' title="bbox 231 1933 1200 1976; baseline -0.005 -8"><span class='ocrx_word' id='word_1_210' title='bbox 231 1939 351 1969; x_wconf 81' lang='lat' dir='ltr'>Dilectis</span> <span class='ocrx_word' id='word_1_211' title='bbox 367 1938 440 1976; x_wconf 82' lang='lat' dir='ltr'>filiis</span> <span class='ocrx_word' id='word_1_212' title='bbox 460 1960 479 1967; x_wconf 93' lang='lat'>..</span> <span class='ocrx_word' id='word_1_213' title='bbox 498 1937 636 1967; x_wconf 80' lang='lat' dir='ltr'>Cistercz&#39;t&#39;</span> <span class='ocrx_word' id='word_1_214' title='bbox 652 1941 677 1965; x_wconf 83' lang='lat' dir='ltr'>et</span> <span class='ocrx_word' id='word_1_215' title='bbox 696 1958 716 1965; x_wconf 93' lang='lat'>..</span> <span class='ocrx_word' id='word_1_216' title='bbox 734 1936 768 1965; x_wconf 85' lang='lat' dir='ltr'>de</span> <span class='ocrx_word' id='word_1_217' title='bbox 785 1935 957 1965; x_wconf 77' lang='lat' dir='ltr'>Ctaravalle</span> <span class='ocrx_word' id='word_1_218' title='bbox 972 1944 1006 1964; x_wconf 85' lang='lat' dir='ltr'>ac</span> <span class='ocrx_word' id='word_1_219' title='bbox 1024 1957 1043 1963; x_wconf 89' lang='lat'>..</span> <span class='ocrx_word' id='word_1_220' title='bbox 1061 1935 1095 1964; x_wconf 87' lang='lat' dir='ltr'>de</span> <span class='ocrx_word' id='word_1_221' title='bbox 1112 1933 1200 1963; x_wconf 83' lang='lat' dir='ltr'>Garo-</span> 
     </span>
     <span class='ocr_line' id='line_1_28' title="bbox 193 1987 1200 2025; baseline -0.006 -3"><span class='ocrx_word' id='word_1_222' title='bbox 193 1993 278 2022; x_wconf 79' lang='lat' dir='ltr'>liloco</span> <span class='ocrx_word' id='word_1_223' title='bbox 297 1992 552 2021; x_wconf 65' lang='lat' dir='ltr'>&#39;monasteriorum</span> <span class='ocrx_word' id='word_1_224' title='bbox 569 1990 744 2025; x_wconf 76' lang='lat' dir='ltr'>abbatibus,</span> <span class='ocrx_word' id='word_1_225' title='bbox 767 1988 971 2018; x_wconf 78' lang='lat' dir='ltr'>Cisterct&#39;ensis</span> <span class='ocrx_word' id='word_1_226' title='bbox 987 1988 1105 2017; x_wconf 78' lang='lat' dir='ltr'>ordinis</span> <span class='ocrx_word' id='word_1_227' title='bbox 1117 2010 1125 2024; x_wconf 91' lang='lat'>,</span> <span class='ocrx_word' id='word_1_228' title='bbox 1144 1987 1200 2016; x_wconf 87' lang='lat' dir='ltr'>Ca-</span> 
     </span>
     <span class='ocr_line' id='line_1_29' title="bbox 191 2040 1201 2082; baseline -0.006 -7"><span class='ocrx_word' id='word_1_229' title='bbox 191 2044 369 2081; x_wconf 79' lang='lat' dir='ltr'>bilonensis,</span> <span class='ocrx_word' id='word_1_230' title='bbox 385 2044 579 2082; x_wconf 75' lang='lat' dir='ltr'>Linyonensis</span> <span class='ocrx_word' id='word_1_231' title='bbox 594 2049 619 2072; x_wconf 89' lang='lat' dir='ltr'>et</span> <span class='ocrx_word' id='word_1_232' title='bbox 635 2042 869 2072; x_wconf 75' lang='lat' dir='ltr'>silvanectensis</span> <span class='ocrx_word' id='word_1_233' title='bbox 885 2042 1066 2077; x_wconf 76' lang='lat' dir='ltr'>diocestum,</span> <span class='ocrx_word' id='word_1_234' title='bbox 1083 2040 1201 2079; x_wconf 85' lang='lat' dir='ltr'>quibus</span> 
     </span>
     <span class='ocr_line' id='line_1_30' title="bbox 192 2094 1201 2130; baseline -0.006 -1"><span class='ocrx_word' id='word_1_235' title='bbox 192 2098 422 2130; x_wconf 85' lang='lat' dir='ltr'>correctionem</span> <span class='ocrx_word' id='word_1_236' title='bbox 447 2101 478 2127; x_wconf 89' lang='lat' dir='ltr'>et</span> <span class='ocrx_word' id='word_1_237' title='bbox 501 2095 764 2126; x_wconf 81' lang='lat' dir='ltr'>reformationem</span> <span class='ocrx_word' id='word_1_238' title='bbox 784 2095 971 2125; x_wconf 90' lang='lat' dir='ltr'>monasterii</span> <span class='ocrx_word' id='word_1_239' title='bbox 996 2094 1105 2124; x_wconf 83' lang='lat' dir='ltr'>Sancti</span> <span class='ocrx_word' id='word_1_240' title='bbox 1123 2094 1201 2123; x_wconf 94' lang='lat' dir='ltr'>Dio-</span> 
     </span>
     <span class='ocr_line' id='line_1_31' title="bbox 192 2146 1201 2192; baseline -0.006 -11"><span class='ocrx_word' id='word_1_241' title='bbox 192 2151 281 2192; x_wconf 77' lang='lat' dir='ltr'>nysii</span> <span class='ocrx_word' id='word_1_242' title='bbox 296 2151 330 2180; x_wconf 89' lang='lat' dir='ltr'>in</span> <span class='ocrx_word' id='word_1_243' title='bbox 348 2150 482 2180; x_wconf 87' lang='lat' dir='ltr'>Francia</span> <span class='ocrx_word' id='word_1_244' title='bbox 497 2149 621 2189; x_wconf 89' lang='lat' dir='ltr'>pridem</span> <span class='ocrx_word' id='word_1_245' title='bbox 637 2148 810 2185; x_wconf 90' lang='lat' dir='ltr'>commisit,</span> <span class='ocrx_word' id='word_1_246' title='bbox 827 2148 958 2178; x_wconf 87' lang='lat' dir='ltr'>mandat</span> <span class='ocrx_word' id='word_1_247' title='bbox 972 2151 1131 2186; x_wconf 87' lang='lat' dir='ltr'>quatenus</span> <span class='ocrx_word' id='word_1_248' title='bbox 1141 2146 1201 2176; x_wconf 87' lang='lat' dir='ltr'>ali-</span> 
     </span>
     <span class='ocr_line' id='line_1_32' title="bbox 191 2200 1202 2244; baseline -0.005 -10"><span class='ocrx_word' id='word_1_249' title='bbox 191 2213 271 2244; x_wconf 85' lang='lat' dir='ltr'>quas</span> <span class='ocrx_word' id='word_1_250' title='bbox 288 2212 438 2243; x_wconf 85' lang='lat' dir='ltr'>personas</span> <span class='ocrx_word' id='word_1_251' title='bbox 450 2203 489 2233; x_wconf 91' lang='lat' dir='ltr'>de</span> <span class='ocrx_word' id='word_1_252' title='bbox 503 2202 662 2242; x_wconf 87' lang='lat' dir='ltr'>praedicto</span> <span class='ocrx_word' id='word_1_253' title='bbox 677 2201 884 2238; x_wconf 88' lang='lat' dir='ltr'>monasterio,</span> <span class='ocrx_word' id='word_1_254' title='bbox 899 2209 982 2240; x_wconf 87' lang='lat' dir='ltr'>quae</span> <span class='ocrx_word' id='word_1_255' title='bbox 999 2200 1038 2230; x_wconf 89' lang='lat' dir='ltr'>de</span> <span class='ocrx_word' id='word_1_256' title='bbox 1053 2203 1136 2230; x_wconf 88' lang='lat' dir='ltr'>statu</span> <span class='ocrx_word' id='word_1_257' title='bbox 1152 2200 1202 2238; x_wconf 93' lang='lat' dir='ltr'>ip-</span> 
     </span>
     <span class='ocr_line' id='line_1_33' title="bbox 193 2253 1203 2297; baseline -0.006 -8"><span class='ocrx_word' id='word_1_258' title='bbox 193 2259 260 2290; x_wconf 88' lang='lat' dir='ltr'>sius</span> <span class='ocrx_word' id='word_1_259' title='bbox 299 2262 329 2288; x_wconf 89' lang='lat' dir='ltr'>et</span> <span class='ocrx_word' id='word_1_260' title='bbox 359 2265 568 2297; x_wconf 84' lang='lat' dir='ltr'>personarum</span> <span class='ocrx_word' id='word_1_261' title='bbox 593 2256 664 2296; x_wconf 84' lang='lat' dir='ltr'>ejus</span> <span class='ocrx_word' id='word_1_262' title='bbox 689 2255 838 2286; x_wconf 88' lang='lat' dir='ltr'>notitiam</span> <span class='ocrx_word' id='word_1_263' title='bbox 867 2254 1008 2284; x_wconf 87' lang='lat' dir='ltr'>habeant</span> <span class='ocrx_word' id='word_1_264' title='bbox 1036 2253 1076 2284; x_wconf 85' lang='lat' dir='ltr'>ad</span> <span class='ocrx_word' id='word_1_265' title='bbox 1110 2262 1203 2284; x_wconf 88' lang='lat' dir='ltr'>suam</span> 
     </span>
     <span class='ocr_line' id='line_1_34' title="bbox 193 2306 1203 2352; baseline -0.007 -9"><span class='ocrx_word' id='word_1_266' title='bbox 193 2311 408 2352; x_wconf 84' lang='lat' dir='ltr'>praesentiam</span> <span class='ocrx_word' id='word_1_267' title='bbox 421 2311 592 2347; x_wconf 85' lang='lat' dir='ltr'>advocent,</span> <span class='ocrx_word' id='word_1_268' title='bbox 611 2310 778 2349; x_wconf 83' lang='lat' dir='ltr'>tribusque</span> <span class='ocrx_word' id='word_1_269' title='bbox 794 2308 844 2339; x_wconf 90' lang='lat' dir='ltr'>vel</span> <span class='ocrx_word' id='word_1_270' title='bbox 860 2312 998 2347; x_wconf 89' lang='lat' dir='ltr'>quatuor</span> <span class='ocrx_word' id='word_1_271' title='bbox 1013 2316 1050 2337; x_wconf 82' lang='lat' dir='ltr'>ex</span> <span class='ocrx_word' id='word_1_272' title='bbox 1073 2307 1138 2337; x_wconf 91' lang='lat' dir='ltr'>illis</span> <span class='ocrx_word' id='word_1_273' title='bbox 1163 2306 1203 2337; x_wconf 89' lang='lat' dir='ltr'>de</span> 
     </span>
     <span class='ocr_line' id='line_1_35' title="bbox 192 2361 1203 2404; baseline -0.008 -7"><span class='ocrx_word' id='word_1_274' title='bbox 192 2366 288 2397; x_wconf 86' lang='lat' dir='ltr'>bonis</span> <span class='ocrx_word' id='word_1_275' title='bbox 309 2366 408 2404; x_wconf 84' lang='lat' dir='ltr'>ipsius</span> <span class='ocrx_word' id='word_1_276' title='bbox 431 2364 617 2395; x_wconf 87' lang='lat' dir='ltr'>monasterii</span> <span class='ocrx_word' id='word_1_277' title='bbox 633 2372 789 2403; x_wconf 86' lang='lat' dir='ltr'>expensas</span> <span class='ocrx_word' id='word_1_278' title='bbox 805 2362 1003 2392; x_wconf 89' lang='lat' dir='ltr'>necessarias</span> <span class='ocrx_word' id='word_1_279' title='bbox 1023 2361 1203 2390; x_wconf 86' lang='lat' dir='ltr'>ministrari</span> 
     </span>
     <span class='ocr_line' id='line_1_36' title="bbox 194 2414 1203 2457; baseline -0.006 -7"><span class='ocrx_word' id='word_1_280' title='bbox 194 2420 362 2457; x_wconf 82' lang='lat' dir='ltr'>facientes,</span> <span class='ocrx_word' id='word_1_281' title='bbox 382 2426 434 2449; x_wconf 88' lang='lat' dir='ltr'>eos</span> <span class='ocrx_word' id='word_1_282' title='bbox 454 2418 493 2448; x_wconf 94' lang='lat' dir='ltr'>ab</span> <span class='ocrx_word' id='word_1_283' title='bbox 509 2417 623 2448; x_wconf 88' lang='lat' dir='ltr'>abbate</span> <span class='ocrx_word' id='word_1_284' title='bbox 642 2416 693 2447; x_wconf 92' lang='lat' dir='ltr'>vel</span> <span class='ocrx_word' id='word_1_285' title='bbox 713 2416 786 2446; x_wconf 89' lang='lat' dir='ltr'>aliis</span> <span class='ocrx_word' id='word_1_286' title='bbox 806 2415 975 2446; x_wconf 75' lang='lat' dir='ltr'>monachIS</span> <span class='ocrx_word' id='word_1_287' title='bbox 991 2419 1120 2454; x_wconf 91' lang='lat' dir='ltr'>propter</span> <span class='ocrx_word' id='word_1_288' title='bbox 1142 2414 1203 2444; x_wconf 91' lang='lat' dir='ltr'>hoc</span> 
     </span>
     <span class='ocr_line' id='line_1_37' title="bbox 193 2472 662 2511; baseline -0.006 -7"><span class='ocrx_word' id='word_1_289' title='bbox 193 2473 356 2505; x_wconf 90' lang='lat' dir='ltr'>molestari</span> <span class='ocrx_word' id='word_1_290' title='bbox 379 2481 444 2503; x_wconf 87' lang='lat' dir='ltr'>non</span> <span class='ocrx_word' id='word_1_291' title='bbox 464 2472 662 2511; x_wconf 87' lang='lat' dir='ltr'>permittant.</span> 
     </span>
    </p>

    <p class='ocr_par' dir='ltr' id='par_1_6' title="bbox 193 2522 1203 2621">
     <span class='ocr_line' id='line_1_38' title="bbox 235 2522 1203 2560; baseline -0.004 -4"><span class='ocrx_word' id='word_1_292' title='bbox 235 2540 246 2556; x_wconf 85' lang='lat'>«</span> <span class='ocrx_word' id='word_1_293' title='bbox 270 2527 321 2558; x_wconf 90' lang='lat' dir='ltr'>Ad</span> <span class='ocrx_word' id='word_1_294' title='bbox 335 2526 534 2557; x_wconf 90' lang='lat' dir='ltr'>audientiam</span> <span class='ocrx_word' id='word_1_295' title='bbox 552 2530 731 2556; x_wconf 82' lang='lat' dir='ltr'>nostram...</span> <span class='ocrx_word' id='word_1_296' title='bbox 746 2524 868 2554; x_wconf 90' lang='lat' dir='ltr'>—Dat.</span> <span class='ocrx_word' id='word_1_297' title='bbox 886 2523 996 2560; x_wconf 84' lang='lat' dir='ltr'>Reate,</span> <span class='ocrx_word' id='word_1_298' title='bbox 1010 2533 1030 2553; x_wconf 89' lang='lat' dir='ltr'>v</span> <span class='ocrx_word' id='word_1_299' title='bbox 1048 2522 1203 2553; x_wconf 86' lang='lat' dir='ltr'>kalendas</span> 
     </span>
     <span class='ocr_line' id='line_1_39' title="bbox 193 2579 633 2621; baseline -0.002 -9"><span class='ocrx_word' id='word_1_300' title='bbox 193 2582 334 2621; x_wconf 84' lang='lat' dir='ltr'>augusti,</span> <span class='ocrx_word' id='word_1_301' title='bbox 346 2589 432 2611; x_wconf 89' lang='lat' dir='ltr'>anno</span> <span class='ocrx_word' id='word_1_302' title='bbox 448 2579 599 2611; x_wconf 90' lang='lat' dir='ltr'>secundo.</span> <span class='ocrx_word' id='word_1_303' title='bbox 619 2591 633 2606; x_wconf 92' lang='lat'>»</span> 
     </span>
    </p>
   </div>
   <div class='ocr_carea' id='block_1_6' title="bbox 268 2729 1130 2765">
    <p class='ocr_par' dir='ltr' id='par_1_7' title="bbox 268 2729 1130 2765">
     <span class='ocr_line' id='line_1_40' title="bbox 268 2729 1130 2765; baseline -0.009 -2"><span class='ocrx_word' id='word_1_304' title='bbox 268 2735 380 2763; x_wconf 53' lang='lat'>¹09?</span> <span class='ocrx_word' id='word_1_305' title='bbox 793 2729 878 2762; x_wconf 76' lang='lat' dir='ltr'>Rieti,</span> <span class='ocrx_word' id='word_1_306' title='bbox 895 2729 928 2757; x_wconf 72' lang='lat'>23</span> <span class='ocrx_word' id='word_1_307' title='bbox 943 2729 1040 2765; x_wconf 87' lang='lat' dir='ltr'>juillet</span> <span class='ocrx_word' id='word_1_308' title='bbox 1052 2729 1130 2757; x_wconf 71' lang='lat'>1289.</span> 
     </span>
    </p>
   </div>
   <div class='ocr_carea' id='block_1_7' title="bbox 196 2792 1203 2880">
    <p class='ocr_par' dir='ltr' id='par_1_8' title="bbox 196 2792 1203 2880">
     <span class='ocr_line' id='line_1_41' title="bbox 231 2792 1203 2827; baseline -0.004 -4"><span class='ocrx_word' id='word_1_309' title='bbox 231 2797 276 2823; x_wconf 89' lang='lat' dir='ltr'>Ad</span> <span class='ocrx_word' id='word_1_310' title='bbox 299 2797 426 2823; x_wconf 89' lang='lat' dir='ltr'>solemne</span> <span class='ocrx_word' id='word_1_311' title='bbox 444 2796 474 2823; x_wconf 87' lang='lat' dir='ltr'>S.</span> <span class='ocrx_word' id='word_1_312' title='bbox 497 2795 631 2823; x_wconf 80' lang='lat' dir='ltr'>Bonifatii</span> <span class='ocrx_word' id='word_1_313' title='bbox 658 2795 764 2822; x_wconf 78' lang='lat' dir='ltr'>festum</span> <span class='ocrx_word' id='word_1_314' title='bbox 787 2792 1032 2821; x_wconf 85' lang='lat' dir='ltr'>constituendum.</span> <span class='ocrx_word' id='word_1_315' title='bbox 1050 2792 1134 2826; x_wconf 74' lang='lat' dir='ltr'>(Rae.</span> <span class='ocrx_word' id='word_1_316' title='bbox 1154 2792 1203 2827; x_wconf 73' lang='lat'>44,</span> 
     </span>
     <span class='ocr_line' id='line_1_42' title="bbox 196 2846 472 2880; baseline -0.007 -6"><span class='ocrx_word' id='word_1_317' title='bbox 196 2855 222 2874; x_wconf 90' lang='lat' dir='ltr'>c.</span> <span class='ocrx_word' id='word_1_318' title='bbox 240 2846 306 2880; x_wconf 63' lang='lat'>327,</span> <span class='ocrx_word' id='word_1_319' title='bbox 325 2847 343 2872; x_wconf 81' lang='lat' dir='ltr'>s.</span> <span class='ocrx_word' id='word_1_320' title='bbox 363 2847 410 2873; x_wconf 81' lang='lat'>177</span> <span class='ocrx_word' id='word_1_321' title='bbox 425 2848 472 2877; x_wconf 79' lang='lat' dir='ltr'>ro.)</span> 
     </span>
    </p>
   </div>
   <div class='ocr_carea' id='block_1_8' title="bbox 197 2943 1206 3090">
    <p class='ocr_par' dir='ltr' id='par_1_9' title="bbox 197 2943 1206 3090">
     <span class='ocr_line' id='line_1_43' title="bbox 243 2943 1203 2984; baseline -0.004 -8"><span class='ocrx_word' id='word_1_322' title='bbox 243 2948 407 2977; x_wconf 82' lang='lat' dir='ltr'>Venerabili</span> <span class='ocrx_word' id='word_1_323' title='bbox 431 2948 563 2983; x_wconf 80' lang='lat' dir='ltr'>fratri..</span> <span class='ocrx_word' id='word_1_324' title='bbox 588 2948 720 2984; x_wconf 79' lang='lat' dir='ltr'>episcopo</span> <span class='ocrx_word' id='word_1_325' title='bbox 747 2946 901 2975; x_wconf 80' lang='lat' dir='ltr'>Leodiensi</span> <span class='ocrx_word' id='word_1_326' title='bbox 922 2949 947 2974; x_wconf 82' lang='lat' dir='ltr'>et</span> <span class='ocrx_word' id='word_1_327' title='bbox 970 2945 1075 2974; x_wconf 77' lang='lat' dir='ltr'>dilecto</span> <span class='ocrx_word' id='word_1_328' title='bbox 1100 2943 1165 2981; x_wconf 84' lang='lat' dir='ltr'>filio</span> <span class='ocrx_word' id='word_1_329' title='bbox 1181 2965 1203 2973; x_wconf 87' lang='lat'>..</span> 
     </span>
     <span class='ocr_line' id='line_1_44' title="bbox 197 2997 1205 3040; baseline -0.004 -10"><span class='ocrx_word' id='word_1_330' title='bbox 197 3001 344 3040; x_wconf 79' lang='lat' dir='ltr'>preposito</span> <span class='ocrx_word' id='word_1_331' title='bbox 360 3001 475 3029; x_wconf 81' lang='lat' dir='ltr'>ecclesie</span> <span class='ocrx_word' id='word_1_332' title='bbox 489 2999 593 3029; x_wconf 82' lang='lat' dir='ltr'>Sancti</span> <span class='ocrx_word' id='word_1_333' title='bbox 605 3000 708 3029; x_wconf 81' lang='lat' dir='ltr'>Jacobi</span> <span class='ocrx_word' id='word_1_334' title='bbox 730 2999 849 3036; x_wconf 71' lang='lat' dir='ltr'>Friytdt</span> <span class='ocrx_word' id='word_1_335' title='bbox 865 2999 978 3027; x_wconf 82' lang='lat' dir='ltr'>montis</span> <span class='ocrx_word' id='word_1_336' title='bbox 1002 2999 1034 3026; x_wconf 82' lang='lat' dir='ltr'>in</span> <span class='ocrx_word' id='word_1_337' title='bbox 1050 2997 1205 3033; x_wconf 84' lang='lat' dir='ltr'>Brucella,</span> 
     </span>
     <span class='ocr_line' id='line_1_45' title="bbox 199 3049 1206 3090; baseline -0.005 -7"><span class='ocrx_word' id='word_1_338' title='bbox 199 3053 422 3083; x_wconf 80' lang='lat' dir='ltr'>Cameracensis</span> <span class='ocrx_word' id='word_1_339' title='bbox 444 3052 585 3087; x_wconf 77' lang='lat' dir='ltr'>diocesis,</span> <span class='ocrx_word' id='word_1_340' title='bbox 610 3051 740 3081; x_wconf 88' lang='lat' dir='ltr'>mandat</span> <span class='ocrx_word' id='word_1_341' title='bbox 761 3055 922 3090; x_wconf 88' lang='lat' dir='ltr'>quatenus</span> <span class='ocrx_word' id='word_1_342' title='bbox 943 3050 977 3079; x_wconf 90' lang='lat' dir='ltr'>in</span> <span class='ocrx_word' id='word_1_343' title='bbox 994 3049 1073 3080; x_wconf 89' lang='lat' dir='ltr'>locis</span> <span class='ocrx_word' id='word_1_344' title='bbox 1091 3072 1110 3079; x_wconf 93' lang='lat'>..</span> <span class='ocrx_word' id='word_1_345' title='bbox 1131 3049 1206 3079; x_wconf 91' lang='lat' dir='ltr'>duci</span> 
     </span>
    </p>
   </div>
   <div class='ocr_carea' id='block_1_9' title="bbox 1285 433 2342 742">
    <p class='ocr_par' dir='ltr' id='par_1_10' title="bbox 1285 433 2342 628">
     <span class='ocr_line' id='line_1_46' title="bbox 1289 433 2293 475; baseline -0.001 -7"><span class='ocrx_word' id='word_1_346' title='bbox 1289 436 1532 475; x_wconf 78' lang='lat' dir='ltr'>Lotheringiae,</span> <span class='ocrx_word' id='word_1_347' title='bbox 1552 434 1744 465; x_wconf 84' lang='lat' dir='ltr'>Brabantiae</span> <span class='ocrx_word' id='word_1_348' title='bbox 1759 438 1790 464; x_wconf 87' lang='lat' dir='ltr'>et</span> <span class='ocrx_word' id='word_1_349' title='bbox 1806 433 2039 472; x_wconf 72' lang='lat' dir='ltr'>Lymborgensi</span> <span class='ocrx_word' id='word_1_350' title='bbox 2055 434 2220 474; x_wconf 78' lang='lat' dir='ltr'>subJectis,</span> <span class='ocrx_word' id='word_1_351' title='bbox 2238 436 2293 467; x_wconf 87' lang='lat' dir='ltr'>ubi</span> 
     </span>
     <span class='ocr_line' id='line_1_47' title="bbox 1288 485 2342 530; baseline -0.002 -9"><span class='ocrx_word' id='word_1_352' title='bbox 1288 490 1447 521; x_wconf 83' lang='lat' dir='ltr'>Bonefatii</span> <span class='ocrx_word' id='word_1_353' title='bbox 1464 489 1616 530; x_wconf 75' lang='lat' dir='ltr'>martyris</span> <span class='ocrx_word' id='word_1_354' title='bbox 1630 486 1778 527; x_wconf 90' lang='lat' dir='ltr'>specialis</span> <span class='ocrx_word' id='word_1_355' title='bbox 1795 486 1927 516; x_wconf 84' lang='lat' dir='ltr'>affectus</span> <span class='ocrx_word' id='word_1_356' title='bbox 1941 485 2089 524; x_wconf 87' lang='lat' dir='ltr'>habetur,</span> <span class='ocrx_word' id='word_1_357' title='bbox 2108 486 2231 526; x_wconf 87' lang='lat' dir='ltr'>plebem</span> <span class='ocrx_word' id='word_1_358' title='bbox 2245 497 2297 519; x_wconf 87' lang='lat' dir='ltr'>ex-</span> <span class='ocrx_word' id='word_1_359' title='bbox 2335 499 2342 503; x_wconf 86' lang='lat'>·</span> 
     </span>
     <span class='ocr_line' id='line_1_48' title="bbox 1286 538 2296 580; baseline -0.001 -7"><span class='ocrx_word' id='word_1_360' title='bbox 1286 544 1453 574; x_wconf 88' lang='lat' dir='ltr'>hortentur</span> <span class='ocrx_word' id='word_1_361' title='bbox 1478 541 1517 571; x_wconf 88' lang='lat' dir='ltr'>ad</span> <span class='ocrx_word' id='word_1_362' title='bbox 1541 541 1628 571; x_wconf 87' lang='lat' dir='ltr'>diem</span> <span class='ocrx_word' id='word_1_363' title='bbox 1657 539 1839 570; x_wconf 80' lang='lat' dir='ltr'>festivitatis</span> <span class='ocrx_word' id='word_1_364' title='bbox 1865 538 2009 579; x_wconf 84' lang='lat' dir='ltr'>ejusdem</span> <span class='ocrx_word' id='word_1_365' title='bbox 2033 540 2135 570; x_wconf 89' lang='lat' dir='ltr'>sancti</span> <span class='ocrx_word' id='word_1_366' title='bbox 2158 540 2296 580; x_wconf 78' lang='lat' dir='ltr'>singulis</span> 
     </span>
     <span class='ocr_line' id='line_1_49' title="bbox 1285 594 1684 628; baseline -0.008 -1"><span class='ocrx_word' id='word_1_367' title='bbox 1285 597 1381 628; x_wconf 84' lang='lat' dir='ltr'>aunis</span> <span class='ocrx_word' id='word_1_368' title='bbox 1399 594 1684 627; x_wconf 86' lang='lat' dir='ltr'>solemnisandam.</span> 
     </span>
    </p>

    <p class='ocr_par' dir='ltr' id='par_1_11' title="bbox 1285 646 2297 742">
     <span class='ocr_line' id='line_1_50' title="bbox 1328 646 2297 687; baseline 0.001 -9"><span class='ocrx_word' id='word_1_369' title='bbox 1328 663 1342 678; x_wconf 85' lang='lat'>«</span> <span class='ocrx_word' id='word_1_370' title='bbox 1362 650 1522 687; x_wconf 86' lang='lat' dir='ltr'>Quoniam</span> <span class='ocrx_word' id='word_1_371' title='bbox 1541 648 1699 687; x_wconf 86' lang='lat' dir='ltr'>gloriosus</span> <span class='ocrx_word' id='word_1_372' title='bbox 1715 647 1866 677; x_wconf 85' lang='lat' dir='ltr'>martir...</span> <span class='ocrx_word' id='word_1_373' title='bbox 1877 663 1918 668; x_wconf 97' lang='lat'><strong>—</strong></span> <span class='ocrx_word' id='word_1_374' title='bbox 1930 646 2000 677; x_wconf 91' lang='lat' dir='ltr'>Dat.</span> <span class='ocrx_word' id='word_1_375' title='bbox 2020 647 2132 684; x_wconf 90' lang='lat' dir='ltr'>Reate,</span> <span class='ocrx_word' id='word_1_376' title='bbox 2148 656 2167 676; x_wconf 86' lang='lat' dir='ltr'><strong>x</strong></span> <span class='ocrx_word' id='word_1_377' title='bbox 2183 646 2297 679; x_wconf 86' lang='lat' dir='ltr'>kalen·</span> 
     </span>
     <span class='ocr_line' id='line_1_51' title="bbox 1285 700 1806 742; baseline -0.01 -8"><span class='ocrx_word' id='word_1_378' title='bbox 1285 705 1341 734; x_wconf 90' lang='lat' dir='ltr'>das</span> <span class='ocrx_word' id='word_1_379' title='bbox 1356 703 1495 742; x_wconf 82' lang='lat' dir='ltr'>augusti,</span> <span class='ocrx_word' id='word_1_380' title='bbox 1513 710 1600 732; x_wconf 92' lang='lat' dir='ltr'>anno</span> <span class='ocrx_word' id='word_1_381' title='bbox 1618 700 1769 732; x_wconf 89' lang='lat' dir='ltr'>secundo.</span> <span class='ocrx_word' id='word_1_382' title='bbox 1794 712 1806 727; x_wconf 79' lang='lat' dir='ltr'>n</span> 
     </span>
    </p>
   </div>
   <div class='ocr_carea' id='block_1_10' title="bbox 1320 871 2224 970">
    <p class='ocr_par' dir='ltr' id='par_1_12' title="bbox 1320 871 2224 970">
     <span class='ocr_line' id='line_1_52' title="bbox 1360 871 2224 907; baseline -0.003 -3"><span class='ocrx_word' id='word_1_383' title='bbox 1360 876 1479 905; x_wconf 82' lang='grc'>1098</span> <span class='ocrx_word' id='word_1_384' title='bbox 1873 871 1950 899; x_wconf 82' lang='lat' dir='ltr'>Rieti</span> <span class='ocrx_word' id='word_1_385' title='bbox 1960 893 1966 904; x_wconf 91' lang='lat'>,</span> <span class='ocrx_word' id='word_1_386' title='bbox 1990 872 2022 899; x_wconf 81' lang='lat'>15</span> <span class='ocrx_word' id='word_1_387' title='bbox 2033 872 2131 907; x_wconf 84' lang='lat' dir='ltr'>juillet</span> <span class='ocrx_word' id='word_1_388' title='bbox 2146 872 2224 901; x_wconf 79' lang='lat'>¹289.</span> 
     </span>
     <span class='ocr_line' id='line_1_53' title="bbox 1320 934 2154 970; baseline -0.006 -4"><span class='ocrx_word' id='word_1_389' title='bbox 1320 939 1468 967; x_wconf 88' lang='lat' dir='ltr'>Ordinatio</span> <span class='ocrx_word' id='word_1_390' title='bbox 1481 937 1686 965; x_wconf 83' lang='lat' dir='ltr'>thesaurariae.</span> <span class='ocrx_word' id='word_1_391' title='bbox 1705 936 1788 970; x_wconf 75' lang='lat' dir='ltr'>(Reo.</span> <span class='ocrx_word' id='word_1_392' title='bbox 1805 935 1853 967; x_wconf 74' lang='lat'>44,</span> <span class='ocrx_word' id='word_1_393' title='bbox 1868 943 1894 962; x_wconf 88' lang='lat' dir='ltr'>c.</span> <span class='ocrx_word' id='word_1_394' title='bbox 1911 934 1961 962; x_wconf 73' lang='lat'>328</span> <span class='ocrx_word' id='word_1_395' title='bbox 1972 956 1978 965; x_wconf 91' lang='lat'>.</span> <span class='ocrx_word' id='word_1_396' title='bbox 1995 934 2015 962; x_wconf 82' lang='lat' dir='ltr'>s.</span> <span class='ocrx_word' id='word_1_397' title='bbox 2037 936 2087 962; x_wconf 79' lang='grc'>177</span> <span class='ocrx_word' id='word_1_398' title='bbox 2106 937 2154 968; x_wconf 76' lang='lat' dir='ltr'>r0.)</span> 
     </span>
    </p>
   </div>
   <div class='ocr_carea' id='block_1_11' title="bbox 1283 1037 2309 1338">
    <p class='ocr_par' dir='ltr' id='par_1_13' title="bbox 1283 1037 2309 1232">
     <span class='ocr_line' id='line_1_54' title="bbox 1331 1037 2299 1078; baseline -0.002 -7"><span class='ocrx_word' id='word_1_399' title='bbox 1331 1042 1497 1071; x_wconf 78' lang='lat' dir='ltr'>Venerabili</span> <span class='ocrx_word' id='word_1_400' title='bbox 1508 1041 1602 1078; x_wconf 75' lang='lat' dir='ltr'>fratri</span> <span class='ocrx_word' id='word_1_401' title='bbox 1617 1063 1636 1069; x_wconf 87' lang='lat'>..</span> <span class='ocrx_word' id='word_1_402' title='bbox 1653 1039 1874 1077; x_wconf 73' lang='lat' dir='ltr'>archiepiscopo</span> <span class='ocrx_word' id='word_1_403' title='bbox 1888 1043 1914 1067; x_wconf 88' lang='lat' dir='ltr'>et</span> <span class='ocrx_word' id='word_1_404' title='bbox 1927 1038 2044 1067; x_wconf 78' lang='lat' dir='ltr'>dilectis</span> <span class='ocrx_word' id='word_1_405' title='bbox 2057 1037 2134 1074; x_wconf 78' lang='lat' dir='ltr'>filiis</span> <span class='ocrx_word' id='word_1_406' title='bbox 2150 1060 2170 1068; x_wconf 91' lang='lat'>..</span> <span class='ocrx_word' id='word_1_407' title='bbox 2185 1037 2299 1070; x_wconf 72' lang='lat' dir='ltr'>decano</span> 
     </span>
     <span class='ocr_line' id='line_1_55' title="bbox 1283 1091 2309 1135; baseline -0.005 -9"><span class='ocrx_word' id='word_1_408' title='bbox 1283 1102 1309 1126; x_wconf 85' lang='lat' dir='ltr'>et</span> <span class='ocrx_word' id='word_1_409' title='bbox 1340 1097 1474 1133; x_wconf 70' lang='lat' dir='ltr'>capitulo</span> <span class='ocrx_word' id='word_1_410' title='bbox 1497 1095 1729 1124; x_wconf 79' lang='lat' dir='ltr'>Patracenst&#39;bus</span> <span class='ocrx_word' id='word_1_411' title='bbox 1754 1092 1925 1123; x_wconf 83' lang='lat' dir='ltr'>confirmat</span> <span class='ocrx_word' id='word_1_412' title='bbox 1947 1091 2212 1122; x_wconf 82' lang='lat' dir='ltr'>deliberationem</span> <span class='ocrx_word' id='word_1_413' title='bbox 2232 1099 2309 1135; x_wconf 45' lang='lat' dir='ltr'>qua-‚⁴</span> 
     </span>
     <span class='ocr_line' id='line_1_56' title="bbox 1283 1143 2297 1182; baseline -0.005 -3"><span class='ocrx_word' id='word_1_414' title='bbox 1283 1149 1423 1179; x_wconf 88' lang='lat' dir='ltr'>officium</span> <span class='ocrx_word' id='word_1_415' title='bbox 1448 1147 1639 1178; x_wconf 79' lang='lat' dir='ltr'>thesaurarii</span> <span class='ocrx_word' id='word_1_416' title='bbox 1655 1147 1689 1177; x_wconf 91' lang='lat' dir='ltr'>in</span> <span class='ocrx_word' id='word_1_417' title='bbox 1714 1154 1771 1176; x_wconf 88' lang='lat' dir='ltr'>sna</span> <span class='ocrx_word' id='word_1_418' title='bbox 1787 1143 1920 1176; x_wconf 82' lang='lat' dir='ltr'>ecclesia</span> <span class='ocrx_word' id='word_1_419' title='bbox 1937 1144 2151 1182; x_wconf 88' lang='lat' dir='ltr'>ordinarunt,</span> <span class='ocrx_word' id='word_1_420' title='bbox 2171 1146 2202 1175; x_wconf 84' lang='lat' dir='ltr'>et</span> <span class='ocrx_word' id='word_1_421' title='bbox 2219 1143 2297 1181; x_wconf 64' lang='lat' dir='ltr'>huie</span> 
     </span>
     <span class='ocr_line' id='line_1_57' title="bbox 1284 1198 2243 1232; baseline -0.004 0"><span class='ocrx_word' id='word_1_422' title='bbox 1284 1201 1502 1232; x_wconf 87' lang='lat' dir='ltr'>thesaurariae</span> <span class='ocrx_word' id='word_1_423' title='bbox 1519 1200 1622 1231; x_wconf 88' lang='lat' dir='ltr'>casale</span> <span class='ocrx_word' id='word_1_424' title='bbox 1637 1200 1677 1231; x_wconf 85' lang='lat' dir='ltr'>de</span> <span class='ocrx_word' id='word_1_425' title='bbox 1690 1200 1807 1231; x_wconf 88' lang='lat' dir='ltr'>Sancta</span> <span class='ocrx_word' id='word_1_426' title='bbox 1824 1198 1991 1229; x_wconf 86' lang='lat' dir='ltr'>Theodora</span> <span class='ocrx_word' id='word_1_427' title='bbox 2006 1200 2243 1229; x_wconf 84' lang='lat' dir='ltr'>concesserunt.</span> 
     </span>
    </p>

    <p class='ocr_par' dir='ltr' id='par_1_14' title="bbox 1283 1249 2294 1338">
     <span class='ocr_line' id='line_1_58' title="bbox 1325 1249 2294 1291; baseline 0 -9"><span class='ocrx_word' id='word_1_428' title='bbox 1325 1267 1340 1282; x_wconf 90' lang='lat'>«</span> <span class='ocrx_word' id='word_1_429' title='bbox 1369 1255 1485 1285; x_wconf 89' lang='lat' dir='ltr'>Petitio</span> <span class='ocrx_word' id='word_1_430' title='bbox 1507 1257 1611 1285; x_wconf 88' lang='lat' dir='ltr'>vestra</span> <span class='ocrx_word' id='word_1_431' title='bbox 1638 1253 1767 1284; x_wconf 85' lang='lat' dir='ltr'>nobis...</span> <span class='ocrx_word' id='word_1_432' title='bbox 1787 1269 1826 1274; x_wconf 93' lang='lat'>—-</span> <span class='ocrx_word' id='word_1_433' title='bbox 1841 1252 1914 1282; x_wconf 86' lang='lat' dir='ltr'>Dat.</span> <span class='ocrx_word' id='word_1_434' title='bbox 1940 1251 2054 1288; x_wconf 87' lang='lat' dir='ltr'>Reate,</span> <span class='ocrx_word' id='word_1_435' title='bbox 2072 1250 2180 1283; x_wconf 82' lang='lat' dir='ltr'>idibus</span> <span class='ocrx_word' id='word_1_436' title='bbox 2203 1249 2294 1291; x_wconf 79' lang='lat' dir='ltr'>julii,</span> 
     </span>
     <span class='ocr_line' id='line_1_59' title="bbox 1283 1308 1571 1338; baseline -0.007 0"><span class='ocrx_word' id='word_1_437' title='bbox 1283 1317 1370 1338; x_wconf 88' lang='lat' dir='ltr'>anno</span> <span class='ocrx_word' id='word_1_438' title='bbox 1385 1308 1536 1338; x_wconf 89' lang='lat' dir='ltr'>secundo.</span> <span class='ocrx_word' id='word_1_439' title='bbox 1557 1319 1571 1335; x_wconf 83' lang='grc'>»</span> 
     </span>
    </p>
   </div>
   <div class='ocr_carea' id='block_1_12' title="bbox 1316 1477 2224 1579">
    <p class='ocr_par' dir='ltr' id='par_1_15' title="bbox 1316 1477 2224 1579">
     <span class='ocr_line' id='line_1_60' title="bbox 1356 1477 2224 1513; baseline -0.005 -4"><span class='ocrx_word' id='word_1_440' title='bbox 1356 1480 1474 1510; x_wconf 88' lang='grc'>1099</span> <span class='ocrx_word' id='word_1_441' title='bbox 1872 1478 1951 1506; x_wconf 88' lang='lat' dir='ltr'>Rieti</span> <span class='ocrx_word' id='word_1_442' title='bbox 1961 1499 1968 1510; x_wconf 94' lang='grc'>,</span> <span class='ocrx_word' id='word_1_443' title='bbox 1988 1478 2020 1505; x_wconf 87' lang='grc'>18</span> <span class='ocrx_word' id='word_1_444' title='bbox 2035 1478 2129 1513; x_wconf 88' lang='lat' dir='ltr'>juillet</span> <span class='ocrx_word' id='word_1_445' title='bbox 2144 1477 2224 1506; x_wconf 77' lang='lat'>1289.</span> 
     </span>
     <span class='ocr_line' id='line_1_61' title="bbox 1316 1542 1992 1579; baseline -0.004 -8"><span class='ocrx_word' id='word_1_446' title='bbox 1316 1543 1527 1579; x_wconf 87' lang='lat' dir='ltr'>Indulgentiae.</span> <span class='ocrx_word' id='word_1_447' title='bbox 1548 1542 1630 1576; x_wconf 68' lang='lat' dir='ltr'>(Rae.</span> <span class='ocrx_word' id='word_1_448' title='bbox 1647 1543 1696 1578; x_wconf 85' lang='lat'>44,</span> <span class='ocrx_word' id='word_1_449' title='bbox 1713 1550 1738 1569; x_wconf 89' lang='lat' dir='ltr'>c.</span> <span class='ocrx_word' id='word_1_450' title='bbox 1756 1542 1824 1577; x_wconf 70' lang='lat'>329,</span> <span class='ocrx_word' id='word_1_451' title='bbox 1840 1542 1861 1569; x_wconf 86' lang='lat' dir='ltr'>f.</span> <span class='ocrx_word' id='word_1_452' title='bbox 1879 1543 1927 1569; x_wconf 83' lang='lat'>177</span> <span class='ocrx_word' id='word_1_453' title='bbox 1944 1543 1992 1575; x_wconf 74' lang='lat' dir='ltr'>ro.)</span> 
     </span>
    </p>
   </div>
   <div class='ocr_carea' id='block_1_13' title="bbox 1282 1642 2319 2060">
    <p class='ocr_par' dir='ltr' id='par_1_16' title="bbox 1282 1642 2310 1952">
     <span class='ocr_line' id='line_1_62' title="bbox 1328 1642 2294 1683; baseline -0.002 -7"><span class='ocrx_word' id='word_1_454' title='bbox 1328 1646 1496 1676; x_wconf 75' lang='lat' dir='ltr'>Venerabili</span> <span class='ocrx_word' id='word_1_455' title='bbox 1511 1646 1607 1683; x_wconf 80' lang='lat' dir='ltr'>fratri</span> <span class='ocrx_word' id='word_1_456' title='bbox 1626 1667 1646 1675; x_wconf 88' lang='lat'>..</span> <span class='ocrx_word' id='word_1_457' title='bbox 1665 1646 1796 1683; x_wconf 75' lang='lat' dir='ltr'>episcopo</span> <span class='ocrx_word' id='word_1_458' title='bbox 1814 1650 1841 1674; x_wconf 85' lang='lat' dir='ltr'>et</span> <span class='ocrx_word' id='word_1_459' title='bbox 1861 1645 1979 1674; x_wconf 77' lang='lat' dir='ltr'>dilectis</span> <span class='ocrx_word' id='word_1_460' title='bbox 1992 1644 2070 1681; x_wconf 85' lang='lat' dir='ltr'>filiis</span> <span class='ocrx_word' id='word_1_461' title='bbox 2090 1643 2225 1682; x_wconf 78' lang='lat' dir='ltr'>capitato</span> <span class='ocrx_word' id='word_1_462' title='bbox 2241 1642 2294 1674; x_wconf 67' lang='lat' dir='ltr'>aa·</span> 
     </span>
     <span class='ocr_line' id='line_1_63' title="bbox 1283 1694 2309 1737; baseline -0.004 -7"><span class='ocrx_word' id='word_1_463' title='bbox 1283 1701 1493 1731; x_wconf 71' lang='lat' dir='ltr'>teanensibus.</span> <span class='ocrx_word' id='word_1_464' title='bbox 1514 1698 1754 1737; x_wconf 87' lang='lat' dir='ltr'>Indulgentiam</span> <span class='ocrx_word' id='word_1_465' title='bbox 1773 1702 1902 1728; x_wconf 88' lang='lat' dir='ltr'>centum</span> <span class='ocrx_word' id='word_1_466' title='bbox 1918 1697 2045 1727; x_wconf 89' lang='lat' dir='ltr'>dierum</span> <span class='ocrx_word' id='word_1_467' title='bbox 2059 1696 2207 1727; x_wconf 89' lang='lat' dir='ltr'>concedit</span> <span class='ocrx_word' id='word_1_468' title='bbox 2224 1694 2309 1727; x_wconf 79' lang='lat' dir='ltr'>om-·&#39;</span> 
     </span>
     <span class='ocr_line' id='line_1_64' title="bbox 1282 1750 2298 1793; baseline -0.004 -9"><span class='ocrx_word' id='word_1_469' title='bbox 1282 1754 1379 1784; x_wconf 90' lang='lat' dir='ltr'>nibus</span> <span class='ocrx_word' id='word_1_470' title='bbox 1397 1763 1468 1784; x_wconf 82' lang='lat' dir='ltr'>vere</span> <span class='ocrx_word' id='word_1_471' title='bbox 1491 1752 1732 1793; x_wconf 87' lang='lat' dir='ltr'>poenitentibus</span> <span class='ocrx_word' id='word_1_472' title='bbox 1751 1756 1782 1782; x_wconf 89' lang='lat' dir='ltr'>et</span> <span class='ocrx_word' id='word_1_473' title='bbox 1798 1751 1952 1782; x_wconf 81' lang='lat' dir='ltr'>confessis</span> <span class='ocrx_word' id='word_1_474' title='bbox 1969 1751 2027 1790; x_wconf 87' lang='lat' dir='ltr'>qui</span> <span class='ocrx_word' id='word_1_475' title='bbox 2044 1750 2298 1781; x_wconf 48' lang='lat' dir='ltr'>Gehennensem*</span> 
     </span>
     <span class='ocr_line' id='line_1_65' title="bbox 1283 1802 2310 1844; baseline -0.004 -7"><span class='ocrx_word' id='word_1_476' title='bbox 1283 1807 1451 1838; x_wconf 82' lang='lat' dir='ltr'>ecclesiam</span> <span class='ocrx_word' id='word_1_477' title='bbox 1472 1806 1504 1836; x_wconf 92' lang='lat' dir='ltr'>S.</span> <span class='ocrx_word' id='word_1_478' title='bbox 1530 1806 1624 1836; x_wconf 88' lang='lat' dir='ltr'>Petro</span> <span class='ocrx_word' id='word_1_479' title='bbox 1640 1806 1806 1842; x_wconf 88' lang='lat' dir='ltr'>devotam,</span> <span class='ocrx_word' id='word_1_480' title='bbox 1822 1805 1858 1834; x_wconf 85' lang='lat' dir='ltr'>in</span> <span class='ocrx_word' id='word_1_481' title='bbox 1876 1804 2022 1844; x_wconf 88' lang='lat' dir='ltr'>ejusdem</span> <span class='ocrx_word' id='word_1_482' title='bbox 2045 1804 2148 1834; x_wconf 89' lang='lat' dir='ltr'>sancti</span> <span class='ocrx_word' id='word_1_483' title='bbox 2172 1802 2310 1834; x_wconf 65' lang='lat' dir='ltr'>festivi-³¹</span> 
     </span>
     <span class='ocr_line' id='line_1_66' title="bbox 1282 1855 2302 1898; baseline -0.003 -7"><span class='ocrx_word' id='word_1_484' title='bbox 1282 1861 1419 1897; x_wconf 86' lang='lat' dir='ltr'>tatibus,</span> <span class='ocrx_word' id='word_1_485' title='bbox 1438 1869 1493 1898; x_wconf 89' lang='lat' dir='ltr'>per</span> <span class='ocrx_word' id='word_1_486' title='bbox 1513 1863 1634 1898; x_wconf 88' lang='lat' dir='ltr'>septem</span> <span class='ocrx_word' id='word_1_487' title='bbox 1660 1859 1727 1889; x_wconf 90' lang='lat' dir='ltr'>dies</span> <span class='ocrx_word' id='word_1_488' title='bbox 1748 1862 1920 1897; x_wconf 86' lang='lat' dir='ltr'>sequentes</span> <span class='ocrx_word' id='word_1_489' title='bbox 1944 1861 1975 1888; x_wconf 90' lang='lat' dir='ltr'>et</span> <span class='ocrx_word' id='word_1_490' title='bbox 1995 1856 2221 1887; x_wconf 88' lang='lat' dir='ltr'>anniversario</span> <span class='ocrx_word' id='word_1_491' title='bbox 2241 1855 2302 1888; x_wconf 51' lang='lat' dir='ltr'>die-⁴</span> 
     </span>
     <span class='ocr_line' id='line_1_67' title="bbox 1282 1909 2257 1952; baseline -0.005 -7"><span class='ocrx_word' id='word_1_492' title='bbox 1282 1914 1494 1946; x_wconf 88' lang='lat' dir='ltr'>dedicationis</span> <span class='ocrx_word' id='word_1_493' title='bbox 1511 1913 1655 1952; x_wconf 87' lang='lat' dir='ltr'>ejusdem</span> <span class='ocrx_word' id='word_1_494' title='bbox 1674 1912 1837 1948; x_wconf 83' lang='lat' dir='ltr'>ecclesiae,</span> <span class='ocrx_word' id='word_1_495' title='bbox 1859 1911 2061 1942; x_wconf 85' lang='lat' dir='ltr'>visitaverint</span> <span class='ocrx_word' id='word_1_496' title='bbox 2076 1909 2257 1941; x_wconf 87' lang='lat' dir='ltr'>annuatim.</span> 
     </span>
    </p>

    <p class='ocr_par' dir='ltr' id='par_1_17' title="bbox 1283 1962 2319 2060">
     <span class='ocr_line' id='line_1_68' title="bbox 1325 1962 2319 2002; baseline -0.002 -6"><span class='ocrx_word' id='word_1_497' title='bbox 1325 1981 1338 1996; x_wconf 73' lang='grc' dir='ltr'>α</span> <span class='ocrx_word' id='word_1_498' title='bbox 1359 1969 1442 1998; x_wconf 88' lang='lat' dir='ltr'>Loca</span> <span class='ocrx_word' id='word_1_499' title='bbox 1459 1970 1642 1997; x_wconf 75' lang='lat' dir='ltr'>sanctornm</span> <span class='ocrx_word' id='word_1_500' title='bbox 1655 1966 1842 1997; x_wconf 86' lang='lat' dir='ltr'>omnium...</span> <span class='ocrx_word' id='word_1_501' title='bbox 1859 1982 1898 1987; x_wconf 98' lang='lat'><strong>—</strong></span> <span class='ocrx_word' id='word_1_502' title='bbox 1913 1965 1984 1995; x_wconf 86' lang='lat' dir='ltr'>Dat.</span> <span class='ocrx_word' id='word_1_503' title='bbox 2004 1964 2113 2002; x_wconf 90' lang='lat' dir='ltr'>Reate,</span> <span class='ocrx_word' id='word_1_504' title='bbox 2128 1973 2170 1994; x_wconf 85' lang='lat' dir='ltr'>xv</span> <span class='ocrx_word' id='word_1_505' title='bbox 2185 1962 2319 1994; x_wconf 80' lang='lat' dir='ltr'>kalen-&#39;·</span> 
     </span>
     <span class='ocr_line' id='line_1_69' title="bbox 1283 2009 1800 2060; baseline -0.012 -8"><span class='ocrx_word' id='word_1_506' title='bbox 1283 2022 1338 2052; x_wconf 88' lang='lat' dir='ltr'>das</span> <span class='ocrx_word' id='word_1_507' title='bbox 1356 2021 1496 2060; x_wconf 87' lang='lat' dir='ltr'>augusti,</span> <span class='ocrx_word' id='word_1_508' title='bbox 1509 2009 1596 2050; x_wconf 72' lang='lat' dir='ltr'>ann&#39;o</span> <span class='ocrx_word' id='word_1_509' title='bbox 1614 2018 1766 2049; x_wconf 87' lang='lat' dir='ltr'>secundo.</span> <span class='ocrx_word' id='word_1_510' title='bbox 1785 2030 1800 2045; x_wconf 85' lang='lat'>»</span> 
     </span>
    </p>
   </div>
   <div class='ocr_carea' id='block_1_14' title="bbox 1321 2184 2297 2290">
    <p class='ocr_par' dir='ltr' id='par_1_18' title="bbox 1321 2184 2297 2290">
     <span class='ocr_line' id='line_1_70' title="bbox 1359 2184 2250 2224; baseline -0.007 -2"><span class='ocrx_word' id='word_1_511' title='bbox 1359 2193 1477 2222; x_wconf 88' lang='grc'>1100</span> <span class='ocrx_word' id='word_1_512' title='bbox 1878 2189 1966 2221; x_wconf 87' lang='lat' dir='ltr'>Rieti,</span> <span class='ocrx_word' id='word_1_513' title='bbox 1987 2189 2022 2217; x_wconf 79' lang='lat'>23</span> <span class='ocrx_word' id='word_1_514' title='bbox 2033 2189 2130 2224; x_wconf 84' lang='lat' dir='ltr'>juillet</span> <span class='ocrx_word' id='word_1_515' title='bbox 2145 2184 2225 2217; x_wconf 73' lang='lat'>1289.</span> <span class='ocrx_word' id='word_1_516' title='bbox 2245 2195 2250 2199; x_wconf 78' lang='grc'><strong>’</strong></span> 
     </span>
     <span class='ocr_line' id='line_1_71' title="bbox 1321 2249 2297 2290; baseline -0.005 -7"><span class='ocrx_word' id='word_1_517' title='bbox 1321 2255 1531 2290; x_wconf 85' lang='lat' dir='ltr'>Indulgentiae.</span> <span class='ocrx_word' id='word_1_518' title='bbox 1556 2254 1639 2287; x_wconf 77' lang='lat' dir='ltr'>(Rea.</span> <span class='ocrx_word' id='word_1_519' title='bbox 1663 2253 1710 2285; x_wconf 75' lang='lat'>44,</span> <span class='ocrx_word' id='word_1_520' title='bbox 1727 2262 1752 2280; x_wconf 91' lang='lat' dir='ltr'>c.</span> <span class='ocrx_word' id='word_1_521' title='bbox 1771 2253 1852 2285; x_wconf 71' lang='lat'>329²,</span> <span class='ocrx_word' id='word_1_522' title='bbox 1869 2252 1889 2279; x_wconf 82' lang='lat' dir='ltr'>f.</span> <span class='ocrx_word' id='word_1_523' title='bbox 1914 2253 1963 2279; x_wconf 76' lang='lat'>177</span> <span class='ocrx_word' id='word_1_524' title='bbox 1990 2258 2031 2284; x_wconf 84' lang='lat' dir='ltr'>r0;</span> <span class='ocrx_word' id='word_1_525' title='bbox 2055 2251 2163 2279; x_wconf 74' lang='lat' dir='ltr'>Por&#39;m.</span> <span class='ocrx_word' id='word_1_526' title='bbox 2185 2249 2297 2286; x_wconf 76' lang='lat'>23018.)</span> 
     </span>
    </p>
   </div>
   <div class='ocr_carea' id='block_1_15' title="bbox 1285 2354 2319 2719">
    <p class='ocr_par' dir='ltr' id='par_1_19' title="bbox 1285 2354 2319 2608">
     <span class='ocr_line' id='line_1_72' title="bbox 1325 2354 2319 2394; baseline -0.006 -5"><span class='ocrx_word' id='word_1_527' title='bbox 1325 2359 1445 2389; x_wconf 78' lang='lat' dir='ltr'>Dilectis</span> <span class='ocrx_word' id='word_1_528' title='bbox 1461 2359 1495 2387; x_wconf 83' lang='lat' dir='ltr'>in</span> <span class='ocrx_word' id='word_1_529' title='bbox 1513 2357 1628 2388; x_wconf 83' lang='lat' dir='ltr'>Christo</span> <span class='ocrx_word' id='word_1_530' title='bbox 1647 2355 1769 2394; x_wconf 80' lang='lat' dir='ltr'>filiabus</span> <span class='ocrx_word' id='word_1_531' title='bbox 1793 2379 1813 2385; x_wconf 93' lang='lat'>..</span> <span class='ocrx_word' id='word_1_532' title='bbox 1835 2354 1983 2385; x_wconf 79' lang='lat' dir='ltr'>abbatisse</span> <span class='ocrx_word' id='word_1_533' title='bbox 2005 2359 2032 2384; x_wconf 87' lang='lat' dir='ltr'>et</span> <span class='ocrx_word' id='word_1_534' title='bbox 2048 2355 2212 2384; x_wconf 78' lang='lat' dir='ltr'>conventui</span> <span class='ocrx_word' id='word_1_535' title='bbox 2229 2361 2319 2389; x_wconf 60' lang='lat' dir='ltr'>mom,</span> 
     </span>
     <span class='ocr_line' id='line_1_73' title="bbox 1285 2407 2305 2448; baseline -0.006 -5"><span class='ocrx_word' id='word_1_536' title='bbox 1285 2413 1416 2444; x_wconf 77' lang='lat' dir='ltr'>nasterii</span> <span class='ocrx_word' id='word_1_537' title='bbox 1441 2411 1548 2441; x_wconf 79' lang='lat' dir='ltr'>Sancte</span> <span class='ocrx_word' id='word_1_538' title='bbox 1569 2410 1657 2440; x_wconf 82' lang='lat' dir='ltr'>Clare</span> <span class='ocrx_word' id='word_1_539' title='bbox 1679 2410 1714 2440; x_wconf 86' lang='lat' dir='ltr'>de</span> <span class='ocrx_word' id='word_1_540' title='bbox 1739 2410 1892 2446; x_wconf 77' lang='lat' dir='ltr'>Bictorta,</span> <span class='ocrx_word' id='word_1_541' title='bbox 1917 2408 2136 2448; x_wconf 76' lang='lat' dir='ltr'>Cataquritane</span> <span class='ocrx_word' id='word_1_542' title='bbox 2157 2407 2305 2441; x_wconf 52' lang='lat' dir='ltr'>diocesia,</span> 
     </span>
     <span class='ocr_line' id='line_1_74' title="bbox 1285 2459 2309 2504; baseline -0.003 -8"><span class='ocrx_word' id='word_1_543' title='bbox 1285 2465 1528 2504; x_wconf 83' lang='lat' dir='ltr'>Indulgentiam</span> <span class='ocrx_word' id='word_1_544' title='bbox 1544 2463 1643 2494; x_wconf 88' lang='lat' dir='ltr'>unius</span> <span class='ocrx_word' id='word_1_545' title='bbox 1654 2463 1732 2493; x_wconf 89' lang='lat' dir='ltr'>anni</span> <span class='ocrx_word' id='word_1_546' title='bbox 1744 2466 1774 2493; x_wconf 88' lang='lat' dir='ltr'>et</span> <span class='ocrx_word' id='word_1_547' title='bbox 1788 2462 2002 2502; x_wconf 88' lang='lat' dir='ltr'>quadraginta</span> <span class='ocrx_word' id='word_1_548' title='bbox 2013 2461 2140 2492; x_wconf 88' lang='lat' dir='ltr'>dierum</span> <span class='ocrx_word' id='word_1_549' title='bbox 2151 2459 2309 2493; x_wconf 70' lang='lat' dir='ltr'>concedit:</span> 
     </span>
     <span class='ocr_line' id='line_1_75' title="bbox 1286 2508 2319 2558; baseline -0.006 -8"><span class='ocrx_word' id='word_1_550' title='bbox 1286 2520 1333 2551; x_wconf 87' lang='lat' dir='ltr'>eis</span> <span class='ocrx_word' id='word_1_551' title='bbox 1362 2519 1418 2558; x_wconf 83' lang='lat' dir='ltr'>qui</span> <span class='ocrx_word' id='word_1_552' title='bbox 1451 2517 1617 2548; x_wconf 86' lang='lat' dir='ltr'>ecclesiam</span> <span class='ocrx_word' id='word_1_553' title='bbox 1649 2517 1794 2556; x_wconf 87' lang='lat' dir='ltr'>ejusdem</span> <span class='ocrx_word' id='word_1_554' title='bbox 1821 2515 2011 2547; x_wconf 89' lang='lat' dir='ltr'>monasterii</span> <span class='ocrx_word' id='word_1_555' title='bbox 2043 2515 2079 2545; x_wconf 86' lang='lat' dir='ltr'>in</span> <span class='ocrx_word' id='word_1_556' title='bbox 2111 2508 2298 2546; x_wconf 74' lang='lat' dir='ltr'>sanctorum</span> <span class='ocrx_word' id='word_1_557' title='bbox 2311 2524 2319 2548; x_wconf 87' lang='grc'>·,</span> 
     </span>
     <span class='ocr_line' id='line_1_76' title="bbox 1286 2568 2255 2608; baseline -0.005 -5"><span class='ocrx_word' id='word_1_558' title='bbox 1286 2572 1458 2608; x_wconf 89' lang='lat' dir='ltr'>Francisci,</span> <span class='ocrx_word' id='word_1_559' title='bbox 1476 2572 1611 2602; x_wconf 90' lang='lat' dir='ltr'>Antonii</span> <span class='ocrx_word' id='word_1_560' title='bbox 1626 2574 1656 2601; x_wconf 90' lang='lat' dir='ltr'>et</span> <span class='ocrx_word' id='word_1_561' title='bbox 1671 2570 1783 2601; x_wconf 88' lang='lat' dir='ltr'>Clarae</span> <span class='ocrx_word' id='word_1_562' title='bbox 1798 2569 2024 2601; x_wconf 86' lang='lat' dir='ltr'>festivitatibus</span> <span class='ocrx_word' id='word_1_563' title='bbox 2039 2568 2255 2600; x_wconf 81' lang='lat' dir='ltr'>visitaverint.</span> 
     </span>
    </p>

    <p class='ocr_par' dir='ltr' id='par_1_20' title="bbox 1285 2620 2317 2719">
     <span class='ocr_line' id='line_1_77' title="bbox 1327 2620 2310 2665; baseline 0 -11"><span class='ocrx_word' id='word_1_564' title='bbox 1327 2638 1342 2654; x_wconf 85' lang='lat'>«</span> <span class='ocrx_word' id='word_1_565' title='bbox 1362 2627 1434 2656; x_wconf 85' lang='lat' dir='ltr'>Vite</span> <span class='ocrx_word' id='word_1_566' title='bbox 1449 2625 1633 2665; x_wconf 83' lang='lat' dir='ltr'>perempnis</span> <span class='ocrx_word' id='word_1_567' title='bbox 1654 2624 1793 2663; x_wconf 87' lang='lat' dir='ltr'>gloria...</span> <span class='ocrx_word' id='word_1_568' title='bbox 1811 2641 1852 2646; x_wconf 75' lang='lat'>—</span> <span class='ocrx_word' id='word_1_569' title='bbox 1869 2624 1941 2654; x_wconf 88' lang='lat' dir='ltr'>Dat.</span> <span class='ocrx_word' id='word_1_570' title='bbox 1967 2623 2082 2660; x_wconf 85' lang='lat' dir='ltr'>Reate,</span> <span class='ocrx_word' id='word_1_571' title='bbox 2101 2631 2121 2653; x_wconf 86' lang='lat' dir='ltr'>x</span> <span class='ocrx_word' id='word_1_572' title='bbox 2140 2620 2310 2659; x_wconf 68' lang='lat' dir='ltr'>kalendas„</span> 
     </span>
     <span class='ocr_line' id='line_1_78' title="bbox 1285 2669 2317 2719; baseline -0.007 -8"><span class='ocrx_word' id='word_1_573' title='bbox 1285 2680 1424 2719; x_wconf 86' lang='lat' dir='ltr'>augusti,</span> <span class='ocrx_word' id='word_1_574' title='bbox 1440 2688 1526 2710; x_wconf 88' lang='lat' dir='ltr'>anno</span> <span class='ocrx_word' id='word_1_575' title='bbox 1539 2678 1689 2709; x_wconf 88' lang='lat' dir='ltr'>secundo.</span> <span class='ocrx_word' id='word_1_576' title='bbox 1709 2690 1722 2706; x_wconf 82' lang='grc'>»</span> <span class='ocrx_word' id='word_1_577' title='bbox 2311 2669 2317 2676; x_wconf 77' lang='grc'>’</span> 
     </span>
    </p>
   </div>
   <div class='ocr_carea' id='block_1_16' title="bbox 1361 2833 2226 2871">
    <p class='ocr_par' dir='ltr' id='par_1_21' title="bbox 1361 2833 2226 2871">
     <span class='ocr_line' id='line_1_79' title="bbox 1361 2833 2226 2871; baseline -0.008 -3"><span class='ocrx_word' id='word_1_578' title='bbox 1361 2839 1519 2868; x_wconf 71' lang='lat' dir='ltr'>uon-1</span> <span class='ocrx_word' id='word_1_579' title='bbox 1529 2837 1618 2867; x_wconf 77' lang='lat' dir='ltr'>ms</span> <span class='ocrx_word' id='word_1_580' title='bbox 1886 2836 1974 2871; x_wconf 73' lang='lat' dir='ltr'>meti,</span> <span class='ocrx_word' id='word_1_581' title='bbox 1991 2833 2226 2871; x_wconf 74' lang='lat' dir='ltr'>25Juiuet1289.</span> 
     </span>
    </p>
   </div>
   <div class='ocr_carea' id='block_1_17' title="bbox 1287 2895 2329 2984">
    <p class='ocr_par' dir='ltr' id='par_1_22' title="bbox 1287 2895 2329 2984">
     <span class='ocr_line' id='line_1_80' title="bbox 1323 2895 2329 2936; baseline -0.006 -8"><span class='ocrx_word' id='word_1_582' title='bbox 1323 2901 1468 2928; x_wconf 90' lang='lat' dir='ltr'>Henricus</span> <span class='ocrx_word' id='word_1_583' title='bbox 1485 2900 1695 2936; x_wconf 83' lang='lat' dir='ltr'>Burdegalensi</span> <span class='ocrx_word' id='word_1_584' title='bbox 1710 2899 1850 2928; x_wconf 84' lang='lat' dir='ltr'>ecclesiae</span> <span class='ocrx_word' id='word_1_585' title='bbox 1864 2899 2104 2934; x_wconf 88' lang='lat' dir='ltr'>archiepiscopus</span> <span class='ocrx_word' id='word_1_586' title='bbox 2118 2895 2310 2932; x_wconf 62' lang='lat' dir='ltr'>praefinitum·</span> <span class='ocrx_word' id='word_1_587' title='bbox 2328 2928 2329 2931; x_wconf 13' lang='grc' dir='ltr'><strong>Ἴ</strong></span> 
     </span>
     <span class='ocr_line' id='line_1_81' title="bbox 1287 2945 2118 2984; baseline -0.005 -7"><span class='ocrx_word' id='word_1_588' title='bbox 1287 2950 1370 2984; x_wconf 79' lang='lat' dir='ltr'>(Rau.</span> <span class='ocrx_word' id='word_1_589' title='bbox 1388 2950 1432 2982; x_wconf 70' lang='lat'>4⁴.</span> <span class='ocrx_word' id='word_1_590' title='bbox 1449 2958 1475 2977; x_wconf 79' lang='lat' dir='ltr'>c,</span> <span class='ocrx_word' id='word_1_591' title='bbox 1492 2949 1553 2983; x_wconf 86' lang='lat'>330,</span> <span class='ocrx_word' id='word_1_592' title='bbox 1570 2949 1589 2976; x_wconf 79' lang='lat' dir='ltr'>f.</span> <span class='ocrx_word' id='word_1_593' title='bbox 1610 2950 1657 2976; x_wconf 88' lang='lat'>177</span> <span class='ocrx_word' id='word_1_594' title='bbox 1675 2955 1720 2983; x_wconf 82' lang='lat'>1·⁰;</span> <span class='ocrx_word' id='word_1_595' title='bbox 1737 2948 1804 2977; x_wconf 50' lang='lat' dir='ltr'>Lar.</span> <span class='ocrx_word' id='word_1_596' title='bbox 1821 2956 1856 2976; x_wconf 86' lang='lat' dir='ltr'>nu</span> <span class='ocrx_word' id='word_1_597' title='bbox 1871 2947 1971 2979; x_wconf 64' lang='lat' dir='ltr'>Tuan„</span> <span class='ocrx_word' id='word_1_598' title='bbox 1988 2946 2027 2981; x_wconf 91' lang='lat'>11,</span> <span class='ocrx_word' id='word_1_599' title='bbox 2045 2945 2118 2979; x_wconf 83' lang='grc'>190.)</span> 
     </span>
    </p>
   </div>
   <div class='ocr_carea' id='block_1_18' title="bbox 1328 3044 2297 3090">
    <p class='ocr_par' dir='ltr' id='par_1_23' title="bbox 1328 3044 2297 3090">
     <span class='ocr_line' id='line_1_82' title="bbox 1328 3044 2297 3090; baseline -0.007 -8"><span class='ocrx_word' id='word_1_600' title='bbox 1328 3053 1440 3082; x_wconf 82' lang='lat' dir='ltr'>Dilecto</span> <span class='ocrx_word' id='word_1_601' title='bbox 1457 3053 1522 3090; x_wconf 80' lang='lat' dir='ltr'>filio</span> <span class='ocrx_word' id='word_1_602' title='bbox 1545 3053 1691 3089; x_wconf 80' lang='lat' dir='ltr'>Henrico,</span> <span class='ocrx_word' id='word_1_603' title='bbox 1710 3053 1797 3082; x_wconf 86' lang='lat' dir='ltr'>electo</span> <span class='ocrx_word' id='word_1_604' title='bbox 1814 3050 2041 3088; x_wconf 77' lang='lat' dir='ltr'>Burdeyalensi.</span> <span class='ocrx_word' id='word_1_605' title='bbox 2060 3047 2200 3078; x_wconf 84' lang='lat' dir='ltr'>Vacante</span> <span class='ocrx_word' id='word_1_606' title='bbox 2215 3044 2297 3076; x_wconf 87' lang='lat' dir='ltr'>Bur-</span> 
     </span>
    </p>
   </div>
   <div class='ocr_carea' id='block_1_19' title="bbox 2306 0 2477 3637">
    <p class='ocr_par' dir='ltr' id='par_1_24' title="bbox 2306 0 2477 3637">
     <span class='ocr_line' id='line_1_83' title="bbox 2306 0 2477 3637; baseline 0 0"><span class='ocrx_word' id='word_1_607' title='bbox 2306 0 2477 3637; x_wconf 95' lang='lat' dir='ltr'> </span> 
     </span>
    </p>
   </div>
  </div>
 </body>
</html>
