2342 3652
910 397 1137 436 DEUXIEME
1155 398 1310 435 ANNEE.
2096 414 2152 444 395

66 472 147 502 dicta
165 471 391 500 Beneventana
404 470 515 500 civitas
531 470 571 499 sit
587 470 720 506 refecta,
738 470 775 500 de
792 471 927 500 fratrum
944 476 1067 501 nostro-

66 533 136 554 rum
152 532 307 553 consensu
326 528 356 552 et
369 532 514 559 assensu,
535 523 740 552 decernimus
756 528 787 553 et
802 523 950 553 volumus
967 524 1005 553 ad
1022 532 1069 553 so-

64 576 217 606 lutionem
231 576 426 614 prefatarum
443 575 647 605 marcharum
665 584 743 613 quas
760 576 909 605 remissas
924 576 1068 614 legitime

64 628 114 659 vel
129 629 245 658 solutas
261 637 329 658 esse
346 629 522 658 constiterit
537 652 542 665 ,
562 633 617 658 aut
632 629 670 657 ad
690 629 923 658 restitutionem
941 639 1068 660 earum-

65 682 136 712 dem
159 681 364 711 ecclesiarum
386 691 447 719 que
471 681 616 718 fuerunt,
639 686 672 710 ut
687 682 894 719 premittitur,
912 683 1067 719 restitute,

65 740 118 766 aut
141 735 178 764 ad
202 734 431 773 expositionem
458 743 626 764 nemorum
649 739 679 763 et
702 734 832 764 alterius
858 736 990 764 materie
1014 744 1069 773 pro

65 787 233 818 refectione
257 791 339 817 terre
370 787 508 826 prefate,
535 787 561 816 si
585 787 678 826 plene
701 787 785 816 dicta
813 788 964 826 expositio
989 788 1069 817 facta

54 841 175 878 fuerit,
193 845 222 870 te
239 845 371 878 tuosque
396 839 530 869 heredes
552 839 755 878 aliquatenus
778 848 841 869 non
866 840 976 870 teneri.
996 840 1067 870 Non

64 893 207 924 obstante
223 893 307 931 quod
326 893 360 922 in
376 893 497 931 prefata
513 893 726 931 promissione
742 897 796 922 tua
811 893 943 922 forsitan
958 893 1068 922 videa-

65 946 110 976 ris
128 950 282 985 pretactas
300 947 454 976 extinctas
476 946 525 975 vel
546 946 638 975 elisas
659 946 869 984 obligationes
894 946 1068 984 quomodo-

64 999 142 1030 libet
155 999 336 1029 innovasse.
352 999 425 1029 Non
442 1003 547 1029 tamen
566 1004 721 1037 quantum
740 999 778 1028 ad
795 998 942 1028 ecclesias
958 999 1070 1028 attinet

65 1053 108 1083 sic
128 1056 156 1082 te
183 1056 317 1090 tuosque
342 1057 482 1091 posteros
501 1052 716 1090 intelligimus
733 1052 893 1082 absolutos
915 1052 994 1092 quin
1019 1061 1069 1082 ec-

65 1105 170 1137 clesiis
198 1105 277 1144 ipsis
304 1105 457 1135 restitutis
485 1109 515 1135 et
543 1105 744 1144 postmodum
776 1105 935 1135 destitutis
961 1114 1067 1135 coram

63 1158 314 1198 competentibus
340 1158 551 1189 tribunalibus
562 1166 622 1198 'per
645 1163 672 1188 te
696 1163 725 1188 et
740 1159 825 1197 ipsos
841 1158 895 1188 fiat
911 1159 1023 1188 celeris
1040 1164 1069 1188 et

63 1211 205 1251 expedite
218 1211 342 1250 justitie
358 1211 640 1250 complementum.
658 1212 730 1241 Dat.
751 1211 866 1248 Reate,
890 1221 932 1241 xn
954 1211 1068 1242 kalen-

62 1265 117 1296 das
129 1265 215 1304 julii,
233 1273 319 1295 anno
333 1265 484 1295 secundo.
505 1277 517 1291 n

130 1445 244 1473 2242

93 1505 243 1533 Terminos
258 1506 292 1533 ad
309 1506 446 1533 solvenda
457 1507 665 1541 quinquaginta
676 1507 763 1533 millia
774 1508 955 1534 marcharum
966 1515 1067 1542 proro-

59 1558 116 1590 gat.
131 1555 214 1590 (Rea.
233 1555 277 1588 44,
293 1562 318 1581 c.
336 1555 380 1586 60,
396 1555 416 1581 f.
434 1555 484 1582 315
500 1557 549 1587 ro.)

678 1444 769 1476 Rieti,
786 1446 896 1479 rojuin
915 1445 992 1472 1289.

64 1648 73 1690 f
99 1658 204 1687 Eidem
222 1657 397 1687 terminum
414 1657 581 1688 solutionis
598 1659 832 1697 quinquaginta
850 1658 954 1688 millia
976 1666 1063 1687 mar-

60 1711 192 1742 charum
204 1710 435 1749 sterlingorum
448 1721 465 1741 a
475 1711 578 1741 bonae
589 1712 762 1741 memoriae
773 1711 822 1748 C„
835 1720 909 1749 rege
924 1711 1063 1747 Siciliae,

59 1769 147 1804 patre
165 1765 252 1803 ejus,
274 1773 425 1794 romanae
441 1765 592 1795 ecclesiae
610 1765 643 1794 in
660 1765 754 1794 certis
775 1765 922 1798 terminis
944 1764 1065 1803 persol-

61 1817 236 1848 vendarum
263 1822 293 1847 et
312 1827 331 1847 a
354 1817 388 1847 C.
407 1817 473 1848 filio
491 1819 526 1848 in
546 1822 745 1848 sacramento
767 1818 932 1848 fidelitatis
954 1822 983 1848 et
1008 1818 1064 1848 ho-

61 1871 160 1909 magii
182 1871 412 1910 promissarum
438 1871 516 1901 hinc
542 1872 581 1901 ad
607 1872 685 1902 duos
713 1880 816 1902 annos
840 1876 998 1911 prorogat.
1027 1889 1066 1894 —

62 1935 77 1952 «
102 1924 258 1954 Volumus
284 1929 390 1955 autem
415 1929 449 1955 ut
473 1925 558 1955 infra
580 1934 703 1955 annum
730 1926 843 1964 probes
867 1926 1011 1963 legitime
1037 1926 1065 1956 si

59 1978 137 2017 quid
155 1978 195 2008 de
219 1978 359 2009 marchis
380 1979 457 2017 ipsis
484 1979 543 2008 rite
562 1980 731 2009 remissum
753 1980 849 2009 fuerit
869 1979 919 2009 vel
935 1980 1065 2010 ecclesie

58 2031 196 2070 predicte
211 2031 362 2062 solutum.
382 2044 394 2059 ι

100 2097 113 2112 α
132 2084 323 2124 Suppliciter
337 2085 421 2124 apud
438 2094 533 2116 1105...
552 2102 590 2108 -
607 2086 678 2116 Dat.
701 2090 733 2116 ut
751 2096 855 2125 supra.
875 2099 886 2113 ι

128 2271 245 2300 2248

93 2331 251 2360 Comitatus
273 2333 388 2361 Laureti
411 2338 439 2360 et
459 2338 584 2361 castrum
606 2335 696 2362 Albae
719 2335 833 2370 Cat-olo,
853 2337 913 2370 regi
935 2335 1062 2370 Siciliae,

56 2383 259 2410 restituuntur.
276 2383 359 2417 (Rae.
378 2384 421 2416 44,
439 2392 464 2411 e.
480 2384 523 2418 61,
544 2385 560 2412 f.
579 2384 628 2411 315
645 2387 692 2418 ro.)

678 2272 767 2302 Rieti.
785 2272 819 2299 ‘20
831 2274 895 2307 juin
914 2273 991 2300 1289.

98 2486 184 2516 Petro
198 2486 232 2515 de
245 2486 457 2524 Palumbarla,
471 2489 582 2517 rectori
594 2489 789 2518 comitatuum
804 2489 926 2517 Laurelt'
939 2492 964 2517 el
979 2488 1060 2519 Albe.

61 2547 75 2564 ι
93 2538 222 2569 Pridem
237 2539 314 2569 dum
332 2539 498 2578 regionem
517 2540 647 2579 Aprutii
663 2540 739 2570 belli
755 2541 919 2571 calamitas
936 2551 1061 2580 preme-

57 2595 105 2620 ret
119 2594 148 2621 et
161 2592 311 2630 angustia
328 2592 494 2622 trementis
513 2593 682 2623 turbatoris
698 2597 826 2631 artaret,
844 2594 1007 2624 Conradus
1024 2595 1062 2624 de

57 2644 229 2675 Antiochia
248 2649 365 2675 terram
392 2646 520 2676 Laureti
547 2651 576 2677 et
600 2647 775 2677 nonnullas
797 2648 875 2677 alias
902 2653 998 2678 terras
1022 2649 1060 2678 ad

57 2698 243 2728 comitatum
258 2699 336 2729 dicti
351 2700 476 2729 Laureti
493 2705 668 2738 spectantes
683 2710 719 2730 ac
737 2704 874 2731 castrum
891 2701 972 2731 Albe
990 2702 1059 2732 vio-

57 2749 154 2782 lentis
172 2752 354 2782 incursibus
379 2754 557 2791 occupavit,
583 2763 639 2793 per
660 2763 796 2793 quorum
821 2756 1059 2794 occupationem

58 2803 104 2834 sic
120 2805 305 2836 eorumdem
322 2806 485 2836 turbinum
503 2807 724 2837 excrescebant
740 2808 841 2838 valide
860 2813 1059 2846 tempestates

57 2857 140 2896 quod
153 2857 191 2888 (10
203 2857 410 2888 subversione
426 2859 762 2899 circumadjacentium
780 2861 949 2899 regionum
962 2861 1055 2891 corda

57 2909 200 2940 fidelium
225 2911 446 2950 trepidabant,
474 2916 599 2950 propter
616 2913 697 2952 quod
716 2914 814 2943 felicis
832 2914 1057 2944 recordationis

57 2961 198 2993 Honorio
213 2972 292 3002 pape
312 2964 399 3000 IIII,
426 2965 638 3003 predecessori
659 2970 766 2996 nostro
780 2990 787 3002 ‚
806 2967 905 2996 suasit
926 2966 1056 3004 provida

57 3010 178 3045 cautela
192 3016 321 3046 consilii
336 3016 434 3047 dictas
448 3021 546 3047 terras
559 3023 588 3047 et
604 3018 758 3057 prefatum
770 3023 908 3048 castrum
927 3019 1006 3048 Albe
1025 3019 1058 3047 in

57 3075 155 3098 manu
169 3077 225 3099 sua
240 3070 390 3108 recipere,
405 3070 554 3109 ipsasque
569 3071 669 3100 facere
686 3080 740 3109 per
754 3080 826 3101 suos
841 3071 992 3101 officiales
1009 3071 1059 3101 vel

1151 471 1281 501 nuntios
1303 473 1472 510 custodiri,
1490 483 1653 513 quousque
1677 477 1771 505 statui
1792 477 1950 507 carissimi
1973 479 2007 507 111
2024 478 2152 510 Christo

1150 523 1210 552 filii
1229 525 1330 553 nostri
1346 524 1467 563 Caroli,
1486 527 1568 564 regis
1585 527 1709 563 Sicilie,
1729 532 1803 558 tunc
1820 530 1951 568 captivi,
1969 535 1998 560 et
2013 532 2154 569 regionis

1151 576 1293 615 ejusdem
1316 577 1475 608 videretur
1493 579 1580 608 aliud
1607 580 1765 618 expedire.
1783 581 1928 620 Cumque
1946 584 2084 614 eundem
2104 594 2153 614 re—

1151 638 1223 666 gem
1239 629 1347 659 divina
1364 632 1466 668 gratia
1482 632 1619 675 solutum
1637 642 1654 662 a
1671 642 1795 664 carcere
1811 636 1985 666 restituerit
2001 637 2151 671 libertati,

1152 691 1206 720 per
1222 682 1305 720 quod
1323 684 1481 713 credimus
1505 686 1585 723 quod
1613 695 1671 724 pax
1694 692 1723 716 et
1748 689 1962 726 tranquillitas
1984 691 2017 720 in
2043 691 2153 721 eodem

1152 744 1250 772 regno
1266 735 1376 766 Sicilie
1394 738 1581 775 revirescet,
1600 739 1655 768 tibi
1674 749 1727 778 per
1743 741 1912 778 apostolica
1929 744 2043 782 scripta
2061 754 2152 773 mau-

1116 807 1118 809 -
1152 787 1264 817 damus
1294 794 1450 827 quatenus
1487 791 1659 828 predictam
1702 797 1816 823 terram
1852 795 1980 825 Laureti
2011 797 2154 835 aliasque

1154 846 1251 871 terras
1277 843 1306 871 et
1330 842 1398 872 loca
1419 844 1586 873 comitatus
1606 845 1748 883 ejusdem
1772 856 1807 875 ac
1832 849 1987 885 prefatum
2014 854 2153 880 castrum

1153 893 1233 923 Albe
1246 918 1254 932 ‚
1272 904 1333 933 que
1348 904 1402 933 per
1417 900 1445 924 te
1459 900 1532 925 sunt
1548 897 1715 936 hucusque
1729 900 1860 929 nomine
1876 910 2006 931 romane
2023 903 2153 932 ecclesie

1152 947 1322 983 custodita,
1349 971 1370 978 ..
1393 949 1566 986 justitiario
1591 950 1735 987 ejusdem
1752 953 1909 989 provintie
1926 954 2008 983 ultra
2034 955 2153 984 flumen

1152 1000 1292 1030 Piscarie
1311 1005 1341 1030 et
1357 1024 1377 1031 ..
1397 1005 1515 1031 secreto
1532 1003 1670 1039 regionis
1696 1003 1817 1041 ipsius,
1842 1014 1896 1034 seu
1917 1006 2008 1035 alteri
2026 1016 2152 1036 eorum-

1152 1053 1245 1089 dem,
1265 1053 1407 1092 qualibet
1426 1054 1571 1084 tarditate
1595 1061 1758 1093 cessante,
1785 1058 1916 1088 nomine
1937 1063 1967 1088 et
1991 1068 2046 1097 pro
2068 1064 2154 1098 parte

1152 1107 1228 1137 dicti
1244 1108 1327 1145 regis
1344 1108 1491 1137 restituas
1512 1112 1542 1137 et
1559 1109 1723 1146 assignes3
1744 1115 1924 1148 recepturus
1946 1121 2000 1150 pro
2017 1117 2102 1151 parte
2125 1117 2155 1142 et

1151 1161 1283 1190 nomine
1299 1160 1381 1190 dicte
1398 1169 1529 1191 romane
1544 1161 1676 1191 ecclesie
1692 1163 1730 1192 de
1746 1164 1946 1194 restitutione
1962 1169 1992 1194 et
2012 1166 2154 1203 resigna-

1151 1214 1236 1243 tione
1254 1214 1439 1252 hujusmodi
1461 1216 1713 1245 instrumentum
1733 1217 1898 1254 publicum
1920 1218 1959 1247 ad
1976 1218 2152 1255 cautelam,

1150 1270 1309 1300 satisfacto
1330 1270 1419 1308 prius
1443 1275 1505 1299 tam
1527 1271 1582 1300 tibi
1603 1280 1697 1309 quam
1727 1272 1786 1301 tnis
1809 1273 1993 1302 custodibus
2016 1282 2070 1303 seu
2090 1283 2155 1302 ser-

1151 1323 1310 1353 vientibus
1337 1323 1375 1353 de
1393 1324 1507 1353 debitis
1525 1324 1648 1354 salariis
1665 1325 1809 1363 preteriti
1827 1326 1974 1364 temporis
1991 1326 2029 1355 de
2046 1326 2153 1356 fructi-

1150 1376 1208 1405 bus
1226 1377 1410 1406 earumdem
1429 1381 1584 1406 terrarum
1602 1382 1631 1407 et
1649 1379 1754 1407 castri.
1774 1379 1846 1408 Dat.
1862 1383 1897 1408 ut
1913 1388 2017 1417 supra.
2039 1391 2053 1405 »

1219 1523 1334 1552 224ss
1768 1523 1860 1555 Rieu,
1877 1523 1911 1550 ‘20
1923 1524 1986 1558 juin
2006 1524 2081 1551 1289.

1184 1584 1226 1611 De
1256 1594 1345 1612 censu
1374 1594 1389 1611 a
1418 1593 1485 1619 rege
1521 1585 1634 1612 Siciliae
1668 1586 1807 1613 ecclesiae
1840 1594 1972 1613 romanae
2003 1586 2149 1613 solvendo.

1148 1634 1229 1668 (Rea.
1249 1636 1290 1666 44,
1307 1643 1331 1661 c.
1350 1635 1393 1668 6⁶2,
1414 1635 1433 1661 f.
1452 1635 1501 1661 315
1520 1636 1573 1667 v0.)

1188 1737 1353 1766 Carissimo
1369 1738 1403 1766 ‘in
1419 1735 1539 1767 Christo
1555 1736 1618 1774 filio
1636 1737 1751 1771 Carolo,
1771 1738 1834 1773 reqt'
1852 1737 1955 1766 Sicilie
1968 1738 2096 1772 illustri,
2114 1736 2152 1765 ad

1147 1791 1215 1829 ejus
1235 1790 1437 1825 instantiam,
1456 1790 1527 1819 viva
1547 1798 1623 1819 voce
1645 1789 1774 1827 factam,
1793 1790 1967 1819 terminum
1984 1789 2152 1818 solutionis

1146 1848 1214 1874 octo
1239 1843 1377 1872 millium
1400 1843 1569 1872 unciarum
1592 1843 1673 1879 auri,
1690 1842 1729 1872 ad
1745 1842 1895 1880 generale
1914 1842 2038 1880 pondus
2062 1841 2152 1879 regni

1147 1897 1285 1932 Siciliae,
1304 1897 1338 1925 in
1356 1897 1433 1926 festo
1451 1896 1534 1925 beati
1554 1897 1641 1926 Petri
1660 1900 1794 1926 venturo
1810 1897 1966 1934 proximo⁷
1984 1904 2039 1934 pro
2056 1905 2153 1926 censu

1147 1950 1289 1989 ejusdem
1317 1950 1424 1988 regni,
1451 1950 1490 1979 ab
1514 1958 1549 1980 eo
1574 1958 1723 1979 romanae
1749 1949 1900 1979 ecclesiae
1926 1949 2152 1988 persolvenda-

1147 2012 1230 2038 rum,
1251 2012 1352 2041 usque
1375 2003 1414 2032 ad
1435 2002 1522 2032 aliud
1539 2003 1654 2032 festum
1674 2003 1758 2032 beati
1776 2003 1863 2032 Petri
1879 2003 2019 2032 secundo
2036 2006 2151 2032 ventu-

1146 2065 1235 2085 rum.
1255 2056 1338 2095 quod
1362 2057 1420 2085 erit
1441 2065 1526 2086 anno
1546 2056 1675 2085 Domini
1703 2065 1907 2091 inccmxxxx,
1937 2059 2086 2093 irorogat.
2111 2070 2150 2076 —

1149 2121 1162 2136 «
1182 2109 1229 2138 Ita
1247 2114 1351 2139 tamen
1369 2109 1452 2147 quod
1474 2118 1528 2148 per
1544 2110 1728 2147 petitionem
1745 2114 1775 2138 et
1790 2109 2028 2139 concessionem
2045 2117 2152 2147 proro—

1147 2163 1283 2200 gationis
1308 2162 1494 2201 hujusmodi
1518 2162 1716 2192 conditiones
1741 2167 1772 2192 et
1796 2162 2020 2192 conventiones
2043 2161 2151 2190 habite

1118 2232 1120 2235 f
1146 2216 1232 2245 inter
1242 2218 1408 2245 romanam
1420 2215 1596 2250 ecclesiam,
1608 2215 1692 2244 clare
1707 2214 1859 2244 memorie
1870 2214 2031 2250 Carolum,
2045 2222 2151 2251 regem

1148 2270 1265 2306 Sicilie,
1283 2274 1404 2308 patrem
1422 2274 1522 2304 tuum⁷
1542 2273 1571 2298 et
1593 2273 1621 2298 te
1641 2268 1762 2298 nullam
1783 2277 1912 2306 prorsus
1932 2267 2150 2297 innovationis

1147 2324 1356 2353 variationem
1379 2323 1517 2352 sentiant
1539 2331 1597 2351 nec
1617 2321 1851 2351 immutationis
1871 2321 2073 2359 dispendium
2096 2329 2149 2358 pa·

1148 2377 1276 2412 tiantur‚
1299 2376 1354 2405 5011
1378 2376 1411 2404 in
1432 2384 1488 2404 sua
1504 2384 1629 2413 semper
1646 2378 1853 2413 permaneant
1876 2374 2036 2402 firmitate.
2059 2373 2150 2402 Cete-

1146 2439 1218 2459 rum
1235 2429 1382 2459 volumus
1403 2428 1497 2466 quod,
1522 2428 1548 2457 si
1571 2427 1758 2466 hujusmodi
1779 2427 2043 2465 supplicationem
2065 2430 2149 2454 tuam

1146 2487 1175 2512 et
1191 2482 1445 2520 prorogationem
1465 2484 1605 2510 nostram
1622 2484 1704 2509 ratas
1725 2480 1890 2514 habueris,
1910 2487 2003 2517 super
2019 2478 2078 2507 hoc
2096 2486 2149 2515 pa-

1146 2539 1246 2564 tentes
1262 2534 1382 2563 litteras
1399 2538 1467 2563 tuas
1484 2533 1599 2563 harum
1617 2533 1733 2562 seriem
1753 2532 1963 2566 continentes,
1982 2539 2078 2559 aurea
2099 2535 2150 2559 tua

1144 2588 1232 2618 bulla
1248 2587 1400 2623 munitas,
1418 2587 1520 2623 nobis,
1533 2586 1572 2616 ad
1589 2586 1720 2615 ecclesie
1736 2594 1866 2615 romane
1884 2583 2050 2618 cautelam,
2069 2582 2147 2611 dila-

1145 2642 1231 2671 tione
1246 2645 1399 2677 cessante,
1414 2640 1527 2669 debeas
1543 2639 1704 2669 exhibcre.
1723 2639 1876 2676 Alioquin
1895 2637 2071 2675 prorogatio
2088 2635 2149 2664 hu—

1142 2694 1281 2734 jusmodi
1301 2693 1421 2722 nullius
1437 2692 1563 2731 penitus
1579 2692 1619 2721 sit
1635 2691 1754 2721 roboris
1771 2690 1820 2720 vel
1839 2692 2003 2719 momenti.
2024 2700 2036 2715 n

1176 2736 1199 2775 ἀ
1217 2748 1295 2777 Vive
1311 2748 1394 2776 vocis
1412 2745 1575 2776 oraculo...
1594 2762 1629 2767 —
1649 2746 1718 2774 Dat.
1737 2749 1769 2774 ut
1784 2753 1890 2782 supra.
1911 2755 1923 2769 n

1215 2905 1334 2935 2250
1765 2901 1853 2931 Rieu,
1873 2901 1903 2927 18
1917 2901 1980 2935 juin
1998 2900 2076 2927 1289.

1181 2967 1220 2993 De
1236 2967 1335 2993 codem
1353 2966 1477 3001 negotio.
1494 2965 1575 2999 (Rae.
1594 2965 1635 2995 44,
1654 2973 1679 2991 c.
1698 2964 1744 2997 63,
1762 2965 1779 2990 t'.
1801 2964 1850 2990 315
1867 2965 1918 2995 νο.)

1182 3071 1301 3105 Eidem,
1322 3069 1359 3098 ad
1377 3070 1444 3107 ejus
1462 3067 1646 3097 instantiam
1662 3091 1667 3102 ,
1687 3067 1758 3096 viva
1777 3075 1851 3096 voce
1868 3065 2000 3100 factam,
2019 3063 2146 3094 dilatio-
