2477 3637
310 406 365 437 164

306 470 530 506 matricularii,
546 466 690 499 custodes
699 472 874 502 omnesque
890 462 947 492 alii
967 461 1136 492 servitores
1153 461 1310 499 ipsorum,

307 526 500 563 ubicumque
533 522 567 552 iu
593 520 733 554 civitate,
761 518 911 548 comitatu
939 520 970 545 et
997 514 1116 545 diocesi
1145 513 1311 552 sepedictis

306 579 480 610 consistant
493 600 501 613 ,
518 584 582 606 una
593 572 742 604 domibus
757 580 836 610 quas
851 569 981 600 Cat-noti
998 568 1171 598 existentes
1183 566 1311 596 inhabi-

308 637 386 667 tant,
398 630 529 661 familiis
538 628 667 658 ethonis
675 634 798 661 eorum,
809 634 823 653 a
832 622 1056 662 Jurisdictione
1064 621 1188 652 comitis
1197 620 1314 651 Carno-

308 685 406 715 tensis
414 683 546 713 omnino
563 681 627 710 sint
638 678 733 709 liberi
748 682 777 707 et
789 677 963 711 immunes,
974 675 1052 705 acin
1066 683 1118 704 eos
1127 672 1314 704 omnimoda

303 736 486 778 jurisdictio
501 735 540 765 ad
556 732 729 773 capitulum
749 731 853 770 ipsum
871 733 999 768 spectat,
1023 733 1053 758 et
1071 728 1106 757 in
1123 726 1224 757 simili
1240 734 1312 765 pos-

307 791 446 821 sessione
466 788 531 818 sint
551 791 581 817 et
599 785 716 815 fuerint
732 783 910 822 capitulum
935 781 1123 818 memorati3
1147 778 1314 819 justitiarii

308 852 381 874 vero
395 841 556 873 comitisse
578 839 708 879 prefate,
729 837 763 867 in
780 836 929 876 predictis
947 834 1204 874 jurisdictionem
1220 841 1312 863 usur-

308 905 382 936 pare
402 896 560 929 nitentes,
578 891 753 931 capitulum
774 891 879 929 ipsum
898 885 993 927 super
1008 888 1078 925 hoc,
1097 887 1240 926 ipsorum
1255 884 1314 914 ali-

307 958 386 990 quos
409 947 578 987 capiendo,
604 944 723 975 carceri
752 941 975 982 mancipando,
1002 950 1037 971 ac
1059 941 1169 970 domos
1188 943 1217 969 et
1233 939 1315 968 bona

309 1004 451 1043 ipsorum
470 999 688 1039 multipliciter
706 996 907 1032 invadendo,
926 1003 990 1025 non
1010 995 1081 1024 sine
1095 993 1178 1033 juris
1195 992 1316 1031 injuria

309 1056 478 1087 molestare
493 1053 659 1092 sepissime
675 1053 948 1090 presumpserunt.

350 1110 445 1145 Item,
462 1116 536 1138 cum
554 1106 729 1136 servientes
746 1103 914 1133 memorati
931 1101 1062 1140 capituli
1084 1101 1140 1139 qui
1162 1102 1315 1130 vocantur

310 1161 486 1201 vulgariter
513 1159 668 1195 advocati,
699 1166 772 1188 cum
808 1156 956 1186 domibus
968 1179 975 1190 ,
1010 1154 1142 1185 familiis
1165 1156 1195 1182 et
1222 1151 1315 1181 bonis

311 1215 485 1246 mobilibus
522 1212 722 1248 eorumdem,
754 1212 794 1241 ab
825 1210 927 1248 ipsius
947 1207 1169 1248 jurisdictione
1190 1204 1315 1235 comitis

311 1270 376 1300 sint
391 1268 526 1299 omnino
541 1266 635 1296 liberi
652 1270 682 1296 et
699 1265 872 1300 immunes,
889 1272 924 1293 ac
943 1263 977 1292 in
993 1270 1045 1292 eos
1061 1265 1091 1291 et
1105 1261 1188 1290 bona
1205 1266 1315 1289 eorum

311 1321 488 1361 capitulum
524 1320 630 1359 ipsum
657 1317 918 1357 jurisdictionem
947 1313 1168 1345 omnimodam
1203 1311 1318 1341 habeat

312 1372 531 1413 temporalem,
550 1379 720 1409 comesque
740 1368 900 1408 predictus
915 1376 951 1398 ac
966 1366 1109 1396 ministri
1129 1364 1231 1404 ipsius
1247 1364 1317 1393 vin-

311 1426 383 1458 culo
397 1426 573 1466 juramenti
591 1427 760 1454 teneantur
776 1421 895 1451 astricti
915 1429 1042 1451 servare
1057 1419 1182 1449 illesam
1204 1417 1319 1456 hujus-

312 1480 399 1511 modi
423 1479 620 1514 libertatem3
642 1476 797 1515 justitiari
816 1483 890 1505 vero
905 1473 1066 1504 comitisse
1079 1471 1219 1511 predicte
1234 1470 1319 1509 capi-

313 1533 416 1564 tulum
433 1533 551 1571 ipsum,
573 1536 725 1569 tanquam
737 1529 942 1558 immemores
954 1525 1158 1562 sacramenti,
1172 1523 1320 1554 violando

313 1585 500 1626 hujusmodi
516 1584 705 1618 libertatem,
723 1591 818 1621 super
833 1582 892 1611 hoc
907 1579 1097 1611 multimode
1111 1581 1318 1622 vexaverunt.

353 1641 436 1670 Item
459 1638 591 1669 ecclesia
613 1636 792 1676 supradicta
816 1636 949 1674 ejusque
969 1633 1145 1664 claustrum
1168 1641 1187 1662 a
1209 1630 1322 1670 prefati

310 1693 534 1734 jurisdictione
556 1691 682 1722 comitis
704 1695 734 1720 et
756 1689 868 1728 quavis
888 1688 950 1718 alia
971 1686 1077 1717 laicali
1095 1685 1229 1717 omnino
1246 1688 1323 1715 sunt

314 1748 417 1778 libera
432 1751 462 1776 et
486 1749 631 1784 exempta
643 1768 650 1781 ,
674 1748 705 1774 et
724 1743 764 1773 ad
779 1742 955 1781 capitulum
967 1742 1075 1780 ipsum
1092 1740 1256 1770 dumtaxat
1268 1739 1322 1776 ju-

316 1800 458 1831 risdictio
484 1799 622 1838 pertinet
646 1798 680 1827 in
706 1797 848 1836 eisdem3
870 1795 1036 1839 justitiarii
1063 1802 1139 1824 vero
1164 1792 1323 1824 comitisse

318 1853 462 1894 predicte
477 1853 663 1890 frequenter
688 1851 752 1880 nisi
771 1855 846 1880 sunt
867 1849 902 1878 in
926 1849 1058 1879 ecclesia
1079 1852 1110 1878 et
1131 1848 1165 1877 in
1187 1846 1325 1877 claustro

318 1906 448 1946 prefatis
465 1914 545 1935 ausu
563 1904 730 1934 temerario
737 1903 897 1942 justitiam
914 1910 1070 1937 exercere,
1084 1910 1171 1931 nunc
1185 1900 1323 1937 citando,

319 1969 406 1990 nunc
431 1958 601 1995 monendo,
615 1966 702 1987 nunc
716 1956 895 1986 inhibendo
910 1964 945 1986 ac
961 1954 1182 1994 impugnando
1197 1954 1324 1984 liberta-

321 2019 384 2044 tem
400 2018 430 2043 et
449 2011 687 2042 immunitatem
706 2010 838 2041 ecclesie
853 2008 1043 2048 supradicte.

360 2068 441 2097 Item
471 2065 647 2104 predictum
677 2063 853 2103 capitulum
879 2063 914 2092 in
939 2062 1070 2092 clericos
1088 2062 1145 2100 qui
1171 2059 1329 2091 beneficia

321 2119 534 2151 ecclesiastica
574 2118 608 2147 in
640 2122 723 2147 terra
757 2117 857 2156 ipsius
895 2116 1039 2146 obtinere
1079 2118 1255 2145 noscuntur
1293 2121 1329 2143 ac

321 2174 356 2203 in
372 2181 482 2202 eorum
498 2171 582 2201 bona
600 2169 731 2200 mobilia
740 2169 960 2200 omnimodam
976 2167 1237 2206 jurisdictionem
1246 2166 1329 2196 obti-

322 2231 388 2264 net,
415 2230 445 2255 et
465 2225 526 2254 suit
548 2224 713 2259 hactenus,
738 2232 755 2253 a
771 2228 909 2262 tempore
925 2223 1015 2261 quus
1035 2221 1187 2251 contrarii
1209 2229 1329 2250 memo-

322 2280 371 2310 ria
391 2287 453 2309 nou
470 2278 585 2311 existit,
605 2277 638 2306 in
656 2276 868 2316 possessione,
888 2275 937 2305 vel
950 2275 1054 2314 qnasi,
1068 2274 1330 2313 jurisdictionem

324 2332 499 2372 predictam
521 2331 555 2360 in
573 2339 625 2360 eos
641 2335 671 2359 et
691 2330 775 2360 bona
790 2329 946 2368 ipsorum,
964 2328 1159 2366 ubicumque
1174 2327 1248 2357 illos
1264 2335 1330 2357 mo-

324 2386 389 2416 rari
406 2385 535 2415 Carnoti
550 2385 724 2421 contingat,
742 2382 842 2412 libere
854 2381 1042 2418 exercendi3
1059 2382 1157 2411 iidem
1175 2389 1248 2410 vero
1261 2382 1331 2419 jus-

325 2439 447 2476 titiarii,
466 2439 558 2477 quasi
573 2437 687 2468 falcem
701 2437 736 2466 in
753 2437 892 2466 alienam
908 2445 1047 2466 messem
1060 2439 1231 2475 ponenteS,
1250 2443 1332 2474 qno-

325 2493 436 2523 minus
469 2492 590 2522 dictum
613 2491 789 2530 capitulum
812 2490 844 2520 id
869 2490 968 2520 libere
987 2489 1107 2520 valeret
1129 2488 1244 2527 exequi
1270 2488 1334 2518 nisi

325 2550 401 2576 sunt
416 2544 636 2584 multipliciter
653 2543 828 2583 impedire,
846 2542 992 2573 faciendo
1007 2551 1064 2581 per
1081 2542 1257 2572 Carnotum
1275 2541 1334 2571 snb

326 2599 421 2629 certis
437 2598 529 2638 penis
546 2597 672 2637 publice
692 2597 833 2627 inhiberi
850 2605 891 2627 ne
911 2596 987 2626 dicti
1003 2596 1110 2626 clerici
1128 2600 1158 2626 et
1178 2595 1262 2626 bona
1284 2595 1334 2634 ip-

325 2661 435 2683 sorum
451 2651 559 2691 puniri
578 2651 804 2690 permittantur
823 2659 878 2689 per
893 2654 1005 2688 gentes
1021 2648 1153 2688 capituli
1174 2648 1334 2688 prelibati.

366 2706 448 2735 Item
464 2705 498 2734 in
514 2704 713 2744 possessione
734 2703 784 2733 vel
804 2703 897 2742 quasi
918 2702 1080 2733 consimili
1098 2702 1159 2732 fuit
1179 2702 1336 2732 hactenus

328 2757 504 2796 predictum
518 2756 694 2795 capitulum
706 2756 804 2786 libere
813 2755 1007 2794 perducendi
1022 2754 1253 2791 malefactores,
1266 2763 1337 2793 cap-

329 2815 375 2841 tos
391 2811 425 2839 in
443 2815 524 2840 terra
540 2811 684 2850 ejusdem
699 2809 842 2847 ecclesie,
861 2819 915 2848 per
933 2814 1047 2839 terram
1063 2809 1140 2839 dicti
1156 2809 1280 2838 comitis
1297 2808 1337 2838 ad

329 2872 488 2893 carcerem
498 2863 642 2902 prelibati
652 2863 794 2902 capituli,
806 2863 942 2902 positum
954 2862 988 2891 in
997 2862 1147 2899 Carnoto;
1162 2860 1337 2892 nonnullos

331 2921 436 2946 tamen
451 2916 638 2955 hujusmodi
652 2921 681 2946 et
693 2917 794 2955 ipsius
807 2916 940 2958 ecclesie
951 2921 1031 2946 terre
1045 2915 1249 2954 captos‚durn
1263 2914 1338 2945 Car-

332 2970 397 2999 noti
417 2978 471 3008 per
485 2970 671 3007 justitiarios
687 2970 819 3008 pretacti
835 2969 966 3009 capituli
988 2969 1206 3005 ducebantur,
1225 2968 1337 3008 prefati

329 3022 494 3061 Justitiarii
515 3023 672 3052 comitisse
696 3023 835 3061 predicte
857 3023 896 3053 de
918 3022 1086 3052 ductorum
1111 3022 1262 3052 manibus
1283 3030 1338 3060 per

334 3075 518 3106 violentiam
536 3075 747 3112 extrahentes,
765 3076 837 3106 illos
853 3075 1118 3114 secumirrogatis
1138 3074 1270 3114 injuriis
1285 3074 1338 3104 ad-

1055 393 1292 426 REGISTRES
1314 393 1369 424 DE
1391 392 1575 423 NICOLAS
1599 391 1654 421 IV.

1393 458 1574 495 duxerunt,
1600 456 1726 495 aliquos
1753 455 1939 485 eorumdem
1962 455 2134 485 crudeliter
2163 454 2396 493 suspendendo.

1434 512 1515 540 Item
1533 511 1565 540 iu
1583 509 1780 548 possessione
1800 508 1849 538 vel
1874 509 1967 547 quasi
1989 508 2151 539 consimili
2171 509 2232 538 fuit
2247 509 2412 542 hactenusr

1394 565 1479 594 idem
1495 562 1671 602 capitulum
1687 562 1836 592 homines
1857 570 1930 592 suos
1951 561 1990 592 de
2012 570 2141 601 corpore
2165 563 2199 592 in
2219 567 2302 592 terra
2317 563 2421 602 eJus-·.,

1394 617 1468 646 dem
1493 616 1619 646 comitis
1641 614 1787 654 capiendi
1810 624 1865 645 sen
1889 616 1957 654 capi
1979 614 2135 652 faciendi,
2158 623 2212 654 pro
2234 624 2291 645 sue
2313 614 2421 671 libito,

1395 670 1585 705 voluntatis3
1603 669 1716 708 prefati
1741 676 1815 698 vero
1833 668 2000 706 justitiarii
2017 677 2070 698 eos
2086 668 2125 698 de
2139 668 2282 708 ipsorum
2297 668 2386 700 mani
2404 685 2406 689 ·

1395 723 1454 753 bus
1471 722 1637 758 violenter,
1659 730 1721 752 non
1736 721 1806 751 sine
1818 721 1941 751 enormi
1953 721 2086 760 injuria,
2104 721 2269 759 rapiendo,
2281 721 2404 760 capitu,

1395 776 1463 806 lum
1479 776 1584 815 ipsum
1600 784 1694 814 super
1711 775 1770 804 hoc
1787 774 1850 803 nisi
1866 778 1942 803 sunt
1957 773 2180 813 multipliciter
2195 774 2362 813 impedire.

1436 830 1517 860 Item
1546 830 1580 859 in
1613 829 1812 868 possessione
1844 827 1892 857 vel
1921 828 2014 867 quasi
2037 827 2199 858 consimili
2221 827 2282 858 fuit
2316 827 2400 859 ide

1396 883 1572 922 capitulum
1600 881 1824 918 lucrifaciendi
1851 881 2001 911 homines
2025 881 2064 911 de
2092 890 2220 920 corpore
2236 881 2362 921 utriusq
2386 887 2394 907 ‘z

1397 945 1510 974 sexus,
1538 937 1768 975 cujuscumque
1800 935 1866 964 sint
1894 934 2042 971 dominii,
2070 934 2106 964 in
2127 934 2274 971 civitate,
2304 933 2391 966 comi'

1401 994 1464 1020 tatu
1484 994 1514 1020 et
1529 989 1649 1020 diocesi
1665 988 1865 1023 memoratis,
1882 997 1956 1018 cum
1971 987 2251 1018 matrimonialiter
2265 987 2354 1018 homi
2379 987 2387 994 ”

1398 1044 1458 1074 bus
1475 1044 1513 1074 de
1531 1052 1659 1082 corpore
1678 1042 1891 1082 prenominati
1915 1041 2046 1081 capituli
2067 1041 2274 1081 copulantur;
2293 1040 2402 1081 presan

1399 1105 1474 1127 vero
1487 1096 1652 1136 justitiarii
1674 1096 1853 1135 predictum
1869 1095 2044 1133 capitulum
2060 1094 2094 1124 in
2111 1093 2222 1124 multis
2237 1103 2332 1133 super
2345 1092 2395 1125 h·'

1399 1150 1525 1180 casibus
1541 1150 1603 1179 nisi
1619 1154 1694 1184 suut
1706 1148 1928 1188 multipliciter
1943 1147 2113 1187 impedire.

1439 1203 1521 1233 Item
1537 1203 1715 1242 predictum
1732 1201 1906 1242 capitulum
1922 1202 1982 1232 suit
1998 1201 2151 1232 hactenus
2163 1201 2197 1231 in
2212 1200 2403 1240 possession

1400 1256 1450 1286 vel
1469 1256 1561 1295 quasi
1579 1256 1719 1296 predicta
1742 1255 1836 1296 quod,
1856 1256 1882 1285 si
1898 1255 2047 1285 homines
2063 1255 2102 1285 de
2123 1263 2252 1294 corpore
2266 1257 2324 1284 aut
2339 1255 2367 1295 ej
2398 1278 2400 1280 .

1400 1310 1541 1349 hospites
1562 1299 1670 1349 aliqua
1689 1310 1773 1340 hona
1793 1310 1953 1347 vendant,
1975 1318 2037 1349 que
2062 1308 2096 1338 in
2118 1312 2201 1338 terra
2216 1307 2390 1347 etjurisdi

1403 1364 1489 1394 tione
1514 1363 1658 1402 ejusdem
1682 1363 1813 1402 capituli
1835 1364 2012 1399 creverint,
2041 1361 2092 1392 vel
2116 1362 2151 1392 in
2169 1361 2311 1401 proprios
2334 1370 2385 1392 ns·

1402 1421 1522 1455 emant,
1539 1417 1734 1455 ubicumque
1751 1416 1808 1446 illa
1824 1417 1960 1446 crevisse
1976 1419 2160 1452 noscantur,
2176 1415 2272 1446 liberi
2287 1418 2363 1445 sunt
2384 1429 2398 1440 z·

1403 1471 1568 1500 immunes
1586 1470 1625 1500 ab
1641 1469 1732 1500 omni
1750 1469 1980 1500 consuetudine
2000 1469 2049 1499 vel
2067 1474 2215 1505 costuma,
2233 1471 2267 1498 ut
2283 1471 2371 1498 utam
2402 1491 2404 1493 .

2454 1494 2456 1507 l

1403 1523 1557 1555 vocabulo
1573 1523 1714 1561 regionis
1723 1533 1733 1560 3
1750 1523 1824 1553 dicti
1839 1531 1914 1553 vero
1928 1522 2105 1562 justitiarii,
2117 1522 2300 1561 frequenter
2312 1524 2376 1552 cost
2396 1531 2406 1551 t
2452 1517 2456 1539 s

1404 1587 1491 1608 mam
1522 1577 1572 1607 vel
1602 1576 1869 1607 consuetudinem
1904 1575 2093 1614 hujusmodi
2127 1575 2285 1606 violenter
2311 1578 2403 1606 exto-2

1405 1632 1533 1672 quendo
1548 1632 1589 1662 ab
1604 1631 1662 1669 eis,
1680 1630 1744 1660 nisi
1760 1635 1836 1660 sunt
1851 1629 2071 1669 multipliciter
2087 1629 2267 1668 infringere
2281 1627 2364 1659 liber
2382 1641 2402 1660 ιτ

1405 1691 1469 1717 tem
1482 1685 1629 1716 eandem.

1442 1741 1523 1770 Item
1530 1739 1670 1778 hospites
1678 1740 1845 1768 memorati
1854 1737 2234 1777 capituli‚cujuscumque
2241 1735 2371 1767 ministe
2392 1741 2407 1772 ⁴¹,

1407 1793 1456 1824 vel
1471 1793 1600 1823 artificii
1614 1793 1679 1822 fore
1693 1795 1876 1827 noscantur,
1891 1800 1909 1821 a
1918 1791 2144 1830 jurisdictione
2157 1789 2232 1820 dicti
2246 1789 2372 1820 comitis
2388 1802 2401 1820 ·.‹

1407 1848 1636 1886 magistrorum
1646 1845 1822 1876 ministerii
1830 1844 2014 1875 velartificii
2021 1843 2189 1874 memorati
2199 1847 2275 1874 sunt
2283 1843 2371 1874 omni
2386 1876 2390 1878 ,
2398 1873 2408 1886 Υ

1407 1901 1501 1931 liberi
1518 1905 1548 1930 et
1565 1901 1747 1938 immunes,
1765 1899 1863 1929 iidem
1879 1906 1953 1929 vero
1970 1897 2156 1937 justitiarii,
2174 1897 2261 1937 ipsos
2283 1900 2314 1928 et
2334 1897 2386 1928 bo
2401 1920 2403 1922 v

1409 1963 1519 1986 eorum
1532 1953 1654 1993 justitia
1660 1962 1693 1983 re
1704 1943 1855 1991 nitentes,
1870 1952 1991 1983 dictum
1999 1951 2176 1990 capitulum
2186 1951 2221 1981 in
2231 1950 2375 1990 hujusm
2388 1942 2403 1975 ιῗ

1408 2007 1632 2048 jurisdictione
1651 2011 1682 2037 et
1702 2006 1849 2036 libertate
1869 2009 2061 2045 presumunt
2076 2004 2299 2044 multipliciter
2314 2003 2358 2034 im
2370 2018 2375 2031 ι
2388 2003 2407 2033 :j

1411 2062 1495 2099 dire,
1511 2066 1541 2091 et
1551 2061 1627 2100 quia
1634 2059 1802 2100 justitiarii
1812 2058 1951 2098 predicte
1964 2058 2126 2089 comitisse
2135 2058 2170 2088 in
2184 2057 2334 2098 predictis
2344 2065 2391 2089 co
2402 2081 2403 2084 η

1411 2114 1648 2151 suetudinibus‚
1657 2113 1797 2153 juribus,
1804 2113 1814 2152 j
1822 2111 2304 2150 urisdictionibus,libertatibus
2312 2114 2344 2142 et
2358 2117 2400 2138 w·

1411 2168 1609 2199 sessionibus
1627 2166 1677 2197 vel
1699 2167 1791 2206 qnasi
1815 2166 1983 2196 ecclesiam
2005 2170 2035 2196 et
2055 2164 2230 2204 capitulum
2245 2164 2393 2196 antediem

1411 2221 1592 2259 molestare,
1609 2220 1788 2259 opprimere
1807 2224 1837 2249 et
1853 2228 1984 2258 gravare
2002 2218 2215 2249 diversimode
2230 2226 2297 2249 non

1411 2276 1499 2312 bant,
1517 2274 1603 2304 idem
1612 2272 1789 2312 capitulum
1804 2273 1838 2302 in
1854 2281 1917 2310 eos,
1930 2272 2005 2311 quia
2020 2272 2122 2311 ipsius
2130 2271 2253 2302 monita
2264 2271 2345 2302 facta

1413 2329 1578 2360 occasione
1586 2327 1773 2366 hujusmodi
1787 2336 1975 2357 excessuum
1990 2330 2021 2356 et
2031 2325 2168 2356 aliorum
2179 2324 2363 2365 quampluri
2382 2335 2395 2351 u

1412 2381 1693 2420 contempnebant,
1715 2380 1855 2410 diversas
1876 2379 2249 2410 excommunicationum
2267 2383 2298 2410 et
2320 2378 2355 2408 in
2375 2375 2402 2412 :xj

1414 2435 1489 2466 dicti
1496 2435 1530 2465 in
1539 2434 1727 2473 terraipsius
1734 2433 1894 2464 comitisse
1901 2433 2076 2463 sententias
2084 2431 2364 2474 protuleruntNot·
2383 2445 2405 2464 ⁴„

1414 2493 1581 2528 postquam
1598 2487 1637 2518 ad
1655 2487 1761 2525 regale
1777 2486 1966 2517 demanium
1984 2486 2152 2517 comitatus
2164 2485 2343 2516 antedictus
2362 2475 2400 2511 ¹:¹1⁵¹

1416 2542 1514 2577 venit,
1528 2540 1605 2570 dum
1622 2539 1741 2579 prefata
1756 2539 1902 2577 ecclesia,
1919 2540 2066 2579 pretactis
2077 2539 2207 2578 fatigata
2221 2537 2376 2569 molestiis
2395 2543 2399 2563 ἱ

1416 2593 1640 2625 vexationibus
1654 2593 1810 2632 impetita,
1827 2593 1885 2623 sub
1901 2593 2071 2631 regiminis
2087 2591 2163 2623 dicti
2174 2591 2258 2631 regis
2271 2596 2397 2634 tempo

1416 2648 1479 2678 sibi
1496 2655 1590 2687 super
1608 2647 1700 2677 bonis
1725 2647 1791 2676 suis
1813 2651 1843 2676 et
1863 2646 1991 2685 juribus
2008 2645 2128 2685 jugiter
2148 2642 2398 2676 conservandis

1417 2700 1667 2731 manutenendis
1686 2699 1804 2729 utiliter
1827 2699 1942 2730 favoris
1966 2699 2047 2737 regii
2070 2703 2225 2738 oportuna
2242 2697 2399 2738 presidia·

1419 2753 1534 2793 quietis
1550 2753 1677 2783 assidue
1693 2752 1824 2782 comoda
1841 2752 2059 2782 turbationum
2075 2751 2257 2782 turbinibus
2272 2749 2393 2791 proij'

1418 2807 1458 2837 tis
1474 2810 1665 2845 proventura
1674 2810 1823 2844 speraret,
1839 2815 1894 2845 pro
1910 2814 1946 2836 eo
1960 2806 2098 2836 maxime
2111 2805 2196 2845 quod
2208 2804 2310 2836 felicis
2320 2813 2368 2835 re
2378 2817 2396 2839 ‘i

1418 2859 1556 2890 dationis
1570 2859 1731 2889 Honorius
1746 2868 1824 2898 papa
1838 2859 1917 2896 IIII,
1931 2859 2134 2898 predecessor
2146 2862 2266 2895 noster,
2281 2856 2388 2898 ejusd

1420 2913 1550 2944 ecclesie
1565 2913 1726 2951 augustiis
1740 2917 1770 2942 et
1784 2913 1941 2951 pressuris
1956 2912 2364 2952 benignecompatiens,re.
2377 2924 2382 2935 ’-
2403 2914 2405 2916 ’
2436 2928 2438 2931 ·

1419 2968 1524 3006 ipsum
1537 2975 1571 2995 su
1577 2975 1631 3005 per
1646 2965 1706 2996 hoc
1722 2975 1776 3005 per
1792 2975 1865 2996 suas
1880 2966 2002 2996 litteras
2019 2965 2200 3004 spirituales
2213 2965 2354 2996 duxitro
2372 2965 2405 2995 2³1

1419 3019 1497 3049 dum
1512 3019 1663 3049 attentius
1679 3023 1709 3049 et
1723 3019 1930 3055 hortandum,
1946 3018 2143 3049 contrarium
2157 3018 2190 3048 in
2201 3017 2383 3056 dolorepor‹
2403 3038 2418 3049 s

1422 3073 1508 3109 titur,
1535 3071 1714 3110 oppositum
1739 3072 1774 3101 in
1793 3072 1932 3102 mestitia
1946 3071 2119 3110 experitur,
2135 3071 2203 3110 spei
2219 3077 2382 3110 precone
