2342 3652
909 355 1129 396 PREMIERE
1150 356 1307 397 ANNnn.
2113 373 2148 404 δι

67 435 189 466 eisdem
208 435 386 466 diocesanis
408 445 502 475 super
522 435 580 466 boc
604 435 685 465 facte
706 438 825 464 vestros
847 440 1011 471 processus
1032 432 1067 461 in

67 489 240 519 eorundem
264 489 507 519 diocesanorum
530 489 710 519 civitatibus
732 491 762 517 et
781 485 959 517 diocesibus
979 484 1067 515 volu-

66 549 138 570 mus
154 541 304 579 impediri
317 565 324 577 ,
342 549 400 571 nec
415 550 470 580 per
486 541 545 571 hoc
560 541 644 580 quod
662 540 735 569 fidei
753 539 916 576 negotium
932 546 1066 575 genera-

65 593 138 624 liter
161 594 193 623 in
220 594 296 632 ipsis
316 595 537 631 comitatibus,
560 593 737 623 civitatibus
753 595 783 621 et
796 591 874 621 locis
890 591 956 620 sive
976 591 1067 621 terris

66 647 157 677 vohis
177 648 407 677 committimus
428 652 457 677 et
473 648 711 677 commissiones
731 654 749 674 a
769 644 886 683 prefata
910 644 984 673 sede
999 644 1066 674 dio-

66 701 190 730 cesanis
205 700 325 730 eisdem
345 701 452 738 factas,
474 701 499 730 si
516 701 621 730 forsan
639 698 768 728 illarum
784 697 850 726 sive
865 697 959 726 etiam
977 696 1067 726 ordi-

66 753 156 783 naria
167 752 289 783 vellent
299 756 484 784 auctoritate
497 752 675 792 procedere,
692 750 890 780 intendimus
907 758 1065 779 revocare.

67 805 296 836 Verumtamen
314 808 380 836 sive
402 807 586 837 auctoritate
606 803 767 834 ordinaria
789 803 856 832 sive
880 811 916 832 ex
939 802 1067 840 delega-

67 859 151 889 tione
167 859 304 898 predicte
321 861 404 890 sedis
426 860 521 889 iidem
539 857 696 888 diocesani
714 857 748 886 in
770 856 952 895 hujusmodi
972 864 1066 894 nego—

65 911 109 942 tio
133 918 366 951 processerunt,
394 920 592 951 nequaquam
614 909 762 940 volumus
787 909 837 938 vel
866 918 919 948 per
932 917 1066 938 concur-

65 973 135 995 sum
152 975 356 1004 processuum
374 965 422 996 vel
441 965 519 995 alias
534 963 768 1003 quomodolibet
784 966 904 992 vestros
916 962 1066 1000 impediri

64 1027 228 1058 processus
250 1020 328 1058 quin
355 1019 593 1049 diocesanorum
615 1017 755 1054 ipsorum
780 1016 977 1054 processibus
1002 1024 1065 1045 non

63 1072 264 1103 obstantibus
283 1073 317 1102 in
336 1073 445 1103 eodem
470 1071 594 1109 negotio
616 1069 784 1108 procedere
802 1069 901 1099 libere
922 1069 1063 1099 valeatis.

65 1124 99 1156 Si
114 1134 190 1155 vero
205 1125 306 1164 aliqui
324 1135 360 1155 ex
379 1125 525 1164 predictis
540 1123 678 1153 heretica
692 1122 762 1152 labe
779 1123 904 1161 penitus
921 1123 1066 1161 abjurata

64 1179 192 1209 reddire
214 1179 372 1210 voluerint
393 1178 431 1208 ad
456 1177 700 1207 ecclesiasticam
716 1177 888 1213 unitatem,
907 1177 953 1206 eis
975 1177 1066 1215 juxta

64 1232 200 1264 formam
222 1232 352 1263 ecclesie
373 1231 579 1262 absolutionis
601 1230 794 1260 beneficium
816 1230 1009 1269 impendatis
1036 1235 1066 1260 et

64 1286 242 1325 injungatis
256 1286 373 1315 eisdem
391 1284 473 1324 quod
500 1284 630 1322 injungi
650 1283 766 1313 talibus
785 1284 965 1320 consuevit,
991 1292 1064 1322 pro-

64 1339 132 1369 viso
147 1338 278 1368 solerter
292 1346 332 1367 ne
347 1336 494 1367 simulata
509 1336 717 1366 conversione
731 1336 862 1366 redeant
878 1336 1062 1366 fraudulen-

66 1395 122 1427 ter,
139 1395 170 1421 et
186 1399 251 1428 vos,
267 1391 364 1420 immo
380 1390 480 1428 potius
491 1398 523 1419 se
542 1389 625 1427 ipsos
641 1389 786 1419 fallentes
797 1390 856 1419 sub
873 1390 947 1427 agni
962 1390 1064 1427 specie

63 1448 177 1482 gerant
195 1443 315 1483 lupum.
334 1443 422 1479 Quod
440 1443 465 1472 si
480 1442 582 1481 aliqui
605 1443 726 1472 fuerint
745 1443 913 1481 judicandi
931 1443 1064 1473 heretici

65 1496 117 1526 vel
134 1497 387 1527 incarcerationis
411 1505 490 1535 pena
506 1501 654 1534 perpetue
679 1496 776 1526 alicui
798 1505 854 1535 pro
877 1497 1064 1535 hujusmodi

66 1550 200 1580 crimine
218 1549 312 1579 fuerit
335 1549 509 1587 infligenda
531 1558 586 1587 per
605 1558 660 1579 vos
673 1574 680 1585 ,
702 1549 743 1579 ad
762 1550 794 1578 id
814 1549 853 1579 de
877 1550 1063 1580 diocesano-

66 1611 138 1633 rum
158 1602 207 1633 vel
223 1603 411 1632 vicariorum
428 1611 558 1632 suorum
571 1625 579 1639 ,
599 1603 626 1632 si
650 1603 726 1642 ipsis
748 1603 927 1633 diocesanis
948 1603 1063 1633 absen-

66 1655 149 1686 tibus
163 1660 321 1695 presentes
336 1656 470 1692 fuerint,
488 1656 621 1686 consilio
643 1656 840 1695 procedatur,
866 1661 901 1686 nt
923 1657 956 1686 in
979 1661 1064 1686 tante

65 1708 473 1747 animadversionisjudicio
486 1717 550 1738 non
564 1709 783 1748 postponenda
794 1709 981 1748 pontificum
993 1718 1063 1739 auc-

66 1762 172 1792 toritas
186 1762 366 1792 intercedat.
386 1762 505 1792 Verum
523 1763 597 1801 quia
612 1763 645 1791 in
660 1767 721 1792 tam
738 1763 828 1800 gravi
840 1763 977 1792 crimine
990 1772 1064 1792 cum

63 1816 164 1847 multa
177 1819 296 1855 oportet
309 1816 430 1846 cautela
445 1816 590 1855 procedi,
609 1820 642 1846 ut
658 1817 691 1846 in
708 1826 777 1847 reos
793 1817 862 1847 sine
879 1816 944 1846 ullo
960 1817 1063 1855 profe-

65 1874 152 1900 ratur
169 1877 273 1900 errore
297 1869 374 1899 dure
396 1879 431 1899 ac
447 1870 543 1907 digne
566 1870 718 1899 severitas
741 1870 890 1907 ultionis,
915 1871 1063 1901 volumus

66 1927 98 1952 et
115 1922 302 1953 mandamus
324 1927 358 1952 ut
376 1931 429 1953 vos
452 1923 501 1952 vel
523 1923 570 1952 illi
593 1932 672 1962 qnos
690 1923 729 1952 ad
754 1923 814 1954 hoc
834 1924 986 1954 duxeritis
1007 1924 1063 1953 de-

68 1975 237 2014 putandos,
263 1976 297 2005 in
322 1976 557 2006 examinatione
579 1977 707 2006 testium
737 1985 815 2016 quos
846 1978 942 2016 recipi
970 1987 1064 2016 super

68 2028 202 2058 crimine
224 2029 358 2068 predicto
389 2030 557 2068 ipsumque
587 2030 846 2068 contingentibus
867 2031 1060 2069 oportuerit,

67 2080 242 2111 adhibeatis
257 2081 334 2111 duas
350 2082 510 2120 religiosas
525 2087 556 2112 et
571 2083 721 2112 discretas
742 2091 892 2122 personas
904 2106 911 2117 ‚
929 2084 961 2112 in
982 2092 1062 2121 quo-

67 2142 139 2164 rum
160 2135 316 2172 presentia
339 2144 392 2173 per
410 2135 585 2174 publicam,
605 2136 631 2165 si
654 2136 783 2166 comode
806 2136 916 2166 haberi
942 2141 1060 2175 potest,

67 2195 233 2226 personam
246 2191 300 2217 aut
314 2196 368 2226 per
382 2188 458 2218 duos
471 2189 554 2219 viros
569 2189 712 2228 ydoneos
727 2189 864 2219 fideliter
877 2190 1062 2219 eorumdem

67 2239 275 2278 depositiones
305 2241 428 2271 testium
456 2243 706 2273 conscribantur.
737 2243 785 2272 Ad
817 2244 1087 2273 conscribendas.

65 2301 192 2332 quoque
214 2292 395 2331 hujusmodi
412 2294 620 2334 depositiones
641 2301 671 2326 et
692 2296 731 2326 ad
754 2297 935 2327 faciendum
954 2298 1062 2328 omnia

65 2356 126 2386 que
144 2347 178 2377 in
202 2347 370 2377 commisso
395 2348 481 2378 vobis
495 2349 596 2379 officio
611 2349 650 2379 ad
667 2350 827 2380 scriniarii
846 2360 901 2380 seu
918 2351 1062 2382 tabellio-

65 2399 117 2429 nis
132 2399 272 2429 officium
286 2400 459 2438 pertinent,
475 2405 581 2432 tenere
597 2402 739 2433 districte
754 2404 948 2442 precipimus
960 2428 967 2442 ,
987 2414 1060 2435 cum

64 2462 120 2492 per
137 2461 192 2483 vos
208 2462 263 2483 seu
280 2462 334 2491 per
350 2453 509 2492 deputatos
531 2456 570 2485 ad
588 2456 647 2487 hoc
671 2466 689 2487 a
711 2458 800 2487 vobis
821 2459 965 2497 requisiti
990 2459 1059 2489 fue-

63 2505 148 2543 rint,
170 2514 282 2536 omnes
302 2510 332 2535 et
348 2506 488 2544 singulos
503 2510 597 2538 vestri
618 2510 738 2540 ordinis
754 2511 884 2549 fratres,
910 2513 965 2550 qui
983 2512 1060 2541 dum

63 2563 168 2590 essent
192 2560 226 2589 in
257 2559 362 2589 seculo
391 2560 571 2599 hujusmodi
591 2563 812 2594 tabellionatus
833 2565 974 2595 officium
1002 2566 1058 2596 ha-

62 2612 168 2643 buisse
196 2617 225 2642 et
252 2613 428 2643 exercuisse
459 2620 640 2652 noscuntur,
668 2622 698 2647 et
722 2617 793 2647 illos
820 2618 915 2648 etiam
943 2619 1060 2657 quibus

63 2664 148 2695 idem
163 2665 383 2695 tabellionatus
398 2666 537 2697 officium
550 2691 556 2703 ‚
573 2669 696 2700 ratione
711 2671 823 2709 prefati
839 2672 957 2710 negotii
972 2673 1057 2709 fidei,

61 2717 124 2748 fuit
137 2727 156 2747 a
171 2718 252 2748 dicta
269 2718 342 2748 sede
359 2720 564 2750 commissum
579 2727 608 2751 et
620 2722 817 2761 inposterum
831 2725 1058 2763 committetur,

62 2771 268 2802 concedentes
280 2772 333 2810 huj
340 2772 465 2802 usmodi
476 2773 623 2804 fratribus
635 2784 759 2807 necnon
775 2782 805 2807 et
817 2777 889 2808 aliis
902 2778 1059 2816 religiosis

62 2823 276 2863 quibuslibet,
292 2825 346 2864 qui
363 2825 522 2863 similiter,
538 2826 614 2857 dum
632 2834 736 2859 essent
750 2831 783 2860 in
800 2831 921 2867 seculo,
938 2832 1059 2862 dictum

63 2877 283 2908 tabellionatus
296 2879 437 2908 officium
454 2879 632 2911 habuerunt
646 2887 677 2912 et
690 2890 908 2922 exercuerunt,
926 2886 1059 2924 quibus-

62 2930 135 2960 dam
144 2932 238 2961 etiam
250 2932 374 2961 clericis
386 2932 579 2963 secularibus
590 2934 840 2975 officiumipsum
854 2938 1057 2977 habentibus,

63 2983 158 3013 etiam
177 2984 311 3013 siiidem
324 2985 434 3014 fratres
446 2985 586 3024 religiosi
602 2991 632 3016 et
646 2987 753 3019 clerici
768 2991 832 3020 sint
849 2991 884 3020 in
902 2992 1000 3022 sacris
1008 3001 1058 3022 or-

62 3035 192 3066 dinibus
203 3038 377 3075 constituti,
388 3038 555 3068 exercendi
565 3038 663 3070 libere
671 3041 809 3073 officium
823 3043 941 3083 ipsum,
955 3046 1058 3085 quoad

1149 433 1319 471 premissa,
1343 443 1407 464 non
1429 435 1573 465 obstante
1599 435 1708 475 aliquo
1733 438 1892 468 contrario
1915 442 1997 469 statu
2018 441 2152 470 canonis

1149 485 1199 515 vel
1215 486 1338 517 ordinis
1354 497 1554 527 quocumque
1568 489 1682 520 vallato
1697 491 1880 520 munimine
1892 514 1901 528 ,
1916 491 2093 530 plenariam
2109 494 2153 524 fa-

1149 538 1310 569 cultatem.
1330 540 1419 576 Quod
1435 541 1463 570 si
1480 542 1609 572 testibus
1624 552 1702 581 quos
1715 552 1733 572 a
1748 544 1836 573 vobis
1852 545 1950 583 recipi
1965 545 2015 575 vel
2031 546 2070 576 ab
2087 546 2152 578 alio

1148 592 1216 622 vice
1241 597 1343 623 vestra
1369 603 1464 633 super
1482 595 1590 625 eodem
1615 597 1751 627 crimine
1774 598 1951 628 examinari
1982 600 2152 638 contigerit

1148 654 1185 674 ex
1199 646 1413 684 publicatione
1429 649 1598 679 nominum
1615 651 1799 681 eorumdem
1816 652 1958 682 videritis
1973 653 2152 691 periculum

1147 698 1337 736 imminere,
1355 700 1495 741 ipsorum
1513 703 1646 732 nomina
1666 712 1730 733 non
1748 704 1871 742 publice
1895 705 1949 735 sed
1965 711 2082 736 secrete
2099 715 2152 737 co-

1147 759 1216 779 ram
1230 751 1394 791 aliquibus
1412 755 1556 791 personis
1573 757 1711 794 providis
1727 762 1756 787 et
1770 758 1926 794 honestis,
1944 759 2105 797 religiosis
2123 764 2154 790 et

1147 803 1236 839 aliis,
1256 804 1295 833 ad
1311 805 1370 834 hoc
1388 807 1504 836 vocatis
1519 831 1525 843 ,
1543 808 1581 837 de
1596 818 1732 847 quorum
1751 811 1886 841 consilio
1902 813 1941 841 ad
1958 814 2152 843 sententiam

1148 860 1177 885 et
1193 858 1513 897 condempnationem
1530 863 1656 899 procedi
1672 863 1836 901 volumus,
1862 866 2092 904 exprimantur.
2115 869 2153 898 Et

1148 910 1202 946 sic,
1216 919 1280 941 non
1295 912 1438 943 obstante
1455 914 1539 952 quod
1555 914 1621 944 illis
1634 921 1743 946 contra
1759 926 1837 955 quos
1854 918 2038 957 hujusmodi
2059 925 2152 952 testes

1147 962 1352 1002 deposuerint
1367 975 1476 996 eorum
1493 968 1624 997 nomina
1642 977 1706 999 non
1723 970 1843 1000 fuerint
1861 972 2029 1010 publicata,
2046 974 2085 1003 ad
2099 983 2151 1004 co-

1147 1017 1326 1054 gnitionem
1347 1019 1464 1058 judicis
1483 1021 1722 1060 instruendam,
1749 1023 1939 1054 adhibeatur
1960 1025 2054 1064 plena
2074 1027 2152 1057 fides

1148 1071 1275 1100 testium
1289 1071 1540 1111 depositionibus
1559 1075 1756 1105 eorumdem.
1778 1077 1819 1107 Ut
1834 1087 1908 1116 ergo
1922 1080 2084 1109 commissi
2102 1089 2153 1111 vo·

1146 1123 1196 1153 bis
1218 1125 1317 1155 officii
1334 1126 1479 1156 debitum
1498 1127 1608 1158 utilius
1629 1133 1659 1158 et
1674 1129 1804 1159 liberius
1821 1133 2046 1170 exequamini,
2066 1142 2152 1164 com-

1146 1178 1298 1208 mittendi
1313 1180 1493 1218 citationes,
1516 1182 1646 1212 testium
1663 1184 1930 1221 examinationes,
1949 1195 2022 1216 cnm
2038 1187 2076 1217 de
2090 1188 2153 1218 hu-

1143 1231 1284 1269 jusmodi
1320 1234 1456 1263 crimine
1493 1243 1528 1264 ac
1570 1235 1671 1273 ipsius
1713 1237 1963 1268 circumstantiis
1998 1240 2153 1271 duxeritis

1145 1284 1377 1323 inquirendum
1389 1312 1396 1324 ,
1420 1287 1464 1317 ita
1488 1292 1592 1318 tamen
1611 1290 1695 1328 qnod
1713 1291 1818 1320 eidem
1843 1293 1986 1323 examini
2001 1294 2062 1324 due
2080 1304 2152 1334 per-

1145 1346 1221 1367 sone
1237 1339 1397 1377 religiose,
1417 1345 1449 1370 ut
1460 1341 1580 1371 dictum
1595 1347 1652 1378 est,
1668 1343 1830 1381 intersint,
1848 1350 1878 1374 et
1893 1346 2152 1378 denuntiationes

1145 1392 1398 1428 sententiarum,
1421 1402 1499 1432 quas
1518 1395 1552 1423 in
1570 1396 1728 1434 quoslibet
1755 1397 1812 1427 hac
1828 1398 1866 1427 de
1883 1408 1977 1429 causa
1994 1400 2151 1439 tuleritis;

1144 1444 1343 1474 accersiendi
1364 1455 1507 1485 quoque,
1524 1453 1617 1485 prout
1640 1450 1826 1487 expedierit,
1843 1453 1959 1489 peritos
1978 1453 2150 1491 quoslibet,

1145 1501 1179 1526 ut
1198 1497 1287 1527 vobis
1306 1499 1340 1527 in
1362 1499 1501 1529 ferendis
1518 1501 1703 1540 hujusmodi
1720 1505 1888 1534 sententiis
1905 1506 2056 1544 prebeant
2076 1516 2150 1537 con-

1144 1549 1254 1580 silium
1271 1556 1477 1590 oportunum,
1494 1563 1530 1583 ac
1548 1555 1635 1584 vobis
1653 1557 1822 1594 insistant3
1842 1560 2038 1589 convocandi
2057 1561 2152 1590 etiam

1144 1602 1266 1633 clerum
1283 1610 1314 1634 et
1330 1606 1483 1645 populum
1499 1608 1683 1645 civitatum,
1700 1615 1875 1641 castrorum
1891 1612 2092 1652 aliorumque
2107 1614 2152 1645 lo..

1144 1665 1266 1695 corum,
1282 1663 1374 1697 prout
1389 1659 1473 1690 dicto
1492 1662 1618 1698 negotio
1634 1662 1708 1692 fidei
1725 1664 1868 1694 videritis
1886 1667 2048 1704 expedire3
2066 1668 2152 1698 insu-

1146 1720 1199 1749 per
1222 1711 1256 1740 in
1278 1711 1361 1742 dicto
1387 1715 1513 1751 negotio
1534 1715 1572 1744 de
1594 1715 1688 1753 plano
1714 1721 1744 1746 et
1767 1717 1884 1756 absque
1906 1719 2100 1757 judiciorum
2124 1726 2154 1752 et

1144 1764 1369 1796 advocatorum
1397 1768 1544 1806 strepitu,
1566 1778 1603 1798 ac
1624 1775 1731 1799 contra
1755 1770 1827 1801 illos
1847 1781 1925 1810 quos
1946 1773 1980 1802 in
2003 1775 2152 1812 predictis

1145 1818 1361 1854 comitatibus,
1380 1820 1563 1851 civitatibus
1586 1831 1620 1852 ac
1644 1822 1721 1853 locis
1743 1825 1809 1854 sive
1834 1826 1925 1855 terris
1946 1827 1980 1856 in
2006 1827 2154 1859 hereseos

1145 1872 1283 1902 crimine
1303 1874 1504 1905 commisisse
1528 1877 1721 1914 constiterit,
1739 1878 1813 1908 licet
1832 1879 1871 1908 ad
1893 1880 1972 1910 alias
1991 1888 2094 1920 partes
2121 1893 2153 1914 se

1147 1926 1381 1957 transferendos
1408 1927 1579 1966 duxerint,
1607 1932 1829 1969 procedendi3
1858 1942 1983 1964 necnon
2013 1936 2152 1966 faciendi

1145 1979 1234 2008 vobis
1250 1979 1347 2010 libros
1365 1990 1420 2011 seu
1437 1986 1608 2020 quaternos
1630 1990 1660 2013 et
1678 1984 1739 2014 alia
1762 1987 1894 2024 scripta,
1911 1988 1946 2016 in
1964 1989 2081 2027 quibus
2098 1990 2152 2019 in-

1145 2032 1335 2070 quisitiones
1356 2034 1434 2064 facte
1457 2039 1486 2064 et
1509 2045 1674 2074 processus
1695 2047 1751 2076 per
1774 2048 1991 2079 quoscumque
2014 2044 2152 2073 anctori-

1146 2089 1206 2114 tate
1241 2086 1325 2115 sedis
1347 2087 1517 2125 apostolice
1548 2089 1596 2118 vel
1621 2089 1797 2128 legatorum
1824 2094 1892 2131 ejus
1915 2093 2015 2124 babiti
2042 2101 2151 2126 contra

1146 2137 1301 2168 hereticos
1322 2140 1545 2178 continentur,
1563 2151 1583 2171 a
1596 2143 1790 2181 quibuslibet
1811 2147 1983 2184 assignari,
2001 2154 2030 2178 et
2045 2150 2151 2180 obser-

1145 2191 1214 2220 vari
1240 2193 1350 2222 omnia
1377 2198 1491 2224 statuta
1524 2199 1587 2225 tam
1612 2206 1666 2235 per
1689 2198 1794 2227 sedem
1819 2200 2022 2237 apostolicam
2054 2212 2149 2242 quam

1143 2243 1177 2272 in
1197 2245 1344 2275 conciliis
1366 2246 1543 2285 legatorum
1564 2249 1705 2286 ejusdem
1722 2251 1805 2281 sedis
1820 2253 1950 2290 provide
1969 2254 2068 2292 edita,
2087 2266 2149 2295 que

1145 2299 1308 2336 negotium
1330 2300 1407 2329 fidei
1430 2306 1559 2340 tangere
1584 2303 1836 2341 dignoscuntur.
1859 2308 1939 2337 sicut
1960 2311 2149 2347 promotioni

1144 2352 1263 2389 negotii
1289 2358 1318 2382 et
1345 2357 1598 2392 augmentationi
1626 2357 1701 2387 fidei
1734 2359 1830 2389 tuerit
1853 2366 2064 2399 oportunum3
2088 2365 2150 2402 pri-

1143 2405 1240 2434 vandi
1256 2411 1398 2443 preterea
1415 2407 1453 2437 de
1468 2408 1713 2440 diocesanorum
1731 2412 1780 2441 vel
1801 2413 1844 2442 eis
1862 2414 2045 2445 absentibus
2060 2417 2147 2446 vica-

1144 2457 1265 2487 riorum
1283 2467 1414 2489 suorum
1431 2462 1566 2492 consilio
1583 2463 1748 2502 hereticos,
1767 2466 1893 2496 eosdem
1910 2469 2083 2505 credentes,
2101 2479 2148 2500 re-

1143 2514 1314 2548 ceptatores
1353 2517 1383 2542 et
1417 2514 1598 2545 defensores
1634 2526 1808 2556 eorumque
1841 2520 1923 2550 filios
1958 2526 1987 2550 et
2018 2527 2147 2560 nepotes

1142 2566 1362 2601 personatibus
1375 2589 1383 2603 ,
1400 2567 1610 2605 dignitatibus
1632 2579 1668 2599 ac
1688 2571 1853 2601 beneficiis
1876 2573 2094 2605 ecclesiasticis
2117 2581 2148 2606 et

1141 2615 1256 2646 officiis
1274 2619 1410 2656 publicis
1436 2630 1472 2651 ac
1491 2621 1665 2652 honoribus
1682 2624 1957 2664 qnibuscumque3
1975 2636 2101 2658 necnon
2117 2634 2148 2659 et

1141 2667 1300 2706 largiendi
1317 2672 1432 2709 viginti
1450 2674 1498 2703 vel
1516 2676 1727 2713 quadraginta
1743 2678 1868 2707 dierum
1887 2679 2123 2718 indulgentiam
2136 2706 2144 2720 ,

1142 2724 1288 2760 quotiens
1303 2730 1494 2763 oportunum
1509 2728 1667 2765 videritis,
1683 2731 1833 2759 omnibus
1848 2740 1919 2761 vere
1930 2734 2146 2771 penitentibus

1141 2782 1171 2806 et
1189 2778 1343 2808 confessis
1365 2781 1420 2818 qui
1443 2781 1482 2809 ad
1504 2787 1639 2811 vestram
1659 2786 1916 2815 convocationem
1940 2793 2065 2826 propter
2085 2789 2145 2820 hoc

1140 2830 1319 2861 faciendam
1335 2834 1536 2870 accesserint,
1550 2835 1643 2873 plena
1656 2836 1696 2865 sit
1710 2838 1797 2866 vobis
1810 2842 1839 2867 et
1850 2839 1986 2876 singulis
2003 2846 2145 2873 vestrum

1141 2885 1338 2922 presentium
1359 2890 1466 2916 tenore
1486 2887 1626 2918 facultas
1648 2889 1744 2919 Vobis
1760 2896 1866 2920 autem
1886 2901 1941 2930 pro
1958 2893 2144 2932 hujusmodi

1140 2938 1266 2974 negotio
1286 2937 1503 2970 laborantibus
1519 2941 1608 2970 illam
1628 2947 1827 2980 peccatorum
1844 2946 1971 2975 veniam
1992 2948 2141 2987 indulge-

1141 2999 1212 3019 mus
1229 3000 1292 3030 que
1303 2993 1545 3023 sucurrentibus
1561 2994 1656 3024 Terre
1672 2995 1786 3026 Sancte
1801 2997 1834 3026 in
1847 2999 1991 3036 generali
2007 3002 2144 3032 concilio

1139 3047 1186 3074 est
1200 3053 1357 3075 concessa.
1376 3046 1474 3076 Sociis
1491 3056 1564 3077 vero
1584 3047 1735 3079 fratribus
1753 3051 1848 3080 vestri
1864 3052 1987 3082 ordinis
2004 3059 2034 3083 et
2050 3060 2140 3085 nota-
