2477 3637
351 402 406 432 128
1093 400 1327 430 REGISTRES
1349 401 1403 430 DE
1425 399 1608 430 NICOLAS
1632 400 1686 429 IV.

348 472 538 498 structuram
573 467 659 497 filius
690 467 758 505 ejus
791 466 940 496 dominus
968 470 1072 497 noster
1094 466 1245 496 dominus
1271 466 1347 506 Hje—

349 529 402 551 sus
433 520 578 550 Christus
610 530 665 558 per
701 519 933 549 immissionem
966 519 1049 549 nivis
1086 523 1171 549 estus
1211 524 1349 558 tempore

348 573 538 603 mirabiliter
570 572 747 608 indicavit,
780 572 928 609 congruis
959 571 1135 602 honoribus
1166 572 1349 611 frequente-

349 631 436 656 tur...
469 626 617 655 omuibus
642 634 715 655 vere
744 625 962 663 penitentibus
993 629 1024 654 et
1048 625 1201 655 confessis
1230 625 1286 664 qui
1314 625 1349 655 in

347 679 458 718 majori
489 683 518 707 et
545 679 578 707 in
609 677 664 707 illa.
690 687 750 716 que
775 678 883 707 Sancti
910 677 1042 707 Martini
1066 677 1240 716 vulgariter
1268 678 1348 708 dici-

347 736 398 762 tur
423 731 468 770 (1)
495 731 766 770 quadragesimis,
797 730 934 769 singulis
956 730 1104 761 videlicet
1125 731 1250 761 dierum
1269 740 1348 771 qua-

346 785 599 823 dragesimarum
630 785 771 823 ipsarum
801 785 896 814 annis
929 784 1066 822 singulis
1095 794 1195 814 unum
1224 793 1348 815 annum

346 842 376 868 et
399 837 610 877 quadraginta
631 837 782 874 dierum3
810 837 876 867 illis
901 846 974 867 vero
997 838 1051 877 qui
1079 837 1216 876 singulis
1238 837 1349 868 diebus

346 891 467 921 sabbati
496 892 685 930 cujusquam
709 891 857 930 temporis
879 891 1052 930 predictam
1069 891 1235 921 ecclesiam
1252 899 1347 921 vene-

347 944 490 975 rabiliter
506 945 702 974 visitarint...
722 949 851 974 centum
869 945 935 974 dies
951 944 988 974 de
1007 945 1162 984 injunctis
1178 944 1240 975 sibi
1255 945 1347 983 peni-

348 998 454 1028 tentiis
484 998 733 1028 misericorditer
757 997 948 1028 relaxamus.
978 998 1049 1027 Dat.
1074 998 1192 1036 Reate,
1217 1007 1250 1027 111
1276 997 1347 1027 idus

345 1052 481 1090 augusti,
501 1060 587 1082 anno
605 1052 718 1090 primo.
739 1063 752 1077 i)

415 1266 500 1294 632
958 1262 1049 1296 Rieu,
1068 1263 1097 1289 11
1115 1264 1182 1289 aont
1200 1262 1275 1289 1288.

380 1341 588 1375 Indulgentiae.
606 1341 690 1374 (Reo-
709 1341 752 1374 44,
769 1348 794 1366 c.
810 1340 852 1371 63,
872 1341 888 1366 1⁴.
911 1340 958 1366 100
973 1346 1016 1371 r⁰;
1034 1338 1151 1370 PoTTu„
1168 1338 1276 1371 22770.)

383 1470 501 1499 Dilectis
523 1470 598 1507 liliis
619 1470 744 1505 Jacobo,
766 1469 872 1498 Sancte
890 1468 983 1497 Jtarie
1006 1469 1038 1497 t'n
1060 1468 1113 1497 Via
1132 1468 1204 1497 Lata
1222 1468 1347 1498 diacono

342 1524 517 1560 cardinali,
538 1524 796 1561 archipresbytero
817 1532 850 1552 ac
875 1544 894 1551 ..
917 1523 1017 1560 priori
1035 1527 1060 1551 et
1076 1522 1207 1559 capitu-lo
1224 1522 1348 1551 Basilice

341 1576 448 1607 Sancte
470 1577 564 1606 Mar-ie
589 1576 713 1613 ‚llajoris
733 1576 767 1605 de
792 1576 874 1605 Urbe.
908 1588 919 1601 ι
944 1575 1013 1611 Que
1042 1575 1219 1605 reverentia
1245 1583 1344 1613 que...

345 1629 447 1660 Unius
473 1629 551 1658 anni
582 1633 614 1658 et
642 1629 854 1668 quadraginta
877 1628 1003 1657 dierum
1024 1636 1043 1657 a
1069 1627 1172 1657 felicis
1199 1627 1345 1658 recorda-

342 1682 437 1712 tionis
461 1682 556 1712 Sexto
579 1682 669 1712 tertio
689 1682 722 1711 in
744 1681 797 1711 die
816 1681 1064 1711 consecrationis
1079 1680 1210 1710 basilice
1231 1680 1345 1711 Sancte

342 1736 443 1765 Marie
467 1736 596 1774 MaJ‘oris
617 1735 656 1765 de
684 1735 780 1772 Urbe,
806 1744 842 1765 ac
860 1735 958 1765 unius
980 1735 1059 1764 anni
1079 1739 1109 1764 et
1134 1734 1347 1774 quadraginta

341 1790 465 1820 dierum
497 1800 514 1819 a
544 1790 708 1820 Clemente
742 1789 832 1819 tertio
862 1789 896 1818 iu
928 1789 1150 1828 solempnitate
1178 1797 1345 1819 consecra-

343 1843 438 1874 tionis
468 1843 622 1882 ejusdem,
652 1843 780 1882 quando
809 1842 948 1882 lapidem
973 1841 1066 1871 altari
1094 1842 1207 1881 majori
1229 1849 1345 1880 suppo-

342 1897 407 1927 suit
426 1901 670 1933 consecratum,
701 1905 737 1926 ac
764 1896 861 1926 nnius
886 1896 964 1925 anni
994 1900 1023 1926 et
1047 1896 1257 1934 quadraginta
1281 1895 1346 1925 die-

340 1959 413 1980 rum
442 1951 481 1981 ab
511 1951 654 1981 Honorio
684 1951 787 1986 tertio,
820 1950 859 1980 ab
887 1951 955 1988 ipso
986 1950 1063 1980 festo
1097 1949 1345 1979 consecrationis

338 2012 440 2042 usque
473 2003 512 2033 ad
546 2008 671 2034 octavas
703 2003 944 2042 Assumptionis
980 2003 1080 2042 ipsius
1112 2003 1269 2041 virginis,
1309 2011 1345 2032 ac

339 2058 436 2088 unius
465 2057 543 2087 anni
574 2062 604 2087 et
632 2057 845 2096 quadraginta
877 2057 1002 2087 dierum
1033 2065 1052 2086 a
1078 2056 1230 2095 Gregorio
1260 2064 1344 2086 nono

337 2111 377 2140 ab
403 2110 513 2141 eodem
539 2111 788 2140 consecrationis
815 2119 914 2149 nsque
941 2110 980 2140 ad
1009 2109 1164 2149 predictas
1191 2113 1340 2146 octavas3

337 2164 436 2193 unius
458 2173 533 2194 vero
550 2164 628 2193 anni
657 2168 687 2194 et
710 2164 921 2202 qnadraginta
937 2163 1063 2193 dierum
1088 2163 1127 2193 ab
1148 2163 1340 2199 Alexandro,

336 2216 613 2256 predecessoribus
630 2217 746 2247 nostris
767 2218 911 2247 romanis
929 2217 1147 2255 pontificibus,
1165 2226 1182 2246 a
1202 2216 1341 2256 predicta

334 2270 572 2300 consecratione
589 2279 688 2309 usque
705 2270 744 2300 ad
760 2274 884 2300 octavas
907 2269 1035 2300 easdem
1057 2269 1208 2300 omnibus
1228 2270 1339 2307 singu-

334 2322 375 2352 lis
389 2323 487 2353 annis
503 2323 613 2353 devote
627 2323 852 2354 accedentibus
866 2323 905 2353 ad
921 2322 1086 2353 basilicam
1099 2327 1309 2353 memoratam
1321 2334 1334 2349 ›

333 2384 498 2406 concessas
527 2376 746 2414 indulgentias
765 2376 993 2416 approbantes,
1015 2376 1142 2406 easdem
1158 2385 1176 2406 a
1195 2376 1273 2406 festo
1290 2376 1339 2414 ip-

333 2429 400 2460 sius
422 2429 630 2460 dedicationis
654 2439 754 2469 usque
774 2430 813 2460 ad
835 2433 960 2460 octavas
982 2430 1167 2460 Nativitatis
1194 2430 1337 2468 ejusdem

331 2483 466 2522 virginis
493 2483 642 2513 volumus
667 2483 850 2522 perdurare.
875 2496 888 2511 ι(
911 2484 978 2514 Nos
997 2492 1161 2523 quoque...
1186 2484 1337 2515 omnibus

330 2545 404 2566 vere
419 2537 636 2576 penitentibus
654 2541 684 2568 et
699 2537 869 2574 confessis,
893 2538 948 2576 qui
970 2537 1009 2567 ad
1032 2538 1205 2576 predictam
1224 2538 1334 2568 basili-

330 2599 399 2621 cam
415 2591 448 2620 in
465 2591 516 2620 die
533 2591 743 2621 dedicationis
761 2591 923 2631 ejusdem,
942 2591 977 2620 in
997 2600 1059 2630 qua
1076 2591 1190 2621 festum
1210 2591 1333 2622 nivis...

329 2653 348 2674 a
363 2644 452 2674 vobis
467 2644 686 2683 sollempniter
705 2643 900 2680 celebratur,
921 2649 952 2674 et
971 2653 1072 2683 usque
1087 2644 1126 2674 ad
1148 2644 1333 2684 hujusmodi

328 2701 452 2727 octavas
468 2698 650 2727 Nativitatis
666 2697 750 2728 dicte
766 2698 915 2736 virginis,
929 2707 1023 2728 causa
1038 2698 1215 2728 devotionis
1228 2707 1333 2729 acces-

329 2750 429 2780 serint
445 2751 652 2780 annuatim...
672 2755 734 2782 tres
749 2760 853 2781 annos
870 2755 899 2781 et
917 2755 980 2782 tres
998 2751 1234 2790 quadragenas,
1254 2760 1332 2792 quos

327 2803 511 2842 hujusmodi
523 2804 683 2843 prioribus
692 2805 936 2835 remissionibus
946 2804 985 2834 de
993 2805 1094 2843 gratia
1106 2804 1233 2844 speciali
1243 2805 1331 2835 addi-

326 2856 451 2894 cimus,
475 2857 513 2887 de
538 2858 693 2896 injunctis
724 2858 769 2888 eis
796 2858 980 2897 penitentiis
1006 2858 1253 2888 misericorditer
1279 2867 1329 2888 re-

325 2908 479 2939 laxamus.
499 2910 569 2940 Dat.
591 2911 689 2941 Reate
703 2934 710 2947 ,
729 2920 762 2941 111
784 2911 855 2942 idus
871 2912 1010 2950 augusti,
1029 2920 1115 2942 anno
1134 2911 1245 2951 primo.
1265 2924 1279 2938 n

354 3067 387 3096 (1)
405 3066 507 3090 Dicitur
520 3067 580 3090 rt'est
595 3074 640 3098 pas
653 3068 717 3092 dans
731 3068 752 3092 le
764 3075 808 3092 ms.

1502 466 1589 494 838
2043 464 2134 499 Ricti,
2153 465 2181 492 ¹1
2199 465 2268 492 aeut
2283 464 2359 493 1288.

1466 528 1672 563 Indulgentiae.
1692 527 1772 560 (Rec-
1791 527 1832 558 44,
1850 535 1875 554 c.
1893 527 1936 561 64,
1952 527 1972 554 Ι.
1994 527 2041 554 100
2056 528 2106 561 νο.)

1471 630 1598 659 Eisdem.
1632 628 1870 667 Indulgentiam
1907 628 2052 659 concedit
2087 629 2184 659 trium
2211 637 2370 661 annorum
2397 635 2428 665 οι

1433 685 1528 714 trium
1554 683 1833 723 quadragenarum
1857 683 2006 713 omnibus
2037 692 2110 713 vere
2139 683 2372 723 poenitentibus
2396 689 2441 728 a}²

1429 737 1581 768 confessis
1597 737 1662 776 qui,
1682 737 1715 767 in
1731 736 1909 767 dominicae
1925 736 2108 767 Nativitatis
2121 745 2222 776 usque
2239 737 2278 766 ad
2293 741 2442 780 octavu&

1430 790 1463 820 in
1488 790 1686 829 Epiphaniae
1709 794 1737 819 et
1761 789 2016 819 Resurrectionis
2043 789 2172 819 Domini
2197 789 2309 820 diebus
2330 798 2388 831 usq
2420 790 2422 793 '

1430 843 1470 874 ad
1492 848 1634 882 octavas,
1653 844 1686 873 in
1709 843 1946 873 Purificationis
1970 851 2096 882 quoque
2116 847 2146 873 et
2164 843 2377 875 Annuntiatio
2411 847 2415 886 j

1431 897 1546 927 Beatae
1569 897 1689 927 Mariae
1713 905 1748 927 ac
1770 896 1853 926 beati
1876 895 2017 926 Mathiae
2039 895 2171 935 apostoli
2190 896 2411 931 festivitatibus

1431 954 1459 980 et
1475 951 1508 980 iu
1526 950 1664 989 singulis
1682 943 1870 980 stationibus
1886 950 1918 979 in
1939 949 2049 980 eadem
2065 950 2200 981 ecclesia
2215 950 2368 981 hactenus
2380 959 2399 982 ο

1430 1003 1558 1041 diuatis,
1575 1003 1739 1034 basilicam
1756 1003 1888 1034 Sanctae
1904 1003 2024 1033 Mariae
2040 1004 2171 1042 Majoris
2187 1003 2395 1035 visitaverint.
2412 1023 2417 1038 .

1472 1070 1484 1084 α
1505 1057 1637 1096 Propter
1652 1058 1816 1088 veritatem
1835 1061 1900 1087 et...
1920 1073 1958 1078 —
1977 1057 2048 1086 Dat.
2067 1062 2218 1096 utsupra.
2239 1069 2252 1085 n
2403 1047 2408 1053 ’

1500 1243 1587 1272 (334
1950 1243 2037 1275 Rieti,
2055 1243 2088 1270 27
2104 1243 2267 1279 septembre
2284 1242 2361 1271 1288.

1464 1304 1671 1339 Indulgentiae.
1689 1305 1771 1339 (Rea.
1788 1306 1830 1337 44,
1848 1314 1874 1332 c.
1891 1306 1934 1337 65,
1951 1306 1970 1333 f.
1992 1306 2039 1333 100
2054 1306 2105 1341 νο.)

1458 1408 1600 1445 Eisdem.
1630 1407 1867 1446 Indulgentiam
1896 1407 2040 1438 concedit
2063 1407 2275 1447 quadraginta
2305 1407 2368 1438 diei
2404 1422 2417 1434 u

1428 1461 1578 1491 omnibus
1601 1470 1675 1491 vere
1698 1462 1934 1501 poenitentibus
1956 1465 1986 1491 et
2012 1461 2166 1491 confessis
2190 1461 2246 1500 qui
2266 1461 2358 1492 basili
2382 1465 2421 1488 ω’

1429 1513 1564 1545 Sanctae
1580 1515 1700 1545 Mariae
1714 1516 1844 1555 Maioris
1860 1515 1997 1554 singulis
2013 1515 2124 1546 diebus
2139 1514 2370 1546 venerabiliter
2392 1529 2394 1534 ν
2422 1547 2425 1550 ,

1429 1568 1567 1598 sitarint.
2411 1559 2415 1570 ’

1468 1631 1483 1651 α
1502 1621 1618 1652 Mulier
1634 1631 1786 1660 generosa
1802 1623 1965 1653 invenit...
1985 1638 2024 1645 —
2036 1622 2107 1652 Dat.
2124 1622 2233 1659 Reate,
2244 1632 2264 1652 v
2276 1621 2426 1654 kalen-..Z

1427 1675 1575 1713 octobris,
1592 1684 1677 1706 anno
1695 1675 1807 1715 primo.
1829 1688 1842 1703 »

1496 1863 1583 1891 835
1943 1863 2033 1894 Rieti,
2054 1863 2084 1890 -37
2101 1862 2264 1898 septembre
2281 1863 2357 1891 1288.
2403 1897 2405 1900 Α

1435 1910 1442 1919 ⁸
1460 1925 1668 1960 Indulgentiae.
1688 1925 1768 1958 (ΒΕΘ.
1787 1926 1830 1957 44,
1848 1934 1873 1952 c.
1891 1926 1934 1957 66,
1952 1926 1970 1953 s.
1991 1925 2039 1953 100
2054 1926 2100 1960 ro.)

1468 2029 1622 2058 Universis
1637 2028 1751 2058 Christi
1768 2028 1904 2066 fidelibus
1920 2034 2071 2066 presentes
2095 2029 2214 2059 litteras
2230 2029 2366 2067 inspectu
2388 2028 2396 2036 “

1425 2081 1665 2120 Indulgentiam
1679 2082 1824 2112 concedit
1835 2083 1931 2112 unius
1944 2082 2022 2112 anni
2038 2086 2068 2112 et
2080 2081 2292 2121 quadraginta
2302 2082 2371 2114 dier
2400 2083 2423 2116 «J.

1424 2134 1574 2165 omnibus
1592 2143 1664 2164 vere
1680 2135 1917 2174 poenitentibus
1935 2140 1966 2166 et
1980 2135 2143 2173 confesse,
2161 2135 2433 2177 quandocumqm

1423 2196 1557 2217 manum
1575 2188 1774 2227 porrexerint
1790 2187 1830 2218 ad
1846 2189 2120 2219 conservationem
2143 2193 2174 2219 et
2192 2189 2422 2231 ιεραιωὶοιγ

1422 2240 1573 2272 basilicae
1589 2241 1723 2272 Sanctae
1740 2241 1861 2272 Mariae
1876 2242 2021 2281 Majoris.
2400 2239 2402 2246 '

1464 2306 1477 2322 α
1495 2294 1598 2325 Habet
1613 2294 1672 2325 hoc
1688 2299 1758 2325 et...
1773 2310 1813 2318 —
1828 2295 1900 2325 Dat.
1919 2300 1953 2326 ut
1968 2304 2074 2334 supra.
2093 2307 2107 2323 »

1489 2474 1678 2502 838-632
1935 2474 2012 2502 Rieti
2022 2495 2029 2507 ,
2045 2474 2080 2502 ‘27
2096 2474 2259 2511 septembre
2274 2473 2353 2504 1288.
2394 2486 2396 2494 ·

1454 2536 1638 2571 Dispensatio
1655 2537 1835 2564 residentiae.
1853 2537 1935 2570 (Rea.
1953 2537 1995 2569 44,
2013 2545 2038 2564 c.
2055 2537 2099 2572 67,
2116 2537 2134 2565 s.
2153 2537 2203 2566 100
2217 2539 2270 2571 vo.)

1456 2639 1575 2668 Dilectis
1590 2638 1664 2675 filiis
1683 2660 1703 2668 ..
1720 2640 1821 2676 priori
1843 2645 1871 2669 et
1895 2640 2026 2678 capitulo
2049 2640 2155 2670 Sancte
2177 2640 2272 2670 Marte
2297 2638 2374 2678 Majo
2394 2649 2418 2676 ,’

1415 2693 1450 2722 de
1467 2692 1538 2722 Urbe
1557 2691 1702 2730 indulget
1716 2697 1751 2722 ut
1768 2693 1889 2731 singuli
1908 2702 2019 2724 eorum
2038 2698 2068 2724 et
2087 2701 2324 2731 successorum,
2343 2701 2378 2724 ιι
2390 2694 2398 2714 -”
2411 2691 2418 2716 ἰ

1415 2753 1480 2775 non
1495 2748 1526 2775 et
1543 2745 1685 2784 ejusdem
1702 2744 1853 2776 ecclesiae
1869 2746 2125 2786 capellanorum,
2143 2755 2199 2778 seu
2215 2745 2380 2783 beneficia.)
2392 2745 2403 2774 “.
2419 2766 2422 2771 -

1413 2807 1486 2828 rum
1507 2802 1732 2837 perpetuorum
1760 2799 1893 2837 fructus,
1924 2799 2067 2830 redditus
2095 2804 2125 2831 et
2150 2803 2322 2839 proventus
2346 2802 2410 2830 οϋῖι

1413 2851 1504 2881 nium
1541 2851 1769 2882 beneficiorum
1802 2861 1952 2891 suorum,
1984 2853 2079 2884 etiam
2111 2853 2139 2884 si
2165 2853 2338 2893 dignitates

1412 2909 1598 2944 personatus
1620 2906 1755 2935 existant
1776 2910 1806 2936 et
1827 2915 1937 2937 curam
1953 2906 2092 2937 habeant
2113 2906 2316 2944 animarum,
2333 2913 2354 2945 q
2390 2920 2403 2943 g

1410 2958 1445 2988 in
1474 2957 1730 2997 quibuscumque
1751 2959 1894 2990 ecclesiis
1921 2960 2106 2998 obtineant,
2134 2960 2273 3000 possint,
2307 2964 2414 3000 quo*

1410 3010 1515 3041 dianis
1532 3010 1808 3043 distributionibus
1825 3013 1989 3044 dumtaxat
2010 3013 2147 3053 exceptis
2162 3036 2170 3051 ,
2187 3021 2260 3044 cum
2274 3012 2310 3043 in
2330 3024 2353 3045 ·.;
2370 3004 2393 3038 -f

1410 3066 1471 3094 tate
1487 3063 1661 3104 percipere.
