2342 3652
943 337 1163 376 PREMIERE
1184 337 1340 377 ANNnn.
2146 350 2183 380 49

173 414 259 442 8³72
610 412 701 446 Rieu,
720 412 758 438 10¹
773 412 934 447 septembre
952 411 1028 438 1288.

137 475 177 503 Ut
191 483 288 509 supra.
308 475 388 505 (Rae.
407 475 450 508 44,
473 482 498 501 c.
519 475 585 506 154,
603 475 624 501 f.
641 474 673 501 39
687 475 738 507 vo.)

143 577 255 606 Eidem.
269 564 283 603 1(
298 576 413 613 Magne
427 575 603 605 devotionis
616 575 816 604 sinceritas...
833 574 1028 603 Auctoritate
1043 574 1101 603 tibi

101 629 298 668 presentium
321 628 527 666 indulgemus
546 631 592 663 ut,
617 627 644 656 si
663 627 797 656 condere
822 630 1047 656 testamentum
1072 631 1101 656 et

101 681 210 721 aliqua
232 682 270 711 de
292 682 386 712 bonis
410 682 472 711 tuis
495 682 528 710 in
553 681 662 711 eodem
686 684 870 710 testamento
894 680 1098 717 indistincte,

101 743 166 765 non
186 735 341 773 expressis
360 735 436 765 locis
451 734 614 773 aliquibus
629 733 679 763 vel
697 733 852 771 personis,
872 733 1053 772 relinquere
1072 739 1100 763 te

100 788 279 825 contingat,
305 792 485 817 executores
508 787 649 826 ejusdem
675 786 869 820 testamenti,
892 795 944 825 per
963 796 1099 825 quorum

100 849 219 870 manus
237 840 424 879 hujusmodi
446 840 555 870 relicta
575 838 776 869 mandaveris
792 840 929 876 erogari,
947 840 1045 870 libere
1060 841 1098 870 de

89 893 187 932 ipsis,
201 894 292 932 juxta
311 898 361 923 tue
380 893 568 923 intentionis
585 891 800 930 propositum,
818 901 883 922 non
900 893 1098 924 obstantibus

100 946 356 976 concessionibus
372 955 466 984 super
478 944 588 982 legatis
600 944 784 974 indistincte
797 945 915 974 relictis
929 946 1099 984 apostolica

100 998 151 1028 vel
167 998 231 1027 alia
251 999 363 1037 quavis
381 999 562 1028 auctoritate
579 997 831 1036 quibuscumque
849 998 953 1035 factis,
974 999 1098 1029 valeant

99 1051 285 1082 ordinare...
304 1052 373 1081 Dat.
396 1056 547 1089 utsupra.
567 1061 580 1077 n

168 1237 255 1265 2¹⁷3

132 1297 171 1325 Ut
186 1307 282 1333 supra.
303 1298 383 1332 (Rae.
401 1299 443 1341 441,
460 1306 484 1325 0.
503 1299 562 1332 155,
577 1299 596 1325 f.
615 1299 646 1326 39
663 1301 714 1331 vo.)

599 1236 691 1270 Rieti,
712 1237 747 1263 10¹·
763 1238 926 1272 septembre
949 1239 1024 1266 1288.

133 1400 238 1429 Eidem
256 1399 467 1438 privilegians
488 1401 632 1430 concedit
658 1405 708 1438 ut,
732 1403 918 1433 necessitate
943 1408 1095 1442 urgente,

93 1452 224 1482 missam
235 1476 243 1490 ,
260 1457 429 1492 antequam
445 1453 608 1484 illucescat
623 1454 702 1491 dies,
720 1456 804 1485 circa
821 1461 926 1486 tamen
945 1458 1095 1489 diurnam

93 1504 208 1542 lucem,
224 1505 284 1535 sibi
297 1507 396 1544 possit
411 1505 498 1536 licite
515 1507 617 1537 facere
630 1507 796 1546 celebrari,
812 1510 938 1547 proviso
957 1515 988 1541 ut
1003 1521 1095 1550 parce

93 1557 277 1598 hujusmodi
290 1559 392 1598 gratia
408 1563 523 1590 utatur.

137 1623 151 1640 α
167 1612 290 1642 Meritis
306 1617 357 1643 tue
372 1613 585 1645 devotionis...
603 1631 642 1637 —
657 1615 728 1645 Dat.
749 1620 784 1645 ut
799 1625 905 1655 supra.
926 1630 939 1644 »

165 1798 251 1826 2¹24
598 1800 688 1835 Rieti,
710 1802 746 1828 ‘le‘
762 1804 924 1838 septembre
942 1805 1019 1832 1288.

131 1857 171 1885 Ut
182 1867 276 1894 supra.
293 1859 376 1894 (REG.
395 1861 444 1895 44,
461 1869 487 1888 c.
506 1861 566 1896 156,
582 1862 601 1888 f.
620 1862 652 1890 39
667 1865 716 1894 vo.)

137 1961 239 1990 Eidem
252 1962 406 2001 indulget,
425 1972 498 1994 cum
513 1966 675 2003 quondam
688 1967 865 2005 Johannes,
878 1969 940 1999 dux
962 1970 1090 2001 Britan-

98 2012 187 2050 niae,
205 2018 290 2052 pater
303 2016 385 2054 ejus,
404 2017 438 2046 in
457 2026 512 2047 sua
528 2018 642 2048 ultima
657 2019 817 2051 voluntate
835 2010 990 2060 quaedam
1007 2025 1090 2054 bona

98 2066 191 2096 certis
207 2069 345 2105 personis
363 2069 411 2099 vel
433 2079 542 2101 earum
565 2072 734 2103 heredibus
750 2076 874 2104 restitui
889 2077 1090 2108 mandaverit

98 2117 261 2158 dictaeque
275 2129 422 2159 personae
438 2128 579 2154 mortuae
599 2126 664 2155 sint
683 2135 741 2157 nec
761 2136 871 2157 earum
888 2129 1020 2160 heredes
1040 2132 1089 2160 in-

97 2171 199 2201 veniri
214 2173 342 2212 possint,
360 2179 404 2212 ut,
422 2177 511 2206 tertia
525 2182 612 2215 parte
627 2180 775 2209 omnium
787 2182 1021 2219 praedictorum
1038 2185 1089 2215 bo-

96 2231 212 2254 norum
227 2225 260 2254 in
277 2235 350 2256 usus
365 2237 535 2267 pauperum
552 2236 696 2269 erogata,
715 2237 813 2263 totum
830 2236 995 2267 residuum
1011 2246 1088 2268 con-

95 2280 218 2307 vertere
233 2277 333 2308 valeat
344 2279 378 2309 111
393 2282 568 2313 subsidium
582 2285 697 2315 Terrae
714 2286 860 2317 Sanctae.

136 2340 150 2357 α
166 2329 311 2369 Exposita
328 2333 417 2363 nobis
432 2337 520 2366 tua...
535 2353 576 2359 —
590 2338 660 2368 Dat.
679 2344 713 2368 ut
728 2349 832 2379 supra.
851 2354 862 2367 n

164 2514 250 2542 2⁸25
590 2523 683 2558 Rieti,
702 2525 739 2551 ier
754 2527 918 2561 septembre
935 2528 1012 2556 1288.

126 2575 167 2602 Ut
181 2577 376 2611 suprafatae.
394 2580 437 2611 44,
453 2589 478 2608 e.
497 2583 553 2616 157,
571 2585 590 2612 f.
607 2585 639 2613 39
654 2589 707 2621 νο.)

129 2678 228 2707 Nobili
244 2680 310 2708 viro
324 2680 459 2710 Iohanni
468 2705 475 2717 ,
495 2684 564 2714 duci
578 2686 722 2726 Britanie,
741 2693 846 2720 comiti
859 2693 1082 2731 aiche-mundio,

89 2728 236 2768 indulget
251 2735 296 2769 ut,
316 2732 343 2761 si
365 2742 427 2771 qua
443 2734 523 2766 bona
538 2737 576 2766 ad
591 2738 695 2778 ipsum
711 2743 759 2772 vel
776 2744 815 2773 ad
833 2744 965 2775 ballivos
982 2746 1083 2784 ipsius

88 2781 197 2812 minus
204 2783 289 2822 juste
297 2784 429 2815 forsitan
442 2791 655 2831 provenerint,
665 2793 721 2824 illa
731 2796 765 2825 in
777 2797 955 2827 subsidium
969 2799 1084 2829 Terrae

89 2833 234 2873 Sanctae,
251 2846 324 2867 cum
339 2838 378 2867 ad
394 2848 464 2869 eam
480 2845 652 2882 accesserit,
671 2850 847 2887 expendere
861 2853 968 2890 possit,
988 2853 1081 2883 dum-

87 2887 181 2918 modo
196 2892 348 2927 personae
374 2893 490 2930 quihus
514 2895 581 2933 ipsa
603 2897 686 2929 hona
709 2901 860 2934 deberent
883 2906 1008 2936 restitui
1034 2907 1083 2937 vel

87 2948 197 2971 earum
213 2941 346 2973 heredes
364 2945 506 2976 inveniri
523 2957 587 2979 non
602 2952 733 2989 possint.

128 3005 143 3021 ι
161 2994 344 3026 DevotIOnis
362 3002 413 3027 tue
428 3000 612 3037 precibus...
627 3020 667 3026 -—
681 3006 750 3037 Dat.
768 3014 802 3038 ut
819 3019 923 3049 supra.
944 3024 956 3038 ι»

229 3061 303 3090 Rau.
323 3063 447 3092 Nicoms
467 3065 519 3093 IV.

1255 414 1340 442 22ss

1218 474 1257 501 Ut
1273 484 1368 510 supra.
1385 476 1468 509 (Rae.
1483 477 1524 507 44,
1542 485 1568 503 0.
1582 477 1653 510 1572,
1666 477 1685 504 f.
1701 476 1733 503 39
1749 483 1787 507 vo,
1805 485 1841 502 en
1858 479 1976 511 mai-ge.)

1760 413 1854 448 Rieti,
1871 414 1884 440 3
1903 415 2018 441 octobre
2037 415 2111 443 1288.

1224 598 1244 605 ..
1270 577 1340 605 (luri
1363 578 1498 606 Brz'lcznie
1522 577 1686 607 licentiam
1715 577 1861 607 concedit
1880 578 2096 608 constituendi
2122 583 2182 608 tres

1181 629 1373 667 capellanias
1399 630 1433 658 111
1457 630 1584 660 totidem
1609 629 1843 659 cathedralibus
1863 630 1913 660 vel
1937 630 2110 668 collegiatis
2134 641 2181 661 ec-

1181 681 1284 711 clesiis
1298 682 1382 711 infra
1398 683 1463 721 ejus
1477 683 1611 713 dominii
1629 684 1780 712 terminos
1795 683 1993 720 constitutis,
2010 692 2082 713 011111
2102 684 2181 713 dioe—

1181 743 1368 764 cesanorum
1384 744 1552 773 consensu,
1570 741 1599 765 et
1615 736 1837 774 praesentandi
1856 736 1895 765 ad
1912 746 1963 766 eas
1980 736 2110 767 clericos
2127 746 2182 767 seu

1181 788 1359 826 capellanos
1375 789 1535 827 ydoneos,
1554 789 1600 818 eis
1619 789 1815 819 sufficientes
1835 789 1977 819 redditus
1997 799 2120 820 annuos
2144 790 2183 820 de

1180 840 1272 870 bonis
1295 841 1431 879 propriis
1445 842 1654 878 assignantes.

1226 906 1238 919 α
1260 894 1326 923 Tne
1350 894 1527 924 devotionis
1547 895 1730 932 precibus...
1750 912 1788 915 —
1812 895 1879 924 Dat.
1907 896 2021 931 Reate,
2046 906 2064 925 v
2082 904 2182 926 nonas

1180 946 1329 983 octobriS,
1347 955 1432 976 anno
1448 947 1560 985 primo.
1581 959 1593 973 n

1251 1113 1335 1140 25³2

1213 1174 1356 1209 Episcopo
1375 1173 1530 1201 Parisiensi
1546 1175 1659 1201 mandat
1670 1179 1813 1209 quatenus
1825 1176 1975 1210 religiosos
1987 1177 2035 1210 qui
2047 1176 2074 1202 10
2088 1177 2181 1210 ipsius

1692 1112 1784 1143 Rieti,
1802 1113 1835 1139 22
1851 1114 2014 1148 septembre
2033 1114 2109 1141 1288.

1179 1223 1320 1249 dioecesis
1343 1224 1524 1250 monasteriis
1550 1232 1599 1257 per
1619 1225 1779 1259 symoniam
1805 1226 1911 1259 recepti
1936 1225 2043 1251 fuerint
2063 1225 2101 1251 -ad
2128 1226 2182 1252 alia

1179 1273 1350 1298 monasteria
1366 1272 1526 1298 transferat.
1538 1271 1619 1306 (Rae.
1636 1273 1678 1303 44,
1692 1281 1716 1299 0.
1739 1273 1796 1306 158,
1810 1274 1827 1298 f.
1842 1273 1874 1299 40
1890 1279 1930 1306 r03
1951 1273 2017 1300 tin).
2034 1283 2069 1300 nn
2080 1274 2179 1308 Tana,

1179 1319 1206 1353 Ι,
1225 1320 1279 1353 53.)

1224 1423 1392 1452 Venerabili
1406 1424 1523 1459 [ΠΜ-ί..
1543 1424 1674 1461 episcopo
1696 1424 1873 1453 Paristensi.
1894 1437 1905 1450 u
1925 1424 1992 1453 Tua
2007 1424 2098 1454 nobis
2116 1425 2178 1453 fra-

1180 1476 1310 1504 ternitas
1323 1476 1485 1505 intimavit
1500 1476 1584 1514 quod
1601 1477 1633 1505 in
1652 1476 1843 1515 quibusdam
1858 1477 2061 1506 monasteriis
2079 1482 2129 1506 tue
2140 1476 2182 1507 ci-

1179 1529 1283 1558 vitatis
1299 1534 1329 1558 et
1346 1529 1482 1559 diocesis
1503 1529 1610 1567 plnres
1632 1530 1748 1568 recepti
1771 1530 1902 1559 suerunt
1919 1539 1974 1568 per
1994 1530 2108 1559 vitium
2128 1539 2180 1569 sy-

1177 1583 1303 1617 1110111ος
1323 1591 1420 1620 quare
1441 1583 1567 1620 petebas
1585 1591 1604 1611 a
1626 1582 1720 1612 nobis
1741 1583 1786 1611 eis
1810 1592 1904 1621 super
1928 1583 1986 1612 hoc
2011 1582 2181 1612 salubriter

1178 1636 1344 1674 provideri.
1366 1636 1430 1665 Nos
1447 1635 1557 1673 igitur,
1578 1636 1617 1664 de
1636 1636 1831 1665 fraternitate
1850 1640 1901 1666 tua
1919 1636 2046 1675 plenam
2062 1637 2095 1665 111
2114 1637 2179 1666 Do-

1175 1691 1264 1718 mino
1279 1688 1429 1718 fiduciam
1446 1688 1639 1727 obtinentes,
1658 1699 1712 1727 per
1729 1689 1900 1727 apostolica
1917 1690 2031 1727 scripta
2048 1690 2179 1719 manda-

1175 1751 1246 1771 mus
1271 1746 1426 1780 quatenus
1445 1742 1504 1771 hac
1524 1742 1593 1771 vice
1608 1742 1691 1781 ipsos
1711 1742 1751 1771 ad
1773 1742 1837 1772 alia
1853 1743 2047 1772 monasteria
2063 1743 2113 1772 sui
2130 1743 2180 1773 vel

1174 1795 1302 1825 artioris
1320 1795 1443 1825 ordinis
1461 1795 1646 1831 transferas,
1666 1795 1814 1834 injuncta
1832 1796 1876 1825 eis
1901 1796 2075 1834 penitentia
2093 1805 2179 1825 com-

1173 1849 1303 1887 petenti.
1327 1849 1418 1884 Quod
1442 1849 1470 1878 si
1495 1849 1574 1878 forte
1596 1849 1732 1878 aliorum
1757 1849 2026 1879 monasteriorum
2047 1850 2091 1878 eis
2119 1849 2180 1878 dif—

1172 1902 1269 1931 ficilis
1298 1901 1447 1932 reddatur
1477 1902 1660 1939 ingressus,
1697 1902 1781 1940 ipsos
1810 1902 1844 1931 in
1877 1903 1942 1931 suis
1977 1903 2180 1932 monasteriis

1172 1954 1386 1993 dispensative
1411 1955 1452 1984 de
1481 1963 1563 1984 novo
1593 1955 1693 1993 recipi
1724 1955 1841 1990 facias,
1870 1955 1931 1984 sibi
1963 1954 1998 1984 in
2027 1956 2123 1985 clioro
2151 1959 2181 1985 et

1172 2008 1338 2038 refectorio
1357 2008 1435 2038 locis
1457 2008 1582 2038 ultimis
1606 2009 1787 2045 assignatis.
1811 2008 1942 2038 Proviso
1963 2013 1997 2037 nt
2020 2008 2102 2038 bona
2120 2017 2180 2047 que

1172 2062 1237 2091 suis
1270 2062 1474 2091 monasteriis
1505 2062 1539 2091 in
1578 2062 1727 2100 ingressu
1763 2062 1950 2100 symoniaco
1977 2062 2181 2092 contulerunt

1171 2119 1397 2144 convertantur
1412 2115 1446 2144 in
1460 2124 1535 2145 usus
1547 2124 1734 2154 pauperum,
1752 2115 1803 2144 vel
1820 2123 1875 2153 pro
1889 2115 2106 2144 sustentandis
2121 2115 2180 2144 eis-

1171 2167 1261 2204 dem,
1279 2168 1305 2197 si
1323 2168 1363 2197 ad
1382 2167 1445 2197 alia
1463 2168 1656 2198 monasteria
1676 2172 1854 2203 transeant,
1881 2167 2083 2206 deputentur.
2106 2167 2177 2196 Dat.

1171 2221 1285 2257 Reate,
1304 2231 1323 2250 x
1338 2221 1492 2251 kalendas
1506 2221 1641 2251 octobris
1653 2245 1660 2259 ‚
1679 2230 1766 2251 auno
1785 2221 1901 2259 primo.
1921 2232 1934 2247 »

1241 2380 1328 2408 2³78
1792 2379 1883 2409 Rieu.
1900 2379 1933 2406 27
1947 2380 2010 2414 Juin
2030 2376 2106 2406 1-388.

1203 2441 1330 2467 Licentia
1356 2441 1498 2467 vendendi
1523 2442 1726 2475 possessiones
1752 2450 1824 2476 quas
1855 2442 1958 2468 fratres
1983 2441 2176 2476 poenitentiae

1166 2489 1362 2516 ‹Iesu-Christi
1378 2490 1482 2516 habent
1498 2490 1525 2515 in
1541 2489 1603 2516 villa
1616 2489 1883 2524 Montispessulani.
1902 2490 1984 2523 (Rsc.
2004 2490 2051 2522 44,
2069 2498 2095 2516 0.
2117 2489 2174 2521 159,

1166 2539 1186 2565 f.
1202 2539 1235 2565 40
1250 2546 1293 2572 r⁰;
1312 2539 1378 2565 Lar.
1396 2547 1430 2565 nu
1447 2538 1551 2572 Tum,
1568 2538 1596 2570 Ι,
1615 2539 1671 2571 55.)

1211 2640 1379 2669 Venerabili
1398 2640 1518 2675 fratri..
1539 2640 1671 2677 episcopo
1687 2640 1893 2676 ,tlayatonensi'
1916 2639 2046 2668 mandat
2061 2642 2177 2677 quate-

1165 2702 1244 2729 nus,
1262 2692 1289 2721 si
1306 2693 1349 2722 ita
1366 2692 1394 2722 ei
1410 2692 1535 2721 videtur
1553 2691 1717 2730 expedire,
1735 2692 1878 2730 quinque
1894 2692 2030 2721 fratrum
2045 2691 2174 2722 ordinis

1165 2746 1376 2784 poeniteutiae
1391 2745 1492 2774 Jliesu
1509 2744 1640 2779 Christi,
1658 2745 1725 2783 qui,
1740 2745 1773 2773 in
1791 2745 1867 2774 villa
1885 2745 2169 2784 Montispessulaui

1165 2799 1317 2836 remansi,
1335 2799 1468 2837 cupiunt
1484 2798 1523 2827 ad
1540 2799 1772 2828 monasterium
1792 2798 1902 2829 Sancti
1916 2799 2025 2829 Pontii
2042 2799 2080 2828 (10
2095 2800 2175 2828 Τ110-

1165 2853 1286 2889 meriis,
1308 2851 1347 2880 ad
1366 2860 1533 2881 romanam
1555 2851 1724 2881 ecclesiam
1748 2851 1840 2881 nullo
1866 2852 1971 2882 medio
1994 2853 2172 2890 pertinens,

1163 2906 1285 2936 ordinis
1297 2904 1405 2934 Sancti
1419 2905 1595 2941 Benedicti,
1612 2905 1831 2934 Narbonensis
1844 2905 2011 2942 dioecesis,
2025 2914 2058 2935 se
2073 2910 2175 2935 trans-

1164 2959 1261 2995 ferre,
1286 2958 1409 2994 locum,
1435 2957 1598 2995 officinas,
1617 2962 1718 2994 ortos,
1742 2958 1956 2996 possessiones
1979 2963 2008 2988 et
2028 2959 2101 2998 jura
2122 2967 2175 2996 pro

1165 3012 1359 3051 competenti
1377 3012 1478 3050 pretio
1495 3012 1614 3041 vendat
1630 3011 1713 3041 dicto
1726 3012 1932 3049 monasterio,
1952 3021 2006 3051 pro
2023 3013 2092 3051 ejus
2108 3020 2174 3041 mo-

2007 3079 2021 3104 7
