2477 3637
267 394 322 423 604
1013 392 1248 422 REGISTRES
1271 392 1324 421 DE
1347 391 1531 422 NICOLAS
1554 393 1610 422 IV.

266 460 320 489 das
337 460 522 489 inimicitias
539 459 622 488 inter
640 463 785 497 parentes
807 462 836 487 et
855 458 974 488 amicos
993 466 1067 488 suos
1083 457 1266 494 existentes,

266 513 506 542 matrimonium
523 512 606 541 inter
621 520 653 540 se
668 510 856 540 contrahere
871 510 1007 541 valeant.

305 578 317 591 u
339 566 428 595 Lecta
443 573 548 595 coram
570 564 697 594 nobis...
719 581 756 586 —
783 563 853 593 Dat.
878 563 962 602 apud
985 564 1264 597 Urbemveterem.

266 628 307 647 nu
330 618 400 648 idus
419 617 589 649 februarii.
608 625 694 646 auno
712 617 813 646 tertio.
834 628 846 641 v·

331 782 450 811 4098
803 782 929 813 Orvieto,
950 782 978 808 Η
995 782 1099 808 sevi-ier
1117 781 1194 809 129¹.

298 845 339 871 De
354 845 536 871 contentione
561 845 633 871 inter
654 844 858 871 monasterium
877 844 958 870 villae
976 843 1075 871 Sancti
1090 843 1202 879 Egidii‚
1220 853 1266 871 or-

261 894 335 919 ‹linis
350 894 380 920 S.
399 893 562 926 Benedicti,
580 893 787 919 Neinausensis
802 892 960 926 dioecesis,
977 896 1007 919 et
1025 892 1127 919 fratres
1150 892 1265 919 militiae

259 942 367 977 'l'cinpli
378 941 606 968 Jorosonmitani
618 942 747 976 ejusdcm
762 942 852 968 villae.
863 941 944 975 (Rea.
958 942 1001 972 45,
1015 950 1039 968 c.
1052 941 1113 975 699,
1128 942 1145 968 f.
1157 941 1205 968 142
1213 943 1264 975 vn.)

299 1044 343 1073 Ad
364 1050 541 1082 perpetuam
571 1045 614 1073 rei
642 1046 834 1073 memoriam.
865 1056 878 1070 α
908 1044 990 1074 Sunt
1010 1044 1065 1083 qui
1091 1053 1160 1074 esse
1184 1045 1266 1074 sicut

259 1097 378 1126 Christi
406 1096 527 1135 pugiles
552 1097 753 1134 affectantes,
779 1097 959 1127 defensioni
988 1097 1038 1127 sui
1060 1098 1262 1136 patrimonii,

260 1155 340 1180 terre
355 1150 477 1180 scilicet
499 1160 559 1189 que
578 1150 742 1180 funiculus
763 1150 959 1189 appellatur,
984 1152 1110 1191 propria
1135 1161 1265 1191 corpora

259 1203 463 1241 exponendo,
485 1212 517 1233 se
541 1212 670 1233 murum
695 1208 876 1242 opponunt,
904 1204 1097 1242 sanguinem
1116 1205 1186 1244 ejus
1210 1214 1264 1244 pro

259 1256 474 1295 redemptione
493 1256 693 1294 singulorum
711 1257 847 1286 effusum
870 1261 1053 1296 ceterasque
1073 1258 1178 1288 eidem
1196 1258 1263 1288 illa-

260 1315 304 1339 tas
327 1310 490 1339 vindicare
517 1310 652 1348 injurias
682 1310 871 1340 moliuntur.
899 1311 954 1341 Hii
985 1312 1123 1350 profecto
1150 1312 1263 1343 domus

257 1363 372 1392 militie
394 1363 517 1401 Templi
534 1362 788 1392 Jerosolimitani
810 1363 937 1399 fratres,
957 1365 1011 1402 qui
1036 1373 1068 1394 se
1085 1365 1262 1396 voluntarie

259 1416 374 1446 talibus
396 1417 632 1450 astrinxerunt,
651 1417 764 1446 merito
779 1425 853 1454 ergo
873 1417 950 1447 tales
971 1423 1046 1448 sunt
1070 1419 1263 1457 specialibus

257 1469 381 1507 tegendi
399 1469 557 1499 favoribus
578 1474 608 1499 et
626 1470 856 1500 munificentiis
880 1471 1070 1508 muniendi,
1091 1480 1164 1502 cum
1184 1472 1262 1502 saci-

256 1522 318 1552 lius
334 1523 521 1560 gravamina
540 1522 702 1552 mundana
719 1523 870 1559 sentiant,
886 1524 952 1562 Jam
969 1523 1112 1554 distracti
1128 1525 1167 1555 ab
1182 1525 1260 1563 illis,

255 1576 281 1604 si
292 1576 429 1614 experiri
441 1581 593 1613 cogantur
605 1576 715 1606 eadem
727 1577 850 1607 iterato.
863 1577 958 1614 Sane,
972 1577 1055 1607 sicut
1068 1579 1260 1618 accepimus,

255 1628 375 1658 dudum
389 1628 489 1658 felicis
501 1629 729 1659 recordationis
738 1629 888 1659 Clemens
898 1631 1086 1669 papamlus,
1097 1632 1262 1671 predeces-

255 1690 306 1711 sor
324 1687 440 1717 noster,
455 1682 494 1712 de
513 1682 588 1711 villa
604 1682 712 1712 Sancti
731 1683 845 1721 Egidii,
864 1683 1097 1714 Nemausensis
1113 1685 1259 1722 diocesis,

256 1734 386 1764 traxisse
401 1735 560 1772 originem
576 1743 816 1773 recognoscens,
834 1736 867 1765 in
882 1746 944 1775 qua
959 1741 1021 1766 tam
1037 1737 1144 1777 longa,
1162 1748 1261 1778 quam

255 1787 372 1817 ibidem
388 1797 420 1817 se
431 1787 580 1818 habuisse
590 1788 929 1825 dicebatconversatio‚
941 1799 1038 1829 quam
1050 1792 1220 1823 familiaris
1232 1798 1262 1824 et

254 1841 364 1870 crebra
397 1840 638 1879 privilegiorum
666 1842 788 1872 abbatis
814 1848 844 1872 et
872 1848 1048 1874 conventus
1073 1848 1261 1878 monasterii

253 1894 335 1923 dicte
351 1893 438 1929 ville,
449 1894 488 1924 ad
505 1903 669 1924 romanam
686 1895 851 1926 ecclesiam
869 1896 959 1927 nullo
975 1898 1081 1929 medio
1098 1901 1260 1938 pertinen-

255 1947 304 1981 tis,
317 1947 440 1977 ordinis
457 1949 557 1977 sancti
572 1948 748 1985 Benedicti,
763 1949 916 1988 inspectio
931 1951 1079 1989 ignorare
1096 1961 1159 1983 non
1176 1954 1259 1985 sine-

254 2000 332 2030 bant
350 2001 488 2030 eundem
505 2002 588 2040 quod
608 2002 675 2041 ipse
698 2003 794 2033 abbas
814 2005 848 2033 in
871 2004 954 2034 dicta
973 2005 1048 2036 villa
1064 2011 1094 2036 et
1112 2008 1181 2046 ejus
1199 2009 1261 2039 dis-

255 2053 346 2083 trictu
372 2054 406 2083 in
429 2053 551 2084 clerum
581 2059 611 2084 et
640 2056 792 2094 populum
821 2058 989 2088 exercendi
1015 2060 1260 2093 ecclesiasticam

253 2115 422 2136 censuram
447 2107 583 2137 habebat
605 2112 634 2137 et
658 2113 721 2138 tam
745 2110 811 2148 ipse
834 2119 930 2149 quam
951 2112 1187 2150 predecessores
1209 2117 1259 2146 sui

253 2168 287 2188 ex
309 2164 383 2189 tunc
403 2161 566 2190 retroactis
589 2162 784 2200 temporibus
810 2162 984 2201 plenariam
1011 2166 1189 2198 habuerant
1204 2178 1258 2209 po-

255 2216 409 2248 testatem,
431 2212 485 2243 illo
501 2214 584 2244 dicto
599 2214 704 2244 abbati
728 2216 859 2254 suisque
881 2221 1115 2250 successoribus
1136 2222 1169 2251 in
1187 2232 1260 2262 per-

253 2272 403 2304 petuum,
427 2275 461 2296 ac
491 2267 721 2298 nichilominus
744 2271 911 2300 exercendi
933 2273 1067 2303 eandem
1093 2275 1125 2304 in
1147 2284 1258 2307 omnes

253 2320 305 2357 qni
324 2319 357 2348 in
373 2320 456 2349 dicta
473 2320 546 2350 villa
565 2325 595 2350 et
610 2322 678 2360 ejus
698 2313 855 2354 territorio
875 2334 928 2354 seu
952 2326 1095 2358 districtu
1115 2329 1258 2369 delique-

253 2374 317 2402 rint
332 2382 387 2403 seu
404 2374 631 2411 contraxerint,
649 2375 699 2404 vel
718 2376 764 2405 rei
780 2377 902 2407 ratione
917 2379 950 2407 iu
970 2380 1090 2410 eisdem
1110 2383 1185 2412 villa
1203 2393 1257 2414 seu

253 2425 410 2455 territorio
430 2426 640 2457 consistentes
662 2428 701 2457 ad
725 2429 799 2458 dicti
827 2430 947 2461 abbatis
963 2433 1122 2471 judicium
1140 2436 1258 2467 suerint

251 2478 418 2515 evocandi,
448 2479 678 2519 cujuscumque
708 2482 903 2513 conditionis
933 2490 988 2515 ant
1011 2487 1176 2526 religionis
1202 2500 1257 2521 seu

251 2531 372 2560 ordinis
392 2532 439 2561 vel
454 2531 619 2570 dignitatis
636 2535 811 2573 extiterint,
829 2538 998 2578 episcopali
1015 2541 1178 2573 dumtaxat
1194 2553 1258 2583 quo

251 2586 288 2613 ad
313 2584 427 2614 delicta
455 2590 483 2614 et
504 2590 685 2617 contractus
706 2595 848 2628 excepta,
870 2593 1055 2624 earumdem
1078 2595 1256 2628 litterarum

251 2646 381 2667 suarum
395 2639 580 2668 auctoritate
593 2642 786 2673 concessisse
801 2643 918 2675 dicitnr
934 2646 1058 2685 plenam
1077 2654 1107 2679 et
1123 2650 1256 2682 liberam

252 2690 449 2727 fwznltate1n3
470 2700 532 2721 uon
549 2693 749 2725 obstantibus
773 2697 950 2736 privilegiis
972 2706 1026 2731 aut
1044 2702 1256 2742 indulgentiis

250 2744 504 2783 quibuscumque
529 2746 738 2784 religionibus
765 2758 819 2779 seu
847 2753 991 2790 personis
1020 2755 1177 2794 religiosis
1207 2759 1255 2789 vel

251 2796 445 2826 secularibus
469 2798 508 2827 ab
529 2800 701 2837 apostolica
719 2803 793 2832 sede
810 2807 969 2836 concessis
985 2817 1039 2838 seu
1057 2810 1154 2840 etiam
1177 2820 1254 2842 con-

251 2849 412 2886 cedendis,
425 2853 654 2892 cujuscumque
668 2856 862 2887 conditionis
876 2860 1056 2898 existerent,
1070 2864 1164 2894 etiam
1182 2866 1254 2896 siin

252 2903 342 2931 divtis
359 2903 471 2932 litteris
487 2906 524 2934 de
542 2906 618 2944 ipsis
635 2907 846 2946 religionibus
867 2912 913 2941 vel
930 2915 1098 2946 ordinibus
1113 2922 1167 2947 aut
1183 2928 1251 2958 per-

251 2964 399 2985 sonarum
418 2959 603 2989 nominibus
626 2960 675 2990 vel
699 2961 761 2992 alia
783 2964 923 3002 qualibet
942 2967 1182 3002 circumstantia
1201 2977 1256 3003 aut

251 3009 390 3045 ipsorum
409 3011 644 3049 privilegiorum
663 3024 715 3045 seu
737 3016 1011 3056 indulgentiarum
1033 3027 1140 3055 tenore
1157 3026 1190 3055 in
1210 3031 1252 3057 to-

253 3065 316 3090 nnn
333 3061 379 3091 vel
399 3063 429 3091 in
448 3070 579 3102 partein,
596 3068 689 3097 etiam
705 3069 744 3099 de
764 3071 858 3102 verbo
874 3073 913 3102 ad
931 3075 1074 3112 verbum,
1095 3083 1255 3117 oporteret

1349 457 1420 488 fieri
1449 458 1664 496 mentionem,
1691 458 1778 488 salva
1804 462 1909 489 tamen
1935 466 1998 498 quo
2021 458 2059 488 ad
2084 459 2305 501 privilegiatos
2327 466 2358 493 et

1350 515 1511 549 exemptos
1526 510 1640 540 attinet
1658 511 1876 541 moderatione
1892 519 1950 541 seu
1967 511 2181 543 declaratione
2197 512 2297 544 felicis
2307 523 2357 546 re·
2421 534 2442 545 0.

1350 563 1543 593 cordationis
1561 563 1743 593 Innocentii
1761 572 1838 602 pape
1858 564 1959 601 nuti,
1985 564 2215 604 predecessoris
2240 568 2355 605 nostri,

1349 616 1401 645 cui
1418 615 1520 645 dictus
1537 615 1740 654 predecessor
1755 616 1904 647 Clemens
1919 617 2131 656 superaddere
2149 618 2248 649 voluit
2263 624 2297 650 nt
2309 628 2356 652 oc-

1349 669 1478 698 casione
1494 678 1551 698 sue
1565 668 1766 699 liberalitatis
1788 670 1972 708 huJusmodi
1992 671 2167 709 generalis,
2184 672 2216 702 iu
2235 681 2358 714 exemp-

1349 722 1389 751 tis
1405 731 1458 752 seu
1478 721 1694 761 privilegiatis
1715 724 1878 761 personis,
1900 723 1939 754 ad
1965 724 2080 754 delicta
2099 734 2162 764 que
2183 726 2223 755 ad
2238 734 2356 758 correc-
2388 714 2390 722 Ι

1350 776 1467 806 tionem
1481 776 1644 814 pertinent
1657 776 1838 814 regularem
1852 786 1968 807 manus
1981 787 2054 808 suas
2069 787 2131 809 non
2147 779 2354 818 porrigerent.

1349 833 1477 869 utputa,
1500 829 1526 859 si
1554 829 1685 868 prelatis
1714 831 1778 860 suis
1803 839 1868 861 non
1899 831 2114 869 obediverint,
2136 833 2162 862 si
2188 833 2359 866 habuerint

1349 883 1523 921 proprium,
1541 883 1567 912 si
1583 883 1661 912 citra
1673 888 1799 922 raptum
1813 893 1867 914 seu
1880 884 2063 915 violentiam
2076 885 2184 916 carnis
2199 885 2357 919 lubricum

1349 936 1434 975 passi
1452 936 1584 973 fuerint,
1601 945 1664 975 que
1679 945 1751 967 cum
1769 938 1835 967 suis
1848 937 2011 968 similibus
2027 938 2159 978 reliquit
2174 939 2240 969 suis
2258 941 2356 980 majo-

1348 990 1436 1020 ribus
1451 989 1653 1028 corrigenda.
1676 991 1794 1021 Verum
1811 992 1887 1030 quia
1903 1015 1921 1021 ..
1935 992 2032 1022 abbas
2046 993 2231 1023 monasterii
2245 1001 2367 1033 supra--

1348 1043 1434 1080 dicti,
1449 1047 1589 1082 pretextu
1606 1044 1655 1074 sui
1669 1043 1742 1074 talis
1755 1044 1884 1082 indulti,
1899 1045 2012 1075 fratres
2027 1045 2111 1084 ipsos
2127 1046 2160 1075 in
2174 1045 2267 1076 dictis
2281 1045 2358 1078 villa

1348 1106 1402 1128 seu
1425 1098 1584 1128 territorio
1607 1102 1661 1128 aut
1683 1098 1830 1129 districtu
1850 1104 2084 1130 commorantes
2101 1100 2253 1138 gravibus
2268 1100 2357 1140 inju-

1348 1151 1417 1187 riis,
1433 1151 1676 1189 gravaminibus
1697 1156 1728 1182 et
1747 1152 1895 1191 dampnis
1911 1161 1976 1183 non
1993 1153 2138 1191 modicis,
2153 1153 2310 1184 molestiis
2325 1157 2362 1186 et.

1348 1203 1569 1235 vexationibus
1586 1205 1819 1244 multiplicibus
1834 1206 1951 1242 afficit,
1967 1206 2142 1237 nonnullos
2158 1215 2268 1238 eorum
2286 1206 2355 1239 diro

1346 1258 1465 1288 carceri
1481 1258 1695 1297 mancipando
1715 1262 1745 1288 et
1759 1258 1948 1298 aliquandiu
1965 1268 2061 1298 quam
2081 1259 2229 1299 pluribus
2245 1268 2354 1295 eorum

1346 1311 1561 1341 familiaribus
1589 1320 1652 1342 non
1679 1311 1782 1342 solum
1810 1312 2002 1343 effusionem
2032 1313 2217 1351 sanguinis,
2244 1321 2355 1345 verum
2372 1345 2373 1348 ,

1346 1365 1442 1394 etiam
1459 1365 1603 1397 immane
1619 1365 1779 1404 flagitium
1792 1366 1965 1396 crudeliter
1981 1367 2160 1404 inferendo,
2171 1367 2283 1397 fratres
2294 1367 2362 1407 ipsi·

1346 1418 1511 1458 premissis
1530 1419 1690 1458 obsequiis
1711 1419 1827 1457 dediti,
1851 1420 1891 1449 ab
1915 1419 1980 1449 illis
1999 1425 2126 1460 propter
2151 1420 2209 1451 hoc
2229 1421 2361 1452 retracti

1345 1472 1466 1511 pluries
1480 1476 1510 1502 et
1527 1472 1591 1502 alia
1609 1472 1773 1503 interdum
1793 1474 1930 1512 experiri
1952 1474 2069 1510 coacti,
2088 1483 2150 1513 que
2166 1474 2355 1513 gravissime
2379 1478 2382 1489 ¹

1345 1530 1470 1555 mentes
1487 1525 1616 1555 turbant
1631 1525 1762 1556 illorum
1781 1530 1812 1556 et
1833 1531 1983 1557 revocant
1999 1536 2017 1557 a
2037 1528 2203 1566 propositis
2225 1536 2375 1562 eorum-:2-¹

1344 1578 1434 1615 dem,
1453 1578 1599 1609 tollerare
1619 1578 1695 1610 talia
1713 1579 1835 1610 diutius
1853 1585 2074 1619 nequeuntes,
2092 1586 2237 1612 nostrum
2260 1583 2382 1621 supers

1346 1631 1405 1662 hoc
1419 1632 1578 1662 auxilium
1593 1633 1823 1672 imploraruut;
1844 1637 1969 1673 propter
1986 1635 2071 1673 quod
2085 1643 2154 1673 nos,
2171 1632 2365 1666 considera-⁷
2403 1653 2407 1657 -

1345 1685 1431 1715 tione
1447 1685 1590 1716 adhibita
1612 1686 1696 1725 quod
1709 1686 1794 1721 ,talia
1818 1687 1904 1717 inter
1933 1687 2009 1717 tales
2025 1688 2175 1718 scandala
2189 1689 2223 1718 in
2239 1688 2372 1729 populo*¹

1343 1739 1539 1777 generabant
1551 1743 1709 1777 etmagna
1722 1740 1837 1770 exinde
1854 1740 1995 1779 pericula
2012 1745 2156 1779 poterant
2172 1742 2362 1783 provenire„

1343 1792 1396 1822 illa
1412 1792 1661 1823 deliberavimus
1675 1793 1872 1832 extirpanda,
1888 1794 1971 1824 dicto
1982 1794 2094 1825 abbate
2106 1799 2232 1834 propter
2242 1795 2302 1826 hoc
2312 1792 2353 1827 ad
2367 1823 2371 1828 .

1344 1851 1486 1877 nostram
1505 1846 1699 1885 presentiam
1717 1851 1855 1884 evocato,
1872 1847 1931 1877 sibi
1948 1852 1977 1877 et
1995 1847 2147 1879 fratribus
2162 1848 2240 1888 ipsis
2255 1839 2352 1880 dilec-

1344 1906 1411 1931 tum
1429 1901 1535 1930 filium
1553 1904 1698 1931 nostrum
1716 1901 1760 1938 J.‚
1783 1900 1900 1931 Sancte
1915 1902 2016 1931 Marie
2034 1902 2067 1931 in
2086 1901 2145 1932 Via
2162 1902 2227 1932 lata
2247 1902 2363 1934 diaco-2

1343 1964 1422 1984 num
1435 1954 1645 1992 cardinalem,
1657 1954 1690 1983 in
1704 1954 1763 1984 hac
1773 1959 1861 1993 parte
1873 1955 2090 1985 concessimus
2101 1955 2367 1994 auditorem,co·.

1342 2017 1410 2038 ram
1420 2017 1585 2048 quosuper
1594 2008 1652 2038 hoc
1663 2008 1852 2047 aliquandiu
1863 2008 2146 2039 dinosciturfuisse
2155 2011 2351 2049 processum.
2361 2029 2372 2056 ⁴.

1343 2063 1429 2092 Licet
1443 2066 1550 2092 autem
1566 2061 1738 2100 apostolica
1755 2061 1845 2092 sedes
1859 2061 2016 2101 predictos
2031 2062 2154 2100 fratres,
2169 2062 2371 2094 considam·

1342 2117 1428 2147 tione
1447 2124 1579 2146 suorum
1595 2124 1729 2155 operum
1748 2119 1779 2145 et
1793 2116 1956 2146 fructuum
1971 2116 2011 2146 ab
2028 2115 2095 2146 illis
2111 2116 2351 2156 procedentium
2371 2159 2373 2163 Α
2391 2143 2394 2147 .

1340 2179 1376 2200 ac
1391 2170 1470 2200 alias
1485 2169 1622 2199 diversis
1637 2169 1823 2205 rationibus,
1842 2169 1989 2208 pluribus
2004 2169 2182 2209 privilegiis
2199 2174 2229 2200 et
2243 2169 2364 2203 indul—3

1341 2224 1457 2262 gentiis
1473 2223 1649 2260 decorarit,
1667 2232 1724 2262 per
1746 2232 1807 2262 que
1829 2223 1942 2254 fratres
1956 2223 2017 2262 ipsi
2032 2233 2051 2254 a
2066 2223 2285 2263 quorumlibet
2296 2232 2351 2256 01·-

1341 2277 1542 2307 dinariorum
1560 2284 1690 2306 suorum
1704 2276 1986 2315 jurisdictionibus
2001 2285 2035 2307 se
2048 2281 2160 2316 putant
2176 2280 2355 2316 exemptus,⁴

1340 2330 1572 2361 nichilominus
1590 2334 1695 2360 tamen
1713 2338 1809 2360 omne
1824 2329 1958 2359 dubium
1972 2338 2067 2368 super
2082 2329 2268 2368 hujusmodi
2280 2338 2350 2361 om·-

1339 2385 1434 2415 nibus
1445 2383 1737 2423 privilegiisortum
1744 2391 1938 2422 omnemque
1947 2382 2160 2413 dissensionis
2169 2383 2350 2421 materiam*
2367 2400 2369 2403 ·

1339 2447 1505 2469 rancorem
1533 2437 1628 2468 etiam
1649 2436 1825 2476 quemlibet
1847 2436 1886 2466 de
1912 2435 2044 2466 illorum
2061 2436 2168 2467 medio
2186 2440 2354 2476 amputare:

1338 2501 1373 2522 ac
1389 2491 1545 2531 premissa
1565 2490 1707 2530 pericula
1729 2491 1828 2520 vitare
1853 2489 1997 2519 volentes
2010 2513 2017 2525 ‚
2038 2489 2239 2521 attendentes
2254 2489 2377 2525 etiams,

1337 2546 1422 2585 quod
1437 2545 1528 2583 origo
1546 2549 1576 2574 et
1591 2545 1789 2575 conversatio
1804 2542 1992 2582 hujusmodi
2009 2541 2129 2573 dictum
2148 2543 2349 2582 predecessit?

1338 2608 1407 2629 rem
1427 2598 1627 2629 Clementem
1646 2597 1693 2627 sic
1719 2599 1848 2627 munire
1873 2596 1978 2627 valide
2005 2597 2116 2635 sicque
2135 2595 2282 2635 largiflue
2303 2595 2351 2632 sie:

1338 2654 1471 2692 insuper
1486 2652 1643 2683 honorare
1658 2651 1779 2680 dictum
1796 2651 2031 2681 monasterium
2046 2650 2259 2686 induxerunt,
2274 2657 2358 2695 cum:

1337 2707 1376 2737 de
1391 2705 1578 2745 hujusmodi
1595 2713 1652 2735 suo
1668 2704 1847 2743 privilegio,
1859 2704 1898 2735 de
1914 2713 1977 2743 quo
1991 2704 2030 2735 ab
2043 2704 2207 2744 aliquibus
2221 2703 2260 2735 de
2286 2716 2291 2729 ·
2334 2732 2335 2735 ,
2362 2711 2367 2726 ²

1338 2765 1384 2791 tra
1399 2760 1488 2790 curia
1507 2759 1573 2789 sive
1589 2759 1622 2788 iu
1640 2763 1780 2796 regestro
1798 2759 1898 2796 ipsius
1914 2758 2146 2798 predecessoris
2161 2755 2350 2796 Clementis,¹

1337 2815 1370 2844 in
1386 2822 1449 2853 quo
1459 2814 1550 2853 juxta
1567 2820 1688 2842 morem
1706 2812 1927 2841 Romanorum
1949 2811 2137 2850 pontificum
2163 2810 2234 2841 talis
2249 2808 2350 2850 privi-‘A

1336 2868 1412 2906 legii
1428 2871 1518 2897 tenor
1534 2866 1635 2896 inseri
1651 2865 1817 2902 debuerat,
1836 2864 1945 2895 solerti
1960 2873 2055 2903 super
2069 2864 2128 2895 hoc
2143 2862 2358 2903 indagationi

1335 2920 1504 2961 premissa,
1519 2927 1582 2949 non
1600 2919 1736 2958 potuerit
1751 2918 1862 2948 haberi
1874 2917 1975 2956 copia,
1987 2917 2037 2948 vel
2051 2917 2116 2947 alia
2130 2915 2286 2947 memoria
2297 2914 2361 2955 ill·¹

1336 2974 1454 3009 veniri‚
1475 2973 1622 3013 quodque
1639 2981 1717 3008 nos,
1744 2973 1798 3011 qni
1824 2971 1987 3001 minorum
2011 2971 2162 3002 ordinum
2183 2970 2368 3001 existimus?

1336 3027 1540 3067 professores,
1556 3025 1724 3064 religiosos
1740 3033 1853 3055 omnes
1871 3029 2034 3064 propterea
2050 3024 2215 3070 defensare
2230 3022 2350 3062 spatis»
2361 3053 2369 3061 ,

1335 3080 1409 3111 liter
1420 3085 1450 3111 et
1467 3089 1484 3110 a
1499 3079 1699 3120 quibuslibet
1715 3077 1960 3118 gravaminibus
1975 3081 2006 3108 et
2019 3077 2153 3117 injuriis
2165 3082 2343 3117 preservare
