2477 3637
312 395 365 425 114
1057 390 1292 422 REGISTRES
1315 392 1368 422 DE
1390 391 1573 422 NlCOLAS
1597 391 1651 421 tv.

308 461 468 491 lissimum
483 459 586 489 filium
601 463 631 488 et
646 459 804 493 devotum,
822 458 927 487 virum
945 458 1054 496 utique
1070 459 1188 497 injuste
1203 459 1310 489 deten-

310 520 391 550 tum,
421 519 450 543 et
470 513 573 552 quoad
596 521 668 541 eum
689 511 721 540 iu
746 510 845 550 prelio
863 511 948 547 justo
967 515 1092 548 captum
1113 520 1149 541 ac
1174 521 1309 550 regnum

305 569 442 607 juraque
465 570 593 605 paterna
621 565 724 594 debite
751 572 785 593 ac
811 564 952 601 legitime
977 563 1222 601 defendentem,
1244 574 1308 595 non

308 621 514 650 invadentem
538 624 622 648 tuam
647 617 695 647 vel
721 622 847 647 tuorum
871 622 1002 654 terram,
1025 626 1088 647 non
1104 623 1310 657 occupantem

307 674 413 712 aliqua
431 678 482 702 tua
499 671 547 701 vel
568 672 709 710 ipsorum
726 671 799 708 jura
819 669 866 699 vel
891 670 992 706 bona,
1013 679 1070 700 nec
1088 670 1166 700 alias
1184 671 1238 700 tibi
1260 671 1311 701 vel

307 728 353 757 eis
368 726 522 764 injuriam
541 725 733 755 inferentem
748 748 754 760 ,
774 724 827 753 sed
848 733 866 753 a
882 724 1074 762 quibusdam
1089 749 1095 760 ,
1116 733 1202 754 more
1218 726 1310 764 quasi

308 780 448 819 piratico,
468 779 692 816 interceptum,
714 776 925 807 carceralibus
943 777 1079 807 vinculis
1097 777 1219 807 detines
1235 777 1309 808 alli-

306 837 426 871 gatum,
451 832 484 861 in
504 831 613 861 divine
637 831 810 869 majestatis
825 831 997 863 offensam.
1020 831 1141 868 grande
1159 835 1210 861 tue
1227 832 1309 861 same

306 886 479 924 salutisque
506 884 711 922 dispendium
739 888 767 913 et
789 892 883 921 grave
903 883 1089 913 scandalum
1115 885 1207 914 totius
1231 894 1310 924 pene

304 938 413 978 populi
432 938 610 968 christiani.
630 937 713 973 Quia
735 937 834 974 igitur
852 941 893 967 tot
911 942 940 966 et
957 942 1058 967 tantos
1077 947 1224 968 excessus
1246 938 1309 976 pati

304 992 529 1031 equanimiter,
548 995 680 1029 urgente
699 999 754 1020 nos
771 991 978 1026 conscientia,
997 1000 1059 1020 non
1074 999 1240 1029 possumus
1253 1000 1310 1021 nec

304 1046 467 1081 debemus,
486 1045 683 1075 nobilitatem
702 1050 787 1074 tuam
803 1045 998 1082 presentium
1018 1049 1125 1074 tenore
1141 1054 1309 1074 monemus

306 1099 503 1138 utpresatum
518 1098 779 1136 primogenitum,
797 1098 920 1128 sublato
934 1097 1128 1127 difficultatis
1136 1097 1309 1134 obstaculo,

304 1151 397 1191 plene
417 1153 562 1181 restituas
582 1151 737 1184 libertati,
757 1150 949 1189 nullumque
971 1152 1090 1189 prefato
1107 1151 1224 1181 Jacobo
1246 1151 1309 1180 ira-

305 1206 344 1235 tri
359 1210 420 1241 tuo,
436 1205 486 1235 vel
501 1204 557 1234 alii
572 1215 627 1234 seu
641 1204 714 1233 aliis
729 1205 986 1243 quibuscumque
1003 1205 1037 1233 in
1053 1204 1157 1234 insula
1171 1209 1200 1233 et
1214 1212 1311 1241 regno

303 1259 454 1297 predictis
469 1258 635 1288 ecclesiam
656 1257 896 1296 quomodolibet
917 1258 1157 1296 impugantibus
1174 1256 1222 1286 vel
1244 1262 1310 1286 tur-

303 1312 454 1342 bantibus
466 1312 691 1350 supradictam,
710 1311 876 1349 impendas
894 1320 949 1349 per
964 1317 993 1340 te
1008 1310 1056 1340 vel
1072 1320 1126 1350 per
1139 1311 1239 1340 alium
1255 1319 1309 1340 seu

301 1365 380 1395 alios
410 1365 569 1400 favorem,
595 1364 766 1394 consilium
794 1363 844 1393 vel
873 1364 1047 1401 auxilium,
1071 1364 1235 1402 publicum
1261 1363 1311 1392 vel

301 1418 477 1455 occultum;
497 1422 526 1448 et
546 1417 777 1447 nichilominus
794 1418 878 1447 iufra
891 1427 943 1447 sex
956 1426 1082 1447 menses
1098 1427 1116 1447 a
1132 1417 1311 1456 receptione

302 1471 500 1510 presentium
520 1471 750 1510 computandos
766 1479 947 1509 compareas
974 1471 1183 1510 peremptorie
1205 1479 1312 1501 coram

302 1525 404 1560 nobis,
422 1525 538 1554 nostris
555 1529 585 1554 et
603 1524 748 1563 ejusdem
765 1524 896 1554 ecclesie
913 1525 1071 1554 mandatis
1088 1529 1117 1554 et
1133 1524 1312 1563 beneplaci-

302 1578 341 1607 tis
367 1588 461 1616 super
486 1578 653 1616 premissis
683 1577 851 1608 humiliter
879 1582 909 1608 et
935 1578 1107 1608 efficaciter
1137 1578 1309 1617 pariturus.

302 1630 457 1669 Alioquin
477 1639 540 1660 non
557 1631 705 1668 ignorare
728 1636 757 1660 te
781 1630 927 1660 volumus
943 1631 1028 1669 quod
1044 1635 1153 1660 contra
1171 1635 1199 1660 te
1217 1631 1311 1669 spiri-

302 1683 429 1713 tualiter
449 1689 478 1713 et
505 1684 730 1722 temporaliter,
755 1688 845 1723 prout
870 1684 1008 1723 qualitas
1030 1685 1104 1714 facti
1122 1684 1258 1714 suaserit
1281 1689 1313 1715 et

301 1737 448 1775 expedire
465 1737 652 1774 viderimus,
674 1738 899 1777 procedemus;
918 1738 1078 1777 quodque,
1098 1743 1225 1777 propter
1240 1748 1311 1777 pre-

301 1791 434 1820 missam
463 1791 674 1820 monitiouem
705 1796 845 1821 nostram
877 1791 927 1821 vel
957 1791 1100 1830 aliquam
1128 1793 1313 1823 citationem

301 1845 473 1882 emissam,
495 1853 550 1874 seu
568 1845 665 1874 etiam
688 1845 912 1882 emittendam,
935 1850 968 1875 ut
990 1851 1074 1876 certo
1097 1851 1236 1885 tempore
1260 1854 1313 1876 co-

300 1906 369 1926 ram
390 1897 481 1927 nobis
498 1906 680 1936 compareas
697 1907 792 1936 super
814 1899 980 1936 premissis
1002 1899 1118 1929 nostris
1135 1905 1165 1930 et
1179 1899 1313 1930 ecclesie

300 1950 508 1989 beneplacitis
525 1952 686 1989 pariturus
701 1975 707 1987 ,
726 1952 794 1981 sive
812 1952 898 1981 infra
913 1953 1019 1992 ipsum
1039 1958 1162 1992 tempus
1177 1962 1312 1984 curave-

300 2005 354 2040 ris,
375 2014 430 2034 seu
446 2005 603 2041 renueris,
622 2010 680 2034 aut
696 2005 857 2035 distuleris
874 2015 1068 2046 comparere,
1089 2016 1152 2038 uon
1169 2008 1311 2039 intendi-

301 2067 372 2087 mus
393 2063 503 2088 contra
522 2063 549 2089 te
574 2063 706 2098 tuosque
731 2060 869 2090 fautores
893 2070 948 2091 seu
965 2061 1129 2100 adjutores
1145 2071 1314 2100 processus

301 2111 481 2149 spirituales
513 2112 563 2141 vel
595 2113 786 2152 temporales
815 2114 963 2145 omittere
995 2115 1044 2145 vel
1075 2116 1204 2147 differre
1223 2143 1229 2155 ,
1259 2122 1315 2148 aut

301 2165 404 2194 omitti
422 2165 522 2195 facere
538 2165 587 2195 vel
604 2166 744 2203 differri,
758 2167 813 2205 qui
832 2177 885 2206 per
900 2176 956 2198 nos
973 2168 1022 2198 vel
1038 2178 1093 2208 per
1109 2170 1189 2200 alios
1204 2180 1312 2202 occur-

301 2217 403 2246 rerint
424 2227 479 2248 seu
502 2221 710 2257 apparuerint
734 2220 883 2250 faciendi.
904 2221 975 2251 Dat.
996 2222 1096 2252 Rome
1116 2227 1149 2252 ut
1167 2232 1273 2262 supra.
1297 2236 1312 2253 n

374 2363 461 2391 566
783 2366 996 2399 Saint—Pierre,
1012 2367 1047 2396 <29
1064 2378 1140 2396 mars
1162 2369 1240 2398 1238.

336 2423 372 2450 Ut
390 2432 486 2459 supra.
505 2425 587 2458 (itm.
605 2427 647 2456 lili,
665 2435 690 2453 c.
709 2428 733 2458 7,
752 2427 771 2454 f.
789 2428 821 2455 87
840 2430 892 2462 vo.)

345 2524 568 2558 Venerabilibus
582 2530 735 2565 fratribus
748 2532 792 2567 B.‚
804 2532 983 2569 Ravennati,
994 2538 1020 2562 et
1033 2534 1079 2567 P..
1094 2535 1316 2574 Monlisreyalis

300 2581 547 2619 archiepiscopis,
567 2592 601 2611 ac
618 2584 724 2613 dilecto
741 2584 804 2621 filio
822 2587 918 2622 fratri
941 2588 1085 2625 Raynono
1110 2589 1146 2618 de
1169 2589 1295 2620 Vilerbio
1309 2616 1316 2629 ,

300 2635 419 2663 ordinis
432 2636 673 2673 predicatorum,
686 2639 765 2667 sedis
773 2640 931 2675 apostolice
943 2642 1074 2678 nuntiis,
1089 2643 1220 2673 mandat
1236 2653 1314 2683 qua-

302 2689 1317 2734 tenussupradictaslitterasdictoAlt‘onso,adeumpersonaliter

299 2740 495 2778 accedentes,
513 2748 728 2782 praesentent,
748 2744 798 2774 vel
817 2745 842 2775 si
861 2746 899 2775 ad
918 2746 1024 2785 ipsum
1041 2749 1252 2787 personaliter
1266 2750 1317 2782 vel

300 2801 409 2822 secure
448 2795 598 2825 accedere
630 2805 694 2827 nou
727 2799 868 2836 possint,
907 2800 936 2830 ei
971 2801 1004 2830 in
1038 2802 1167 2833 civitate
1201 2803 1314 2835 Oloro-

300 2846 394 2874 nensi
406 2869 413 2882 ‚
431 2847 574 2886 ejusdem
591 2849 729 2880 civitatis
752 2851 836 2882 clero
851 2857 880 2882 et
896 2853 1012 2892 populo
1030 2856 1241 2894 congregatis,
1261 2866 1315 2888 su-

300 2898 474 2936 pradictam
494 2901 682 2932 citationem
701 2904 830 2935 saciant.
849 2906 898 2936 Ne
914 2912 1021 2937 autem
1039 2908 1143 2939 dictus
1162 2909 1316 2941 Atronsus

300 2953 508 2990 praetendere
527 2955 628 2985 valeat
651 2957 734 2988 lianc
752 2959 938 2990 citationem
964 2962 1002 2992 ad
1026 2971 1058 2992 se
1076 2971 1141 2994 nou
1157 2972 1312 3002 pervene-

302 3004 406 3043 nisse,
432 3015 501 3036 eam
518 3007 550 3036 in
568 3007 645 3038 locis
663 3010 751 3048 aliis,
778 3011 816 3042 de
841 3013 958 3052 quibus
979 3016 1127 3054 expedire
1151 3017 1310 3054 viderint,

302 3057 521 3097 sollempniter
537 3061 710 3099 publicent.

1435 471 1447 485 a
1469 458 1502 488 Si
1519 466 1630 496 graves
1646 462 1712 487 et...
1728 475 1766 479 —
1781 457 1850 487 Dat.
1871 457 1972 488 Rome
1987 458 2071 497 apud
2085 458 2237 489 Sanctum
2254 460 2395 499 Petrum,

1395 521 1439 541 nn
1457 510 1610 541 kalendas
1625 510 1751 550 aprilis,
1769 519 1855 540 anno
1871 512 1985 549 primo.
2007 523 2020 538 r>

1465 670 1549 698 587
1842 702 1844 705 .
1887 668 2091 701 saint-pierre.
2111 671 2143 698 15
2159 679 2236 699 mars
2251 671 2328 700 1288.

1431 732 1469 759 Ut
1485 741 1580 767 snpra.
1599 732 1682 765 (Rea.
1701 732 1743 762 44,
1761 740 1786 758 e.
1806 731 1830 762 8,
1850 731 1867 757 f.
1887 731 1919 758 87
1939 733 1989 764 vo.)

1435 835 1553 863 Eisdem
1572 833 1702 863 mandat
1717 838 1751 863 ut
1766 833 1831 863 sedi
1848 833 2047 872 apostolicae,
2067 834 2151 874 quod
2169 835 2203 865 in
2219 835 2400 874 supradicto

1395 887 1556 918 citationis
1573 887 1698 925 negotio
1717 887 1864 923 fecerint,
1887 896 1941 925 per
1958 891 2101 926 patentes
2127 887 2248 918 litteras
2266 887 2402 922 sollicite
2425 895 2434 904 “

1394 942 1559 970 intiment.
2415 906 2437 979 ,4

1437 1006 1449 1021 «
1479 994 1528 1024 Ad
1557 993 1781 1024 tibaiationem
1808 994 2004 1024 carissimi...
2029 1011 2067 1016 -
2091 995 2161 1024 Dat.
2192 995 2294 1026 Rome
2317 979 2442 1044 apud}

1395 1048 1550 1078 Sanctum
1566 1048 1710 1084 Petrum,
1730 1047 1835 1077 idibus
1853 1047 1972 1084 martii,
1990 1056 2076 1078 anno
2091 1048 2206 1086 primo.
2228 1060 2242 1076 n
2427 1055 2435 1109 Ἰ

1465 1205 1553 1235 568
1892 1206 2092 1239 Saint-Pierre,
2112 1208 2143 1234 15
2158 1215 2237 1235 mars
2252 1195 2332 1236 1'288.

1432 1268 1470 1295 Ut
1485 1276 1581 1303 supra.
1598 1268 1681 1302 (Rae.
1699 1270 1744 1300 44,
1761 1278 1786 1296 c.
1805 1269 1832 1302 9,
1848 1270 1866 1296 f.
1885 1270 1918 1297 88
1936 1277 1981 1301 r⁰;
2000 1269 2120 1301 Poma„
2137 1270 2248 1304 22616.)

2422 1231 2445 1380 κ,αγρ,’

1436 1370 1600 1400 Carissimo
1615 1372 1648 1401 in
1664 1371 1782 1401 Christo
1794 1372 1859 1409 silio
1871 1394 1891 1402 ..
1908 1373 1970 1411 regi
1984 1373 2090 1409 Anqlie
2104 1373 2230 1402 illustri.
2242 1371 2324 1402 Eum
2334 1371 2406 1404 hor·
2424 1388 2437 1401 .-

1397 1428 1480 1454 tatur
1503 1428 1661 1463 quatenus
1683 1424 1875 1462 Alfonsum,
1902 1428 2014 1455 natum
2035 1425 2198 1471 quondam
2219 1425 2307 1456 Petri
2326 1425 2408 1466 plim

1396 1478 1480 1516 regis
1496 1479 1701 1516 Aragonum⁷
1725 1478 1856 1509 inducat
1871 1478 1910 1508 ad
1928 1478 2131 1509 liberandum
2148 1479 2300 1510 Carolum
2314 1503 2321 1517 ,
2345 1479 2408 1520 pri-

1396 1531 1596 1569 mogenitum
1612 1530 1775 1570 quondam
1791 1530 1898 1562 Caroli
1917 1532 2003 1570 regis
2020 1532 2164 1562 Siciliae.

1439 1598 1452 1612 a
1478 1585 1528 1615 Ad
1552 1585 1815 1615 deliberationem
1836 1586 2033 1616 carissimi...
2057 1602 2097 1609 —
2117 1587 2188 1616 Dat.
2209 1590 2244 1618 ut
2265 1595 2372 1626 supra.
2389 1598 2404 1615 ι

1469 1745 1556 1774 569
1891 1744 2099 1780 Saint-Pierre,
2118 1746 2149 1772 15
2164 1753 2242 1773 mars
2256 1745 2334 1774 1288.

1431 1808 1472 1835 Ut
1486 1816 1582 1843 supra.
1601 1808 1683 1841 (Rau.
1702 1808 1745 1842 44,
1762 1816 1788 1835 c.
1808 1808 1851 1841 10,
1869 1808 1888 1835 f.
1906 1808 1938 1835 88
1957 1810 2005 1841 νο.)

1437 1902 1600 1934 Carissime
1623 1904 1655 1932 in
1680 1903 1798 1933 Christo
1823 1903 1887 1941 filie
1909 1904 2017 1941 Marte,
2041 1905 2174 1934 consorti
2199 1905 2354 1934 carissimi
2372 1903 2406 1935 in

1397 1958 1515 1988 Christo
1532 1957 1591 1995 filii
1614 1958 1731 1994 Caroli,
1755 1958 1835 1987 clare
1856 1958 2002 1987 memorie
2021 1957 2052 1987 C.
2069 1958 2150 1996 reyis
2166 1957 2269 1988 Sicilie
2291 1957 2407 1997 primo-

1396 2012 1508 2049 qeniti,
1527 2010 1654 2040 nuntiat
1676 2019 1708 2040 se
1728 2010 1856 2041 misisse
1874 2011 1914 2040 ad
1930 2010 2103 2041 Alfonsum
2120 2015 2151 2041 et
2167 2033 2189 2041 ..
2207 2019 2317 2050 regem
2334 2010 2431 2041 Aust
2463 2008 2466 2040 Ι

1397 2064 1464 2103 glie
1479 2064 1676 2103 supradictas
1692 2064 1825 2095 litteras.
2416 2050 2431 2131 ἶ
2462 2098 2463 2101 ¹

1438 2131 1452 2146 α
1472 2119 1523 2149 Ad
1540 2118 1759 2148 liberationem
1775 2117 1971 2148 carissimi...
1989 2135 2028 2140 -—
2043 2118 2115 2148 Dat.
2137 2122 2173 2148 ut
2191 2126 2298 2158 supra.
2317 2130 2331 2146 n

2415 1419 2444 1991 mmo*

2418 2147 2461 2160 a

2412 2166 2460 2194 (-

1467 2278 1557 2308 ὅθί)
1887 2276 2094 2310 Saint-Pierre‚
2112 2277 2144 2305 16
2161 2285 2238 2305 mars
2253 2276 2333 2305 1288.
2412 2252 2432 2353 z·
2458 2295 2463 2345 Γ

1433 2341 1472 2369 Ut
1487 2350 1584 2377 supra.
1601 2341 1685 2375 (Rea.
1702 2341 1746 2371 44,
1761 2348 1786 2367 c.
1806 2341 1848 2371 11,
1861 2340 1879 2367 s.
1897 2340 1930 2367 88
1945 2343 1992 2371 ro.)
2411 2358 2429 2416 ⁴
2458 2367 2462 2391 ,ἦ

1437 2439 1547 2467 Dilecto
1564 2436 1627 2474 silio
1651 2437 1746 2473 fratri
1770 2437 1914 2474 Raynono
1939 2437 1974 2466 de
2003 2436 2142 2474 Viterbio,
2163 2437 2283 2466 ordinis
2301 2417 2425 2476 predi-fi
2456 2426 2464 2451 ἶ

1396 2497 1552 2528 catorum,
1569 2490 1701 2520 mandat
1721 2494 1878 2528 quatenus
1899 2489 1938 2520 ad
1964 2489 2016 2528 B.‚
2036 2489 2274 2528 Ravennatem,
2298 2494 2330 2520 et
2351 2489 2402 2528 P..
2456 2458 2462 2508 ι

1399 2542 1635 2582 Montisregalis
1650 2543 1913 2582 archiepiscopos,
1930 2552 1963 2573 se
1978 2543 2158 2580 conferens,
2174 2542 2216 2573 ad
2233 2541 2371 2582 expediti

1400 2608 1474 2629 nem
1492 2597 1748 2637 supradictorum
1764 2596 1968 2635 negotiorum
1985 2605 2051 2627 uua
2064 2605 2139 2627 cum
2157 2595 2224 2627 inis
2246 2595 2402 2636 procedat.
2457 2637 2458 2640 Ἴ

1441 2665 1456 2680 «
1475 2652 1629 2683 Gerentes
1645 2651 1684 2681 de
1700 2655 1788 2681 tue...
1808 2667 1848 2673 -
1863 2651 1935 2681 Dat.
1953 2651 2056 2681 Rome
2069 2649 2154 2690 apud
2174 2649 2328 2681 Sanctum
2346 2649 2407 2681 Pe-

1399 2711 1496 2743 trum,
1513 2715 1578 2736 xv11
1594 2704 1747 2735 kalendas
1762 2704 1883 2743 aprilis,
1902 2712 1989 2735 anno
2005 2705 2121 2744 primo.
2143 2715 2156 2731 ιι
2400 2702 2420 2785 J
2453 2718 2457 2732 ι,

2392 2799 2416 2826 ,ὸ

2407 2840 2417 2865 Ι.

2406 2865 2415 2884 Ι

1470 2866 1554 2894 5¹21

1434 2927 1558 2954 Litterae
1572 2926 1607 2954 ad
1627 2928 1775 2962 Argonem
1787 2947 1794 2959 ,
1811 2934 1909 2961 regem
1928 2926 2122 2954 Tartarorum.
2143 2924 2226 2958 (Rue.
2247 2924 2281 2952 44
2292 2944 2300 2957 ,
2317 2931 2343 2952 c.
2360 2916 2414 2957 1213

1399 2977 1420 3003 f.
1437 2976 1470 3004 88
1486 2983 1528 3008 1⁸⁰:
1547 2975 1665 3007 Porrn„
1682 2976 1793 3008 22631.)

1773 2863 2131 2898 Sainte-Marie-Majeure.
2143 2862 2161 2890 9.
2172 2862 2243 2890 avril
2255 2861 2334 2891 ¹288.

1439 3073 1545 3102 Littere
1560 3072 1650 3102 misse
1667 3072 1706 3101 ad
1725 3072 1877 3102 Tartaros.
