2477 3637
284 383 321 412 46
1033 379 1270 410 REGISTRES
1291 381 1346 411 DE
1368 380 1552 411 NICOLAS
1574 380 1631 410 IV.

281 449 403 479 obtinet
413 448 516 478 dictus
531 447 619 483 ordo,
631 455 768 485 quorum
780 446 898 483 singuli
911 446 1006 475 annis
1017 445 1155 483 singulis
1167 455 1290 477 succes—

282 502 365 538 sive,
391 509 454 531 uno
473 500 595 531 scilicet
610 508 694 530 anno
711 508 794 529 nnus
808 521 816 535 ,
839 498 980 528 secundo
1000 498 1178 535 secundus,
1200 499 1290 529 tertio

282 555 392 586 tertius
410 559 440 584 et
455 558 566 593 quarto
585 557 728 592 quartus,
746 553 905 582 universis
920 552 1068 582 domibus
1084 553 1289 591 professionis

280 612 383 638 vestre
397 608 537 637 officinm
551 606 742 636 visitationis
759 604 995 644 impenderent,
1009 610 1110 644 etque
1122 606 1289 635 statuenda

279 661 329 691 vel
356 660 544 698 corrigenda
576 659 764 688 invenirent
790 662 966 688 statuerent
995 663 1026 688 et
1057 659 1285 695 emendarent,

279 714 455 744 secundum
484 714 587 742 Deum
611 717 641 742 et
664 711 764 750 ipsius
791 711 914 741 ordinis
936 711 1082 741 instituta
1107 720 1161 751 per
1179 712 1287 742 sedem

277 767 481 806 apostolicam
497 766 677 805 approbata,
693 765 933 804 dispositionem
947 769 976 795 et
989 769 1175 803 potestatem
1192 775 1287 805 super

277 821 418 851 minores
442 821 613 859 prepositos
631 820 830 855 obtinentes,
849 819 932 849 sicut
949 819 982 848 in
1006 819 1211 849 Cisterciensi
1233 828 1285 849 or-

276 874 352 904 dine
369 878 472 913 patres
487 873 614 903 abbates
629 873 663 903 in
678 873 858 904 minoribus
871 877 1106 903 consueverunt
1119 873 1284 904 abbatibus

275 928 434 964 obtinere,
455 932 485 957 et
502 927 562 966 ipsi
580 936 653 956 cum
676 932 812 966 quatuor
836 927 964 966 prelatis
987 927 1084 957 medii
1107 927 1230 957 ordinis
1255 931 1286 957 et

276 981 406 1011 totidem
418 981 513 1016 tertii,
524 980 663 1018 singulis
672 981 768 1010 annis
778 980 817 1010 ad
829 981 937 1010 minus
945 978 1095 1018 generale
1107 980 1282 1019 capitulum

275 1039 505 1071 convocarent,
523 1035 555 1064 in
581 1043 644 1073 quo
669 1043 706 1064 ea
724 1043 786 1073 que
808 1035 847 1064 ad
868 1034 1146 1071 reformationem,
1164 1038 1282 1064 statum

275 1094 306 1119 et
316 1090 491 1128 profectum
504 1088 669 1126 religionis
682 1093 784 1118 vestre
795 1093 975 1127 spectarent
986 1089 1054 1118 sine
1063 1089 1280 1125 contentione,

274 1142 444 1172 salubriter
470 1145 499 1171 et
525 1142 646 1172 utiliter
671 1146 909 1181 pertractarent.
937 1142 1027 1178 Quod
1051 1143 1078 1172 si
1102 1141 1218 1181 aliquis
1244 1151 1279 1172 ex

274 1201 410 1234 quatuor
421 1196 596 1234 majoribus
610 1195 774 1234 prepositis
786 1195 964 1225 nominatis
975 1195 1097 1234 aliquid
1109 1195 1187 1224 sorte
1198 1203 1280 1225 com-

272 1249 425 1285 mitteret,
436 1258 491 1288 per
505 1248 588 1286 quod
605 1249 645 1278 ab
658 1248 939 1278 administratione
955 1252 1036 1277 esset
1049 1247 1164 1277 merito
1175 1256 1280 1277 remo-

272 1302 406 1338 vendus,
419 1310 436 1331 a
449 1301 581 1340 reliquis
601 1302 702 1331 tribus
719 1302 942 1339 deponeretur,
956 1305 985 1330 et
1000 1300 1282 1330 administratione

271 1355 458 1395 hujusmodi
468 1356 655 1394 privaretur.
667 1354 781 1384 Felicis
793 1363 919 1392 quoque
930 1354 1156 1383 recordationis
1164 1353 1279 1392 Grego-

270 1410 338 1439 rius
351 1418 430 1447 papa
445 1417 560 1445 nonus,
574 1408 776 1446 predecessor
786 1412 903 1444 noster,
918 1407 1062 1445 regulam
1074 1411 1212 1437 vestram
1227 1416 1281 1446 per

271 1462 390 1492 dictum
407 1462 432 1491 Ι.
450 1462 705 1500 predecessorem
722 1465 797 1491 tunc
813 1465 1004 1497 correctam,
1023 1465 1053 1490 et
1069 1460 1153 1499 apud
1171 1460 1280 1490 sedem

269 1515 473 1554 apostolicam
484 1519 688 1550 reservatam,
700 1514 773 1544 fecit
787 1514 852 1543 suis
864 1513 978 1543 litteris
989 1514 1148 1550 annotari,
1159 1517 1281 1552 etpost—

271 1569 402 1598 modum
424 1568 474 1607 pie
496 1568 705 1598 considerans
720 1567 804 1606 quod
827 1575 979 1597 romanus
999 1567 1140 1606 pontifex
1156 1575 1280 1597 correc-

272 1623 349 1652 tioni
362 1622 560 1652 subditorum
576 1622 760 1652 immediate
776 1621 858 1651 dicte
871 1621 938 1651 sedi
954 1621 1077 1660 nequit,
1091 1625 1125 1651 ut
1141 1621 1279 1660 expedit,

270 1676 454 1710 imminere,
468 1676 629 1714 quondam
647 1676 793 1713 Rogerio,
811 1675 968 1714 suppriori
984 1674 1118 1704 fratrum
1135 1674 1278 1713 predica-

272 1734 375 1759 torum
396 1729 591 1758 Bononiensi
608 1733 635 1757 et
650 1728 778 1765 collegis
797 1728 863 1757 suis
881 1727 986 1766 primo
998 1731 1027 1757 et
1042 1727 1158 1757 deinde
1174 1727 1279 1757 diver-

270 1782 314 1811 sis
340 1782 499 1821 prioribns
522 1787 551 1811 et
577 1781 718 1819 personis
742 1781 885 1819 ejusdem
905 1781 1027 1810 ordinis
1043 1781 1279 1819 predicatorum

270 1844 305 1865 ac
323 1859 341 1864 ..
362 1836 459 1874 priori
477 1835 662 1873 provinciali
680 1836 815 1864 fratrum
830 1835 1063 1873 predicatorum
1077 1835 1111 1864 in
1125 1834 1279 1864 Lombar-

270 1888 322 1917 dia
347 1898 402 1927 per
427 1897 499 1917 suas
520 1888 661 1917 diversas
689 1888 826 1924 litteras,
851 1892 885 1917 ut
910 1887 1105 1917 monasteria
1133 1891 1278 1926 exempta

269 1941 392 1971 ordinis
417 1941 448 1970 S.
476 1940 659 1977 Benedicti,
685 1940 715 1970 S.
744 1941 842 1970 Marci
867 1945 896 1970 et
916 1941 1086 1981 canonicos
1115 1940 1277 1978 regulares

269 1996 498 2033 cujuscumque
521 1995 727 2033 prot'essionis
752 1994 801 2023 vel
823 1994 965 2029 ordinis,
989 1993 1175 2023 humiliatos
1198 2002 1277 2032 quo-

269 2058 330 2087 que
344 2053 374 2078 et
392 2049 572 2087 hospitalia,
592 2057 715 2078 necnon
733 2053 763 2078 et
778 2048 945 2078 eccclesias
961 2052 991 2078 et
1007 2047 1089 2085 loca,
1108 2049 1142 2077 in
1160 2047 1277 2086 quibus

268 2103 418 2132 correctio
443 2102 481 2131 ad
501 2102 686 2131 diocesanos
707 2111 769 2132 non
795 2101 990 2140 pertinebat,
1009 2101 1058 2130 vel
1074 2110 1136 2140 que
1153 2102 1188 2130 in
1206 2109 1277 2140 pos-

268 2157 407 2186 sessione
426 2156 579 2185 libertatis
596 2156 783 2191 existebant,
804 2156 838 2184 in
855 2155 1021 2194 provincia
1037 2154 1231 2185 Lombardie
1248 2160 1278 2185 et

267 2210 457 2248 quibusdam
471 2210 543 2239 aliis
560 2210 712 2248 partibus,
723 2210 811 2240 omni
823 2218 920 2245 anno,
933 2209 1033 2239 donec
1045 2209 1107 2239 sibi
1123 2209 1274 2248 placeret,

268 2263 366 2293 semel
383 2268 412 2293 et
430 2264 562 2302 pluries,
580 2268 672 2302 prout
695 2263 857 2293 videretur
882 2263 1073 2302 expediens,
1094 2262 1276 2301 privilegiis

268 2326 377 2348 corum
391 2323 420 2347 et
434 2317 646 2355 indulgentiis
663 2326 870 2356 nequaquam
886 2317 1097 2352 obstantibus,
1115 2316 1276 2346 visitanda

266 2371 438 2401 commisit.
458 2371 663 2400 Postmodum
684 2379 756 2400 vero
772 2371 854 2405 bone
872 2369 1101 2400 recordationis
1123 2370 1276 2399 Innocen-

267 2426 328 2455 tius
355 2433 434 2463 papa
462 2424 526 2453 IIII
555 2425 663 2453 statuit
690 2428 724 2453 nt
753 2424 786 2453 111
814 2423 927 2453 ordine
951 2427 1057 2454 vestro
1084 2432 1169 2453 unns
1195 2427 1276 2453 esset

266 2479 416 2516 magister
433 2478 491 2507 sub
510 2478 599 2516 cujus
619 2477 777 2515 regimine
800 2477 946 2507 valeretis
964 2477 1029 2507 Deo
1045 2481 1075 2506 et
1092 2481 1200 2506 sancte
1224 2485 1275 2507 ro-

265 2541 360 2562 mane
383 2530 514 2561 ecclesie
534 2531 643 2561 devote
666 2540 701 2560 ac
723 2531 846 2560 utiliter
869 2530 1034 2566 famulari,
1061 2530 1180 2569 quique
1199 2531 1274 2560 uni-

267 2594 355 2615 verso
371 2584 474 2614 eidem
493 2584 599 2614 ordini
617 2583 779 2622 provideat
796 2588 826 2612 et
843 2583 1005 2618 intendat,
1026 2592 1061 2612 ac
1084 2583 1274 2613 visitationis

265 2642 294 2668 et
316 2637 520 2667 correctionis
543 2646 636 2675 super
654 2637 727 2672 illo,
749 2641 812 2666 tam
831 2636 866 2666 in
890 2636 1109 2675 spiritualibus
1124 2645 1221 2675 quam
1239 2636 1274 2665 in

267 2691 492 2730 temporalibus
507 2715 512 2727 ,
543 2691 670 2730 plenam
700 2691 843 2721 obtineat
874 2694 1069 2729 potestatem.
1104 2690 1274 2720 Universis

265 2755 338 2775 vero
363 2747 462 2784 ipsius
493 2746 587 2775 vestri
612 2745 737 2775 ordinis
761 2744 908 2775 domibus
935 2744 984 2773 vel
1010 2753 1066 2783 per
1088 2754 1120 2773 se
1145 2744 1272 2783 ipsum,

265 2799 291 2828 si
308 2799 437 2828 comode
456 2799 602 2838 potnerit,
620 2798 698 2828 alias
713 2803 819 2827 antem
839 2807 893 2836 per
909 2797 1050 2836 ydoneas
1071 2806 1221 2836 personas
1238 2797 1272 2827 in

264 2851 407 2889 generali
423 2852 558 2889 capitulo
573 2852 611 2881 ad
628 2852 686 2882 1100
704 2852 829 2888 electas,
847 2851 987 2881 officium
1003 2851 1194 2880 visitationis
1210 2850 1273 2879 im·-

264 2905 380 2944 pendat
396 2908 425 2934 et
441 2914 502 2942 que
521 2905 687 2934 statuenda
704 2905 752 2934 vel
766 2904 955 2943 corrigenda
971 2904 1145 2943 reppererit
1157 2907 1272 2933 statuat

265 2962 294 2987 et
316 2957 461 2987 emendet
484 2958 659 2987 secundum
687 2959 788 2987 Deum
814 2963 843 2987 et
861 2958 960 2996 ipsius
974 2957 1097 2987 ordinis
1111 2957 1270 2986 instituta.

265 3010 382 3040 Electio
399 3019 472 3039 vero
489 3015 518 3039 et
533 3010 686 3048 depositio
703 3011 801 3048 ipsius
817 3011 959 3048 magistri
979 3010 1017 3039 ad
1034 3010 1133 3048 ipsius
1149 3009 1272 3039 ordinis

263 3064 438 3103 capitulum
459 3063 627 3102 generale,
651 3065 881 3103 prepositorum
902 3069 1007 3093 antem
1035 3063 1209 3093 electorum
1231 3063 1270 3092 ad

1374 448 1588 486 preposituras
1612 446 1754 486 ejusdem
1774 446 1899 477 ordinis
1929 448 2112 487 approbatio
2137 452 2167 478 et
2191 447 2309 478 amotio
2337 447 2378 477 ad

1374 500 1563 538 magistrum
1583 501 1739 539 pertineat
1754 499 1983 538 supradictum.
2001 501 2147 531 Inhibuit
2162 501 2257 531 etiam
2274 500 2377 530 dictus

1373 553 1575 593 predecessor
1592 553 1618 582 I.
1638 557 1672 582 ut
1689 552 1800 582 nullus
1821 553 1986 592 episcopus
2001 554 2050 584 vel
2068 555 2209 594 quelibet
2229 553 2291 583 alia
2306 562 2376 591 per-

1372 615 1448 637 sona
1468 607 1647 645 regularem
1667 606 1853 637 electionem
1871 607 2022 646 prepositi
2039 608 2087 638 vel
2102 607 2215 647 prelati
2232 606 2376 645 ejusdem

1370 660 1494 690 ordinis
1517 661 1687 699 impediat,
1705 664 1759 690 aut
1779 660 1817 689 de
1842 660 2040 691 instituendo
2056 661 2106 691 vel
2123 659 2325 691 destituendo
2341 667 2377 690 eo

1370 715 1425 753 qui
1446 723 1502 754 pro
1519 719 1658 753 tempore
1675 714 1771 744 suerit
1787 722 1820 744 se
1835 713 2038 753 aliquatenus
2058 715 2259 745 intromittat.
2281 713 2375 752 Cogi-

1370 771 1440 797 tans
1451 768 1545 797 etiam
1558 767 1659 797 dictus
1671 767 1873 806 predecessor
1881 767 1907 797 Ι.
1920 767 1958 797 de
1967 767 2032 797 illis
2043 767 2187 798 ecclesiis
2198 766 2377 806 specialiter

1369 829 1430 859 que
1450 820 1489 850 ad
1506 829 1670 850 romanam
1689 820 1855 850 ecclesiam
1871 819 1961 850 nullo
1979 821 2138 851 mediante
2156 819 2374 860 pertinebant,

1367 877 1398 904 et
1413 874 1584 904 intendens
1599 883 1709 904 earum
1724 873 1930 909 correctioni,
1949 874 2001 904 cni
2018 883 2072 913 per
2086 883 2118 904 se
2138 878 2263 913 propter
2281 881 2376 904 occu-

1368 928 1510 966 pationes
1527 927 1631 957 varias
1647 927 1821 957 imminere
1849 927 2018 965 nequibat,
2041 927 2230 966 plerumque
2251 926 2377 965 aliquos

1367 980 1518 1019 deputare
1541 981 1596 1019 qui
1613 981 1680 1010 vice
1698 990 1755 1010 sua
1770 980 1959 1019 hujusmodi
1975 980 2114 1010 officium
2133 979 2324 1010 visitationis
2346 983 2378 1009 et

1366 1033 1573 1063 correctionis
1595 1038 1828 1072 exequerentur
1843 1034 1875 1063 in
1897 1033 2042 1063 ecclesiis
2058 1033 2252 1070 nominatis,
2269 1033 2376 1075 ipsum

1364 1086 1506 1116 officium
1530 1087 1563 1116 in
1589 1087 1740 1125 predictis
1763 1087 1931 1117 ordinibus
1956 1092 1987 1116 et
2008 1087 2084 1117 locis
2107 1086 2269 1126 quondam
2287 1086 2376 1116 fratri

1366 1139 1528 1178 Stephano
1544 1140 1582 1169 de
1598 1140 1741 1178 predicto
1757 1141 1871 1171 ordine
1887 1141 2122 1179 predicatorum
2136 1163 2144 1177 ,
2168 1139 2332 1179 capellano
2347 1143 2378 1170 et

1364 1193 1594 1231 penitentiario
1619 1202 1696 1230 suo,
1724 1194 1815 1223 duxit
1840 1195 1899 1224 sub
1922 1194 2023 1223 forma
2047 1193 2148 1223 simili
2174 1193 2376 1225 committen-

1364 1245 1452 1275 dum.
1472 1246 1626 1285 Supprior
1642 1256 1715 1277 vero
1730 1252 1760 1277 et
1778 1247 1898 1285 college
1912 1256 1949 1277 ac
1968 1248 2102 1286 priores,
2123 1255 2255 1286 persone
2274 1250 2304 1277 et
2324 1255 2375 1286 pe-

1365 1299 1568 1329 nitentiarius
1584 1300 1765 1336 memorati,
1785 1301 1818 1329 in
1837 1301 1986 1331 domibus
2001 1305 2031 1330 et
2048 1300 2127 1331 locis
2141 1300 2237 1330 vestri
2251 1299 2376 1330 ordinis

1365 1351 1403 1381 de
1422 1352 1571 1390 predictis
1596 1353 1737 1391 partibus
1759 1354 1950 1384 Lombardie
1973 1355 2165 1393 premissum
2184 1353 2376 1383 visitationis

1364 1410 1394 1435 et
1409 1406 1617 1442 correctionis
1632 1406 1776 1437 officium
1795 1412 2006 1437 exercuerunt
2019 1408 2116 1437 libere
2134 1406 2269 1446 pluries,
2287 1405 2377 1437 nullo

1362 1458 1426 1488 alio
1462 1459 1584 1489 dictum
1619 1459 1867 1490 humiliatorum
1902 1460 2050 1490 ordinem
2082 1460 2245 1490 visitante.
2286 1458 2376 1489 Alias

1363 1512 1461 1542 etiam
1485 1512 1638 1542 fratribus
1657 1517 1686 1542 et
1706 1514 1850 1552 personis
1869 1514 1964 1544 vestri
1983 1513 2106 1544 ordinis
2123 1512 2375 1552 supplicantibus

1363 1565 1468 1595 eidem
1490 1566 1704 1605 predecessori
1722 1567 1746 1596 I.
1769 1576 1848 1606 pape
1869 1567 1935 1597 IIII
1955 1572 1989 1596 nt
2003 1567 2059 1597 uni
2080 1567 2119 1597 de
2135 1567 2285 1597 fratribus
2308 1565 2375 1596 suis

1361 1619 1474 1649 fratres
1495 1619 1594 1649 vestri
1611 1620 1736 1650 ordinis
1758 1620 1898 1651 custodie
1918 1620 2177 1657 commendaret,
2196 1620 2288 1659 cujus
2302 1618 2374 1650 fulti

1362 1673 1538 1712 patrocinio
1560 1678 1590 1703 et
1614 1674 1748 1704 consilio
1769 1675 1961 1712 gubernati,
1982 1678 2109 1713 possent
2130 1674 2256 1704 firmius
2276 1673 2374 1711 figere

1361 1735 1490 1764 gressus
1507 1736 1592 1764 suos,
1610 1727 1713 1757 dictus
1730 1727 1931 1766 predecessor
1942 1728 1968 1757 Ι.
1984 1727 2171 1766 hujusmodi
2190 1726 2373 1757 sollicitudi-

1361 1789 1435 1810 nem
1450 1781 1534 1811 bone
1549 1781 1705 1811 memorie
1720 1781 1840 1818 Ottoni,
1858 1782 2004 1820 episcopo
2019 1781 2199 1818 Portuensi,
2213 1781 2375 1811 commisit

1362 1839 1392 1864 et
1417 1834 1514 1864 etiam
1543 1833 1732 1864 electionem
1762 1834 1876 1864 factam
1907 1835 1945 1864 de
1974 1834 2136 1873 qnondam
2167 1834 2263 1864 fratre
2293 1834 2372 1864 Ber-

1362 1891 1514 1924 trammo,
1541 1891 1615 1917 tuuc
1639 1888 1796 1926 preposito
1820 1888 1934 1918 domus
1950 1888 1982 1917 S.
2008 1888 2092 1917 Luce
2117 1886 2310 1924 Brixiensis,
2336 1886 2371 1916 in

1360 1942 1545 1980 generalem
1567 1942 1758 1980 magistrum
1775 1942 1872 1971 vestri
1888 1942 2011 1972 ordinis
2028 1946 2058 1971 et
2081 1945 2295 1980 presentatam
2311 1941 2373 1972 sibi

1359 1994 1399 2024 ab
1424 1995 1545 2024 eisdem
1581 1995 1733 2025 fratribus
1758 1994 2013 2025 confirmandam
2042 1995 2082 2024 ab
2107 2002 2143 2024 eo
2167 1994 2207 2025 de
2237 1994 2372 2025 fratrum

1361 2057 1491 2078 suorum
1519 2048 1653 2078 consilio
1681 2048 1903 2084 confirmavit;
1928 2057 1963 2078 ac
1987 2048 2101 2078 deinde
2127 2048 2235 2078 statuit
2257 2051 2292 2078 ut
2316 2056 2373 2086 per

1360 2109 1472 2131 omnes
1489 2101 1612 2131 ordinis
1629 2101 1724 2132 vestri
1740 2102 1851 2132 domos
1868 2106 1897 2131 et
1917 2101 2067 2131 ecclesias
2090 2110 2173 2131 unus
2193 2101 2226 2130 iu
2251 2101 2372 2131 divinis

1360 2155 1513 2184 cantandi
1530 2158 1559 2184 et
1582 2154 1740 2194 psallendi
1757 2155 1871 2185 modus
1892 2154 2003 2184 debeat
2018 2153 2179 2184 observari
2196 2165 2202 2190 3
2220 2163 2256 2184 ac
2275 2154 2370 2184 deni-

1359 2216 1421 2246 qne
1439 2208 1521 2238 dicto
1538 2208 1733 2238 Beltrammo
1748 2209 1832 2238 viam
1849 2209 1998 2238 universe
2015 2207 2121 2237 carnis
2136 2208 2281 2245 ingresso
2292 2231 2299 2244 ,
2316 2215 2370 2245 ge-

1361 2261 1469 2292 nerale
1488 2262 1666 2301 capitulum
1687 2262 1783 2292 vestri
1803 2261 1927 2292 ordinis
1947 2261 2177 2291 convenientes
2198 2261 2233 2290 in
2247 2269 2368 2298 unum,

1360 2315 1523 2354 quondam
1540 2316 1683 2352 Petrum,
1704 2320 1777 2345 tunc
1792 2315 1933 2354 ejusdem
1951 2315 2064 2344 domus
2078 2314 2109 2344 S.
2128 2315 2212 2345 Luce
2229 2315 2369 2354 preposi-

1359 2372 1448 2404 tum,
1472 2369 1506 2397 in
1528 2369 1718 2407 magistrum
1743 2368 1873 2407 predicti
1897 2368 1993 2397 vestri
2013 2367 2137 2397 ordinis
2161 2368 2315 2398 canonice
2340 2371 2371 2398 et

1359 2422 1560 2452 concorditer
1580 2421 1755 2460 elegerunt.
1778 2422 1834 2451 Pie
1860 2430 1985 2460 quoqne
2013 2421 2167 2452 memorie
2187 2421 2370 2452 Alexander

1359 2484 1449 2514 papa,
1462 2475 1664 2513 predecessor
1678 2479 1795 2510 noster,
1810 2480 2023 2514 presentatam
2034 2475 2092 2505 sibi
2104 2474 2295 2505 electionem
2311 2475 2370 2505 hu-

1356 2528 1516 2566 jusmodi,
1536 2529 1611 2567 quia
1630 2529 1754 2558 invenit
1774 2537 1843 2558 eam
1862 2529 1900 2558 de
1919 2537 2052 2567 persona
2075 2529 2199 2567 ydonea
2215 2529 2369 2560 canonice

1358 2581 1564 2618 celebratam,
1585 2583 1623 2612 de
1640 2583 1774 2612 fratrum
1791 2592 1922 2612 suorum
1940 2583 2072 2613 consilio
2092 2582 2314 2619 confirmavit;
2331 2591 2368 2613 ac

1358 2636 1497 2673 exposito
1515 2636 1716 2675 postmodum
1735 2636 1795 2665 sibi
1812 2637 1896 2675 1111011
1921 2636 1993 2666 licet
2016 2636 2101 2666 idem
2118 2636 2322 2675 predecessor
2339 2636 2365 2666 Ι.

1357 2696 1436 2727 papa
1456 2689 1541 2725 1111,
1568 2694 1602 2718 ut
1617 2689 1826 2727 premittitur,
1857 2690 2017 2719 statuisset
2038 2694 2072 2720 ut
2089 2689 2277 2728 hujusmodi
2299 2698 2366 2720 mo-

1357 2741 1416 2771 dus
1427 2741 1577 2771 cantandi
1594 2747 1624 2772 et
1640 2742 1797 2780 psallendi
1814 2752 1868 2781 per
1881 2752 1993 2773 omnes
2007 2742 2151 2781 ejiisdem
2169 2742 2292 2772 ordinis
2308 2742 2367 2773 do-

1356 2803 1425 2825 mos
1450 2800 1480 2824 et
1499 2795 1647 2825 ecclesias
1666 2800 1854 2832 servaretur,
1884 2796 1960 2834 quia
1977 2801 2082 2825 tamen
2099 2795 2230 2834 quidam
2253 2795 2366 2826 fratres

1355 2851 1451 2879 vestri
1463 2850 1587 2880 ordinis
1608 2850 1859 2881 Mediolanensis
1875 2852 2012 2881 civitatis
2025 2855 2053 2881 et
2069 2851 2216 2888 diocesis,
2232 2859 2365 2882 consue-

1357 2903 1502 2933 tudinem
1522 2903 1772 2934 Mediolanensis
1788 2904 1920 2935 ecclesie
1937 2905 2110 2940 imitanteS,
2130 2908 2283 2935 statutum
2299 2904 2364 2935 hu-

1353 2956 1495 2995 jusmodi
1521 2965 1584 2987 non
1612 2958 1800 2994 servabant,
1828 2958 1929 2989 dictus
1958 2957 2158 2997 predecessor
2182 2957 2366 2989 Alexander

1355 3009 1508 3047 magistro
1536 3010 1631 3039 vestri
1663 3011 1785 3040 ordinis
1816 3020 1871 3051 per
1895 3020 1967 3041 suas
1993 3011 2158 3040 mandavit
2184 3011 2303 3041 litteras
2329 3016 2366 3042 ut

1355 3062 1511 3101 predictos
1534 3063 1647 3093 fratres
1665 3064 1801 3094 civitatis
1819 3070 1849 3095 et
1865 3065 1999 3095 diocesis
2016 3065 2230 3103 predictarum
2247 3064 2285 3094 ad
2309 3064 2364 3095 oh-

2458 1984 2465 2170 1
