2477 3637
2355 0 2477 137 Ἴ

295 381 351 410 48ῗ
1044 378 1279 409 REGISTRES
1300 379 1355 409 DE
1377 379 1560 410 NICOLAS
1583 381 1639 411 IV.

294 438 530 485 Indulgentiam
549 447 643 475 unius
661 447 738 475 anni
755 450 781 474 et
808 455 844 474 xi,
866 445 991 474 dierum
1011 445 1155 475 concedit
1177 447 1222 475 eis
1241 446 1297 484 qui

292 501 443 538 magistro
458 506 487 528 et
503 499 653 528 fratribus
669 499 781 527 domus
799 498 992 535 leprosorum
1009 498 1047 528 de
1065 499 1144 533 ltua,
1163 499 1296 529 Ambia-

290 554 399 583 nensis
415 553 582 587 dioecesis,
600 552 738 581 caritatis
757 560 887 580 manuni
908 552 1115 589 porrexerint.

331 620 344 631 «ι
363 606 521 641 Quoniam
541 611 571 634 nt
587 606 666 633 ait...
692 621 729 626 -
751 605 819 633 nai.
841 605 923 642 apud
944 605 1220 639 Urbemveterem,
1244 616 1297 635 vn1

291 659 442 688 kalendas
460 658 604 694 augusti.
625 666 710 687 anno
729 658 832 687 tertio.
855 670 867 683 n

329 711 364 740 In
383 722 409 740 e.
430 720 470 740 ui.
491 720 577 749 pro..
598 711 749 747 magistro
762 711 956 741 etsratribus
973 711 1086 741 domus
1100 711 1297 750 leprosorum

289 764 528 793 Ambianeusis.

330 817 364 846 ln
378 826 404 846 e.
425 827 466 846 in.
486 825 573 855 pro..
592 817 742 854 magistro
759 822 788 846 et
804 817 954 847 fratribus
967 817 1081 847 domus
1099 817 1296 857 leprosorum

287 870 325 900 de
341 870 566 905 Abbatisrilla,
586 870 814 900 Ambianensis
830 871 994 901 dioecesis.

329 924 363 952 In
382 932 408 952 e.
429 932 469 952 m.
490 932 543 961 pro
558 946 576 952 ..
593 924 744 960 magistro
760 928 789 953 et
807 924 956 954 fratribus
973 924 1086 954 domus
1100 925 1297 964 leprosorum

287 976 326 1006 de
337 976 492 1007 Cadoiiio.
515 976 696 1006 Baiocensis
715 977 879 1007 dioecesis.

328 1030 364 1058 Iu
384 1038 410 1058 e.
433 1039 474 1058 m.
496 1038 550 1068 pro
573 1052 591 1058 ..
610 1030 713 1068 priore
735 1035 765 1060 et
791 1031 942 1061 fratribus
963 1031 1077 1062 domus
1098 1031 1296 1071 leprosorum

290 1082 484 1112 Baiocensis.

356 1261 599 1291 timavus

319 1330 525 1364 Indulgentiae.
539 1331 623 1363 (Reo.
642 1332 684 1364 45,
703 1340 729 1358 c.
747 1331 822 1367 297²,
840 1333 858 1359 f.
875 1333 907 1359 53
925 1334 971 1368 ro.)

839 1263 965 1292 Orvieto,
984 1265 1017 1291 ⁵25
1031 1265 1126 1300 juillet
1144 1266 1220 1293 1290.

325 1432 477 1461 Unirersis
498 1433 610 1462 Christi
634 1433 771 1469 fidelibus
788 1441 936 1472 presentes
961 1437 1077 1466 litteras
1099 1438 1291 1475 inspecturis.

283 1485 521 1522 Indulgentiam
539 1486 634 1515 unius
649 1487 728 1516 anni
744 1492 824 1517 etxr,
846 1487 971 1518 dierum
997 1490 1143 1520 concedit
1170 1491 1214 1520 eis
1237 1492 1292 1530 qui

282 1538 448 1568 ecclesiam
479 1538 612 1569 Sanctae
644 1540 765 1570 Mariae
797 1541 835 1571 de
870 1542 1027 1580 Castello,
1061 1544 1292 1576 Ambianensis

282 1591 447 1628 dioecesis,
462 1592 495 1621 in
510 1592 758 1630 Purificationis,
770 1595 1051 1634 Annuntiationis,
1064 1597 1249 1628 Nativitatis
1262 1603 1293 1629 et

282 1645 520 1683 Assumptionis
537 1646 646 1676 beatae
666 1646 785 1677 Mariae
802 1648 936 1686 virginis
952 1649 1177 1681 festivitatibus
1193 1656 1224 1681 et
1235 1661 1292 1691 per

280 1702 348 1727 octo
364 1698 433 1727 dies
458 1698 645 1729 festivitates
670 1700 754 1738 ipsas
780 1701 966 1732 immediate
987 1709 1156 1742 sequentes
1180 1705 1289 1735 visita-

282 1751 396 1780 verint.

324 1812 337 1831 «
356 1803 428 1832 Vite
446 1805 629 1843 perempnis
645 1806 784 1844 gloria...
802 1823 842 1831 —
858 1808 928 1839 Dat.
947 1812 981 1838 ut
1003 1818 1109 1848 supra.
1129 1822 1144 1837 »

849 1894 976 1929 Orvieto,
994 1895 1027 1922 24
1045 1904 1121 1924 mars
1140 1897 1216 1925 1290.

591 1932 602 1943 .

323 1953 359 1982 Ιι]
379 1962 406 1982 e.
425 1962 468 1983 m.
492 1975 511 1983 ..
532 1955 629 1992 priori
648 1960 677 1985 et
692 1958 863 1987 conventui
883 1960 1072 1989 monasterii
1091 1960 1130 1991 de
1146 1961 1288 2000 Nageta,

285 2014 341 2045 per
356 2007 493 2044 priorem
510 2007 594 2037 soliti
609 2009 794 2046 gubernari,
809 2011 932 2041 ordinis
947 2012 1182 2052 Cluniacensis,
1199 2015 1289 2046 Cala-

282 2059 451 2097 guritanae
468 2061 632 2091 dioecesis.
656 2063 796 2093 Eandem
816 2064 1054 2103 indulgentiam
1078 2069 1225 2099 concedit
1242 2070 1289 2100 eis

281 2112 337 2151 qui
363 2112 527 2143 ecclesiam
562 2116 714 2153 praedicti
745 2119 933 2148 monasterii
959 2120 993 2148 in
1019 2121 1156 2158 singulis
1180 2122 1289 2153 beatae

281 2166 401 2195 Mariae
417 2167 549 2204 virginis
564 2173 594 2197 et
608 2169 709 2199 sancti
726 2170 810 2200 Petri
825 2172 969 2209 apostoli,
988 2173 1019 2202 in
1035 2182 1172 2213 quorum
1186 2175 1289 2207 hono-

282 2227 348 2249 rem
369 2219 502 2250 ecclesia
529 2226 708 2252 constructa
730 2229 795 2260 est,
821 2225 1048 2257 festivitatibus
1074 2229 1286 2264 visitaverint.

321 2284 334 2298 α
369 2272 524 2311 Splendor
553 2281 683 2313 paterne
715 2276 854 2314 glorie...
888 2296 925 2301 —-
958 2280 1029 2312 nat.
1059 2282 1158 2313 Rome
1171 2307 1179 2321 ,
1200 2287 1288 2325 apud

280 2324 428 2355 Sanctam
447 2327 580 2357 Mariani
602 2328 774 2367 Majorem,
793 2341 859 2360 vnn
879 2331 1032 2364 kalendas
1048 2336 1176 2374 aprilis,
1200 2347 1287 2370 anno

281 2379 382 2408 tertio.
404 2391 416 2405 »

852 2465 978 2500 Orvieto,
999 2468 1036 2494 1⁹¹·
1051 2470 1117 2496 aodt
1138 2471 1214 2498 1290.

318 2522 354 2551 In
369 2531 395 2552 e.
409 2532 450 2552 m.
468 2523 627 2554 universis
642 2525 761 2556 Christi
781 2528 927 2558 fidelibus
943 2535 1000 2560 etc.
1019 2532 1160 2564 Eandem
1178 2535 1287 2566 indul-

278 2576 418 2612 gentiam
435 2577 579 2606 concedit
600 2578 645 2607 eis
665 2579 718 2617 qui
749 2580 914 2612 ecclesiam
940 2586 1125 2615 monasterii
1150 2587 1288 2620 Sanctae

280 2628 450 2666 Sei-apinae
466 2630 690 2668 'rer‹10nensis,
707 2633 829 2663 ordinis
842 2641 969 2666 sanctae
986 2637 1109 2676 Clarae,
1127 2641 1161 2670 in
1179 2642 1285 2681 singu·

279 2680 318 2710 lis
336 2686 516 2712 sanctarum
531 2684 703 2723 Seraphiae
720 2692 749 2716 et
765 2687 875 2718 Clarae
892 2689 1127 2731 festivitatibus,
1143 2704 1199 2734 per
1217 2701 1287 2728 octo

278 2733 344 2762 dies
366 2741 534 2773 sequentes
557 2742 587 2767 et
607 2738 640 2768 in
661 2741 882 2772 anniversario
898 2743 949 2773 die
971 2744 1182 2778 dedicationis
1198 2750 1285 2788 ejus-

277 2785 349 2815 dem
367 2788 518 2818 ecclesiae
536 2791 747 2823 visitaverint.

320 2852 333 2865 α
353 2840 506 2878 Splendor
518 2849 646 2882 paterne
662 2846 801 2883 glorie...
820 2865 858 2871 —
875 2850 944 2880 Dat.
964 2852 1048 2890 apud
1074 2854 1282 2887 Urbemvete-

280 2900 364 2928 rem,
382 2893 526 2925 kalendis
541 2900 688 2935 augusti,
709 2909 795 2931 anno
814 2904 915 2933 tertio.
939 2917 950 2931 »
968 2904 1098 2944 (porra.
1113 2931 1120 2945 ,
1142 2908 1268 2949 23346.)

833 2990 960 3021 Orvieto,
977 2991 1011 3018 28
1023 2993 1118 3027 juillet
1136 2995 1213 3022 1290.

324 3040 357 3068 ln
373 3050 399 3070 e.
420 3052 461 3071 in.
480 3044 640 3075 universis
662 3053 719 3078 etc.
746 3050 887 3081 Eandem
915 3053 1153 3093 indulgentiam
1172 3067 1283 3090 conce-

1380 446 1426 475 dit
1441 447 1486 476 eis
1500 447 1555 485 qui
1574 447 1741 477 ecclesiam
1761 448 1946 478 monasterii
1961 448 2000 478 de
2025 449 2176 489 Plesseyo
2199 450 2386 494 Grimondi,

1383 500 1565 529 Baiocensis
1581 500 1744 537 dioecesis,
1762 501 1795 530 in
1813 501 1967 531 honorem
1991 501 2024 532 S.
2049 502 2202 540 Stephani
2226 510 2389 537 construc-

1383 557 1463 588 tam,
1484 553 1518 581 in
1540 553 1572 583 S.
1593 553 1749 592 Stephani
1773 559 1803 583 et
1824 554 2022 591 Nativitatis‚
2042 555 2296 595 Purificationis,
2320 559 2388 590 An-

1382 607 1593 636 nuntiationis
1611 607 1894 645 etAssumptionis
1912 607 2021 637 beatae
2038 608 2160 638 Mariae
2176 610 2312 648 virginis
2327 611 2388 643 fee-

1383 659 1556 689 tivitatibus
1573 665 1603 689 et
1620 669 1674 698 per
1689 664 1758 690 octo
1773 660 1842 690 dies
1858 665 2028 699 sequentes
2047 662 2260 692 visitaverint.

1424 726 1436 739 ιι
1459 713 1618 752 Splendor
1635 719 1764 752 paterne
1778 713 1915 751 glorie...
1933 730 1975 736 —
1990 714 2064 746 Dat.
2078 715 2163 754 apud
2179 715 2389 750 Urbemvete-
2436 717 2442 730 ·’

1381 775 1464 803 reni,
1481 776 1498 795 v
1514 766 1668 797 kalendas
1682 767 1827 805 augusti,
1847 775 1933 797 anno
1949 767 2052 797 tertio.
2072 779 2086 794 »
2105 767 2166 808 (En
2181 769 2312 810 mar-qe.)

1939 847 2067 879 Orvieto,
2086 848 2117 874 18
2129 849 2225 883 juillet
2241 849 2318 877 1290.

1421 911 1502 940 Ine.
1525 919 1567 940 m.
1589 910 1748 940 universis
1774 914 1832 940 etc.
1858 910 2001 940 Eandem
2024 910 2261 949 indulgentiam
2278 920 2388 944 conoe-
2413 935 2417 937 Α
2466 914 2467 918 ’

1380 964 1426 994 dit
1449 965 1493 993 eis
1525 963 1580 1002 qui
1603 963 1770 993 ecclesiam
1798 963 1965 1002 hospitalis
1990 963 2103 994 domus
2125 964 2185 994 Dei
2214 964 2253 995 de
2275 965 2388 996 Toriu-

1379 1018 1690 1056 gneyossaiocensis
1702 1017 1866 1052 dioecesis
1879 1017 1912 1046 in
1927 1018 2027 1047 sancti
2047 1017 2140 1056 Eligii
2153 1018 2387 1058 etNativitatie,
2414 1027 2420 1031 ”

1380 1071 1632 1106 Purificationis,
1657 1071 1925 1101 Annuntiationis
1955 1075 1986 1100 et
2013 1072 2255 1110 Assumptionis
2280 1072 2388 1106 beatae

1379 1125 1501 1154 Mariae
1517 1125 1653 1163 virginis
1673 1125 1898 1155 festivitatibus
1922 1129 1952 1154 et
1972 1133 2027 1164 per
2047 1129 2118 1155 octo
2135 1125 2204 1155 dies
2220 1130 2388 1166 sequentes

1379 1179 1590 1208 visitaverint.
1610 1179 1681 1208 Dat.
1699 1178 1782 1217 apud
1804 1179 2068 1209 Urbemveterem
2081 1203 2088 1216 ,
2108 1188 2148 1209 xv
2162 1179 2315 1210 kalendas
2330 1188 2388 1211 au-

1377 1232 1481 1270 gusti,
1499 1240 1585 1262 anno
1602 1232 1692 1262 tertio
1707 1231 1823 1272 (Ibid.).

1446 1395 1564 1427 2942
1935 1398 2061 1431 Orvieto,
2079 1399 2113 1426 23
2125 1399 2220 1434 juillet
2235 1399 2315 1428 1290.

1411 1459 1545 1487 Facultas
1551 1460 1719 1487 absolvendi
1727 1461 1761 1488 ab
1769 1461 2076 1488 excommunicationis
2087 1461 2240 1488 sententia.
2249 1461 2333 1497 (Rue.
2341 1461 2385 1501 45,

1373 1518 1398 1536 c.
1418 1509 1480 1543 ²298,
1496 1510 1514 1536 f.
1531 1510 1565 1537 53
1582 1510 1631 1544 vo.)

1415 1612 1586 1649 Bernardo,
1604 1612 1738 1650 episcopo
1758 1613 2002 1642 Barchinonensi
2013 1636 2020 1649 ,
2039 1611 2221 1642 facultatem
2243 1612 2387 1644 concedit
2404 1626 2406 1631 ¹

1374 1666 1562 1696 absolvendi
1587 1665 1718 1696 clericos
1742 1666 1799 1705 qui
1823 1666 2019 1696 sententiam
2043 1665 2385 1698 excommunicationis

1374 1728 1430 1759 per
1447 1720 1549 1750 honae
1566 1720 1740 1750 memoriae
1756 1720 1777 1750 J
1780 1742 1800 1756 .‚
1817 1719 2001 1758 episcopum
2019 1719 2243 1757 Sabinensem‚
2262 1723 2338 1750 tunc
2348 1718 2385 1750 in

1373 1773 1440 1803 illis
1456 1773 1596 1812 partibus
1614 1772 1802 1812 apostolicae
1819 1773 1903 1802 sedis
1919 1773 2074 1811 legatum,
2090 1773 2124 1802 in
2141 1772 2384 1804 concubinarios

1373 1826 1505 1857 clericos
1529 1826 1627 1856 latam
1651 1826 1868 1864 incurrerint,
1887 1830 1918 1857 et
1939 1826 2148 1865 dispensandi
2169 1835 2243 1857 cum
2262 1827 2309 1857 eis
2327 1835 2384 1857 su·

1373 1889 1430 1919 per
1446 1879 1682 1918 irregularitate
1695 1904 1702 1917 ,
1720 1880 1746 1909 si
1763 1888 1860 1918 quam
1876 1879 1994 1910 exinde
2012 1880 2238 1912 contraxerint.
2402 1920 2405 1923 ἢ

1416 1946 1429 1961 α
1452 1934 1496 1964 Ex
1511 1938 1600 1973 parte
1613 1939 1754 1965 tua...—-
1767 1934 1840 1963 Dat.
1854 1933 1939 1973 apud
1956 1933 2236 1972 Urbemveterem,
2247 1943 2266 1964 x
2276 1933 2385 1965 kalen·
2399 1932 2406 1957 ἶ

1374 1987 1430 2018 das
1447 1988 1586 2026 augusti,
1604 1996 1690 2018 anno
1707 1988 1809 2018 tertio.
1828 1999 1842 2014 »

1444 2154 1562 2183 2943
1931 2152 2059 2187 Orvieto,
2075 2153 2110 2181 23
2125 2153 2219 2189 juillet
2234 2153 2311 2181 1290.

1409 2216 1574 2244 Facultates
1594 2216 1688 2242 variae
1704 2215 1933 2243 Bai-chinonensi
1953 2216 2090 2251 episcopo
2107 2223 2275 2242 concessae.
2299 2215 2385 2249 (Rea,

1373 2267 1416 2301 45,
1433 2274 1458 2292 c.
1474 2266 1549 2299 298²,
1567 2265 1586 2292 f.
1605 2266 1637 2292 53
1653 2267 1706 2298 v0.)

1412 2369 1528 2399 Eidem.
1546 2379 1558 2395 ιι
1579 2369 1645 2398 Tue
1659 2368 1838 2398 devotionis
1854 2368 2000 2407 precibus
2013 2367 2172 2405 inclinati,
2190 2366 2382 2413 fraternitati

1374 2426 1425 2451 tue
1441 2421 1635 2452 conficiendi
1651 2422 1768 2451 crisma
1786 2421 1987 2452 clandestine
2011 2422 2044 2451 in
2073 2421 2216 2452 ecclesiis
2234 2421 2290 2452 tibi
2305 2420 2380 2452 suh-

1367 2476 1459 2515 Jectis
1475 2480 1506 2505 et
1522 2475 1605 2505 infra
1621 2483 1756 2513 regnum
1775 2475 1938 2513 Aragonie
1949 2474 2144 2510 constitutis,
2159 2474 2379 2506 assistentibus

1373 2530 1430 2559 tibi
1456 2529 1673 2559 sacerdotibus
1701 2533 1752 2558 tue
1772 2529 1910 2558 civitatis
1932 2533 1962 2558 et
1982 2528 2117 2558 diocesis
2140 2528 2179 2559 de
2197 2529 2314 2568 quibus
2328 2527 2379 2558 vi-

1370 2583 1454 2613 deris
1462 2582 1622 2622 expedire,
1633 2587 1798 2621 postquam
1806 2591 1823 2612 a
1833 2582 2002 2612 sententiis
2012 2581 2379 2612 excommunicationum

1369 2636 1441 2666 latis
1454 2635 1641 2666 auctoritate
1658 2635 1742 2665 sedis
1758 2635 1928 2675 apostolice
1942 2635 1977 2665 in
1992 2635 2129 2666 fautores
2145 2635 2306 2674 quondam
2323 2631 2386 2666 Pe-L

1370 2690 1411 2719 tri
1428 2690 1599 2727 Aragonie,
1614 2689 1639 2718 si
1654 2698 1705 2718 eas
1717 2689 1848 2719 forsitan
1862 2689 2082 2726 incurrerunt,
2093 2688 2218 2730 fuerint
2227 2687 2383 2726 absolut&

1368 2746 1399 2773 et
1421 2743 1599 2773 crismandi
1621 2752 1675 2772 sen
1703 2742 1919 2772 confirmandi
1950 2741 2127 2772 infantulos
2153 2745 2183 2772 et
2209 2741 2329 2781 puellas
2347 2743 2385 2781 et>

1368 2796 1447 2826 alios
1464 2796 1648 2826 sacrofonte
1663 2801 1799 2834 renatos,
1818 2800 1848 2826 et
1865 2795 2077 2826 benedicendi
2093 2795 2219 2832 calices,
2236 2802 2377 2834 corpora·

1368 2848 1424 2885 lia,
1441 2849 1540 2887 pallas
1556 2848 1677 2886 altaris,
1695 2855 1799 2879 vestes
1817 2849 2025 2879 sacerdotales
2041 2853 2072 2879 et
2086 2848 2150 2879 alia
2165 2841 2378 2879 ecclesiastica

1368 2906 1581 2939 sacramenta,
1598 2911 1634 2932 ac
1651 2902 1861 2942 dispensandi
1878 2911 1952 2932 cum
1969 2902 2089 2932 eisdem
2113 2901 2309 2941 presbyteris
2323 2908 2386 2932 su-'

1368 2964 1423 2994 per
1438 2955 1688 2993 irregularitate,
1705 2956 1731 2985 si
1748 2964 1847 2994 quam
1861 2955 1908 2985 sic
1926 2955 2033 2992 legati,
2057 2955 2167 2985 divina
2182 2954 2296 2992 officia,
2312 2961 2375 2985 non

1369 3011 1476 3039 tamen
1498 3009 1531 3038 in
1559 3013 1741 3048 contemptu
1764 3009 1902 3039 clavium
1917 3032 1924 3045 ,
1947 3007 2159 3044 celebrando,
2183 3007 2374 3038 contraxisse

1368 3063 1712 3102 noscuntur‚inJ'uncto
1728 3063 1773 3092 eis
1787 3062 1872 3102 quod
1882 3061 2002 3101 dejure
2012 3061 2109 3091 fuerit
2123 3059 2373 3099 injungendum,
