2342 3652
935 360 1167 399 TnoisinME
1189 360 1343 398 ANNEE.
2118 374 2174 406 413

91 436 140 466 dis
164 436 293 465 affectus
313 445 408 474 quem
428 436 468 465 ad
487 443 654 465 romanam
680 434 846 464 ecclesiam
873 440 903 464 et
924 444 1092 473 personam

88 493 228 519 nostram
247 492 274 518 te
293 489 411 518 babere
426 488 640 526 conspicimus
658 487 771 517 merito
788 496 844 517 nos
860 487 983 517 inducit
1007 492 1041 517 ut
1056 488 1090 517 in

88 542 152 572 hiis
172 551 227 571 nos
243 541 393 580 propitios
412 541 468 570 tibi
486 540 648 570 invenisse
666 540 867 577 congaudeas
884 549 946 578 que
965 540 1019 570 tibi
1036 548 1090 578 pro

87 596 190 625 futura
206 603 370 633 speramus
386 598 416 623 et
430 602 486 631 per
505 602 566 631 que
588 601 606 622 a
631 592 693 622 tuis
709 592 951 630 gravaminibus
967 596 995 621 et
1011 601 1087 622 one-

86 648 174 678 ribus
194 647 354 676 releveris.
379 646 459 676 Cum
478 646 605 684 itaque,
630 645 711 674 sicut
729 645 859 681 asseris,
881 654 997 682 magna
1019 654 1088 683 pre—

86 701 182 730 maris
205 700 332 730 sarcina
356 699 537 729 debitorum
563 702 593 728 et
622 698 705 728 circa
733 698 986 736 reparationem,
1010 698 1087 736 quin

86 753 187 793 potius
203 752 472 782 reedificationem
489 752 657 781 domorum
674 750 806 781 ecclesie
820 750 929 780 Sancti
947 750 1033 780 Petri
1049 750 1087 780 de

84 805 288 841 Castellione,
307 805 524 843 Augustensis
540 804 684 840 diocesis,
704 813 811 843 quam,
827 804 999 833 habentem
1017 803 1087 832 ani-

85 868 209 890 marum
221 868 344 895 curam,
358 858 566 898 promotionis
584 862 635 888 tue
648 862 788 896 tempore
803 857 955 887 canonice
965 856 1088 886 obtine-

53 918 56 921 ·
83 913 137 943 has
153 916 183 942 et
198 911 303 942 adhuc
319 912 458 947 retines,
479 915 509 941 et
527 920 583 949 pro
606 910 799 949 ampliandis
821 910 888 940 suis
911 909 1087 939 redditibus

84 964 182 995 multa
196 964 236 994 de
251 964 344 994 bonis
366 964 428 993 tuis
447 963 634 1003 expenderis
656 967 687 992 et
701 963 833 1002 insuper
849 972 965 1000 magua
983 962 1086 992 subie-

83 1019 125 1049 ris
155 1027 252 1048 onera
279 1027 512 1057 expensarum,
540 1026 612 1054 nos,
642 1016 783 1047 volentes
810 1025 977 1055 personam
1000 1020 1087 1046 tuam

82 1071 228 1112 prosequi
242 1071 440 1110 prerogativa
457 1071 572 1101 favoris
588 1075 618 1100 et
632 1071 732 1109 gratie
749 1070 900 1109 spetialis,
914 1070 1086 1108 predictam

82 1125 248 1157 ecclesiam
265 1124 374 1155 Sancti
391 1125 479 1154 Petri
500 1124 557 1154 tibi
571 1124 610 1154 de
627 1124 749 1162 spetiali
767 1123 871 1162 gratia
889 1132 1087 1153 reservamus

82 1182 111 1209 et
127 1178 329 1208 decernimus
347 1178 476 1208 irritum
493 1182 523 1208 et
537 1179 653 1215 inane,
671 1178 698 1208 si
716 1186 804 1208 secus
821 1178 858 1207 de
875 1177 1015 1217 predicta
1033 1185 1085 1207 ec-

81 1231 176 1262 clesia
192 1231 300 1262 Sancti
320 1231 406 1261 Petri
425 1231 597 1270 apostolica
614 1230 664 1261 vel
680 1231 742 1260 alia
757 1231 942 1261 auctoritate
957 1235 1089 1269 attemp-

82 1288 181 1315 tatum
200 1285 316 1320 fuerit,
334 1284 384 1315 vel
400 1285 432 1314 iu
454 1289 614 1324 posterum
633 1284 803 1322 contigerit
817 1284 1013 1322 attemptari,
1031 1283 1089 1313 tibi

81 1337 310 1369 nichilominus
326 1338 536 1368 concedentes
558 1342 593 1368 ut
610 1338 764 1377 prefatam
787 1337 954 1368 ecclesiam
981 1337 1089 1367 Sancti

79 1391 166 1421 Petri
187 1400 251 1421 una
277 1400 350 1421 cum
379 1392 558 1430 episcopatu
585 1391 786 1428 Sedunensi,
816 1391 920 1430 quoad
948 1390 1086 1427 vixeris,

80 1445 179 1484 possis
201 1444 289 1475 licite
311 1445 450 1474 retinere
469 1453 505 1474 ac
531 1445 599 1483 ejus
620 1444 741 1474 fructus
764 1449 794 1473 et
817 1447 989 1482 proventus
1014 1443 1087 1473 ubi-

79 1507 140 1538 que
155 1507 228 1528 cum
244 1506 281 1528 ea
295 1498 478 1536 integritate
500 1497 665 1536 percipere
683 1506 755 1527 cum
774 1506 835 1536 qua
856 1496 928 1527 illos
945 1497 1086 1536 percipe-

79 1560 128 1581 res
145 1551 170 1580 si
194 1551 228 1580 in
251 1550 308 1581 illa
326 1550 535 1589 personaliter
559 1551 735 1587 resideres,
762 1559 824 1580 11011
849 1551 994 1581 obstante
1011 1558 1087 1580 con-

80 1603 246 1634 stitutione
261 1603 391 1634 concilii
408 1603 578 1642 generalis.
606 1604 738 1634 Proviso
761 1604 847 1642 quod
873 1603 1004 1633 ecclesia
1019 1603 1087 1642 ipsa

80 1657 186 1688 Sancti
201 1657 287 1687 Petri
299 1657 415 1688 debitis
429 1666 494 1688 non
507 1657 672 1687 fraudetur
685 1657 845 1696 obsequiis
861 1661 891 1687 et
904 1657 1087 1686 animarum

80 1719 155 1741 cura
169 1711 202 1741 in
219 1710 275 1740 illa
292 1710 476 1741 nullatenus
492 1711 687 1749 negligatur.
712 1710 803 1741 Nulli
821 1719 895 1749 ergo
918 1715 974 1740 etc.
987 1733 995 1747 ,
1013 1718 1085 1740 nos-

82 1768 126 1795 tre
152 1764 378 1794 reservationis
405 1768 436 1794 et
460 1764 697 1794 constitutionis
725 1773 760 1794 ac
787 1764 1001 1795 concessionis
1026 1767 1083 1794 etc.

77 1816 148 1847 Dat.
168 1816 289 1852 Rome,
307 1815 390 1854 apud
410 1816 562 1846 Sanctam
584 1815 723 1846 Mariam
745 1816 920 1854 Majorem,
943 1824 964 1844 11
983 1822 1086 1844 nonas

76 1869 198 1907 martii,
215 1878 300 1899 anno
317 1869 420 1899 tertio.
439 1881 453 1896 n

142 2028 260 2058 2:3ssss

110 2089 260 2118 Contentio
272 2091 346 2118 inter
361 2091 611 2126 archiepiscopum
626 2094 654 2117 et
667 2090 824 2125 capitulum
842 2090 1084 2125 Bul-degalenses.

77 2139 158 2173 (Rsc.
176 2141 219 2175 45,
236 2148 261 2166 c.
278 2139 322 2171 28,
343 2139 360 2166 f.
380 2140 395 2167 6
412 2145 460 2171 v⁰;
478 2139 543 2167 Lip.
564 2148 599 2166 nu
615 2139 713 2173 Tuam,
731 2138 784 2171 111,
801 2139 857 2173 23.)

414 2027 772 2063 Salute-Marie-MaJeure,
791 2028 822 2054 14
839 2036 914 2054 mars
932 2028 1010 2055 1290.

117 2243 225 2272 Dilecto
247 2241 312 2279 filio
332 2263 353 2272 ..
366 2243 470 2279 priori
485 2242 518 2271 cle
536 2241 645 2271 Sancto
667 2242 779 2270 Valerio
801 2242 960 2271 Viennensi
974 2244 1000 2270 el
1017 2250 1084 2270 ma-

77 2297 171 2334 yistro
188 2297 346 2326 Armanno
362 2296 397 2325 de
410 2296 479 2331 Jou,
493 2297 636 2325 canonico
654 2296 770 2325 ecclesie
792 2296 984 2332 Vaslinenslc,
1002 2295 1087 2324 Bilu-

78 2351 203 2380 ricensis
225 2351 358 2379 diocesis.
390 2361 402 2376 α
432 2349 602 2386 Querelam
630 2349 825 2379 venerabilis
854 2349 960 2379 fratris
987 2349 1087 2378 nostri

80 2403 134 2441 H„
149 2403 379 2442 archiepiscopi
396 2402 655 2441 Burdegalensis,
674 2403 855 2441 recepimus
868 2402 1086 2432 continentem

81 2455 163 2495 quod
176 2480 183 2493 ,
206 2455 282 2486 licet
299 2455 407 2486 dilecti
432 2455 491 2486 filii
518 2478 536 2486 ..
559 2456 699 2486 decanus
717 2460 747 2486 et
762 2455 939 2495 capitulum
956 2455 1087 2486 ecclesie

81 2509 328 2547 Burdegalensis
350 2509 489 2547 fructus,
511 2509 652 2539 redditus
675 2513 705 2539 et
722 2514 894 2548 proventus
911 2509 1086 2548 archiepis-

80 2563 196 2601 copalis
224 2563 307 2593 sedis
337 2562 605 2601 Burdegalensis,
636 2567 710 2593 tunc
739 2563 812 2593 sede
839 2563 906 2601 ipsa
937 2567 1086 2600 vacante,

82 2616 292 2654 perceperint,
313 2615 375 2654 ipsi
401 2619 505 2646 tamen
524 2616 563 2646 de
585 2616 770 2654 hujusmodi
791 2616 964 2652 fructibus,
985 2615 1089 2646 reddi-

83 2667 164 2698 tibus
179 2673 210 2698 et
227 2669 455 2708 proventibus,
475 2669 530 2708 qui
554 2669 592 2699 ad
615 2678 694 2708 opus
713 2669 815 2699 futuri
838 2669 997 2707 pontificis
1014 2678 1088 2699 con-

82 2723 199 2752 servari
215 2722 411 2759 debuerant,
428 2723 511 2752 dicto
528 2723 763 2762 archiepiscopo
782 2723 938 2753 rationem
955 2722 1089 2752 reddere

82 2782 117 2804 ac
134 2783 186 2805 eos
201 2775 262 2805 sibi
279 2776 446 2805 restituere
466 2784 528 2806 non
546 2781 679 2812 curant,
707 2785 761 2814 pro
785 2785 840 2805 sue
863 2775 953 2805 libito
974 2775 1089 2805 volun-

83 2827 170 2866 tatis,
187 2829 221 2858 111
239 2828 340 2867 ipsius
355 2828 584 2868 archiepiscopi
600 2833 630 2858 et
647 2828 730 2859 dicte
745 2829 828 2858 sedis
845 2837 909 2858 nou
927 2828 1089 2858 modicum

85 2880 297 2918 prejudicium
327 2885 357 2911 et
381 2890 572 2919 gravamen3
601 2890 698 2921 quare
724 2881 808 2911 idem
836 2881 1091 2919 acchiepiscopus

85 2932 176 2962 nobis
192 2933 358 2964 humiliter
378 2934 568 2973 supplicavit
593 2939 626 2964 ut
645 2935 811 2974 providere
833 2935 895 2964 sibi
921 2943 1014 2973 super
1031 2934 1091 2964 hoc

85 2990 214 3024 paterna
229 2987 397 3025 diligentia
411 2996 611 3019 curaremus,
631 2988 696 3018 Nos
714 2988 830 3025 igitur,
849 2988 950 3026 ipsius
966 2987 1090 3016 archie-

89 3038 206 3078 piscopi
223 3040 511 3079 supplicationibus
529 3041 674 3071 inclinati
689 3065 695 3078 ,
713 3041 896 3071 discretioni
913 3045 1015 3070 vestre
1037 3049 1092 3078 per

1174 434 1344 472 apostolica
1373 437 1487 474 scripta
1513 438 1703 467 mandamus
1737 442 1894 476 quatenus
1921 447 1994 474 VOS,
2020 439 2069 469 vel
2095 440 2174 471 alter

1173 490 1331 523 vestrum,
1346 497 1401 525 per
1417 497 1470 518 vos
1486 490 1534 518 vel
1551 490 1648 520 alium
1666 500 1719 521 seu
1736 491 1834 527 alios,
1850 491 2003 529 predictos
2016 492 2172 522 decanum

1173 542 1203 568 et
1227 539 1402 577 capitulum
1424 550 1459 570 ac
1483 543 1627 579 singulas
1651 553 1801 582 personas
1823 544 1861 573 de
1883 545 1950 582 ipso
1977 545 2113 584 capitulo
2136 554 2172 575 ex

1173 596 1260 630 parte
1288 598 1395 622 nostra
1425 603 1554 624 monere
1590 601 1618 625 et
1645 597 1797 627 inducere
1830 599 2003 636 procuretis
2031 603 2064 628 ut
2091 599 2174 629 infra

1173 650 1404 683 competentem
1435 649 1607 678 terminum
1642 651 1910 689 peremptorium,
1938 660 2033 690 quem
2063 653 2107 682 eis
2134 653 2173 682 ad

1172 697 1233 727 1100
1259 698 1414 728 duxeritis
1438 700 1676 738 prefigendum,
1703 704 1841 741 predicto
1866 704 2099 744 archiepiscopo
2123 705 2173 735 vel

1173 752 1365 788 procuratori
1389 762 1465 787 suo,
1490 754 1559 791 ejus
1589 756 1732 791 nomine,
1762 757 1800 785 de
1825 757 1972 794 predictis
1997 758 2172 794 fructibus,

1172 803 1348 837 redditibus
1371 810 1400 834 et
1422 808 1625 844 proventibus
1652 808 1804 837 rationem
1830 809 1969 839 debitam
1990 810 2121 840 reddere
2137 820 2173 840 ac

1172 857 1210 887 de
1226 857 1290 887 illis
1308 858 1555 889 satisfactionem
1574 860 1746 898 plenariam
1772 862 1918 891 studeant
1934 862 2100 899 exhibere,
2120 872 2172 893 eos

1172 911 1211 939 ad
1227 911 1260 940 id
1275 921 1329 950 per
1350 913 1690 942 excommunicationis
1718 915 1751 942 in
1776 923 1924 952 personas
1945 916 2128 946 eorumdem
2144 921 2173 946 et

1172 964 1334 994 interdicti
1355 965 1530 995 sententias
1550 966 1585 994 iu
1613 966 1789 1004 capitulum
1819 975 1960 1003 necnon,
1991 969 2017 997 si
2046 978 2173 999 necesse

1176 1018 1274 1047 fuerit
1286 1043 1293 1057 ,
1312 1027 1367 1056 per
1386 1019 1564 1056 captionem
1582 1023 1611 1048 et
1628 1019 1842 1049 detentionem
1866 1020 2021 1050 bonorum
2044 1030 2172 1051 snorum

1175 1079 1210 1100 ac
1228 1071 1324 1100 etiam
1340 1080 1395 1109 per
1410 1071 1619 1110 privationem
1635 1072 1826 1110 dignitatum
1843 1076 1872 1102 et
1896 1078 2121 1111 personatuum
2138 1083 2172 1104 ac

1175 1124 1491 1155 administrationum
1507 1134 1584 1163 quas
1600 1125 1746 1155 obtinent
1762 1130 1791 1155 et
1802 1135 1855 1164 per
1871 1125 1949 1155 alias
1967 1126 2060 1156 etiam
2079 1135 2173 1164 penas

1177 1186 1256 1216 quas
1271 1178 1416 1208 videritis
1434 1179 1596 1217 expedire,
1617 1179 1642 1208 si
1659 1180 1746 1209 vobis
1761 1180 1799 1209 de
1823 1179 1932 1218 plano,
1951 1180 2020 1209 sine
2042 1181 2172 1218 strepitu

1173 1234 1204 1260 et
1219 1231 1321 1269 figura
1336 1232 1451 1270 judicii
1468 1233 1643 1262 constiterit
1662 1233 1700 1261 de
1720 1233 1883 1271 premissis
1900 1257 1906 1269 ,
1928 1233 2051 1263 ratione
2069 1234 2173 1272 previa

1172 1284 1403 1323 compellendo,
1422 1286 1571 1315 Invocato
1591 1286 1719 1322 adhoc,
1740 1286 1766 1315 si
1785 1294 1912 1315 necesse
1935 1286 2040 1322 fuerit,
2057 1286 2173 1316 auxilio

1173 1337 1297 1367 brachii
1320 1338 1483 1368 secularis.
1509 1339 1577 1368 Dat.
1604 1340 1720 1374 Rome,
1749 1339 1833 1377 apud
1861 1339 2011 1369 Sanctam
2040 1340 2172 1369 Mariam

1172 1390 1342 1430 Majorem,
1363 1401 1384 1420 11
1403 1391 1475 1421 idus
1492 1392 1610 1427 martii,
1628 1400 1714 1422 anno
1729 1392 1830 1422 tertio.
1852 1404 1864 1419 n

1224 1564 1477 1593 2332-2338
1523 1563 1881 1598 Salute—Marie-MaJeure,
1900 1564 1931 1591 10
1947 1572 2023 1590 mars
2041 1564 2117 1591 1290.

1204 1627 1390 1662 Dispensatio
1414 1627 1594 1653 residentiae.
1617 1626 1699 1660 (Rae.
1722 1627 1772 1658 45,
1795 1635 1820 1653 c.
1842 1627 1888 1658 ⁵29,
1909 1627 1927 1653 f.
1952 1627 1967 1654 6
1988 1634 2036 1658 v⁰;
2054 1627 2119 1654 LAP.
2137 1636 2170 1654 Du

1167 1676 1266 1709 Tin-2111,
1282 1676 1335 1709 111,
1356 1676 1412 1709 25.)

1214 1780 1384 1810 Venerabili
1399 1781 1494 1817 fram*
1509 1778 1646 1815 Beraldo,
1663 1779 1883 1816 archiepiscopo
1898 1779 2101 1816 Luyclzmensi,
2126 1779 2172 1806 in-

1171 1833 1282 1871 dulget
1303 1837 1337 1863 ut
1359 1842 1411 1863 sex
1437 1832 1545 1862 clerici
1568 1833 1635 1871 ejus
1667 1841 1721 1870 per
1749 1832 2010 1870 quinquennium
2032 1831 2169 1861 residere

1168 1887 1203 1916 in
1221 1886 1363 1917 ecclesiis
1378 1886 1413 1916 in
1429 1886 1545 1924 quibus
1562 1885 1716 1915 beneficia
1734 1885 1872 1915 habeant
1888 1894 1952 1915 non
1969 1889 2147 1915 teneantur.

1210 1952 1224 1968 ι
1249 1940 1401 1970 Volentes
1416 1943 1502 1969 tuam
1521 1940 1593 1969 in...
1609 1956 1648 1960 —
1671 1939 1743 1968 Dat.
1775 1939 1892 1973 Rome,
1920 1938 2003 1977 apud
2021 1938 2167 1967 Sanctam

1172 1995 1308 2024 Mariam
1325 1994 1491 2032 Majorem,
1508 2003 1539 2022 VI
1555 1993 1627 2022 idus
1643 1992 1761 2029 martii,
1779 2001 1864 2022 anno
1880 1992 1980 2022 tertio.
1999 2004 2012 2018 n

1209 2047 1248 2077 In
1266 2056 1292 2077 e.
1312 2056 1356 2076 m.
1373 2068 1393 2076 ..
1416 2047 1621 2084 Agennensi,
1645 2069 1664 2075 ..
1684 2045 1815 2084 Majoris
1831 2049 1860 2074 et
1885 2068 1902 2074 ..
1929 2044 2121 2082 Gamagensi
2136 2045 2167 2073 111

1169 2099 1304 2130 ecclesia
1319 2099 1489 2130 Vasatensi
1504 2098 1736 2129 archidiaconis
1753 2098 1882 2127 mandat
1894 2101 1926 2127 ut
1937 2097 2104 2136 praedictis
2117 2106 2168 2126 sex

1167 2153 1298 2183 clericis
1310 2153 1451 2183 redditus
1462 2152 1690 2182 beneficiorum
1703 2160 1833 2181 suorum
1846 2160 1899 2190 per
1910 2150 2169 2189 quinquennium

1170 2207 1295 2245 integre
1313 2206 1491 2236 ministrari
1507 2206 1633 2236 faciant.

1212 2272 1225 2287 α
1250 2259 1400 2290 Volentes
1416 2259 1608 2290 venerabilis
1624 2258 1766 2289 fratris...
1782 2274 1822 2281 —
1844 2258 1914 2287 Dat.
1937 2261 1971 2286 ut
1991 2266 2095 2295 supra.
2117 2269 2129 2282 n

1239 2447 1355 2477 2339
1518 2443 1862 2477 Salute—Marie-Majeure,
1881 2442 1913 2469 10
1928 2450 2004 2468 mars
2021 2441 2097 2467 1290.

1207 2510 1253 2536 Ad
1269 2510 1439 2536 solutionem
1455 2508 1616 2534 debitorum
1633 2505 1835 2540 Lugdunensis
1851 2504 1997 2531 ecclesiae.
2017 2503 2098 2536 (l'tsc.
2116 2502 2149 2528 45
2162 2523 2168 2534 ,

1170 2568 1196 2586 0.
1215 2560 1257 2589 30,
1279 2559 1298 2585 f.
1316 2559 1329 2585 7
1347 2564 1386 2589 r⁰;
1403 2557 1469 2584 LAP.
1488 2566 1521 2584 nu
1534 2556 1631 2587 Tam,
1648 2555 1700 2589 Ill,
1718 2555 1774 2587 ⁴27.)

1216 2661 1382 2692 Venerabili
1415 2660 1509 2696 fratri
1540 2659 1680 2697 Ber—aldo,
1712 2657 1932 2693 archiepiscopo
1965 2654 2168 2691 Lttquuuensz'.

1172 2728 1186 2743 «
1209 2716 1382 2745 Personam
1400 2716 1485 2742 tuam
1503 2720 1538 2742 00
1558 2711 1711 2741 libentius
1732 2709 1842 2747 gratiis
1865 2712 1895 2738 et
1908 2707 2085 2737 honoribus
2101 2715 2170 2745 pre-

1172 2768 1322 2798 venimus
1337 2775 1398 2804 quo
1420 2764 1595 2803 majoribus
1618 2763 1672 2792 illa
1696 2761 1871 2792 dinoscitur
1896 2760 2050 2789 virtutum
2073 2758 2171 2788 titulis

1174 2821 1342 2858 insignita.
1362 2818 1525 2848 Intellecto
1541 2816 1698 2855 siquidem
1716 2823 1817 2853 nuper
1835 2813 1917 2853 quod
1936 2812 2067 2843 ecclesia
2084 2813 2170 2849 Lug-

1171 2874 1325 2904 dunensis
1347 2872 1435 2910 gravi
1455 2870 1608 2909 premitur
1623 2877 1719 2899 onere
1739 2867 1930 2902 debitorum,
1948 2875 1966 2895 a
1982 2865 2044 2895 tuis
2062 2865 2171 2903 prede-

1172 2926 1351 2958 cessoribus
1380 2928 1631 2959 contractorum,
1656 2920 1865 2950 meminimus
1888 2919 1943 2948 tibi
1965 2927 2021 2957 per
2047 2922 2171 2948 nostras

1172 2982 1256 3011 inter
1271 2979 1334 3010 alia
1347 2979 1468 3008 litteras
1485 2976 1676 3006 concessisse
1694 2978 1728 3004 ut
1745 2974 1866 3003 fructus
1890 2972 1986 3011 primi
2006 2972 2084 3001 anni
2104 2980 2172 3001 0111-

1175 3036 1266 3065 nium
1297 3031 1525 3063 beneficiorum
1551 3028 1834 3059 ecclesiasticorum
1856 3036 1917 3065 que
1939 3026 1973 3055 in
1996 3026 2121 3055 civitate
2144 3029 2173 3054 et
