2342 3652
878 352 1097 393 PREMIERE
1119 353 1276 392 ANNnn.
2081 366 2117 394 77

37 445 144 468 coram
169 435 279 466 eodem
303 434 539 473 archiepiscopo
565 433 614 463 vel
630 433 698 472 ejus
715 431 799 461 vices
818 434 892 460 tunc
916 436 1033 466 geren-

38 490 122 520 tibus
147 488 336 526 assignarit3
366 492 395 517 et
421 486 621 526 postmodum
650 483 835 514 Dominicus
857 482 895 511 de
918 481 1033 511 Sancto

38 543 180 578 Urbano,
197 542 304 572 Sancti
316 540 546 580 Symphoriani
558 538 737 574 Remeusis,
751 541 780 567 et
790 535 983 566 Guillelmus
994 535 1032 564 de

37 596 202 633 Nivernis,
213 595 409 633 Nigellensis
421 594 626 624 ecclesiarum
635 590 791 626 canonici,
805 589 921 628 quibus
929 588 1032 617 dictus

38 649 292 688 archiepiscopus
322 648 424 686 quoad
452 646 709 677 informationem
738 642 922 681 hujusmodi
951 642 1031 671 reci-

38 703 186 743 piendam
203 706 232 732 et
247 701 460 739 cognitionem
484 708 577 729 cause
601 699 682 728 circa
706 696 859 735 premissa
884 704 938 733 per
962 702 1031 724 eos-

38 755 111 786 dem
129 755 285 785 decannm
305 759 335 783 et
356 752 528 792 capitulum
547 750 701 789 proposita
722 748 924 778 commiserat
948 747 1032 776 vices

39 817 123 844 suas,
139 816 171 837 se
188 812 310 846 paratos
326 806 498 836 obtulerint
513 805 545 834 iu
563 803 696 833 termino
714 801 890 841 supradicto
907 800 945 830 de
960 809 1031 838 pre-

37 861 112 892 fatis
129 860 263 890 subditis
278 860 378 898 ipsius
393 856 627 896 archiepiscopi,
645 864 722 894 quos
743 859 869 893 propter
885 854 944 884 hoc
960 863 1029 892 per-

38 914 189 945 sonaliter
215 913 253 943 ad
284 913 434 952 palatium
457 908 722 948 archiepiscopale
749 907 853 937 vocari
879 908 1029 943 fecerant,

37 968 188 999 exhibere
203 967 325 1006 Justitie
341 965 624 1004 complementum,
641 965 782 1001 petentes
807 965 840 991 ut
866 970 918 991 eos
937 970 1031 999 super

37 1021 228 1060 privilegiis,
246 1019 452 1055 libertatibus,
472 1015 773 1052 consuetudinibus,
791 1014 1030 1053 compositioni-

37 1075 96 1106 bus
112 1079 142 1105 et
157 1073 280 1104 statutis
296 1072 443 1111 predictis
467 1080 501 1100 ac
522 1069 610 1105 aliis,
635 1077 696 1107 qne
721 1068 761 1097 ad
786 1067 1030 1097 instructionem

37 1127 223 1167 hujusmodi
248 1125 364 1164 negotii
379 1125 534 1158 facerent,
563 1122 795 1157 informarent,
825 1121 898 1159 quia
925 1124 1030 1150 tamen

37 1181 138 1211 iidem
155 1180 292 1210 decanus
313 1184 343 1208 et
358 1177 531 1216 capitulum
549 1176 580 1206 id
605 1175 727 1204 efficere
751 1174 892 1204 indebite
916 1183 1030 1204 renue-

38 1238 126 1270 runt,
138 1237 319 1272 procurator
332 1231 405 1260 dicti
420 1228 656 1268 archiepiscopi,
670 1231 816 1257 metuens
828 1236 863 1257 ex
877 1227 1032 1257 verisimi-

38 1287 123 1317 libus
141 1285 328 1325 conjecturis
348 1284 465 1314 dictum
491 1281 764 1320 archiepiscopum
787 1281 821 1310 in
847 1280 1031 1319 hujusmodi

39 1340 211 1370 cessatione
226 1339 403 1368 divinorum
430 1340 459 1366 et
487 1334 709 1373 aggravatione
738 1334 921 1364 cessationis
945 1334 1030 1372 ejus-

39 1393 112 1423 dem
130 1402 148 1422 a
166 1392 292 1431 prefatis
309 1391 425 1420 decano
440 1394 470 1419 et
484 1387 620 1426 capitulo
633 1392 740 1417 contra
753 1388 910 1425 justitiam
922 1396 1032 1424 aggra-

39 1446 105 1476 vari
121 1470 127 1482 ,
155 1445 194 1474 ad
221 1444 367 1483 prefatam
394 1442 500 1471 sedem
528 1440 742 1478 procuratorio
774 1440 905 1469 nomine
933 1440 1032 1477 ipsius

38 1498 263 1537 archiepiscopi
279 1495 453 1535 appellavit.
468 1494 528 1524 Sed
540 1494 707 1524 memorati
723 1494 861 1523 decanus
873 1498 902 1523 et
913 1494 1031 1531 capitu-

42 1552 120 1587 lum,
137 1550 337 1590 responsione
354 1558 389 1579 ac
406 1548 650 1586 oblationeipsis
662 1557 698 1577 ex
715 1552 801 1585 parte
814 1547 891 1576 dicti
907 1547 1032 1576 archie-

40 1604 179 1644 piscopi,
209 1607 242 1633 ut
269 1602 455 1641 predicitur,
483 1601 587 1636 factis,
615 1609 738 1630 necnon
765 1604 794 1629 et
822 1599 1033 1638 appellatione

41 1657 220 1695 hujusmodi
239 1655 412 1694 vilipensis,
431 1664 448 1684 a
464 1654 591 1693 prefatis
609 1654 725 1683 divinis
748 1657 952 1682 cessaverunt
967 1652 1032 1681 dis-

43 1710 163 1740 trictius
178 1717 272 1748 quam
288 1712 394 1743 antea,
413 1712 442 1737 et
455 1707 558 1737 adhuc
582 1711 725 1742 cessant,
754 1706 894 1744 predicta
909 1715 965 1734 sua
981 1714 1031 1735 or-

39 1772 120 1802 gana
146 1763 271 1800 gravius
307 1761 533 1799 suspendentes
559 1761 593 1789 in
625 1760 768 1799 ejusdem
802 1758 1032 1796 archiepiscopi

38 1815 236 1846 manifestam
253 1814 402 1853 injuriam
418 1838 424 1850 ,
446 1813 657 1852 prejudicium
675 1816 702 1842 et
720 1821 905 1850 gravamen.
927 1812 1031 1847 Quare

39 1869 139 1899 dictus
153 1867 405 1906 archiepiscopus
422 1866 511 1896 nobis
529 1865 696 1895 humiliter
714 1864 902 1903 supplicavit
916 1867 948 1893 ut
961 1872 1029 1902 pre-

39 1923 118 1953 fatos
133 1922 284 1952 decanum
301 1925 330 1950 et
345 1920 517 1959 capitulum
532 1920 571 1949 ad
589 1919 815 1949 resumendum
830 1927 948 1956 organa
961 1927 1029 1956 pre-

40 1975 123 2005 dicta
151 1979 181 2004 et
207 1973 459 2004 satisfaciendum
490 1973 550 2003 sibi
579 1973 617 2003 de
649 1972 778 2011 injuriis
810 1972 843 2000 in
866 1971 1030 2009 premissis

40 2027 142 2058 eidem
157 2027 386 2065 archiepiscopo
401 2027 543 2064 irrogatis
558 2025 716 2065 compelli,
736 2034 793 2055 nec
806 2033 869 2054 uon
887 2029 916 2053 et
933 2024 1028 2062 ipsos,

40 2088 95 2119 pro
109 2088 144 2110 eo
159 2080 240 2119 quod
255 2089 272 2109 a
288 2080 403 2109 divinis
424 2080 468 2109 sic
482 2088 603 2109 cessare
619 2080 654 2109 in
672 2079 783 2109 eadem
802 2078 934 2108 ecclesia
960 2086 1029 2116 pre—

39 2138 251 2175 sumpserunt,
264 2133 352 2171 juxta
366 2138 505 2163 tenorem
521 2132 755 2163 constitutionis
772 2131 872 2161 felicis
887 2131 1029 2160 recorda-

40 2187 134 2216 tionis
149 2186 292 2223 Gregorii
313 2195 388 2225 pape
403 2187 449 2223 X,
468 2186 696 2225 predecessoris
720 2185 819 2215 nostri
834 2209 840 2221 ,
862 2194 955 2223 super
972 2184 1030 2214 hoc

40 2239 134 2275 edite,
151 2239 258 2278 puniri
271 2247 325 2277 per
341 2239 509 2269 discretum
524 2238 663 2277 aliquem
679 2239 867 2268 faceremus.
888 2237 954 2267 Nos
968 2237 1028 2274 igi-

39 2296 90 2322 tur
105 2292 159 2331 qui
180 2301 215 2321 ex
231 2292 372 2330 injuncto
387 2292 476 2322 nobis
498 2291 687 2330 apostolatus
703 2291 806 2320 officio
822 2290 1029 2320 ecclesiarum

38 2345 184 2376 omnium
207 2353 314 2375 curam
330 2345 467 2382 gerimus
492 2345 673 2383 generalem
694 2353 867 2383 pacemque
884 2348 1030 2373 tenemur

38 2399 162 2428 cunctis
178 2397 295 2428 Christi
310 2397 453 2428 fidelibus
468 2398 634 2437 presertim
651 2398 794 2437 personis
813 2396 1030 2427 ecclesiasticis

36 2459 216 2490 procurare,
235 2450 372 2481 volentes
400 2451 494 2481 dictos
520 2452 810 2490 archiepiscopum,
828 2451 984 2480 decanum
1001 2454 1031 2479 et

38 2503 224 2542 capitulum,
239 2503 346 2541 fugata
361 2503 489 2533 omnino
503 2504 672 2541 discordia,
688 2513 750 2543 que
766 2513 820 2543 per
838 2503 933 2541 longa
945 2502 1030 2541 judi-

37 2557 160 2587 ciorum
175 2555 276 2594 litigia
288 2557 375 2586 inter
391 2565 442 2586 eos
460 2557 574 2587 nutriri
587 2566 643 2587 seu
655 2557 855 2595 augmentari
867 2557 1030 2586 occasione

37 2609 222 2649 hujusmodi
247 2618 339 2639 cause
364 2614 476 2647 posset,
499 2610 534 2639 in
560 2611 678 2641 unitate
702 2610 787 2649 pacis
812 2614 841 2640 et
862 2609 1031 2640 concordie

37 2671 233 2697 conservare,
254 2663 402 2701 ipsosque
417 2672 596 2701 preservare
610 2672 628 2693 a
649 2664 825 2702 dispendiis
840 2663 984 2693 laborum
1001 2666 1031 2692 et

37 2720 234 2754 sumptuum,
255 2725 315 2754 qne
333 2715 393 2745 sibi
410 2715 522 2746 exinde
536 2716 758 2754 imminerent,
786 2720 930 2754 gerentes
950 2724 1029 2754 quo-

37 2777 100 2808 que
124 2769 162 2799 de
185 2773 236 2798 tue
260 2769 536 2808 circonspectionis
564 2769 719 2800 industria
739 2770 885 2800 fidutiam
908 2769 943 2798 in
967 2769 1029 2798 Do-

37 2822 126 2852 mino
153 2822 340 2860 specialem,
371 2822 556 2852 discretioni
571 2826 623 2852 tue
651 2832 705 2862 per
731 2823 900 2862 apostolica
915 2822 1030 2861 scripta

37 2874 227 2904 mandamus
242 2880 398 2914 quatenus
410 2875 615 2914 personaliter
627 2876 666 2905 ad
678 2876 850 2915 predictam
864 2875 1028 2906 ecclesiam

38 2926 229 2958 Remensem
246 2928 409 2964 accedens,
427 2928 570 2967 inquiras
585 2938 678 2967 super
692 2929 852 2968 premissis
868 2929 907 2959 de
921 2928 1027 2967 plano,

37 2980 108 3011 sine
133 2982 266 3020 strepitu
288 2986 317 3011 et
343 2982 445 3020 figura
460 2982 586 3020 judicii,
603 2982 785 3020 diligentius
803 2983 979 3020 veritatem,
1000 2985 1030 3012 et

37 3035 270 3066 contentionem
296 3035 480 3074 hujusmodi
507 3044 581 3074 pace
605 3039 635 3065 et
659 3036 823 3066 concordia
845 3036 895 3067 vel
916 3035 1028 3066 saltem

1117 427 1211 457 celeri
1222 429 1344 467 jndicio
1362 430 1533 459 terminare
1547 438 1704 468 procures,
1716 429 1836 459 faciens
1848 430 1931 468 qnod
1940 431 2119 462 decreveris

1116 483 1301 512 auctoritate
1317 488 1423 513 nostra
1447 484 1581 513 firmiter
1607 483 1778 513 observari.
1807 484 1915 513 Testes
1938 489 2045 514 autem
2063 485 2118 523 qui

1114 534 1234 564 fuerint
1249 536 1421 573 nominati,
1443 537 1469 566 si
1485 546 1518 566 se
1533 537 1649 574 gratia,
1665 536 1736 566 odio
1754 536 1802 566 vel
1823 537 1936 567 timore
1952 537 2118 568 subtraxe-

1114 587 1190 624 rint,
1209 597 1264 626 per
1277 597 1445 618 censuram
1462 589 1719 626 ecclesiasticam,
1735 589 1945 628 appellatione
1961 595 2118 627 cessante,

1114 641 1285 679 compellas
1314 642 1439 671 veritati
1468 643 1684 672 testimonium
1713 642 1891 681 perhibere.
1917 643 1986 672 Dat.
2017 643 2119 673 Rome

1113 694 1196 732 apud
1213 696 1361 724 Sanctam
1377 696 1515 725 Mariam
1532 696 1698 735 Majorem,
1715 707 1735 726 x
1753 695 1905 726 kalendas
1921 696 2116 733 novembris,

1113 755 1199 777 anno
1216 748 1330 786 primo.
1351 761 1362 773 »

1183 974 1266 1001 421

1148 1034 1332 1069 Dispensatio
1349 1044 1436 1070 super
1451 1036 1610 1077 pluralitate
1627 1036 1841 1062 beneficiorum.
1859 1037 1941 1069 (Rae.
1961 1036 2003 1067 44,
2016 1044 2041 1062 c.
2053 1036 2114 1067 255,

1112 1084 1131 1111 f,
1149 1085 1181 1111 55
1197 1092 1242 1117 vo;
1260 1084 1326 1110 Lae.
1345 1093 1379 1111 nn
1395 1084 1492 1116 Triste,
1509 1084 1531 1117 I,
1550 1085 1622 1112 109.)

1698 973 1786 1006 Rieti,
1805 975 1817 999 7
1835 974 1950 1000 octobre
1967 974 2045 1000 1288.

1153 1216 1261 1244 Dilecto
1275 1216 1339 1252 filio
1361 1216 1471 1244 Ysarno
1488 1216 1522 1244 de
1537 1215 1645 1244 Sancto
1662 1215 1755 1243 Paulo
1771 1239 1776 1250 ,
1796 1217 1940 1244 eanoniro
1956 1220 1981 1244 et
1998 1215 2115 1244 cancel-

1115 1268 1192 1296 lario
1206 1269 1320 1297 ecclesie
1339 1269 1511 1301 Thotosane,
1529 1268 1647 1296 ordinis
1662 1267 1766 1296 Sancti
1782 1269 1955 1305 Anyustmi,
1972 1268 2118 1306 indulget

1114 1324 1149 1349 ut
1163 1319 1385 1350 cancellariam
1397 1343 1405 1356 ,
1423 1320 1599 1359 prioratum
1617 1324 1647 1349 et
1664 1325 1766 1358 partes
1783 1325 1993 1359 proventuum
2013 1321 2115 1350 infra-

1114 1373 1223 1410 dictos,
1243 1382 1316 1403 cum
1332 1374 1481 1403 omnibus
1498 1374 1623 1412 juribus
1643 1379 1672 1403 et
1690 1374 1893 1412 pertinentiis
1908 1383 2035 1410 eorum,
2054 1374 2116 1413 ipsi

1112 1436 1168 1466 per
1193 1427 1338 1457 abbatem
1360 1427 1547 1457 monasterii
1572 1427 1698 1457 Clusini
1715 1432 1744 1456 et
1760 1427 1942 1465 episcopum
1963 1427 2115 1458 Tholosa-

1114 1489 1193 1510 num
1209 1489 1383 1517 concessos,
1400 1480 1543 1519 quandiu
1561 1481 1686 1517 vixerit,
1700 1480 1833 1510 insimul
1853 1482 1989 1510 retinere
2004 1481 2113 1520 possit.

1111 1551 1152 1556 —
1167 1534 1246 1564 Cum
1268 1534 1353 1563 enim
1369 1533 1561 1564 cancellaria
1577 1533 1729 1563 ecclesiae
1744 1533 1952 1570 Tholosanae,
1967 1543 2062 1573 quam
2079 1543 2114 1563 ex

1113 1587 1280 1617 collatione
1296 1587 1397 1617 bonae
1414 1587 1585 1616 memoriae
1604 1586 1653 1621 B„
1670 1587 1807 1625 episcopi
1822 1586 2005 1623 Tliolosani,
2025 1587 2116 1616 Ysar-

1113 1650 1175 1670 nus
1190 1641 1228 1670 de
1244 1640 1358 1670 Sancto
1379 1640 1480 1670 Paulo
1502 1640 1640 1677 obtinet,
1665 1644 1694 1669 et
1715 1649 1794 1680 quae
1814 1644 1937 1669 tantum
1960 1640 2057 1670 alicui
2079 1650 2114 1670 ex

1112 1695 1212 1733 ipsius
1240 1693 1390 1724 ecclesiae
1417 1693 1581 1724 consucvit
1608 1694 1769 1723 canonicis
1798 1694 1879 1730 assig
1888 1694 1955 1722 nari
1971 1717 1978 1730 ,
2010 1693 2115 1724 nullos

1112 1748 1255 1778 redditus
1271 1756 1325 1777 seu
1342 1751 1514 1785 proventus
1536 1747 1597 1776 sibi
1618 1755 1758 1776 annexos
1774 1747 1897 1782 habeat,
1916 1759 1928 1772 «
1951 1746 2024 1776 licet
2040 1756 2115 1776 can-

1113 1801 1240 1831 cellario
1257 1800 1436 1830 Tholosano
1458 1799 1519 1838 (1),
1538 1800 1592 1839 qui
1612 1804 1658 1829 est
1681 1809 1735 1838 pro
1756 1804 1910 1838 tempore,
1928 1800 2012 1829 circa
2030 1809 2117 1830 exer-

1113 1855 1247 1884 cendam
1260 1853 1519 1893 jurisdictiouem
1539 1853 1637 1882 studii
1653 1853 1825 1883 Tholosani
1846 1853 1885 1882 ad
1903 1863 1975 1883 enm
1994 1854 2117 1883 ratione

1113 1907 1301 1938 cancellerie
1321 1907 1460 1945 predicte
1481 1911 1674 1945 spectantem
1692 1911 1722 1936 et
1741 1907 1836 1936 etiam
1859 1908 1940 1937 circa
1958 1907 2116 1937 defensio-

1113 1970 1187 1991 nem
1201 1960 1323 1999 jurium
1338 1960 1569 1999 jurisdictionis
1586 1960 1741 1999 ejusdem,
1758 1965 1902 1999 sumptus
1918 1969 1982 1990 non
1998 1960 2116 1990 modici

1113 2022 1237 2052 semper
1252 2013 1444 2042 immineant
1458 2013 1606 2049 faciendi,
1620 2013 1837 2052 propterquod
1850 2013 2048 2043 cancellariis
2059 2012 2115 2052 (Q),

1112 2067 1167 2104 qui
1183 2066 1271 2096 fuere
1287 2074 1342 2104 pro
1356 2070 1506 2104 tempore,
1520 2070 1755 2096 consueverunt
1766 2067 1962 2104 provisiones
1978 2075 2116 2104 congrue

1111 2120 1150 2149 de
1172 2119 1336 2149 beneficiis
1359 2119 1424 2149 sive
1444 2119 1621 2148 redditibus
1641 2128 1695 2158 per
1718 2120 1901 2158 episcopum
1923 2123 1953 2149 et
1974 2119 2115 2158 preposi-

1113 2177 1180 2202 tum
1198 2173 1395 2203 Tholosanos
1413 2181 1448 2202 ac
1467 2173 1563 2202 etiam
1582 2173 1744 2202 interdum
1766 2182 1822 2211 per
1845 2172 1924 2202 alios
1944 2173 2020 2211 ipsis
2043 2181 2116 2211 pro-

1084 2266 1087 2269 s
1112 2226 1296 2256 curantibus
1325 2226 1499 2263 assignari,
1532 2238 1544 2251 n
1575 2225 1740 2264 episcopus
1769 2225 1969 2255 Tholosanus
1994 2229 2114 2264 partem

1113 2288 1204 2310 suam
1227 2279 1435 2318 episcopalem
1459 2283 1692 2318 proventuum,
1716 2288 1811 2318 quam
1838 2279 1958 2318 ipsein
1983 2279 2116 2309 ecclesia

1113 2333 1223 2363 Sancti
1237 2333 1255 2363 J
1258 2333 1343 2363 acohi
1358 2333 1395 2362 de
1409 2332 1542 2369 Vilario,
1554 2333 1707 2362 dioecesis
1723 2332 1936 2370 Tholosanae,
1952 2332 2116 2362 consuevit

1112 2387 1268 2425 recipere,
1293 2389 1323 2416 et
1343 2385 1422 2415 alias
1448 2390 1550 2425 partes
1578 2385 1771 2424 episcopales
1794 2390 2007 2424 proventuum
2037 2394 2114 2424 quas

1112 2439 1197 2469 idem
1219 2439 1382 2478 episcopus
1404 2439 1440 2468 in
1461 2439 1569 2469 Sancti
1590 2438 1677 2468 Petri
1702 2438 1740 2468 de
1762 2438 1908 2468 Carbono
1926 2443 1956 2468 et
1970 2438 2009 2467 de
2027 2438 2113 2466 'ren-

1112 2492 1217 2523 holeto
1233 2497 1263 2522 et
1280 2492 1318 2522 de
1334 2492 1450 2523 Sancto
1467 2493 1554 2531 Lupo
1571 2491 1723 2527 ecclesiis,
1744 2492 1921 2530 praedictae
1939 2490 2112 2526 dioecesiS,

1112 2546 1314 2584 percipiebat,
1327 2546 1410 2576 dicto
1421 2546 1546 2576 Ysarno
1558 2545 1745 2583 assignavit,
1759 2546 1928 2575 Praeterea
1938 2545 2114 2583 prioratum

1113 2600 1220 2630 Sancti
1235 2600 1321 2629 Petri
1339 2599 1378 2629 de
1393 2599 1599 2637 Vernosulis,
1617 2599 1760 2638 ejusdem
1775 2599 1946 2635 dioecesis,
1967 2598 2020 2628 cui
2038 2606 2114 2628 cura

1112 2661 1176 2683 non
1190 2652 1340 2682 imminet
1353 2652 1549 2689 animarum,
1567 2652 1606 2681 ad
1624 2651 1852 2681 monasterinm
1868 2650 2047 2686 Clusinum,
2065 2659 2113 2680 or-

1113 2705 1197 2735 dinis
1213 2705 1244 2735 S.
1268 2705 1441 2742 Benedicti,
1459 2705 1671 2744 pertinentem
1683 2728 1690 2741 ,
1710 2705 1812 2734 eidem
1837 2704 1961 2733 Ysarno
1980 2703 2113 2734 contulit

1111 2759 1207 2789 abbas
1222 2758 1323 2797 ipsius
1339 2758 1535 2788 monasterii.
1573 2777 1577 2781 -

1153 2823 1166 2838 α
1185 2811 1332 2850 Exposita
1347 2811 1438 2841 nobis
1456 2814 1546 2841 tua...
1565 2827 1605 2832 —
1621 2811 1690 2840 Dat.
1711 2810 1825 2846 Reate,
1847 2810 1942 2840 nonis
1959 2810 2111 2847 octobris,

1111 2873 1196 2895 anno
1210 2864 1327 2903 primo.
1349 2876 1362 2891 :a

1143 2998 1175 3029 (1)
1192 2999 1235 3022 ns.
1250 2997 1421 3022 cancellarius
1432 2997 1605 3022 Tholosanus.

1142 3042 1175 3073 (2)
1192 3042 1234 3066 Ms.
1250 3041 1408 3066 cancellarii.
