2342 3652
921 347 1140 388 PREMIERE
1162 345 1319 386 ANNEE.
2126 356 2160 385 15

79 431 247 471 apostolice
277 431 343 460 sedi
363 455 369 467 ‚
400 430 560 469 subjaceat
578 454 584 466 ,
614 430 756 459 eximens
774 451 780 463 ,
809 425 916 456 statuit
945 431 1077 453 censum

80 486 177 516 unius
197 485 289 514 uncie
307 484 377 513 auri
400 484 440 513 ab
465 483 575 513 eodem
597 481 787 511 monasterio
804 482 923 513 vestrO,
946 477 979 505 in
1001 476 1079 505 festo

79 539 163 568 beati
179 538 265 567 Petri
282 536 493 575 apostolorum
515 536 666 574 principis
677 559 684 571 ,
701 533 739 563 ad
754 531 909 562 indicium
926 529 1080 558 libertatis

79 590 280 630 hujusmodi,
298 590 381 619 dicte
400 589 467 619 sedi
481 589 578 618 annis
593 587 728 625 singulis
746 582 992 624 persolvendum
1006 604 1013 618 ‚
1031 580 1079 610 fa-

82 643 250 674 cultatibus
281 643 412 681 insuper
435 652 470 672 ac
499 647 579 671 statu
607 639 749 679 ejusdem
776 635 960 666 monasterii
986 634 1081 663 vestri

81 696 210 735 provide
226 695 454 735 deliberatione
470 695 625 734 pensatis,
642 694 675 722 in
692 700 727 722 eo
742 689 977 729 quinquaginta
992 696 1081 717 soro-

82 759 154 780 rum
171 750 341 787 collegium
364 749 532 779 ordinavit.
551 748 612 778 Sed
631 746 705 785 quia
720 745 758 774 de
778 744 878 782 ipsius
896 741 1082 772 monasterii

82 805 178 835 vestri
195 809 289 841 statu,
304 809 428 843 propter
444 805 512 842 ejus
528 803 708 836 novitatem,
726 798 880 828 certitudo
894 797 988 836 plena
1005 805 1082 827 non-

82 857 160 888 dum
182 858 292 887 haberi
310 861 450 896 poterat,
473 861 534 885 tam
553 853 719 893 apostolice
740 852 807 881 sedi
829 859 925 889 quam
945 850 1005 879 sibi
1027 859 1081 879 su-

82 920 138 950 per
152 911 411 948 augmentatione
430 909 478 939 vel
501 906 713 937 diminutione
731 903 918 943 hujusmodi
938 910 1083 932 sororum

84 964 210 994 numeri
228 968 409 1002 potestatem
427 961 600 1000 plenariam
620 957 808 993 reservavit,
834 965 869 986 ac
893 956 996 985 eidem
1013 964 1081 985 mo-

84 1017 222 1046 nasterio
238 1021 284 1052 te,
303 1016 368 1045 filia
384 1015 530 1049 Juliana,
547 1016 622 1042 tunc
638 1011 780 1050 ejusdem
797 1009 982 1040 monasterii
998 1017 1082 1038 soro-

83 1077 152 1098 rem
175 1069 208 1098 in
233 1068 422 1098 abbatissam
449 1065 593 1104 prefecit,
619 1064 670 1093 cui
695 1063 813 1101 tibique
841 1061 1084 1091 succedentibus

84 1122 236 1152 canonice
251 1122 284 1150 in
302 1120 456 1158 regimine
471 1119 568 1157 ipsius
584 1116 780 1152 monasterii,
797 1124 851 1145 vos
867 1114 932 1144 filie
949 1122 1085 1144 conven-

85 1180 136 1205 tus
154 1179 184 1204 et
205 1174 267 1204 alie
286 1182 422 1209 sorores,
445 1171 557 1214 que-in
580 1170 690 1200 eodem
713 1168 905 1199 monasterio
927 1176 982 1206 pro
1004 1171 1084 1196 tem-

87 1237 160 1267 pore
172 1228 294 1258 tuerint
304 1227 392 1265 juxta
408 1224 522 1264 prefate
539 1223 647 1261 regule
659 1222 906 1257 observantiam,
922 1229 1017 1260 quam
1030 1228 1086 1250 vo-

86 1281 135 1310 bis
144 1280 372 1311 observandam
383 1278 415 1307 in
427 1281 614 1316 perpetuum
628 1274 947 1305 suarumlitterarum
963 1278 1084 1311 tenore,

86 1334 268 1364 auctoritate
284 1332 419 1372 predicta
430 1353 439 1369 ‚
458 1330 601 1367 tradidit,
621 1329 797 1359 teneamini
813 1337 887 1358 cum
907 1327 1086 1357 reverentia

87 1387 225 1417 obedire.
242 1387 286 1415 Ac
302 1384 499 1424 postmodum
516 1383 602 1412 idem
617 1383 752 1420 legatus,
768 1390 842 1412 cum
857 1389 921 1411 non
934 1384 1038 1420 posset
1049 1379 1088 1409 ad

88 1441 193 1480 ipsum
208 1438 436 1469 monasterium
449 1441 574 1476 propter
587 1437 636 1466 sui
652 1436 790 1475 corporis
803 1435 1024 1464 infirmitatem
1041 1442 1090 1463 ac-

91 1493 219 1528 cedere,
239 1491 360 1521 dilectis
377 1490 476 1519 filiis..
502 1489 607 1519 abbati
630 1488 813 1518 monasterii
833 1488 940 1517 Sancti
969 1486 1090 1517 Leodo-

90 1546 172 1576 mari
189 1544 366 1580 Blesensis,
387 1543 591 1573 Carnotensis
613 1542 763 1578 diocesis,
781 1546 811 1571 et
826 1541 915 1570 fratri
936 1540 1090 1570 Riccardo

91 1599 130 1628 de
144 1597 337 1633 Columbeio,
353 1597 391 1626 de
403 1596 514 1626 ordine
532 1596 707 1632 minorum,
725 1594 889 1633 capellano
903 1598 933 1623 et
946 1594 1090 1632 peniten-

93 1651 181 1682 tiario
204 1659 282 1688 suo¹
305 1659 361 1688 per
387 1658 460 1679 suas
483 1649 542 1679 sub
567 1653 651 1678 certa
673 1649 774 1678 forma
799 1647 886 1677 dedit
908 1646 1030 1677 litteras
1057 1647 1092 1676 in

93 1704 248 1735 mandatis
261 1727 268 1740 ,
288 1707 323 1733 ut
337 1703 414 1741 ipsi,
431 1702 481 1732 vel
496 1711 607 1732 eorum
625 1702 722 1736 alter,
738 1702 777 1731 ad
794 1701 913 1730 dictum
930 1703 1092 1729 monaste-

91 1758 174 1788 rium
191 1761 330 1787 vestrum
345 1756 553 1795 personaliter
567 1755 752 1786 accedentes
768 1754 953 1793 hujusmodi
967 1762 1092 1792 proces-

91 1820 161 1841 sum
171 1833 180 1848 ,
196 1814 227 1840 et
238 1810 471 1841 ordinationem
486 1809 627 1848 ejusdem
643 1809 739 1847 legati
758 1813 821 1839 tam
843 1808 878 1838 in
897 1807 1007 1837 eodem
1023 1815 1093 1836 mo-

92 1863 227 1894 nasterio
261 1872 357 1902 quam
389 1862 468 1893 alias
481 1886 490 1899 ‚
531 1863 584 1893 ubi
620 1867 649 1892 et
686 1862 814 1901 quando
850 1861 895 1891 eis
934 1861 1094 1890 videretur

92 1913 276 1953 expediens,
299 1914 520 1952 public-arent,
547 1914 685 1944 eundem
709 1922 889 1952 processum
913 1913 1092 1942 executioni

92 1967 195 1997 debite
210 1967 448 2003 demandando3
467 1971 498 1997 et
509 1967 637 1996 tandem
652 1967 748 1996 abbas
762 1971 791 1996 et
807 1966 903 1996 frater
919 1965 1094 1995 Riccardus

93 2020 223 2059 predicti
239 2020 421 2060 hujusmodi
434 2029 613 2062 processum
633 2025 663 2050 et
677 2020 912 2050 ordinationem
927 2019 1093 2049 memorati

92 2073 188 2111 legati
209 2073 385 2103 executioni
408 2073 601 2103 demandare
624 2061 796 2110 diligenter
818 2077 848 2102 et
867 2071 1000 2102 sollicite
1025 2076 1092 2101 stu-

93 2127 240 2157 duerunt.
279 2127 370 2157 Dicto
405 2132 509 2157 autem
553 2127 771 2166 predecessore
809 2126 903 2156 rebus
941 2125 1096 2155 humanis

93 2182 247 2216 exempto,
261 2178 398 2217 prefatus
410 2178 533 2216 legatus
548 2179 700 2217 premissa
713 2178 821 2208 omnia
834 2177 935 2207 felicis
949 2176 1095 2206 recorda-

94 2231 189 2261 tionis
206 2230 344 2261 Honorio
363 2240 441 2270 pape
461 2232 527 2261 IIII
550 2231 764 2270 predecessori
788 2235 912 2267 nostro,
942 2234 1034 2269 prout
1057 2229 1096 2259 ab

94 2283 205 2313 eodem
219 2283 436 2322 predecessore
452 2285 591 2315 Martino
607 2285 641 2315 in
665 2284 823 2314 mandatis
844 2284 1016 2319 babuerat,
1041 2291 1097 2321 per

93 2345 166 2367 suas
201 2336 319 2367 litteras
348 2338 518 2368 intimavit.
556 2339 621 2369 Nos
650 2339 757 2378 itaque
790 2338 902 2368 vestris
933 2337 1093 2375 supplica—

95 2390 234 2420 tionibus
275 2390 420 2420 inclinati
442 2416 449 2428 ,
489 2393 573 2431 quod
604 2402 622 2422 a
656 2393 775 2431 prefato
812 2392 916 2430 legato
948 2392 983 2421 in
1026 2399 1095 2430 pre-

94 2442 200 2472 missis
225 2446 289 2471 tam
314 2451 376 2481 quo
396 2444 434 2473 ad
456 2446 670 2484 receptionem
693 2445 794 2485 ipsius
819 2445 1006 2474 manasterii
1021 2453 1096 2474 cum

95 2495 257 2534 personis,
288 2496 415 2542 juribus
445 2501 476 2526 et
501 2498 725 2536 pertinentiis,
758 2499 792 2528 in
822 2499 875 2537 jus
900 2502 930 2527 et
954 2497 1096 2536 proprie-

96 2552 193 2578 tatem
222 2548 304 2595 heati
334 2549 419 2578 Petri
443 2574 449 2586 ,
483 2559 606 2581 necnon
637 2556 666 2581 et
696 2560 758 2590 quo
791 2551 829 2581 ad
862 2552 1096 2589 exemptionem

94 2601 135 2631 ab
163 2601 252 2631 omni
287 2602 482 2640 subJectione
512 2605 726 2642 quorumlibet
757 2605 994 2635 ordinariorum
1016 2629 1022 2640 ‚
1054 2604 1098 2633 ita

95 2658 131 2683 ut
150 2653 254 2691 nulli,
281 2655 343 2684 nisi
359 2655 526 2693 apostolice
545 2657 629 2694 sedi,
647 2658 849 2696 subJaceant‚
866 2666 962 2696 qnam
978 2665 1041 2696 quo
1058 2656 1097 2686 ad

95 2715 229 2737 censum
244 2716 390 2737 annuum
408 2717 642 2749 numerumque
664 2711 854 2741 monialium
874 2714 1028 2740 statutum
1044 2718 1098 2748 per

97 2760 203 2799 ipsum
218 2761 253 2790 in
269 2762 462 2792 monasterio
478 2762 656 2801 supradicto
671 2768 701 2794 et
715 2757 906 2794 abbatissam
925 2764 959 2793 in
977 2772 1013 2793 eo
1028 2771 1097 2801 pre-

96 2813 211 2843 tectam
225 2818 255 2843 et
269 2815 414 2852 regulam
426 2815 502 2854 ipsis
520 2815 664 2846 traditam
679 2818 719 2847 ab
732 2818 777 2847 eis
790 2823 820 2847 et
832 2817 1025 2847 successuris
1039 2816 1100 2845 eis·

97 2866 170 2896 dem
184 2867 219 2896 in
234 2872 422 2907 perpetuum
439 2869 685 2908 observandam,
709 2871 812 2901 taliter
828 2872 943 2901 factum
964 2875 1030 2907 est,
1047 2878 1097 2899 ra-

99 2924 165 2949 tum
187 2925 218 2950 et
237 2926 362 2959 gratum
379 2922 532 2952 habentes
545 2945 553 2959 ‚
575 2923 655 2953 illud
676 2925 858 2954 auctoritate
875 2924 1045 2963 apostolica
1063 2932 1098 2952 ex

99 2976 184 3002 certa
197 2974 328 3019 scientia
345 2975 572 3005 confirmamus
589 2980 619 3005 et
633 2977 788 3014 presentis
803 2978 910 3016 scripti
926 2976 1100 3016 patrocinio

98 3027 347 3057 communimus.
363 3028 519 3059 Tenorem
537 3028 749 3067 predictarum
762 3029 941 3060 litterarum
957 3029 1101 3068 ejusdem

1159 421 1256 459 legati
1271 422 1391 459 prefato
1408 420 1621 459 predecessori
1633 419 1785 455 Honorio,
1800 421 1834 448 ut
1845 420 2050 457 premittitur,
2062 421 2161 450 direc-

1161 478 1266 503 tarum
1272 474 1310 503 de
1319 474 1414 504 verbo
1426 474 1465 503 ad
1475 473 1607 503 verbum
1616 467 1815 511 presentibus
1823 472 1924 502 inseri
1935 473 2035 502 facien
2043 477 2096 508 tes,
2108 474 2163 512 qui

1162 527 1234 556 talis
1251 532 1296 557 est
1314 537 1320 553 ε

1203 593 1215 607 «
1248 580 1455 610 Sanctissimo
1486 580 1567 619 patri
1588 588 1624 609 ac
1649 580 1906 609 reverentissimo
1932 580 2061 609 domino
2088 588 2163 616 suo,

1164 645 1176 659 n
1202 633 1332 663 domino
1349 634 1389 663 H.
1407 633 1516 662 divina
1538 633 1735 671 providentia
1758 637 1956 662 sacrosancte
1980 641 2111 662 romane
2130 641 2166 662 ac

1164 698 1177 712 »
1204 686 1393 715 universalis
1408 686 1538 716 ecclesie
1554 694 1680 715 summo
1695 685 1846 724 pontifici,
1865 685 1996 715 devotus
2015 686 2083 723 ejus
2101 694 2168 714 ser-

1164 750 1178 765 »
1202 748 1261 768 vus
1278 743 1309 767 et
1322 738 1408 768 filius
1424 738 1606 774 Johannes,
1631 739 1691 768 Dei
1710 739 1918 777 permissione
1945 738 2027 767 tituli
2050 738 2167 768 Sancte

1165 803 1179 818 ³>
1203 791 1320 821 Cecilie
1338 792 1504 830 presbyter
1521 791 1713 828 cardinalis,
1732 800 1805 820 cum
1832 791 1947 821 humili
1966 799 2166 821 recommen-

1166 858 1179 872 »
1205 845 1330 875 datione
1347 845 1396 874 sui
1417 845 1620 881 devotissima
1641 845 1758 883 pedum
1773 845 1881 874 oscula
1896 845 2073 875 beatorum.
2100 845 2166 874 Du—

1167 910 1180 925 »
1204 899 1282 927 dum
1298 898 1398 928 felicis
1414 898 1640 928 recordationis
1655 898 1737 937 (l)...
1755 915 1795 920 —
1810 899 1928 928 Datum
1943 898 2026 936 apud
2043 897 2167 927 Vallem

1167 964 1181 978 ι)
1204 951 1338 981 Gerardi
1354 960 1448 990 prope
1466 951 1624 989 Parisius,
1640 961 1680 981 xv
1696 951 1848 981 kalendas
1864 952 1989 988 martii,
2006 951 2169 989 pontifica-

1169 1016 1182 1031 n
1207 1009 1256 1034 tus
1272 1005 1367 1034 vestri
1387 1013 1472 1034 anno
1486 1004 1636 1034 secundo.
1656 1016 1668 1031 »

1208 1057 1298 1087 Nulli
1329 1065 1403 1095 ergo
1416 1080 1424 1094 ,
1456 1062 1514 1087 etc.
1528 1080 1536 1093 ,
1567 1061 1674 1087 nostre
1704 1057 1975 1093 confirmationis,
2007 1061 2065 1087 etc.
2096 1057 2170 1086 Dat.

1168 1112 1279 1147 Rome,
1296 1111 1380 1150 apud
1401 1111 1433 1141 S.
1450 1111 1592 1146 Petrum,
1608 1121 1627 1139 v
1642 1110 1796 1140 kalendas
1812 1111 1900 1147 maii,
1917 1119 2003 1140 anno
2023 1111 2134 1148 primo.
2156 1122 2168 1137 n

1242 1277 1339 1305 286
1344 1277 1364 1304 Ι

1205 1338 1424 1365 Transmundus
1449 1338 1611 1373 praeficitur
1633 1338 1771 1364 ecclesiae
1793 1337 2001 1372 Senogaliensi.
2019 1337 2107 1370 (Rea.
2126 1337 2173 1366 44,

1171 1397 1196 1415 c.
1214 1388 1258 1419 45,
1275 1388 1293 1414 f.
1315 1388 1344 1415 ¹2
1360 1390 1408 1420 r0.)

1662 1275 1870 1310 Saint-Pierre,
1887 1276 1919 1302 21
1937 1276 2007 1302 avril
2026 1276 2101 1302 1288.

1218 1490 1387 1519 Venerabili
1404 1490 1523 1525 fratri..
1545 1489 1774 1525 Transmundo,
1799 1490 1932 1527 episcopo
1953 1490 2175 1527 Senoqalz'ensi.

1174 1543 1256 1572 Eum
1286 1547 1361 1572 tunc
1389 1542 1535 1571 abbatem
1561 1542 1747 1571 monasterii
1775 1542 1963 1572 Sicriensis.
1997 1542 2178 1572 Nucerinae

1175 1596 1343 1631 dioecesis,
1367 1595 1519 1624 ecclesiae
1544 1594 1765 1632 Senogaliensi
1788 1604 1843 1633 per
1866 1600 2000 1624 mortem
2016 1595 2038 1624 F
2042 1594 2176 1624 rederici

1175 1649 1300 1678 vacanti
1315 1648 1458 1687 praeficit
1473 1648 1507 1676 in
1528 1648 1727 1685 episcopum,
1744 1648 1919 1677 secundum
1937 1647 2177 1686 postulationem

1175 1702 1216 1731 de
1231 1710 1268 1731 eo
1281 1702 1395 1731 factam
1410 1709 1465 1739 per
1480 1723 1498 1729 ..
1516 1700 1741 1739 praepositum,
1753 1700 1967 1739 Bonajuntam
1984 1700 2022 1730 de
2032 1702 2176 1735 Ancona,

1178 1754 1348 1784 Nicolaum
1373 1754 1411 1784 de
1437 1754 1516 1784 Saxo
1542 1754 1671 1783 Ferrato
1692 1758 1722 1783 et
1745 1754 1992 1791 Handederum,
2012 1754 2181 1784 canonicos

1176 1808 1277 1846 ipsius
1293 1806 1444 1837 ecclesiae
1457 1830 1463 1841 ,
1478 1807 1513 1836 in
1532 1806 1663 1836 nomine
1679 1806 1808 1845 capituli
1823 1801 1966 1836 factam.'

1218 1860 1257 1889 In
1278 1869 1305 1889 e.
1326 1868 1370 1889 m.
1397 1881 1417 1889 ..
1436 1860 1613 1898 praeposito
1636 1864 1666 1889 et
1689 1859 1826 1898 capitulo
1848 1859 2068 1897 Senogaliensi
2089 1868 2183 1889 man—

1178 1914 1229 1943 dat
1249 1918 1406 1952 quatenus
1423 1913 1526 1942 eidem
1543 1913 1686 1951 episcopo
1704 1913 1844 1943 debitam
1859 1913 2075 1942 obedientiam
2090 1921 2181 1951 prae-

1178 1967 1286 1997 beant.

1219 2021 1257 2049 In
1274 2030 1302 2050 e.
1318 2029 1361 2049 m.
1379 2019 1494 2058 populo
1510 2020 1646 2049 civitatis
1660 2024 1690 2050 et
1702 2019 1852 2049 dioecesis
1874 2019 2122 2057 Senogaliensis.

1218 2073 1256 2103 In
1283 2082 1311 2103 e.
1339 2082 1381 2102 m.
1416 2073 1566 2103 omnibus
1592 2072 1736 2102 vassallis
1766 2072 1916 2102 ecclesiae
1946 2071 2185 2110 Senogaliensis

1177 2126 1309 2156 mandat
1326 2130 1483 2165 quatenus
1508 2126 1611 2155 eidem
1635 2127 1780 2164 episcopo
1805 2126 1896 2155 solita
1911 2125 2073 2155 fidelitatis
2093 2125 2183 2163 jura-

1180 2185 1288 2209 menta
1303 2184 1333 2209 et
1348 2180 1476 2209 servitia
1493 2180 1671 2218 praebeant.

1225 2246 1238 2260 ‹
1259 2233 1310 2263 Ad
1326 2232 1518 2263 universalis
1532 2232 1700 2262 ecclesie...
1717 2248 1757 2254 —
1770 2232 1840 2261 Dat.
1857 2232 1968 2269 Rome,
1985 2231 2070 2270 apud
2089 2231 2185 2262 Sanc-

1181 2292 1248 2316 tum
1267 2287 1417 2323 Petrum,
1436 2295 1467 2315 xl
1483 2285 1636 2315 kalendas
1652 2285 1749 2322 maii,
1764 2293 1850 2315 anno
1864 2285 1978 2323 primo.
1997 2297 2008 2310 ι

1250 2445 1307 2474 82
1670 2443 1864 2470 Saint-Pierre
1875 2465 1881 2476 ‚
1898 2443 1932 2470 ‘24
1948 2444 2016 2470 avril
2037 2443 2113 2470 1288.

1215 2507 1365 2534 Fratribus
1379 2508 1546 2534 monasterii
1561 2507 1742 2533 Claraevallis
1757 2506 1919 2533 facultatem
1939 2506 2058 2540 largitur
2079 2513 2185 2531 conce-

1180 2555 1266 2583 dendi
1283 2556 1464 2583 medietatem
1477 2557 1615 2582 ecclesiae
1627 2555 1661 2581 de
1674 2555 1815 2586 Rodeam,
1829 2554 2020 2581 Eboracensis
2031 2553 2183 2586 dioecesis,

1180 2613 1232 2640 pro
1253 2609 1330 2631 certo
1351 2613 1445 2631 annuo
1460 2612 1564 2636 censu,
1591 2603 1706 2630 cuidam
1721 2603 1895 2629 monasterio
1911 2603 2039 2637 ipsorum
2054 2602 2164 2628 ordinis
2177 2623 2183 2635 ‚

1180 2654 1373 2680 Eboracensis
1394 2653 1546 2680 dioecesis.
1575 2652 1662 2679 (Rae.
1691 2652 1733 2682 44,
1760 2656 1786 2677 e.
1810 2651 1841 2678 46
1856 2672 1862 2683 ,
1888 2651 1907 2677 f.
1931 2650 1964 2677 12
1988 2655 2034 2684 v03
2058 2650 2125 2677 Lar.
2150 2659 2185 2678 nn

1181 2702 1284 2733 Tuan„
1303 2701 1330 2733 I,
1349 2702 1386 2734 9.)

1223 2806 1341 2834 Dilectis
1367 2804 1466 2841 filiis..
1495 2804 1592 2832 abbati
1627 2808 1653 2831 et
1681 2803 1840 2831 conventui
1872 2803 2050 2831 monasterii
2081 2801 2185 2831 Glare-

1182 2859 1284 2893 vallis,
1300 2857 1500 2886 Cisterciencz‘s
1515 2856 1643 2890 ordinis,
1657 2856 1853 2892 Linyonensz's
1865 2855 1997 2884 diocesis.
2017 2865 2031 2880 ει
2047 2854 2185 2883 Presen-

1185 2916 1246 2940 tata
1271 2910 1362 2940 nobis
1388 2919 1423 2939 ex
1451 2913 1537 2947 parte
1559 2912 1663 2938 vestra
1688 2907 1796 2946 petitio
1817 2907 1999 2937 continebat
2024 2906 2107 2945 quod
2132 2914 2186 2936 vos

1218 3031 1249 3060 (l)
1268 3030 1333 3054 Voir
1347 3031 1416 3053 cette
1426 3029 1501 3052 lettre
1516 3027 1580 3051 dans
1593 3026 1741 3058 sbaraglia,
1759 3026 1824 3051 Bull.
1837 3027 1940 3055 Franc..
1957 3025 2002 3055 IV,
2022 3025 2102 3050 13-15.
