2342 3652
951 368 1183 405 TROISIEME
1204 367 1360 406 ANNiin.
2142 380 2198 410 605

107 440 269 473 tenemur,
293 438 491 475 presentium
514 440 700 470 auctoritate
721 442 890 472 statuimus
914 441 1115 472 decernendo

107 493 138 519 et
152 489 320 519 statuendo
335 489 540 520 decernimus
557 493 642 530 quod
659 494 877 532 supradictum
890 495 992 533 ipsius
1008 494 1115 533 prede-

108 541 240 572 cessoris
254 541 430 572 Clementis
447 544 663 582 privilegium,
683 547 727 576 rei
745 547 794 577 vel
812 548 920 578 delicti
938 557 993 578 seu
1009 548 1115 587 quali-

109 596 160 625 bet
174 594 237 625 alia
252 603 346 625 causa
361 596 429 625 sive
445 597 538 627 modo
561 604 614 627 aut
631 600 767 637 ratione,
785 601 825 630 ad
845 606 1033 632 memoratos
1050 602 1113 631 fra-

108 651 182 684 tres,
200 647 249 678 vel
265 649 321 687 qui
337 648 376 678 de
392 649 485 679 domo
501 651 641 688 predicta
656 652 805 691 deinceps
820 654 852 683 in
868 654 951 684 dicta
961 654 1035 684 villa
1048 655 1114 684 sive

109 701 266 731 territorio
288 710 342 731 seu
369 702 515 732 districtu
538 704 658 734 fuerint
681 710 711 735 et
735 706 811 737 illuc
834 709 1041 744 accesserint,
1059 717 1113 737 seu

55 755 57 758 ⁴
108 755 203 784 etiam
223 763 285 784 uon
309 755 431 785 ratione
446 765 535 786 more
551 757 671 787 ibidem
689 760 819 796 perinde
839 762 1008 791 transitum
1032 762 1114 791 fece-

108 807 183 844 rint,
203 807 386 837 nullatenus
402 809 602 847 extendatur,
616 810 704 841 illius
722 813 785 842 vim
803 818 832 843 et
847 814 989 852 vigorem
1006 824 1114 852 quem-

108 860 184 890 libet
201 869 264 899 quo
280 861 319 890 ad
335 861 410 891 tales
421 862 546 899 juribus
565 864 693 902 penitus
709 871 888 904 vacuantes,
905 868 997 897 dictis
1008 868 1114 897 abbati

109 918 140 943 et
154 914 327 944 conventui
343 914 474 952 suisque
498 917 733 947 successoribus
758 918 791 947 in
816 920 934 957 prefato
957 924 1114 950 monaste-

108 967 156 997 rio
172 967 303 1006 ejusque
318 968 463 1006 personis
479 969 631 999 omnibus
647 980 702 1000 seu
727 971 801 1001 alibi
826 973 1003 1010 quemlibet
1020 975 1115 1012 juris-

107 1020 259 1051 dictionis
276 1030 369 1050 usum
387 1025 416 1050 et
433 1022 620 1052 exercitium
647 1024 747 1062 ipsius
767 1026 926 1064 privilegii
949 1027 1114 1057 interdici-

107 1083 178 1104 mus
193 1074 231 1104 de
244 1073 414 1113 apostolice
431 1075 632 1113 plenitudine
646 1079 817 1115 potestatis,
833 1088 867 1108 ac
878 1081 1113 1119 insuperquas-

105 1135 242 1167 cumque
258 1129 433 1158 sententias
445 1133 475 1158 et
492 1138 656 1168 processus
672 1140 727 1168 per
743 1131 822 1161 illud
839 1132 887 1161 vel
905 1133 973 1171 ejus
984 1134 1113 1163 obtentu

106 1181 230 1211 habitos
247 1185 277 1211 et
292 1182 455 1212 habendos
477 1183 510 1211 in
533 1182 609 1213 tales
632 1183 680 1213 vel
703 1193 811 1213 eorum
833 1185 974 1224 aliquem
993 1186 1112 1216 relaxa-

105 1243 177 1264 mus
191 1239 222 1264 et
235 1234 357 1264 nullius
370 1235 518 1265 volumus
528 1237 660 1266 existere
672 1237 843 1267 firmitatis.
857 1238 947 1268 Nulli
958 1248 1041 1276 ergo,
1053 1243 1110 1269 etc.

106 1292 212 1318 nostre
227 1289 484 1325 constitutionis,
507 1290 632 1326 statuti,
661 1291 877 1328 vacuationis,
902 1292 1065 1322 interdicti
1084 1297 1114 1321 et

105 1341 323 1377 relaxationis,
342 1346 400 1372 etc.
422 1342 455 1372 Si
472 1342 546 1381 quis
561 1347 685 1379 autem,
705 1348 763 1373 etc.
784 1344 856 1373 Dat.
870 1344 953 1382 apud
971 1345 1111 1374 Urbem-

106 1399 257 1430 veterem,
273 1404 324 1424 xvx
341 1394 494 1425 kalendas
509 1396 629 1432 martii,
646 1405 732 1426 auno
750 1397 850 1427 tertio.
872 1410 883 1423 n

176 1580 293 1610 4099

143 1644 186 1670 De
206 1644 389 1671 contentione
408 1644 482 1670 inter
503 1645 709 1670 monasterium
729 1645 810 1671 villae
826 1644 923 1671 Sancti
939 1645 1047 1679 Egidii,
1065 1653 1112 1671 or-

107 1693 184 1720 dinis
199 1692 230 1719 S.
247 1692 414 1726 Benedicti,
431 1692 641 1719 Nemausensis
657 1693 814 1725 dioecesis,
835 1697 863 1719 et
886 1694 987 1720 fratres
1003 1694 1112 1720 ordinis

108 1742 206 1769 Sancti
233 1742 376 1769 «Iohannis
404 1741 631 1769 Jerosolimitani
662 1743 794 1777 ejusdem
828 1743 918 1769 villae.
949 1743 1030 1775 (Rau.
1063 1744 1111 1774 45,

108 1799 133 1818 c.
150 1791 223 1821 699²,
240 1791 260 1817 f.
278 1791 327 1817 142
344 1796 391 1822 v⁰;
409 1799 444 1816 en
462 1792 582 1825 mai-ge.)

648 1581 773 1613 Orvieto,
795 1583 824 1608 14
840 1582 945 1609 fevi-ier
962 1582 1039 1610 1‘291.

146 1892 303 1929 Nicolaus,
321 1897 372 1923 etc.
389 1893 433 1922 Ad
455 1897 630 1931 perpetuam
650 1893 696 1921 rei
711 1894 901 1922 memoriam.
920 1905 934 1919 «
955 1892 1038 1922 Sunt
1058 1893 1113 1931 qui

107 1955 176 1976 esse
194 1946 313 1976 Christi
329 1945 455 1984 pugiles
469 1945 662 1983 affectantes,
682 1950 740 1975 etc.
760 1950 792 1974 ut
811 1946 844 1974 iu
862 1946 1004 1984 proxima
1020 1955 1112 1985 supe-

106 2000 184 2030 riori
201 2009 302 2038 usque
318 1999 366 2029 hii
387 1999 526 2038 profecto
543 1999 707 2037 hospitalis
726 1999 835 2029 Sancti
852 1999 1011 2029 ‘Iohannis
1026 2000 1111 2029 Jero-

107 2053 284 2083 solimitani
305 2053 416 2082 iratres
438 2052 495 2091 qui
520 2062 553 2082 se
577 2052 759 2082 voluntarie
779 2052 912 2088 talibus,
939 2058 996 2082 etc.
1024 2056 1058 2081 ut
1080 2053 1113 2081 in

106 2106 216 2137 eadem
234 2115 335 2145 usque
360 2106 509 2145 quodque
530 2114 588 2136 nos
612 2106 777 2135 minorum
801 2105 924 2135 ordinis
949 2106 1113 2135 existimus

106 2160 309 2198 professores,
327 2159 494 2197 religiosos
509 2168 620 2189 omnes
635 2164 799 2198 propterea
816 2159 981 2188 defensare
1002 2159 1112 2197 spetia-

105 2213 191 2250 liter,
209 2217 266 2244 etc.
285 2222 386 2252 usque
401 2213 441 2243 ad
459 2217 651 2243 memoratos
673 2212 797 2247 fratres,
820 2213 867 2242 vel
885 2213 939 2251 qui
955 2212 992 2241 de
1010 2212 1111 2250 hospi-

107 2266 161 2296 tali
181 2267 322 2306 predicto
345 2267 497 2306 deinceps
522 2266 557 2295 in
582 2267 665 2296 dicta
685 2266 760 2296 villa
783 2276 837 2295 seu
863 2266 1020 2295 territorio
1046 2265 1113 2294 sive

106 2319 250 2349 districtu
269 2320 398 2355 suerint,
412 2324 469 2349 etc.
488 2328 590 2358 usque
607 2320 641 2349 in
664 2320 740 2349 fine.
756 2320 826 2348 Dat.
842 2324 876 2348 ut
892 2327 999 2357 supra.
1018 2330 1030 2344 n

177 2505 433 2536 4100—4103

141 2567 350 2602 Indulgentiae.
369 2568 453 2601 (Rae.
470 2569 512 2599 45,
529 2576 554 2594 C.
572 2568 633 2601 700,
650 2568 669 2594 f.
692 2568 737 2595 143
755 2569 802 2600 ro.)

659 2505 789 2536 Orvieto,
808 2505 821 2530 '2
836 2506 947 2539 janvier
966 2504 1040 2530 1291.

149 2673 302 2702 Universz's
325 2671 436 2701 Christi
454 2672 596 2709 fidelibus
618 2678 762 2710 presentes
786 2673 902 2701 litteras
922 2673 1110 2709 inspecturis.

107 2725 345 2764 Indulgentiam
360 2726 455 2755 unius
469 2726 550 2755 anni
567 2730 596 2755 et
610 2735 647 2755 XL
662 2726 788 2755 dierum
804 2725 948 2755 concedit
963 2724 1113 2754 omnibus

106 2788 180 2809 vere
202 2779 441 2817 poenitentibus
459 2783 489 2809 et
514 2779 667 2809 confessis
693 2779 747 2817 qui
765 2778 916 2817 capellam
937 2778 1045 2808 Sancti
1062 2778 1114 2807 Jo-

106 2832 225 2863 hannis
250 2832 470 2870 Evangelistae
488 2833 572 2862 infra
595 2837 681 2871 septa
701 2832 886 2862 monasterii
909 2831 946 2861 de
965 2831 1113 2869 Senipin-

106 2885 220 2924 gham,
240 2885 475 2916 Liucoiniensis
490 2885 662 2922 dioecesis,
676 2889 890 2915 constructam
903 2907 910 2920 ,
928 2884 1021 2914 certis
1044 2884 1113 2913 die-

106 2938 165 2968 bus
181 2938 392 2968 visitaverint.

149 3003 162 3018 ιι
182 2991 252 3021 Vite
269 2991 420 3030 perennis
435 2991 575 3029 gloria...
594 3007 632 3012 -
648 2991 718 3019 Dat.
737 2989 820 3028 apud
838 2989 1113 3025 Urbemveterem,

108 3053 153 3074 1111
169 3044 431 3084 nonasjanuarfi,
449 3053 535 3074 anno
554 3044 655 3074 tertio.
676 3055 689 3069 n

1238 442 1276 472 In
1291 451 1318 473 e.
1335 452 1391 479 m.,
1405 452 1461 482 pro
1473 444 1593 483 capella
1604 444 1713 474 Sancti
1731 445 1885 484 Stephani
1897 446 2141 485 protomartyris
2153 447 2201 476 in-

1184 494 1246 537 ·fra
1276 500 1362 533 septa
1392 497 1578 527 monasterii
1610 497 1648 527 de
1679 498 1910 537 Sempingham
1937 503 2116 529 constructa
2140 499 2200 539 (En

1197 556 1311 585 marqe.

1238 601 1274 630 In
1291 548 1398 639 e.)m.,
1420 611 1474 641 pro
1500 603 1621 642 capella
1642 603 1775 634 Sanctae
1798 605 1971 634 Katerinae
1988 605 2072 634 infra
2088 605 2199 635 eadem

1197 655 1284 692 septa
1299 659 1477 686 constructa
1493 656 1597 694 (Ibid.)

1751 736 1882 770 Orvieto,
1898 737 1914 764 9
1929 738 2033 764 fevi-iet·
2049 738 2126 765 ¹291.

1237 811 1274 839 In
1291 819 1317 840 e.
1336 820 1392 846 m.,
1405 820 1460 850 pro
1475 812 1607 842 ecclesia
1623 800 1807 843 monasterii
1821 813 1954 843 Sanctae
1971 815 2090 844 Mariae
2104 815 2200 845 Lexo-

1197 862 1328 893 viensis.
1349 864 1418 893 Dat.
1432 865 1514 903 apud
1530 866 1801 902 Urbemveterem‚
1819 867 1920 896 vidus
1936 867 2099 905 februarii,
2113 876 2199 898 anno

1197 917 1298 947 tertio.

1237 970 1273 998 Iu
1287 978 1313 999 e.
1330 979 1385 1007 m.,
1399 979 1455 1009 pro
1467 971 1599 1001 ecclesia
1614 973 1799 1002 monasterii
1813 972 1927 1002 Beatae
1940 973 2061 1003 Mariae
2074 974 2112 1003 de
2124 974 2197 1004 Cor-

1196 1021 1318 1059 meliiS,
1337 1023 1542 1053 Lexoviensis
1557 1024 1720 1054 dioecesis.

1236 1076 1272 1105 In
1291 1086 1319 1106 e.
1340 1086 1396 1112 m.,
1418 1085 1474 1115 pro
1492 1077 1624 1107 ecclesia
1645 1077 1753 1107 Sancti
1777 1078 1946 1108 Michaelis
1969 1079 2006 1108 de
2020 1079 2198 1109 Wancellis

1193 1129 1283 1167 juxta
1298 1129 1490 1166 Cadomurn,
1510 1130 1692 1160 Baiocensis
1709 1131 1873 1161 dioecesis.
1892 1132 1962 1161 Dat.
1982 1136 2016 1162 ut
2031 1141 2135 1171 supra.

1236 1183 1273 1211 In
1291 1191 1318 1212 e.
1338 1191 1394 1219 m.‚
1412 1192 1467 1221 pro
1483 1183 1614 1213 ecclesia
1631 1183 1764 1214 Sanctae
1782 1185 1901 1215 Mariae
1917 1185 1954 1215 de
1972 1186 2121 1223 Ursione,
2142 1186 2197 1215 Bi-

1197 1236 1366 1266 turicensis
1380 1236 1543 1266 dioecesis.
1561 1237 1632 1266 Dat.
1653 1242 1687 1266 ut
1702 1247 1807 1276 supra.

1235 1289 1272 1317 In
1286 1298 1313 1318 e.
1332 1298 1388 1325 m.,
1405 1289 1598 1328 proecclesia
1610 1290 1743 1321 Sanctae
1758 1291 1878 1321 Mariae
1893 1291 1931 1321 de
1943 1291 2040 1328 Cella,
2054 1292 2197 1322 Januen—

1195 1341 1238 1370 sis
1255 1341 1421 1372 dioecesis.
1439 1343 1508 1372 Dat.
1528 1347 1563 1373 ut
1581 1352 1686 1382 supra.
2213 1345 2215 1347 ’

1746 1423 1876 1455 Orvieto,
1896 1425 1910 1451 5
1927 1425 2030 1451 fevrier
2048 1425 2124 1452 1291.

1235 1498 1275 1527 In
1292 1507 1318 1528 e.
1337 1507 1394 1535 m.,
1417 1508 1472 1537 pro
1488 1499 1620 1529 ecclesia
1637 1523 1656 1530 ..
1677 1500 1848 1538 guardiani
1868 1505 1897 1530 et
1917 1501 2051 1530 fratrum
2073 1500 2196 1531 ordinis

1195 1551 1357 1581 minorum
1373 1552 1412 1581 de
1422 1551 1570 1588 Sublacu,
1582 1552 1769 1583 Tiburtinae
1781 1554 1944 1585 dioecesis.
1957 1554 2027 1584 Dat.
2039 1554 2122 1592 apud
2132 1553 2195 1584 Ur-

1194 1604 1420 1643 hemveterem‚
1431 1605 1525 1635 nonis
1534 1605 1698 1643 februarii,
1709 1615 1794 1636 anno
1804 1606 2062 1646 tertio.(P0TTn.‚
2073 1605 2197 1645 23554.)

1729 1698 1860 1731 Orvieto,
1880 1699 1911 1725 13
1926 1699 2030 1725 fevrier
2046 1697 2124 1725 1291.

1236 1775 1274 1804 In
1291 1783 1318 1804 e.
1336 1784 1392 1810 m.,
1412 1783 1467 1813 pro
1483 1774 1658 1805 cathedrali
1674 1775 1807 1805 ecclesia
1826 1775 2020 1812 Florentina,
2043 1775 2077 1804 in
2095 1775 2195 1805 hono-

1195 1837 1263 1857 rem
1279 1828 1412 1858 Sanctae
1429 1829 1604 1867 Reparatae
1619 1833 1809 1859 constructa.
1829 1829 1902 1858 Dat.
1922 1829 2005 1868 apud
2023 1829 2196 1860 Urbemve-

1197 1886 1306 1917 terem,
1324 1882 1431 1912 idibus
1446 1882 1608 1918 februarii,
1627 1891 1713 1912 anno
1728 1883 1830 1913 tertio.

1265 2073 1384 2102 4110
1746 2072 1876 2104 Orvieto,
1894 2073 2033 2107 9janvie1-
2049 2073 2125 2100 1‘291.

1233 2148 1415 2183 Dispensatio
1431 2156 1520 2182 supet·
1533 2148 1692 2183 pluralitate
1708 2148 1924 2175 beneficiorum.
1943 2149 2023 2181 (Rani
2042 2149 2084 2183 45,
2097 2157 2122 2176 0.
2136 2149 2195 2181 701,

1194 2197 1214 2223 f.
1234 2198 1282 2224 143
1300 2198 1354 2230 v0.)

1240 2300 1365 2328 Waltero
1381 2300 1415 2328 de
1433 2300 1611 2336 Dorcestria,
1623 2300 1708 2337 juris
1725 2300 1827 2329 civilis
1841 2301 2014 2338 professori,
2030 2301 2197 2330 subdecano

1195 2352 1424 2382 Saresbt'rsensi.
1434 2352 1514 2382 Cum
1526 2361 1574 2388 eo,
1584 2353 1639 2391 qui
1657 2352 1822 2382 ecelesiam
1837 2353 1874 2382 de
1888 2353 2075 2391 Ringstede,
2093 2353 2197 2382 Sares-

1195 2405 1344 2435 hiriensis
1361 2406 1526 2442 dioecesis,
1538 2410 1644 2443 postea
1654 2406 1819 2436 ecclesiam
1829 2406 1867 2436 de
1880 2406 2075 2443 Kattesteke,
2089 2415 2199 2436 curam

1194 2458 1378 2487 animarum
1399 2458 1570 2493 habentes,
1590 2464 1620 2488 et
1641 2458 1758 2488 deinde
1778 2459 2029 2489 subdecanatum
2049 2459 2199 2489 ecclesiae

1196 2512 1438 2541 Saresbirieusis
1454 2512 1584 2551 recepit,
1600 2517 1630 2541 et
1645 2512 1715 2542 sine
1731 2513 1968 2550 dispensatione
1980 2513 2114 2543 insimul
2128 2514 2197 2543 reti-

1195 2565 1280 2601 nuit,
1298 2565 1419 2594 fructus
1436 2574 1471 2594 ex
1489 2565 1535 2595 eis
1551 2565 1746 2604 percipiens,
1764 2565 1925 2604 dispensat
1947 2570 1981 2595 ut
2001 2567 2128 2596 easdem
2152 2575 2199 2596 ec-

1194 2616 1319 2654 clesias,
1346 2626 1482 2655 quarum
1512 2617 1654 2647 redditus
1684 2618 1801 2648 decem
1823 2627 2003 2648 marcarum
2032 2619 2199 2657 sterlingo-

1196 2679 1267 2699 rum
1292 2670 1431 2700 valorem
1452 2679 1598 2700 annuum
1622 2680 1686 2701 non
1710 2671 1880 2708 excedunt,
1901 2681 1965 2701 una
1990 2680 2060 2702 cum
2088 2672 2198 2702 eodem

1196 2723 1411 2753 subdecanatu
1428 2724 1566 2753 retinere
1583 2723 1700 2762 valeat3
1717 2724 1890 2754 dummodo
1909 2725 2029 2754 fructus
2046 2733 2124 2763 quos
2144 2734 2200 2763 per

1197 2777 1372 2806 triennium
1393 2786 1429 2806 ex
1451 2776 1593 2806 ecclesiis
1613 2780 1644 2807 et
1665 2777 1878 2807 subdecanatu
1902 2778 2069 2816 praedictis
2091 2787 2197 2817 perce-

1195 2829 1240 2868 pit
1262 2829 1295 2858 in
1321 2829 1463 2868 ipsorum
1484 2829 1691 2859 ecclesiarum
1714 2834 1744 2859 et
1764 2830 1995 2860 subdecanatus
2018 2831 2199 2861 evidentem

1196 2882 1366 2912 utilitatem
1383 2886 1556 2912 convertat.

1238 2946 1250 2962 α
1272 2935 1406 2974 AdJutos
1424 2935 1579 2965 virtutum
1596 2935 1758 2965 meritis...
1775 2951 1815 2958 —
1830 2936 1901 2965 Dat.
1920 2936 2002 2975 apud
2020 2937 2198 2967 Urbemve-

1197 2993 1312 3025 terem,
1330 2998 1349 3018 v
1364 2989 1436 3018 idus
1449 2989 1610 3027 januarii,
1630 2998 1715 3019 anno
1732 2990 1832 3019 tertio.
1853 3001 1866 3015 υ
