2477 3637
215 388 270 417 292
511 382 515 386 ”
963 375 1199 408 REGISTRES
1223 376 1276 405 DE
1300 372 1483 404 NICOLAS
1503 373 1545 402 IV

213 458 327 484 ventus
343 450 571 481 beneficiorum
592 455 722 477 suorum
739 470 745 482 ,
772 454 827 484 per
848 449 916 475 octo
937 452 1059 480 annos,
1086 452 1160 473 cum
1183 451 1219 473 ea

213 506 395 544 integritate
415 503 573 543 percipere
593 500 720 530 valeant
739 507 812 529 cum
829 507 892 537 qua
909 506 961 528 eos
980 497 1177 536 perciperent
1193 496 1219 525 si

214 558 421 599 personaliter
437 556 624 586 residerent.

255 625 267 639 «ι
286 610 517 641 CelsitudInem
537 607 657 646 regiam
674 605 837 645 spetiali...
849 621 889 628 —
902 605 974 635 Dat.
991 605 1100 641 Reate,
1117 614 1150 634 111
1166 613 1219 634 no-

214 673 271 694 nas
287 663 437 699 octobris,
454 669 538 691 anno
555 659 706 690 secundo.
723 671 737 685 η

254 719 292 748 Iu
314 727 340 746 e.
364 726 406 746 m.
428 740 447 745 ..
472 714 689 745 Lincolniensi
713 718 743 744 et
770 737 787 742 ..
824 713 1034 743 Bathoniensi
1066 712 1220 751 episcopis

214 771 345 802 mandat
363 773 521 809 quatenus
537 767 665 798 eosdem
682 767 825 797 redditus
843 771 873 797 et
891 772 1060 806 proventus
1075 765 1219 805 praedic-

215 825 254 854 tis
270 823 392 854 clericis
409 823 533 860 integre
548 821 724 851 ministrari
741 819 870 850 faciant.
891 819 961 849 Dat.
980 823 1012 849 ut
1027 827 1134 858 supra.

291 1008 409 1038 ¹504
799 1006 888 1037 Rieu,
908 1007 923 1033 6
939 1006 1054 1033 octobre
1073 1005 1149 1033 1289.

251 1071 408 1098 Concessio
423 1071 546 1106 capellae
562 1074 590 1097 et
605 1070 779 1097 coemeterii.
796 1068 879 1102 (Rae.
898 1069 940 1101 44,
957 1077 982 1095 c.
999 1068 1060 1099 528,
1072 1069 1091 1094 s.
1104 1068 1156 1096 229
1170 1070 1222 1098 v0.)

264 1188 431 1216 Venerabili
445 1187 571 1223 fratri..
590 1187 724 1224 episcopo
740 1186 906 1214 Menevensi
919 1184 1050 1214 mandat
1065 1188 1224 1222 quatenus

217 1240 386 1270 Willelmo
401 1240 439 1270 de
455 1239 624 1274 Valentiis,
639 1238 748 1268 comiti
766 1238 804 1268 de
821 1237 1011 1274 Pembrach⁷
1025 1238 1081 1276 qui
1098 1237 1132 1266 in
1147 1237 1225 1267 villa

217 1303 273 1324 sua
293 1296 331 1323 de
346 1293 491 1329 Tenebit,
514 1291 717 1322 Menevensis
735 1291 899 1330 dioecesis⁷
916 1290 1074 1329 hospitale
1089 1290 1128 1319 ad
1144 1299 1224 1328 opus

216 1355 391 1386 pauperum
415 1351 446 1375 et
462 1345 667 1375 infirmorum
683 1344 861 1386 construxit
876 1348 906 1374 et
927 1344 1064 1381 dotavit,
1091 1343 1225 1374 faculta-

216 1404 279 1430 tem
299 1398 506 1430 construendi
527 1399 561 1428 in
583 1397 694 1428 eodem
715 1397 865 1436 hospitali
883 1397 1057 1436 capellam,
1084 1397 1226 1428 habendi

216 1452 417 1491 capellanum
437 1451 602 1490 proprium
617 1451 650 1480 in
679 1459 734 1485 ea,
755 1455 785 1480 et
799 1451 1027 1480 coemeterium
1043 1451 1135 1490 juxta
1153 1459 1223 1481 eam

216 1505 256 1535 ad
285 1514 363 1543 opus
392 1504 548 1541 fratrum,
576 1512 752 1543 pauperum
780 1508 811 1533 et
836 1503 1042 1534 infirmorum
1059 1504 1226 1544 hospitalis

215 1558 427 1589 benedicendi
445 1557 607 1588 concedat.

257 1624 271 1640 «
291 1612 334 1641 Ex
351 1616 437 1651 parte
460 1611 604 1642 dilecti...
623 1628 659 1633 —-
679 1612 748 1641 Dat.
775 1612 886 1647 Reate,
912 1621 934 1641 11
954 1620 1055 1642 nonas
1073 1612 1224 1648 octobris,

216 1674 302 1696 anno
321 1665 471 1695 secundo.
491 1677 504 1691 »

292 1852 406 1881 1505
746 1851 831 1882 Rieu,
848 1851 881 1879 26
897 1852 1060 1887 septembre
1077 1853 1154 1880 1289.

254 1915 411 1942 Concessio
427 1914 601 1941 coemeterii.
621 1914 703 1947 (Rau.
721 1914 765 1945 44,
783 1922 808 1941 c.
825 1914 886 1945 5‘29,
904 1915 923 1941 f.
941 1914 990 1942 230
1008 1916 1054 1947 r0.)

267 2031 434 2061 Venerabili
446 2032 541 2067 fratri
554 2053 574 2060 ..
587 2031 719 2068 episcopo
733 2030 873 2068 Sayiensi
888 2031 1019 2061 mandat
1034 2036 1192 2070 quatenus
1208 2051 1228 2063 ..

219 2084 340 2114 decano
370 2089 399 2113 et
428 2083 569 2123 capitulo
599 2084 751 2115 ecclesiae
779 2084 935 2115 Omnium
969 2084 1159 2116 Sanctorum
1191 2085 1231 2116 de

221 2138 417 2168 Mauritania
429 2161 437 2175 ‚
456 2138 618 2176 Sagiensis
635 2138 789 2168 dioecesis
803 2163 810 2176 ,
829 2138 1012 2168 facultatem
1030 2139 1147 2169 tribnat
1173 2139 1231 2169 ha-

221 2192 317 2222 bendi
336 2192 562 2222 coemeterium
585 2191 620 2221 in
639 2192 766 2231 proprio
783 2192 882 2222 fundo
900 2192 1001 2231 ipsius
1017 2192 1168 2222 ecclesiae
1192 2194 1231 2223 ad

221 2253 299 2284 opus
315 2245 505 2275 clericorum
521 2254 558 2275 ac
576 2245 732 2275 laicorum
749 2245 961 2275 servientium
978 2245 1130 2276 ecclesiae
1150 2246 1231 2276 inibi

221 2298 459 2328 decedentium.

266 2363 279 2378 α
298 2351 414 2382 Dilecti
431 2351 492 2381 filii
514 2376 533 2381 ..
554 2352 731 2382 decanus...
749 2370 787 2373 —
804 2353 875 2383 Dat.
894 2353 1010 2390 Reate,
1031 2363 1062 2383 vr
1079 2345 1234 2384 kalendas

223 2404 360 2435 octobris
372 2428 380 2441 ,
398 2414 484 2436 anno
500 2405 652 2436 secundo.
672 2418 685 2432 n

299 2605 413 2634 ¹508
751 2606 836 2640 Rieu,
854 2608 887 2634 22
905 2608 1068 2643 septembre
1085 2608 1164 2636 1289.

262 2667 471 2702 Indulgentiae.
488 2668 570 2703 (Rae.
589 2668 638 2703 44,
655 2678 680 2696 c.
698 2669 770 2701 5292,
788 2670 807 2696 f.
824 2669 876 2697 230
892 2672 939 2703 νο.)

271 2806 289 2812 ..
322 2783 464 2813 abbatisse
485 2789 510 2813 el
533 2786 698 2814 conventui
721 2787 901 2815 monasterii
924 2786 1027 2817 Sancti
1057 2787 1164 2816 Thome
1185 2788 1238 2817 Ja-

229 2838 362 2871 nuensss,
383 2838 502 2867 ordinis
517 2838 546 2867 S.
565 2839 726 2868 Benedicti.
748 2839 987 2878 Indulgentiam
1005 2841 1101 2870 unius
1118 2840 1196 2870 anni
1209 2844 1240 2870 et

230 2897 267 2917 iu.
283 2888 406 2919 dierum
425 2891 571 2921 concedit
586 2892 633 2922 eis
648 2893 703 2931 qui
722 2892 891 2923 ecclesiam
907 2893 1061 2932 praedicti
1078 2897 1239 2924 monaste-

230 2940 269 2969 rii
285 2941 317 2970 in
334 2941 440 2972 Sancti
459 2944 599 2974 Thomae
614 2944 840 2976 festivitatibus
858 2946 1072 2977 visitaverint.

275 3005 287 3019 u
314 2993 399 3023 Licet
419 2995 445 3024 is
471 2996 547 3027 de...
567 3014 606 3019 -—
626 2998 696 3028 Dat.
721 2999 833 3036 Reate,
859 3009 876 3029 x
900 2999 1054 3030 kalendas
1081 3001 1236 3038 octobris,

232 3054 318 3076 anno
332 3048 480 3078 secundo.
502 3062 514 3075 »-

1375 438 1629 468 Ιῧθῖ-Ιόθθ
1891 436 1978 470 Rieti,
1994 437 2008 463 7
2027 436 2143 463 octobre
2160 436 2237 464 ¹28⁹.

1306 507 1310 512 ¹
1339 502 1544 537 Indulgentiae.
1563 501 1647 534 (Rae.
1670 501 1712 532 44,
1731 499 1756 527 c.
1775 499 1835 532 530,
1853 500 1872 526 f.
1888 499 1941 526 230
1957 503 2002 529 τῦ.)

1345 604 1495 634 Universis
1517 604 1630 633 Christi
1649 602 1788 640 fidelibus
1807 606 1956 639 presentes
1978 602 2096 631 litteras
2121 601 2310 639 inspecturis.
2359 624 2361 629 .

1302 657 1543 695 Indulgentiam
1560 657 1656 686 unius
1675 655 1753 685 anni
1770 654 1801 685 et
1823 664 1860 685 XL
1885 655 2010 685 dierum
2033 653 2178 684 concedit
2193 653 2238 684 eis
2255 653 2318 693 qui>

1302 711 1470 742 ecclesiam
1489 708 1707 740 cathedralem
1729 708 1968 744 Morinensem,
1989 707 2104 737 Beatae
2122 707 2242 737 Mariae
2258 715 2312 738 vo-
2332 708 2343 729 ›¹
2374 718 2377 722 ·

1302 765 1416 795 cabulo
1433 764 1643 802 insignitam,
1662 763 1695 792 in
1710 762 1820 792 beatae
1839 761 1961 791 Mariae
1977 765 2009 791 et
2029 760 2131 791 sancti
2151 760 2314 792 «Iohannis

1304 818 1462 857 Baptistae
1479 816 1706 847 festivitatibus
1723 815 1936 845 visitaverint.

1345 883 1358 898 α
1383 871 1482 909 Virga
1508 869 1735 900 venustissima
1752 873 1819 899 et...
1835 885 1875 891 —
1891 868 1963 899 Dat.
1982 868 2079 898 Reate
2092 891 2099 904 ,
2117 867 2213 910 nonis¹
2225 871 2312 899 octo-

1303 925 1384 960 bris,
1402 932 1488 954 anno
1506 923 1658 954 secundo.
1681 935 1691 947 »ι

1880 988 1966 1022 Rieti,
1984 988 2013 1015 11
2031 987 2147 1015 octobre
2163 987 2242 1016 1289.
2274 1001 2278 1004 ·

1344 1054 1383 1083 In
1401 1063 1428 1084 e.
1447 1062 1490 1083 m.
1515 1053 1647 1083 eisdem.
1676 1051 1821 1082 Eandem
1841 1050 2081 1089 indulgentiam
2101 1050 2247 1082 concedit
2269 1050 2316 1082 eie

1304 1107 1360 1145 qui
1376 1106 1543 1144 ecclesiam
1559 1104 1774 1136 cathedralem
1798 1104 1970 1134 Reatinam
1985 1127 1992 1140 ,
2010 1103 2044 1133 in
2062 1103 2218 1134 honorem
2239 1103 2316 1134 bea-

1307 1165 1355 1190 tae
1372 1160 1492 1190 Mariae
1509 1159 1700 1196 dedicatam,
1720 1158 1755 1187 in
1775 1157 1919 1196 ejusdem
1936 1157 2073 1196 virginis
2090 1156 2316 1188 festivitatibus

1306 1217 1336 1243 et
1350 1213 1571 1243 anniversario
1587 1212 1638 1242 die
1659 1211 1869 1242 dedicationis
1889 1210 2035 1249 ejusdem
2061 1209 2214 1240 ecclesiae
2238 1209 2316 1241 visi-

1306 1267 1455 1297 taverint.
1477 1267 1546 1296 Dat.
1565 1267 1682 1301 Reate,
1700 1275 1719 1295 v
1737 1265 1810 1295 idus
1828 1264 1964 1295 octobris
1976 1289 1983 1301 ,
2001 1272 2088 1294 anno
2104 1263 2256 1294 secundo.

1895 1345 1984 1376 Rieti,
2003 1345 2018 1372 3
2034 1344 2151 1372 octobre
2167 1343 2245 1372 1289.

1349 1423 1387 1452 In
1404 1432 1431 1452 e.
1455 1432 1496 1452 m.
1516 1422 1650 1452 eisdem.
1675 1421 1818 1452 Eandem
1841 1421 2079 1459 indulgentiam
2102 1419 2250 1451 concedit
2272 1420 2340 1451 eis>

1309 1477 1363 1514 qui
1381 1475 1547 1506 ecclesiam
1571 1475 1787 1506 cathedralem
1813 1476 2087 1512 Ambianensem,
2106 1474 2143 1504 in
2163 1473 2339 1505 honorem·
2393 1468 2395 1478 ¹

1309 1530 1418 1560 beatae
1435 1529 1555 1560 Mariae
1571 1529 1750 1559 dedicatam
1765 1554 1771 1566 ,
1788 1530 1821 1559 in
1840 1529 1985 1567 ejusdem
2002 1528 2138 1567 virginis
2153 1531 2184 1558 et
2199 1531 2323 1558 sancto-

1309 1594 1383 1614 rum
1405 1584 1542 1613 Firmini
1557 1583 1712 1622 martyris
1728 1587 1758 1612 et
1776 1583 1914 1613 Firmini
1929 1581 2121 1613 confessoris
2134 1580 2318 1612 festivitati-

1309 1638 1368 1668 bus
1397 1637 1607 1668 visitaverint.
1639 1637 1709 1666 Dat.
1739 1637 1853 1671 Reate,
1883 1646 1901 1665 v
1925 1644 2026 1666 nonas
2051 1635 2209 1671 octobris,
2233 1642 2320 1666 anno

1309 1691 1459 1722 secundo.

1386 1877 1505 1906 1510
1835 1876 1922 1911 Rieu,
1940 1877 1974 1904 26
1990 1876 2153 1912 septembre
2169 1876 2249 1904 1289.

1346 1941 1389 1967 De
1403 1940 1578 1976 quotidianis
1594 1939 1848 1967 distributionibus
1865 1940 1891 1965 in
1912 1939 2035 1965 ecclesia
2056 1937 2153 1965 Sancti
2172 1937 2322 1966 Benedicti

1311 1990 1478 2017 Parisiensi.
1496 1989 1580 2022 (Res.
1597 1989 1640 2020 44,
1660 1997 1686 2015 c.
1702 1987 1765 2019 531,
1784 1988 1801 2015 f.
1822 1988 1872 2015 ‘230
1887 1995 1926 2019 r⁰;
1943 1987 2011 2014 Lm.
2028 1996 2063 2014 nu
2077 1986 2175 2018 Tuan„
2192 1986 2231 2018 Π,
2246 1986 2322 2022 271.)

1359 2091 1523 2122 Venerabili
1542 2092 1638 2128 fratri
1656 2113 1676 2120 ..
1699 2092 1832 2129 episcopo
1854 2091 2034 2120 Parisiensi.
2056 2102 2070 2118 α
2093 2089 2327 2129 Significatum«

1314 2146 1404 2176 nobis
1431 2145 1537 2175 dilecti
1564 2144 1623 2174 filii
1650 2144 1827 2184 capitulum
1855 2143 1989 2174 ecclesie
2017 2143 2125 2174 Sancti
2157 2143 2323 2175 Benedicti

1314 2199 1507 2229 Parisiensis
1523 2198 1606 2238 quod
1622 2198 1866 2228 distributiones
1883 2197 2041 2228 cotidiene
2057 2197 2159 2236 ipsius
2173 2196 2331 2235 ecclesias

1313 2261 1376 2291 que
1398 2252 1514 2281 dantur
1532 2251 1696 2282 canonicis
1721 2250 1941 2280 residentibus
1962 2255 1992 2280 et
2015 2249 2269 2281 deservientibus
2287 2249 2325 2281 in

1314 2306 1437 2343 eadem,
1457 2310 1533 2335 sunt
1551 2305 1629 2335 adeo
1654 2309 1765 2335 tenues
1782 2307 1819 2334 >et
1843 2303 1940 2334 exiles
1965 2303 2050 2343 quod
2072 2303 2174 2343 aliqui
2194 2311 2231 2334 ex
2247 2294 2331 2343 ipsi!h

1314 2359 1489 2395 canonicis,
1504 2362 1630 2397 propter
1642 2358 1829 2388 tenuitatem
1845 2358 1991 2397 ipsarum
2000 2356 2274 2395 distributionum,
2290 2357 2325 2388 iu

1317 2413 1399 2443 dicta
1415 2412 1547 2443 ecclesia
1570 2420 1634 2442 non
1655 2415 1770 2441 curant
1794 2411 2005 2450 personaliter
2021 2410 2161 2441 residere
2174 2435 2181 2448 ,
2202 2407 2334 2450 propte?

1316 2466 1400 2505 quod
1427 2465 1560 2496 ecclesia
1583 2465 1651 2503 ipsa
1679 2465 1786 2504 sepius
1810 2464 1968 2495 desectum
1994 2465 2111 2503 patitur
2134 2465 2169 2494 in
2193 2463 2327 2507 divinis,-

1316 2520 1421 2556 Quare
1438 2527 1494 2558 pro
1511 2522 1597 2557 parte
1616 2518 1717 2556 ipsius
1737 2517 1866 2556 capituli
1883 2517 1944 2547 snit
1963 2517 2054 2547 nobis
2070 2516 2237 2548 humiliter
2255 2525 2291 2548 su

1318 2572 1470 2612 plicatum
1486 2575 1519 2601 ut
1534 2571 1592 2607 eis,
1609 2571 1642 2599 in
1656 2574 1867 2608 augmentum
1881 2570 2039 2600 dictarum
2052 2570 2330 2608 distributionum,

1317 2624 1513 2664 percipiendi
1541 2624 1684 2659 fructus,
1710 2624 1853 2654 redditus
1881 2627 1910 2653 et
1937 2627 2109 2663 proventus
2131 2624 2228 2663 primi
2249 2631 2291 2655 an
2317 2622 2324 2629 '

1317 2677 1553 2717 prebendarum
1576 2678 1805 2708 canonicorum
1830 2677 1913 2707 dicte
1930 2676 2062 2708 ecclesie
2085 2671 2325 2708 decedentium

1319 2736 1350 2761 et
1365 2740 1417 2761 eos
1436 2731 1469 2761 in
1489 2739 1584 2761 usum
1606 2730 1872 2761 distributionum
1894 2730 2084 2770 th'usmodi
2103 2728 2329 2768 convertem'li¹¹

1318 2784 1482 2815 licentiam
1499 2784 1538 2814 de
1555 2784 1754 2822 benignitate
1769 2784 1852 2813 sedis
1869 2783 2040 2823 apostolice
2053 2783 2226 2815 concedere
2238 2792 2295 2815 cur
2316 2808 2322 2812 ,,

1319 2847 1439 2868 remus.
1464 2837 1530 2867 Nos
1548 2838 1677 2875 itaque,
1696 2837 1734 2867 de
1757 2837 2046 2876 circumspectione
2071 2841 2124 2868 tua
2145 2836 2273 2876 plenam
2296 2836 2303 2843 '

1320 2891 1460 2922 Domino
1476 2890 1625 2920 fiduciam
1642 2890 1834 2926 obtinentes,
1853 2890 2048 2920 fraternitati
2066 2894 2118 2921 tue
2133 2899 2189 2930 per
2205 2899 2280 2931 apos

1320 2944 1381 2975 lica
1399 2945 1515 2984 scripta
1532 2943 1724 2973 mandamus
1743 2947 1902 2983 quatenus
1918 2943 2023 2974 eidem
2039 2943 2178 2983 capitulo
2193 2942 2320 2975 auctos*

1322 3003 1382 3029 tate
1400 3002 1507 3028 nostra
1524 2997 1710 3036 hujusmodi
1727 2997 1881 3028 concedas
1899 2998 2081 3035 licentiam,
2098 2997 2126 3028 si
2143 2997 2259 3028 videris
2274 3004 2329 3030 exe-

1321 3051 1442 3091 pedire.
1474 3051 1522 3080 Ita
1552 3053 1658 3080 tamen
1689 3050 1773 3089 quod
1801 3059 1857 3089 per
1875 3050 1932 3081 hoc
1949 3049 2122 3090 apostolica
2146 3049 2341 3089 auctoritate&
