2477 3637
258 387 314 417 ⁴320

261 466 273 478 ι,
298 452 479 491 supradicti.
495 451 542 480 Ad
563 451 620 480 hec
633 456 739 480 autem
757 451 892 481 firmiter
905 451 1103 482 observanda
1116 453 1264 490 Juramus

296 514 406 534 omnes
426 510 455 533 et
480 504 599 542 singuli
618 512 723 534 coram
742 503 841 534 altare
865 508 894 534 et
914 504 1061 543 reliquiis
1080 509 1263 534 sanctorum

261 573 270 582 -
296 567 356 596 que
373 562 464 587 erant
481 557 524 586 ibi
541 562 571 586 et
585 557 696 586 damus
715 557 858 587 osculum
876 558 962 596 pacis
978 558 1135 588 monacho
1150 566 1264 596 supra-

259 622 271 634 „
296 610 394 645 dicto,
415 611 544 639 nomine
565 610 760 646 juramenti,
781 610 864 649 quod
881 611 1025 649 regulam
1043 611 1264 641 Cisterciensis

258 678 270 688 ›·
295 663 418 693 ordinis
433 668 463 693 et
479 663 637 702 predictas
655 663 872 701 donationem,
892 664 1157 703 suppositionem,
1175 665 1264 695 unio-

296 725 381 751 nem,
394 715 636 754 subjectionem,
651 716 886 753 investituram,
903 717 1107 747 traditionem
1124 717 1264 755 etassig-

256 783 269 793 ιι
296 769 459 798 nationem
482 769 681 798 servabimus
702 774 732 799 et
749 769 783 799 in
802 769 890 800 nullo
906 774 1014 800 contra
1033 779 1069 800 ea
1087 770 1137 801 vel
1153 779 1263 801 eorum

296 821 425 860 aliquod
451 821 558 860 aliquo
581 822 654 860 jure
681 831 735 851 seu
761 827 900 861 tempore
929 823 1112 859 veniemus,
1138 824 1212 863 jure
1236 824 1263 853 si

295 874 378 913 quod
397 875 430 903 in
451 875 643 905 monasterio
660 880 767 906 nostro
786 875 835 906 vel
851 875 922 906 aliis
939 876 1018 907 locis
1034 877 1073 906 ad
1095 886 1169 907 eum
1190 886 1262 916 per-

255 942 268 954 ›·
295 928 470 958 tinentibus
496 929 626 967 prelatis
651 930 800 968 competit
819 935 987 960 reservato.
1009 931 1146 970 Insuper
1165 931 1261 962 etiam

256 994 269 1007 ι·
293 990 405 1012 omues
430 982 629 1013 unanimiter
651 983 841 1014 ordinamus
859 989 888 1014 et
907 985 1130 1015 constituimus
1150 993 1262 1023 procu-

255 1048 268 1060 ι·
292 1039 411 1065 ratores
432 1039 556 1066 nostros
580 1040 610 1066 et
627 1037 815 1066 monasterii
835 1038 936 1067 nostri
951 1038 1132 1068 carissimos
1150 1039 1262 1069 fratres

252 1364 265 1378 S
253 1311 265 1325 :3
253 1259 266 1272 ἵ
253 1205 264 1219 Ε
254 1154 266 1167 2‘-
254 1099 267 1114 Ξ

292 1094 416 1118 nostros
433 1088 625 1126 Venturam,
647 1089 860 1125 monachum,
879 1095 909 1120 et
926 1091 1110 1129 Paganum,
1128 1100 1261 1122 conver-

291 1150 378 1172 sum.
400 1141 438 1171 ad
455 1142 599 1171 eundum
616 1142 827 1181 personaliter
841 1143 880 1173 ad
903 1144 1080 1182 predictum
1099 1149 1260 1176 monaste-

293 1194 376 1223 rium
401 1194 594 1231 Casemarii,
616 1200 649 1225 ut
668 1195 707 1225 de
722 1196 872 1234 predictis
897 1197 1087 1235 donatione,
1114 1201 1259 1238 supposi-

293 1247 391 1282 tione,
411 1247 607 1286 subjectione
624 1253 654 1278 et
672 1249 791 1279 unione
806 1251 993 1292 monasterii
1011 1253 1109 1282 nostri
1126 1253 1259 1291 predicti

291 1302 320 1329 ct
349 1308 494 1329 omnium
519 1309 629 1330 rerum
656 1301 695 1331 ad
723 1301 828 1341 ipsum
854 1305 1064 1342 spectantium
1090 1314 1145 1343 pro
1171 1311 1259 1344 parte

290 1353 435 1382 omnium
458 1358 603 1384 nostrum
627 1356 802 1386 reverendo
824 1357 906 1395 patri
924 1362 954 1387 et
971 1357 1102 1388 domino
1123 1368 1256 1390 venera-

254 1418 264 1430 ιι
289 1405 345 1435 bili
366 1406 507 1436 ..abbati
531 1406 708 1438 Casemarii
733 1409 971 1447 investituram,
998 1412 1203 1443 traditionem
1227 1418 1259 1444 et

252 1472 265 1484 ιι
290 1459 542 1497 assignationem
566 1465 674 1492 nostro
694 1463 826 1493 nomine
846 1468 877 1493 et
897 1473 952 1503 pro
971 1469 1057 1504 parte
1073 1471 1182 1496 nostra
1197 1468 1257 1498 ite-

290 1522 361 1542 rum
381 1513 514 1549 faciant,
534 1518 570 1544 ut
586 1516 831 1553 prenominatus
852 1517 1003 1548 dominus
1025 1519 1122 1550 abbas
1138 1523 1169 1550 et
1184 1531 1257 1552 suc-

287 1574 426 1596 cessores
450 1567 519 1605 ejus
541 1568 575 1597 in
598 1572 786 1607 perpetuum
810 1570 983 1610 disponant
1004 1577 1033 1603 et
1051 1574 1202 1605 ordinent
1217 1575 1257 1606 de

287 1620 482 1649 monasterio
499 1625 605 1650 nostro
625 1622 744 1660 prefato
760 1622 875 1654 Sancte
897 1625 998 1656 Marie
1013 1626 1052 1657 de
1068 1628 1176 1658 insula
1193 1629 1256 1660 Us-

253 1684 264 1696 ι»
289 1671 347 1701 tice
362 1676 392 1701 et
409 1673 559 1703 omnibus
582 1673 658 1704 locis
683 1680 713 1705 et
735 1676 828 1706 rebus
851 1677 890 1706 ad
914 1678 996 1708 illud
1019 1681 1254 1720 spectantibuS,

287 1725 370 1755 sicut
385 1726 425 1755 sit
441 1727 533 1756 modo
545 1727 583 1757 de
596 1730 789 1760 monasterio
805 1730 914 1762 Sancti
931 1732 1096 1764 Dominici
1112 1734 1151 1765 de
1165 1735 1253 1766 Sora.

288 1779 409 1809 Damus
434 1785 540 1811 autem
569 1781 662 1812 dictis
686 1785 943 1822 procuratoribus
971 1789 1192 1820 auctoritatem
1225 1795 1256 1821 et

248 1846 262 1858 ιι
288 1832 424 1871 speciale
445 1833 631 1864 mandatum
651 1841 700 1871 ut,
723 1837 750 1866 si
771 1837 810 1868 de
834 1838 1031 1878 beneplacito
1052 1847 1081 1871 et
1103 1843 1255 1874 mandato

286 1886 501 1923 prenominati
527 1887 651 1917 domiui
679 1889 800 1920 abbatis
819 1890 994 1923 Casemarii
1021 1894 1134 1932 suerit,
1155 1897 1255 1927 simul

250 1950 262 1962 ιι
288 1937 336 1967 vel
358 1938 525 1977 sigillatim
546 1941 711 1972 utmelius
727 1948 757 1973 et
770 1946 959 1982 oportunius
982 1954 1078 1986 agant
1095 1950 1129 1979 in
1153 1960 1255 1982 sacro-

287 1996 395 2021 sancta
412 2001 545 2023 romana
562 1994 652 2024 curia
669 1997 821 2036 quicquid
844 2000 909 2029 veri
933 2005 964 2030 et
984 2001 1117 2040 legitimi
1139 2013 1254 2043 procu-

288 2049 405 2075 ratores
430 2055 523 2084 agere
549 2054 679 2086 possunt
705 2054 735 2080 et
759 2051 886 2084 debent.
907 2055 957 2084 Ad
982 2055 1055 2094 hec,
1078 2058 1106 2087 si
1126 2067 1254 2090 necesse

248 2110 261 2122 ιι
286 2097 394 2136 suerit,
411 2099 490 2129 alios
506 2101 603 2144 etiam
619 2108 835 2141 procuratores
851 2107 912 2136 sibi
929 2109 1133 2149 substituant,
1152 2117 1185 2142 ut
1201 2114 1252 2144 do-

248 2163 262 2175 »
286 2151 394 2180 minus
410 2161 489 2191 papa
507 2153 643 2192 predicta
659 2157 769 2187 omnia
793 2160 983 2192 confirmare
999 2163 1164 2203 dignetur,
1182 2176 1252 2206 pro--

288 2203 448 2234 mittentes
461 2214 517 2235 nos
529 2211 632 2237 ratum
647 2208 812 2241 habituros
823 2217 853 2242 et
864 2213 994 2245 firmum
1009 2217 1161 2257 quicquid
1176 2220 1253 2251 dicti

248 2269 261 2280 ιι
286 2263 502 2294 procuratores
519 2259 568 2289 vel
585 2261 747 2292 substituti
759 2264 798 2293 ab
811 2265 856 2294 eis
871 2265 910 2296 de
923 2269 1087 2306 premissis
1100 2273 1252 2304 omnibus

287 2309 437 2339 duxerint
452 2311 646 2343 faciendum.
663 2315 821 2347 Volumus
837 2323 943 2350 autem
961 2326 990 2351 et
1005 2324 1142 2361 petimus
1161 2331 1205 2364 ut,
1225 2328 1253 2358 si

284 2361 416 2392 domino
433 2364 537 2394 abbati
556 2366 731 2399 Casemarii
751 2372 897 2410 expedire
913 2374 1083 2413 videbitur,
1105 2380 1190 2417 quod
1216 2381 1251 2411 in

285 2416 424 2453 predicto
449 2421 640 2451 monasterio
669 2422 773 2453 Ustice
801 2426 995 2465 recipiantur
1016 2433 1046 2460 et
1073 2431 1253 2466 habeantur

248 2482 259 2493 ,2
287 2469 411 2503 novitii,
429 2476 462 2499 ut
477 2475 708 2505 monasterium
726 2477 831 2515 ipsum
848 2480 937 2511 nullo
954 2487 1093 2523 tempore
1104 2496 1253 2525 persona-

285 2531 355 2551 rum
376 2523 588 2561 indigentiam
605 2529 751 2566 patiatur.
769 2532 848 2562 Item
867 2535 1004 2572 petimus
1022 2542 1054 2568 ut
1069 2539 1181 2572 fratres
1196 2544 1252 2582 qui

284 2578 359 2603 sunt
377 2576 470 2606 modo
488 2577 521 2606 in
539 2578 606 2617 ipso
627 2584 819 2614 monasterio
835 2595 1000 2620 remanere
1018 2591 1096 2622 dum
1111 2594 1253 2625 vixerint

247 2640 260 2651 ιι
284 2627 528 2667 permittantur3
545 2636 574 2661 et
589 2634 673 2671 quod
690 2635 871 2668 tribuantur
887 2641 948 2671 vite
963 2646 1152 2683 necessaria,
1171 2648 1252 2679 sicut

284 2680 329 2710 eis
348 2682 539 2719 promissum
559 2690 620 2723 est,
640 2688 832 2721 mulieribus
853 2693 966 2725 oblatis
986 2700 1175 2730 monasterii
1192 2710 1250 2731 an-

244 2746 257 2757 ›·
285 2733 400 2763 tedicti.
421 2735 644 2776 Supplicamus
665 2746 772 2773 autem
794 2747 995 2779 sanctissimo
1017 2752 1098 2789 patri
1118 2753 1250 2786 domino

244 2800 257 2810 ιι
282 2786 463 2819 Alexandro
485 2796 519 2820 ut
543 2791 624 2823 lianc
648 2795 731 2833 piam
755 2798 1002 2839 subjectionem,
1022 2805 1226 2837 traditionem
1241 2832 1248 2846 ,

282 2839 488 2872 donationem
506 2849 536 2873 et
554 2847 707 2878 unionem
728 2849 878 2888 dignetur
899 2855 1151 2889 misericorditer
1173 2870 1249 2891 con-

247 2903 258 2915 »
284 2891 431 2931 firmare3
456 2896 532 2926 item
563 2904 670 2931 sancto
695 2904 837 2940 generali
865 2908 1002 2946 capitulo
1029 2910 1250 2945 Cisterciensis

282 2946 404 2976 ordinis
429 2953 462 2978 ut
487 2952 625 2989 predicta
651 2956 760 2986 omnia
786 2959 919 2990 ratificet
943 2966 973 2992 et
999 2970 1147 3004 acceptet.
1170 2969 1249 2999 Acta

282 3003 355 3027 sunt
371 3000 428 3030 hcc
445 3002 476 3031 in
496 3008 688 3038 monasterio
700 3015 819 3048 nostro,
836 3023 932 3052 anno,
949 3025 1070 3055 mense,
1088 3019 1139 3049 die
1155 3025 1185 3050 et
1200 3022 1249 3050 in-

245 3063 257 3074 ιι
282 3050 418 3084 dictione
430 3057 631 3093 pretitulatis.
647 3061 695 3091 Ad
709 3072 844 3101 quorum
859 3069 1006 3099 omnium
1020 3073 1246 3104 certitudinem

1006 385 1241 416 REGISTRES
1264 386 1319 416 DE
1341 386 1525 417 NICOLAS
1547 387 1605 417 lv.

1305 452 1311 473 ¹
1350 464 1363 478 n
1388 452 1656 492 comprobandam
1670 458 1700 482 et
1710 457 1896 492 perpetuam
1913 453 2099 484 firmitatem
2115 463 2247 493 presens
2262 456 2356 497 scrip-

1349 517 1363 532 »
1389 510 1456 535 tum
1472 506 1541 536 fieri
1561 511 1592 536 et
1609 506 1807 546 appensione
1822 506 1922 545 sigilli
1940 507 2042 537 nostri
2061 507 2119 547 qui
2133 517 2230 547 supra
2243 509 2354 548 prioris

1349 570 1362 585 n
1387 558 1554 589 Thomasii
1579 559 1715 590 fecimus
1743 560 1895 590 roborari.
1928 560 1994 599 Ego
2021 560 2118 591 frater
2144 561 2353 603 Thomasius,

1348 623 1362 638 υ
1387 612 1487 650 prior,
1506 612 1671 644 subscribo
1689 616 1720 643 et
1743 613 1910 644 confirmo.
1928 614 1991 652 Ego
2008 613 2105 644 frater
2122 614 2272 646 Maritius
2288 615 2353 658 (sic)

1349 677 1363 691 a»
1385 665 1550 695 subscribo
1566 670 1595 696 et
1614 666 1780 697 confirmo.
1800 667 1867 705 Ego
1882 667 1979 697 frater
1996 667 2126 705 Petrus,
2146 668 2309 701 subscribo
2324 665 2367 703 etl

1349 732 1361 745 ιι
1387 720 1554 750 confirmo.
1570 719 1636 758 Ego
1649 720 1745 750 frater
1757 720 2132 759 Raynaldus,subscribo
2145 727 2176 752 et
2187 723 2333 755 confirm·
2347 762 2351 763 7

1348 784 1362 799 »
1388 773 1452 810 Ego
1468 774 1565 802 frater
1581 773 1749 809 Robertus,
1767 774 1932 804 subscribo
1949 779 1980 804 et
1994 775 2159 806 confirmo.
2180 776 2245 815 Ego
2259 776 2307 808 fra
2327 790 2332 803 2
2351 786 2360 799 Γ

1347 837 1362 853 »
1389 826 1543 863 Ventura,
1556 826 1722 857 subscribo
1737 832 1768 857 et
1785 827 1953 858 confirmo.

1388 891 1402 906 n
1427 879 1477 909 Ad
1496 879 1618 910 litteras
1635 880 1711 910 istas
1729 880 1949 917 ascultandas,
1966 881 2118 920 legendas
2133 887 2164 912 et
2178 882 2309 914 audien

1348 945 1362 960 ι»
1387 933 1435 962 hii
1459 937 1553 963 testes
1577 934 1678 971 rogati
1701 934 1834 964 suerunt
1850 944 1857 964 ε
1875 935 2008 965 Domini
2027 935 2126 966 Jacob
2143 929 2355 973 Bonumtenff*

1348 998 1361 1013 n
1386 995 1461 1024 pus,
1489 986 1657 1016 ,Iohannes
1685 987 1814 1024 Melior,
1845 988 1993 1018 canonici
2021 987 2131 1020 Sancti
2159 989 2291 1022 Audi-ee
2321 993 2355 1027 ·*„·

1346 1051 1361 1066 »
1385 1039 1532 1076 Verulis,
1560 1039 1708 1070 Andreas
1734 1044 1765 1070 et
1785 1040 1864 1078 Fac,
1890 1041 2054 1071 scriniarii
2078 1041 2210 1081 publici.
2237 1042 2276 1073 Et
2303 1052 2356 1078 ³⁴51?

1348 1104 1361 1120 n
1387 1092 1590 1131 Salegrinus,
1609 1093 1788 1132 imperialis
1804 1093 1878 1124 aule
1891 1094 1988 1133 judex
2006 1099 2036 1124 et
2051 1095 2255 1134 scriniarius,
2272 1095 2301 1126 si
2319 1101 2348 1134 ³²,

1346 1159 1361 1173 »
1386 1147 1498 1177 inveni
1515 1147 1548 1176 in
1567 1147 1683 1177 litteris
1703 1147 1854 1187 predictis
1871 1149 1985 1187 prioris
2002 1153 2033 1178 et
2047 1153 2225 1180 conventus
2240 1148 2305 1180 San

1346 1212 1360 1228 ²>
1385 1200 1488 1230 Marie
1508 1201 1547 1230 de
1570 1201 1690 1238 Ustica,
1713 1210 1824 1232 eorum
1848 1201 1955 1240 sigillo
1970 1202 2117 1240 munitis,
2139 1202 2184 1233 sic
2202 1201 2242 1233 de
2257 1207 2342 1234 vers

1345 1266 1359 1282 »
1384 1254 1423 1284 ad
1447 1255 1598 1291 verbum,
1623 1255 1671 1284 nil
1688 1255 1809 1286 addens
1834 1255 1884 1286 vel
1906 1256 2074 1293 minuens,
2093 1255 2350 1295 pratel-,littorei

1344 1320 1359 1335 »
1383 1308 1462 1338 sorte
1496 1308 1546 1338 vel
1582 1308 1745 1347 sillabarn‚
1780 1309 1865 1348 quod
1901 1310 1934 1339 in
1966 1309 2167 1341 intellectum
2198 1303 2323 1342 mutare

1344 1373 1358 1388 ν
1382 1361 1520 1398 fideliter
1545 1362 1674 1401 scripsi,
1701 1367 1732 1392 et
1755 1362 1820 1392 mei
1847 1362 1988 1392 nominis
2011 1363 2142 1401 signum
2163 1363 2240 1401 feci,
2266 1361 2354 1394 min*-

1343 1426 1358 1442 »
1384 1415 1519 1445 Domini
1546 1415 1770 1453 M⁰CC⁰LVII,
1798 1415 1978 1446 indictione
2003 1425 2054 1452 xv,
2086 1425 2198 1447 mense
2221 1414 2349 1460 april‘

1342 1479 1357 1494 »
1380 1468 1433 1497 die
1458 1477 1543 1506 xvn,
1573 1468 1776 1507 pontificatus
1803 1469 1928 1499 domini
1955 1468 2133 1500 Alexandri
2159 1478 2240 1510 pape
2265 1469 2351 1506 11¹3.

1342 1533 1356 1548 »
1380 1530 1467 1552 anno
1487 1522 1588 1553 tertio.
1611 1534 1624 1550 n
2303 1519 2306 1522 ’

1383 1586 1396 1602 α
1414 1574 1496 1605 Cum
1513 1584 1533 1605 a
1550 1576 1680 1605 nobis...
1697 1592 1734 1597 ——
1751 1575 1822 1605 Dat.
1842 1575 1926 1615 apud
1945 1575 2219 1612 Urbemveterem,
2235 1585 2278 1606 ΧΠ
2301 1587 2304 1602 2
2331 1574 2334 1578 ’

1339 1627 1452 1658 lendas
1464 1629 1619 1668 januarii,
1633 1638 1720 1659 anno
1737 1629 1839 1660 tertio.
1859 1641 1874 1656 »

1409 1828 1528 1857 4248
1831 1827 1964 1863 Orvieto,
1983 1827 2014 1855 13
2030 1827 2184 1855 decembre
2199 1827 2278 1856 1290.
2318 1803 2326 1814 ⁸

1375 1889 1560 1925 privilegium
1575 1890 1748 1918 monasterio
1759 1889 1934 1918 Casaemarii
1944 1900 1960 1917 a
1971 1890 2081 1918 Calixto
2093 1899 2166 1926 papa
2176 1898 2338 1924 concess

1338 1944 1502 1969 annotatur.
1519 1941 1602 1975 (neu.
1621 1941 1665 1972 45,
1682 1949 1709 1967 c.
1726 1940 1787 1972 751,
1806 1941 1826 1967 f.
1846 1940 1895 1968 154
1909 1942 1957 1974 r0.)
2247 1937 2250 1940 “
2312 1930 2314 1937 ⁴

1377 2059 1508 2088 Eisdem.

1377 2112 1496 2142 Calixti
1512 2121 1611 2151 papae
1626 2111 1806 2142 litterarum
1824 2116 1913 2142 tenor
1928 2111 1982 2141 hic
1997 2115 2045 2141 est
2061 2120 2068 2142 :
2327 2155 2329 2158 ι

1379 2178 1395 2193 «ι
1413 2165 1556 2196 Calixtus
1575 2165 1742 2205 episcopus
1762 2174 1874 2195 servus
1894 2173 2061 2195 servorum
2082 2164 2154 2195 Dei.
2172 2163 2296 2196 Dilecto·
2311 2156 2342 2202 -jt'

1339 2232 1353 2247 ³>
1377 2220 1505 2250 Christo
1541 2219 1609 2249 filio
1645 2219 1739 2250 Petro
1752 2243 1759 2256 ,
1791 2219 1900 2249 abbati
1935 2218 2123 2249 monasterii
2159 2211 2328 2266 Sanum-J

1339 2285 1352 2301 n
1375 2274 1396 2305 J
1398 2273 1538 2304 ohannis
1552 2278 1582 2303 et
1595 2273 1688 2303 Pauli
1703 2272 1789 2312 quod
1804 2271 1983 2303 casemarii
1999 2271 2118 2303 dicitur
2132 2272 2159 2312 ej
2166 2280 2340 2312 usque-02·

1338 2340 1352 2355 »
1377 2327 1555 2358 cessoribus
1572 2326 1763 2365 regulariter
1779 2326 2013 2356 substituendis
2028 2326 2063 2356 in
2078 2323 2344 2366 perpetuum;,³

1338 2394 1352 2409 ι»
1377 2381 1437 2411 hoc
1458 2381 1492 2410 in
1518 2380 1688 2420 apostolice
1706 2379 1790 2410 sedis
1806 2380 1966 2418 regimen,
1985 2379 2125 2410 Domino
2142 2379 2254 2418 dispon

1337 2447 1351 2462 n
1378 2435 1512 2475 promoti
1528 2433 1746 2472 conspicimur
1761 2437 1805 2470 ut,
1821 2433 1889 2472 ipso
1902 2436 2073 2472 prestante,
2088 2431 2246 2471 religione

1338 2500 1351 2516 ι»
1375 2497 1451 2527 gere
1478 2493 1508 2518 et
1532 2489 1601 2526 eJ'us
1625 2487 1726 2517 servis
1752 2487 1926 2517 ,tuitionem
1953 2486 2126 2516 debeamus
2147 2484 2290 2526 impend·

1337 2555 1351 2570 »
1375 2542 1453 2572 Tuis
1472 2541 1570 2580 igitur
1582 2565 1589 2579 ,
1606 2540 1721 2571 dilecte
1736 2540 1772 2570 in
1789 2540 1930 2570 Domino
1945 2538 1994 2569 fili
2011 2539 2109 2570 abbas
2124 2539 2219 2570 Petre
2230 2562 2238 2577 ,
2253 2539 2282 2579 jv·

1337 2608 1351 2624 »
1375 2595 1583 2635 petitionibus
1607 2598 1805 2631 annuenteS,
1826 2593 1998 2624 Beatorum
2019 2592 2182 2624 ‚Iohannis
2202 2595 2234 2622 et
2283 2636 2289 2641 Δ
2321 2585 2324 2588 “

1336 2662 1351 2676 »
1375 2649 1619 2685 monasterinm,
1629 2647 1682 2678 cui
1690 2656 1747 2687 per
1757 2656 1874 2677 manus
1883 2651 1989 2678 nostre
1999 2646 2269 2684 benedictionem,

1336 2714 1350 2730 »
1374 2706 1512 2739 auctore,
1528 2701 1683 2740 presides,
1701 2701 1735 2730 in
1751 2700 1883 2731 tutelam
1899 2704 1930 2731 et
1946 2700 2175 2740 protectionem
2190 2697 2317 2738 Βεᾶῑϊῖζ

1336 2767 1350 2782 »
1375 2756 1415 2785 tri
1437 2755 1631 2794 suscipimus
1643 2779 1650 2791 ,
1668 2758 1699 2784 et
1721 2758 1831 2784 contra
1847 2762 2017 2794 pravorum
2036 2753 2208 2784 hominum
2228 2746 2320 2797 nan-25

1336 2821 1350 2835 »
1375 2809 1452 2839 tiam
1483 2808 1566 2838 sedis
1598 2807 1768 2848 apostolice
1798 2807 1967 2847 privilegio
1997 2806 2239 2838 communimus
2254 2815 2263 2843 ;
2280 2810 2316 2856 *42

1336 2874 1349 2890 ι)
1375 2862 1463 2892 enim
1481 2862 1607 2900 tuisque
1623 2861 1776 2900 legitimis
1792 2861 2039 2898 successoribus,
2053 2865 2085 2891 et
2099 2868 2224 2900 per-vos
2238 2857 2267 2890 θ’
2276 2858 2314 2911 1·

1335 2928 1349 2943 »
1375 2916 1586 2953 monasterio,
1606 2916 1639 2945 in
1658 2920 1845 2955 perpetuum
1863 2907 2093 2945 contii-'mamus
2110 2910 2264 2953 quicquid

1335 2981 1350 2996 »
1374 2969 1608 3009 presentiarum
1624 2969 1767 3007 legitime
1785 2967 1987 3006 cognoscitur
2003 2966 2178 3006 possidere,
2195 2962 2322 2996 vid'

1336 3034 1349 3050 »
1374 3023 1409 3052 in
1443 3022 1570 3053 civitate
1604 3022 1766 3052 Verulana
1801 3014 1950 3053 ecclesias
1983 3020 2093 3051 Sancti
2127 3018 2272 3053 Archan
2286 3019 2325 3060 Γι,

1336 3088 1348 3103 ι»
1374 3076 1482 3106 Sancti
1500 3075 1643 3113 Nicolai‚
1667 3075 1778 3106 Sancti
1802 3075 1910 3115 Ipoliti
1933 3079 1964 3105 et
1983 3073 2189 3105 medietatem
2211 3069 2326 3115 eool‘fj,
