2342 3652
928 373 1160 411 TROISIEME
1184 374 1340 409 ΑΝΝΕΕ.
2126 378 2185 408 545

87 455 168 486 dicto
186 451 336 483 Hukediu
360 454 390 480 et
411 451 512 480 Maria
531 450 569 479 de
591 450 797 485 Basiucourt,
815 449 938 479 civibus
958 447 1092 477 Atreba-

88 506 248 542 tensibus,
270 504 432 543 dispenset
453 508 486 533 ut
506 503 540 532 in
563 503 768 532 matrimonio
790 502 873 540 quod
893 501 981 537 olim,
1002 500 1092 537 igno-

89 563 193 591 rantes
213 557 357 588 eamdem
375 557 509 586 Mariam
526 561 556 585 et
571 556 764 591 Amelotam‚
778 555 877 584 filiam
889 553 999 584 Jacobi
1018 552 1094 582 dicti

90 611 251 647 Pouchin‚
270 610 433 648 quondam
451 618 582 639 uxorem
599 608 753 647 praedicti
770 608 870 643 Petri,
889 611 1001 645 quarto
1018 614 1095 636 con-

91 663 314 704 sanguinitatis
339 663 437 701 gradu
462 663 649 700 conjunctas
674 662 787 698 fuisse,
808 663 1035 691 contraxerunt
1050 667 1096 688 re-

91 727 221 750 manere
238 716 374 746 valeant.

134 783 147 799 α
173 770 289 801 Petitio
311 769 419 799 dilecti
441 768 538 798 filii...
563 784 604 790 —
624 768 694 797 Dat.
715 768 796 806 apud
820 767 1095 800 Urbemveterem,

92 835 111 856 x
125 824 279 855 kalendas
295 822 491 859 novembris,
508 830 594 851 anno
611 822 713 852 tertio.
733 834 747 848 »

163 1019 310 1054 3506,

128 1088 261 1115 Facultas
275 1088 442 1115 absolvendi
457 1096 472 1114 a
487 1087 635 1114 canonicis
650 1087 810 1113 sententiis.
829 1086 910 1121 (nso.
929 1087 975 1117 45,
994 1095 1019 1113 c.
1038 1086 1097 1118 483,

94 1138 113 1164 f.
129 1137 162 1165 98
178 1138 231 1172 νο.)

577 1017 708 1050 Orvieto,
724 1017 756 1043 (ΖΞ)
769 1018 932 1052 septembre
949 1017 1027 1044 1290.

133 1267 303 1303 Fernando,
322 1267 455 1304 episcopo
474 1267 659 1304 Leyz'onensi,
678 1265 859 1295 facultatem
876 1265 1019 1295 concedit
1034 1265 1098 1295 dis-

95 1319 251 1359 pensandi
265 1327 337 1348 cum
352 1319 476 1349 clericis
490 1327 566 1348 suae
581 1318 736 1348 dioecesis
753 1318 807 1357 qui
824 1318 1038 1356 parrochiales
1054 1327 1100 1348 ec-

95 1371 208 1403 clesias
223 1372 330 1411 adepti
346 1372 430 1402 infra
447 1376 571 1410 tempus
586 1371 626 1401 ad
642 1371 852 1401 sacerdotium
872 1371 1050 1409 promoveri
1069 1380 1101 1400 se

96 1434 160 1456 non
180 1425 324 1456 fecerint.

137 1490 150 1505 ι
167 1479 234 1508 Tua
248 1479 340 1509 nobis
353 1478 572 1508 fraternitas...
586 1494 626 1500 -—
639 1478 710 1507 Dat.
725 1477 809 1516 apud
826 1478 1099 1514 Urbemveterem,

95 1541 114 1561 x
130 1531 284 1561 kalendas
300 1531 449 1568 octobris,
466 1540 551 1561 anno
568 1531 670 1561 tertio.
693 1543 707 1557 ν

165 1731 280 1760 350⁸?
620 1730 751 1762 Orvieto,
772 1731 802 1756 15)
819 1730 935 1757 octobre
954 1731 1029 1757 1290.

130 1806 290 1834 Diminutio
307 1808 542 1842 procurationum
553 1810 581 1833 et
597 1807 739 1833 talliarum
750 1807 779 1833 in
791 1806 914 1832 dioecesi
928 1806 1100 1833 Lodovensi.

96 1855 179 1889 (Rue.
196 1855 239 1887 45,
256 1864 281 1882 c.
299 1855 360 1890 484,
378 1856 397 1882 f.
414 1856 446 1883 98
463 1858 512 1888 νο.)

139 2007 158 2014 ..
172 1986 274 2015 abbati
285 1986 463 2015 ‘monasterii
475 1986 668 2020 Ναηιὴεηειέ,
684 1986 804 2014 ordinis
815 1985 849 2014 S.
866 1986 1027 2022 Benedicti,
1043 1987 1102 2014 Ru-

97 2038 247 2068 thenensis
263 2039 396 2068 diocesis.
416 2050 429 2065 α
452 2038 494 2068 Ex
514 2042 601 2076 parte
619 2037 813 2067 venerabilis
836 2038 942 2068 fratris
964 2039 1061 2068 nostri
1081 2062 1099 2069 ..

95 2091 235 2130 episcopi
252 2095 280 2121 et
295 2090 403 2121 dilecti
420 2091 479 2121 filii
493 2091 625 2131 capituli
641 2095 671 2121 et
685 2091 762 2121 cleri
777 2092 916 2121 civitatis
927 2096 957 2121 et
969 2092 1102 2122 diocesis

96 2144 290 2174 Lodovensis
307 2144 366 2174 fuit
382 2144 561 2183 expositum
576 2153 682 2174 coram
699 2145 790 2174 nobis
806 2145 908 2183 quod,
929 2145 954 2174 si
975 2146 1101 2175 contin-

95 2201 148 2235 gat
167 2197 309 2227 interdiu
331 2196 451 2235 legatos
474 2201 504 2227 et
530 2197 662 2227 nuntios
685 2197 854 2236 apostolice
878 2198 962 2227 sedis
985 2198 1101 2228 habere

94 2250 263 2280 transitum
285 2259 339 2289 per
360 2251 553 2289 provintiam
572 2251 816 2281 Narbonensem
829 2276 836 2289 ,
856 2252 889 2281 in
911 2253 1102 2290 prestatione

96 2303 354 2342 procurationum
376 2307 406 2333 et
428 2303 679 2334 subventionum
705 2313 767 2343 que
792 2304 904 2342 legatis
928 2309 958 2334 et
978 2305 1102 2334 nuntiis

96 2355 251 2386 debentur
273 2356 410 2393 eisdem,
428 2365 552 2387 necnon
570 2357 604 2386 in
623 2356 720 2386 talliis
737 2362 767 2387 et
784 2357 924 2388 collectis
943 2367 1004 2396 que
1021 2358 1103 2387 fiunt

95 2417 151 2448 pro
181 2409 332 2440 omnibus
362 2410 498 2448 negotiis
531 2410 738 2440 ecclesiarum
773 2414 802 2440 et
834 2411 1100 2441 monasteriorum

54 2477 55 2483 1
96 2463 238 2502 ejusdem
252 2463 423 2502 provintie,
435 2463 474 2494 de
489 2472 552 2502 qua
567 2464 743 2503 episcopus,
762 2464 939 2504 capitulum
954 2466 983 2494 et
999 2465 1102 2494 clerus

95 2515 229 2554 predicti
266 2516 428 2553 existunt,
465 2525 529 2546 non
566 2518 606 2547 sit
644 2518 857 2556 compensatis
898 2518 1102 2548 facultatibus

96 2569 301 2600 ecclesiarum
321 2573 350 2599 et
366 2570 635 2601 monasteriorum
650 2571 793 2609 ipsorum
810 2580 891 2610 equa
909 2571 1102 2601 contributio

96 2622 181 2652 inter
195 2631 258 2653 eos.
278 2623 420 2659 Quare...
443 2623 631 2653 discretioni
649 2628 700 2654 tue
716 2633 771 2663 per
792 2624 964 2662 apostolica
984 2624 1103 2663 scripta

97 2676 288 2705 mandamus
321 2676 493 2714 quatinus,
526 2685 599 2706 cum
631 2677 868 2715 procurationes
902 2681 930 2707 et
963 2677 1102 2707 subven-

98 2728 216 2765 tiones,
247 2728 350 2758 tallias
382 2733 412 2759 et
437 2729 582 2759 collectas
609 2730 794 2769 hujusmodi
824 2731 892 2760 fieri
922 2730 1100 2768 contigerit,

99 2785 129 2811 et
150 2782 329 2821 episcopus,
355 2783 529 2822 capitulum
554 2788 583 2813 et
608 2783 711 2813 clerus
736 2784 867 2823 predicti
895 2785 995 2823 parati
1018 2785 1101 2821 sint,

98 2838 133 2864 ut
163 2840 329 2872 asserunt,
357 2836 447 2875 juxta
476 2837 702 2875 possibilitates
733 2846 824 2875 suas,
854 2847 908 2876 pro
935 2842 1001 2867 rata
1027 2846 1102 2867 con-

100 2888 236 2919 tribuere
251 2889 287 2918 in
303 2889 482 2927 premissis,
501 2898 564 2920 non
581 2891 745 2929 permittas
760 2891 799 2921 ab
815 2891 860 2920 eis
878 2891 959 2920 ultra
978 2891 1103 2921 faculta-

99 2945 144 2971 tes
166 2950 296 2971 suarum
318 2941 547 2980 ecclesiarum,
570 2943 733 2973 occasione
753 2943 955 2982 hujusmodi,
981 2944 1102 2982 aliquid

99 2994 183 3033 exigi
213 2994 263 3024 vel
293 2995 390 3024 etiam
423 2996 613 3034 extorqueri.
645 2996 915 3033 Contradictores,
945 3002 1001 3027 etc.
1030 2998 1101 3027 Dat.

98 3047 181 3085 apud
195 3047 472 3085 Urbemveterem,
490 3048 597 3078 idibus
612 3049 759 3086 octobris,
777 3058 862 3079 auno
880 3049 981 3079 tertio.
1002 3062 1015 3076 n

239 3115 312 3143 Rae.
333 3115 456 3143 Niconis
476 3115 528 3142 IV.

1247 446 1366 474 3508

1212 508 1306 535 Locus
1322 509 1440 535 fratrum
1466 508 1661 535 Poenitentiae
1677 507 1748 534 Jesu
1772 507 1878 534 Christi
1902 507 2026 542 capitulo
2041 507 2183 533 Tolosano

1177 557 1318 583 venditur.
1337 557 1420 590 (Rae.
1438 558 1480 591 45,
1499 566 1525 584 c.
1543 557 1602 587 485,
1621 557 1640 583 f.
1659 557 1691 583 98
1708 557 1759 589 νῦ.)

1718 445 1849 477 Orvieto,
1868 446 1882 471 7
1899 444 2014 470 octobre
2033 444 2110 472 1290.

1220 681 1240 688 ..
1267 659 1367 688 abbati
1390 660 1569 688 monasterii
1594 659 1809 696 ΔΠοεῃασεεηεὶε,
1836 658 2024 687 Caturcensi's
2047 657 2181 686 diocesis.

1181 722 1194 737 «
1215 711 1308 741 Lecta
1329 720 1432 741 coram
1456 711 1546 740 uobis
1567 711 1752 741 dilectorum
1777 711 1916 740 filiorum
1941 735 1961 741 ..
1986 711 2133 749 prepositi
2154 716 2184 741 et

1180 764 1312 803 capituli
1329 765 1459 794 ecclesie
1478 765 1656 795 Tholosane
1673 765 1780 802 petitio
1796 765 1977 794 continebat
1997 765 2078 803 quod
2105 765 2181 795 olim

1180 817 1291 847 fratres
1321 818 1499 847 Peniteutie
1529 818 1604 847 Jesu
1634 818 1770 851 Christi,
1799 818 1960 855 cupientes
1991 818 2023 846 iu
2056 819 2183 848 civitate

1181 871 1359 901 Tholosana
1376 880 1485 901 eorum
1503 871 1650 901 ordinem
1671 871 1847 909 propagari,
1864 871 1949 900 infra
1965 871 2097 901 ecclesie
2115 881 2183 910 pre-

1181 925 1264 955 dicte
1281 925 1494 963 parrochiam,
1514 925 1545 954 in
1563 925 1630 955 loco
1644 928 1749 954 tamen
1767 925 1806 953 ab
1819 925 1895 963 ipsis
1912 925 2064 954 fratribus
2079 926 2187 964 acqui-

1181 978 1251 1015 sito,
1272 978 1309 1007 de
1327 978 1477 1016 prepositi
1493 982 1523 1007 et
1538 977 1668 1016 capituli
1684 977 1897 1016 predictorum
1915 977 2042 1007 licentia
2057 1001 2062 1012 ,
2081 983 2184 1008 orato-

1182 1031 1266 1060 rium
1278 1035 1307 1061 et
1317 1031 1460 1061 officinas
1473 1031 1518 1061 eis
1533 1031 1727 1061 necessarias
1739 1035 1994 1067 construxerunt,
2008 1032 2041 1060 in
2055 1032 2183 1069 signum

1182 1084 1387 1122 subjectionis
1406 1084 1543 1122 quadam
1560 1084 1713 1122 pensione
1729 1093 1837 1113 annua
1852 1085 1886 1113 in
1903 1084 1970 1114 loco
1984 1085 2052 1123 ipso
2068 1086 2186 1123 prefato

1181 1137 1318 1176 capitulo
1341 1141 1517 1174 reservata,
1541 1146 1641 1176 eaque
1667 1137 1899 1167 nichilominus
1923 1139 2106 1168 conditione
2129 1140 2186 1169 ad-

1178 1191 1260 1229 jecta
1278 1190 1360 1229 quod
1381 1190 1492 1220 fratres
1509 1190 1569 1228 ipsi
1591 1190 1767 1228 predictum
1786 1190 1891 1220 locum
1908 1191 2052 1220 deserere
2068 1192 2187 1231 absque

1182 1243 1391 1281 requisitione
1411 1243 1554 1281 ipsorum
1578 1243 1727 1281 prepositi
1747 1248 1777 1272 et
1796 1243 1930 1281 capituli
1951 1252 2014 1273 non
2032 1244 2185 1274 valerent.

1182 1297 1295 1333 Unde,
1318 1305 1390 1326 cum
1417 1296 1529 1326 fratres
1552 1296 1686 1334 predicti
1709 1296 1813 1326 locum
1835 1296 2004 1326 intendant
2027 1297 2188 1328 dimittere

1183 1349 1393 1388 prelibatum,
1411 1358 1448 1379 eo
1470 1349 1669 1388 postmodum
1692 1349 1724 1378 in
1742 1349 1949 1388 dispositione
1965 1350 2048 1379 sedis
2064 1354 2189 1389 aposto-

1183 1403 1244 1433 lice
1262 1403 1382 1439 libera,
1401 1404 1490 1441 juxta
1507 1403 1742 1433 constitutionis
1762 1407 1904 1433 tenorem
1923 1412 1942 1433 a
1963 1403 2066 1433 felicis
2082 1413 2189 1434 recor-

1184 1457 1322 1486 dationis
1343 1456 1495 1494 Gregorio
1516 1465 1594 1494 papa
1611 1456 1752 1492 decimo,
1771 1456 1991 1495 predecessore
2007 1461 2133 1492 nostro,
2153 1458 2187 1487 in

1184 1509 1325 1548 generali
1353 1509 1561 1546 Lugdunensi
1591 1508 1725 1539 concilio
1752 1509 1852 1545 edite,
1882 1514 2087 1546 remanente,
2113 1510 2188 1540 dicti

1184 1563 1360 1602 prepositus
1379 1567 1408 1591 et
1426 1561 1601 1600 capitulum
1623 1562 1715 1591 nobis
1736 1561 1900 1591 humiliter
1920 1562 2139 1600 supplicarunt
2156 1568 2189 1593 ut

1184 1617 1230 1647 eis
1246 1625 1340 1655 super
1356 1616 1424 1651 boc,
1443 1615 1609 1654 presertim
1627 1624 1699 1645 cum
1716 1619 1839 1654 paratos
1855 1625 1887 1644 se
1903 1621 2046 1645 asserant
2061 1624 2188 1655 compe-

1186 1674 1254 1699 tens
1279 1677 1333 1707 pro
1359 1668 1426 1698 loco
1448 1667 1585 1705 predicto
1609 1667 1746 1705 pretinm
1767 1667 1936 1703 exhibere,
1960 1668 2127 1705 providere
2150 1669 2188 1698 de

1185 1722 1382 1760 benignitate
1396 1720 1478 1750 sedis
1492 1720 1660 1759 apostolice
1673 1720 1893 1758 dignaremur.
1908 1720 1972 1750 Nos
1987 1721 2106 1759 itaque,
2124 1722 2189 1752 dic-

1185 1781 1289 1805 torum
1308 1774 1456 1813 prepositi
1475 1778 1505 1803 et
1520 1773 1649 1812 capituli
1667 1773 1812 1811 precibus
1828 1773 1987 1810 inclinati,
2004 1774 2189 1805 discretioni

1186 1834 1237 1858 tue
1256 1837 1310 1867 per
1327 1827 1497 1866 apostolica
1514 1827 1630 1865 scripta
1648 1826 1839 1856 mandamus
1859 1826 2028 1865 quatinus,
2047 1827 2189 1856 cedenti-

1184 1882 1243 1911 bus
1260 1881 1308 1910 vel
1322 1880 1549 1910 decedentibus
1568 1879 1719 1909 fratribus
1737 1879 1937 1917 supradictis.
1955 1880 2132 1918 predictum
2144 1880 2190 1909 lo-

1185 1943 1257 1965 cuni
1276 1934 1394 1964 eisdem
1413 1933 1568 1972 preposito
1587 1937 1616 1962 et
1632 1932 1769 1971 capitulo
1785 1932 1968 1962 auctoritate
1985 1937 2092 1962 nostra
2111 1942 2188 1963 con-

1184 1989 1276 2019 cedas
1301 1997 1355 2018 sen
1380 1987 1499 2017 vendas
1523 1995 1577 2026 pro
1602 1987 1700 2025 pretio
1728 1986 1937 2024 competenti,
1963 1994 1999 2015 ac
2019 1986 2189 2024 pecuniam

1185 2051 1280 2081 quam
1303 2045 1428 2080 propter
1451 2040 1509 2070 hoc
1531 2040 1569 2069 ab
1592 2039 1670 2078 ipsis
1693 2039 1849 2077 receperis
1872 2038 2011 2076 deponas
2030 2038 2065 2067 in
2083 2038 2191 2077 aliquo

1187 2100 1251 2126 tuto
1269 2095 1353 2130 loco,
1372 2095 1406 2123 iu
1425 2094 1520 2123 Terre
1537 2093 1651 2123 Sancte
1667 2092 1846 2122 subsidium
1858 2115 1865 2128 ,
1884 2095 1976 2130 prout
1994 2101 2048 2130 per
2065 2096 2189 2130 aposto-

1184 2149 1278 2178 licam
1295 2148 1402 2177 sedem
1419 2147 1563 2177 ordinari
1578 2146 1763 2184 contigerit,
1781 2145 2042 2182 convertendam,
2062 2146 2189 2183 signifi—

1184 2207 1311 2233 caturus
1328 2202 1418 2231 nobis
1434 2201 1578 2240 plenarie
1594 2200 1804 2239 quantitatem
1821 2199 1922 2238 ipsius
1940 2200 2074 2238 pecunie
2090 2208 2126 2229 ac
2141 2199 2188 2229 lo-

1184 2265 1256 2287 cum
1278 2255 1312 2284 in
1336 2264 1398 2293 quo
1419 2263 1489 2284 eam
1515 2254 1697 2293 deposueris
1717 2257 1748 2282 et
1769 2252 1920 2291 quicquid
1943 2252 2054 2282 feceris
2074 2253 2107 2282 iu
2132 2253 2191 2282 bac

1184 2313 1281 2347 parte.
1306 2309 1376 2337 Dat.
1396 2307 1479 2346 apud
1500 2307 1785 2342 Urbemveterem,
1808 2306 1903 2335 nonis
1925 2305 2081 2341 octobris,
2105 2314 2191 2335 anno

1184 2361 1286 2392 tertio.
1308 2374 1321 2387 n

1255 2559 1377 2588 35⁰9

1222 2622 1404 2655 Dispensatio
1416 2628 1503 2655 super
1514 2619 1625 2645 defectu
1639 2620 1784 2645 natalium,
1799 2619 1881 2650 (Rea.
1896 2619 1937 2650 45,
1951 2627 1977 2644 c.
1991 2618 2051 2651 486,
2065 2618 2083 2644 f.
2097 2618 2130 2645 99
2144 2620 2193 2651 ro.)

1668 2557 1795 2590 Orvieto,
1816 2558 1844 2583 17
1863 2557 2024 2591 septembre
2042 2556 2117 2583 1290.

1228 2754 1246 2761 ..
1268 2732 1400 2768 episcopo
1427 2729 1563 2758 Ouetensi'
1586 2731 1768 2766 potestatem
1791 2726 1961 2756 committit
1984 2726 2191 2764 dispensandi

1185 2794 1257 2815 cum
1276 2782 1443 2813 Fernando
1460 2781 1591 2818 Pelagii,
1610 2780 1803 2818 presbytero,
1825 2779 1982 2809 monacho
2001 2779 2190 2809 monasterii

1184 2838 1222 2868 de
1233 2826 1400 2871 Valle'Dei‚
1410 2833 1631 2865 Cisterciensis
1641 2833 1775 2869 ordinis,
1787 2833 1954 2862 Ovetensis
1964 2832 2131 2869 dioecesis,
2143 2837 2205 2870 ut,‘

1185 2900 1248 2921 non
1263 2890 1406 2920 obstante
1419 2888 1540 2917 defectu
1554 2885 1708 2916 natalium
1723 2895 1819 2924 quein
1833 2885 1960 2923 patitur,
1976 2895 1992 2915 e
2005 2885 2194 2925 presbytero

1185 2943 1311 2981 genitus
1324 2945 1354 2971 et
1369 2940 1481 2974 soluta,
1499 2939 1532 2968 in
1549 2938 1702 2976 susceptis
1719 2937 1888 2967 ordinibus
1905 2937 2088 2966 ministrare
2107 2941 2137 2966 et
2152 2937 2192 2966 ad

1186 2996 1347 3034 regulares
1363 2993 1668 3027 administrationes,
1684 2999 1806 3020 necnon
1827 2990 1997 3027 abbatiam,
2016 2991 2192 3029 prioratum

1185 3058 1240 3079 seu
1258 3048 1352 3078 aliam
1369 3047 1419 3076 sui
1435 3046 1556 3076 ordinis
1573 3044 1759 3082 dignitatem
1775 3043 1896 3073 assumi
1915 3043 2027 3073 valeat.

2018 3109 2051 3136 69
