2477 3637
219 367 276 400 360
964 360 1202 393 REGISTRES
1223 361 1281 392 DE
1300 361 1485 392 NICOLAS
1506 361 1549 391 IV

219 433 388 472 eontigerit
408 431 530 468 violari,
551 439 588 462 ea
604 428 807 461 reconciliari
822 428 944 468 possis,
961 437 1058 468 aqua,
1077 433 1111 458 ut
1129 428 1226 458 moris

219 490 286 523 est,
309 486 396 525 prius
416 494 472 523 per
496 483 557 513 loci
579 482 787 512 diocesanum
806 480 1029 520 sollempniter
1047 481 1225 512 benedicta.

218 538 291 570 Dat.
309 539 421 574 Rome,
439 537 522 576 apud
538 536 689 566 Sanctam
707 535 842 564 Mariam
861 534 1016 573 Maj0rem
1031 557 1040 572 ,
1059 544 1101 564 xii
1118 534 1228 564 kalen-

221 593 277 623 das
291 590 461 627 februarii,
484 597 570 619 auno
591 588 743 618 secundo.
762 599 777 614 υ

272 763 527 794 2015-2018
555 761 902 796 Sainte-Marie-MaJeure,
920 761 952 789 ‘28
966 760 1078 796 janvier
1094 760 1173 789 1290.

254 826 463 861 Indulgentiae.
484 825 564 858 (Rae.
583 825 626 860 44,
643 832 669 851 c.
687 825 748 855 779,
766 824 785 851 f.
801 823 852 852 283
869 825 918 856 vo.)

262 929 415 959 Universis
437 928 550 958 Christi
567 927 706 965 fidelibus
728 931 878 966 presentes
898 927 1015 956 litteras
1036 927 1228 965 inspecturis.

218 982 459 1021 Indulgentiam
476 985 604 1011 centum
623 981 748 1010 dierum
765 979 909 1010 concedit
925 980 969 1009 eis
987 979 1044 1018 qui
1060 979 1227 1010 ecclesiam

219 1036 329 1067 Sancti
345 1035 468 1066 Nicolai
485 1035 523 1065 de
540 1034 636 1071 Setia,
651 1034 892 1064 Terracinensis
907 1033 1074 1070 dioecesis,
1091 1033 1125 1063 in
1144 1033 1228 1064 sesti-

219 1090 316 1120 vitate
332 1089 365 1120 S.
386 1088 511 1119 Nicolai
529 1088 740 1118 visitaverint.

260 1155 275 1171 «
300 1143 490 1174 Sanctorum
518 1142 641 1172 meritis
668 1141 818 1173 inclita...
838 1157 878 1164 -
903 1141 976 1171 Dat.
999 1141 1117 1177 Rome,
1144 1141 1227 1179 apud

218 1197 368 1228 Sanctam
386 1196 521 1226 Mariam
540 1196 693 1234 Maj0rem
705 1218 713 1231 ,
735 1205 755 1224 v
776 1194 929 1225 kalendas
945 1195 1116 1231 februarii,
1141 1203 1227 1224 anno

218 1250 369 1280 secundo.
389 1262 403 1277 ι

258 1304 297 1333 In
313 1313 340 1333 e.
358 1312 401 1332 m.
420 1311 476 1341 pro
497 1302 629 1333 ecclesia
655 1301 763 1332 Sancti
787 1301 873 1331 Petri
893 1301 932 1331 de
953 1301 1060 1338 Setia,
1081 1301 1226 1331 Terraci-

217 1357 328 1387 nensis
343 1356 506 1386 dioecesis.

265 1521 519 1553 2012-2024
550 1520 902 1556 Sainte-Marie-Majeure,
921 1521 952 1547 13
965 1521 1078 1555 J'anvier
1096 1520 1174 1548 1290.

252 1586 462 1621 Indulgentiae.
479 1585 563 1618 (Rae.
582 1585 624 1616 44,
642 1593 668 1611 6.
687 1584 759 1616 779²,
777 1584 796 1611 f.
812 1584 864 1611 ‘283
880 1592 926 1617 v⁰;
945 1583 1061 1614 porra..
1078 1584 1188 1617 23160.)

260 1689 413 1718 Universis
432 1688 546 1717 Christi
564 1687 703 1724 fidelibus
719 1693 866 1726 presentes
890 1687 1006 1716 litteras
1030 1687 1223 1724 inspecturis.

216 1741 457 1780 Indulgentiam
491 1741 586 1770 unius
615 1741 695 1770 anni
724 1745 755 1770 et
781 1750 818 1770 xi.
848 1740 973 1770 dierum
1001 1740 1146 1770 concedit
1179 1741 1224 1770 eis

216 1795 271 1834 qui
295 1793 461 1825 ecclesiam
482 1817 502 1823 ..
520 1794 690 1832 guardiani
718 1798 747 1824 et
767 1794 898 1823 fratrum
926 1794 1090 1823 minorum
1115 1793 1224 1824 Nova-

216 1849 368 1884 riensem,
385 1848 419 1877 in
436 1847 591 1877 honorem
607 1847 639 1877 S.
661 1848 764 1878 Lucae
780 1851 1005 1882 constructam,
1024 1847 1058 1876 in
1078 1846 1224 1885 ejusdem

216 1902 318 1931 sancti
333 1905 363 1931 et
378 1902 410 1931 S.
429 1901 591 1930 Francisci
608 1900 834 1930 festivitatibus
852 1900 1061 1930 visitaverint.

264 1966 277 1981 ι
293 1955 366 1984 Vite
382 1954 565 1993 perempnis
579 1954 716 1991 gloria...
733 1971 773 1976 —
787 1955 860 1984 Dat.
888 1954 1005 1989 Rome,
1023 1953 1106 1992 apud
1126 1953 1225 1983 Sanc-

216 2012 281 2038 tam
297 2008 432 2038 Mariam
451 2008 619 2046 Maj01·em,
638 2007 744 2037 idibus
758 2007 911 2046 januarii,
932 2016 1019 2037 anuo
1034 2007 1184 2037 secundo.
1208 2018 1222 2034 υ

512 2086 878 2121 Sainte-Marie-Majeure,
899 2086 927 2113 31
943 2086 1056 2121 janvier
1073 2087 1149 2114 1290.

256 2151 295 2181 In
311 2160 338 2180 e.
355 2159 398 2180 m.
418 2172 438 2179 ..
455 2149 560 2179 abbati
577 2154 606 2179 et
623 2149 795 2179 conventui
813 2149 997 2179 monasterii
1015 2149 1222 2186 Cerasiensis,

215 2204 336 2235 ordinis
353 2204 386 2233 S.
402 2203 588 2243 Benedicti,
614 2203 796 2242 Bajocensis
821 2203 986 2233 dioec-esis.
1010 2203 1152 2233 Eandem
1170 2203 1223 2233 in-

215 2257 414 2296 dulgentiam
430 2256 575 2287 concedit
594 2257 637 2286 eis
654 2256 710 2296 qui
726 2265 836 2286 eorum
856 2256 1023 2286 ecclesiam
1036 2279 1045 2293 ,
1069 2257 1103 2286 in
1121 2256 1222 2287 hono-

214 2321 283 2342 rem
315 2312 347 2342 S.
379 2312 464 2341 Petri
492 2310 623 2350 apostoli
656 2314 685 2340 et
709 2310 742 2340 S.
775 2310 904 2348 Vigoris
929 2314 1142 2340 constructam
1157 2335 1163 2347 ,
1189 2311 1223 2340 in

214 2365 452 2404 Assumptiouis
469 2366 576 2394 heatae
593 2364 712 2393 Mariae
725 2368 756 2394 et
773 2363 827 2393 SS.
850 2363 935 2393 Petri
952 2368 982 2394 et
1000 2364 1124 2402 Vigoris
1140 2364 1222 2394 festi-

214 2419 365 2449 vitatibus
382 2418 592 2448 visitaverint.
618 2418 688 2447 Dat.
715 2418 834 2447 Romae
848 2440 856 2453 ‚
879 2417 962 2456 apud
983 2417 1131 2448 Sanctam
1154 2418 1223 2447 Ma-

214 2473 296 2502 riam
312 2472 466 2511 Major-ern
481 2495 487 2507 ‚
503 2481 524 2500 11
540 2471 694 2501 kalendas
710 2470 883 2507 februarii,
901 2479 987 2501 anno
1005 2471 1156 2502 secundo.

516 2551 879 2586 Saiiite-Marie-Majeure,
900 2551 938 2577 1³¹·
954 2551 1057 2578 fevrier
1074 2550 1151 2578 1290.

255 2616 292 2645 In
315 2625 340 2645 e.
360 2624 402 2645 in.
429 2638 449 2645 ..
467 2615 566 2653 priori
584 2614 740 2653 prioratus
762 2614 871 2644 Sancti
890 2614 1021 2643 Martini
1037 2613 1075 2644 de
1091 2613 1224 2644 Duobus

215 2668 370 2699 Gemellis
384 2692 392 2706 ,
421 2668 542 2699 ordinis
572 2668 603 2698 S.
633 2667 814 2703 Benedicti,
844 2667 1029 2706 Bajocensis
1058 2667 1220 2697 dioecesis.

216 2722 357 2752 Eandem
373 2722 609 2760 indulgentiam
626 2721 771 2764 concedit
787 2721 834 2751 eis
850 2721 904 2760 qni
921 2721 1033 2750 altaria
1052 2721 1142 2751 Beati
1159 2721 1222 2751 Mi-

215 2775 334 2805 chaelis
350 2775 547 2813 Archangeli
563 2779 594 2805 et
608 2775 718 2805 Sancti
740 2774 856 2814 Ypoliti
873 2774 1025 2813 martyris
1040 2775 1074 2804 in
1091 2774 1223 2804 ecclesia

216 2829 366 2867 praedicti
382 2829 540 2868 prioratus
556 2829 614 2859 sita
633 2829 666 2858 in
687 2828 921 2867 praedictorum
939 2833 1123 2859 sanctorum
1139 2827 1222 2858 sesti-

217 2883 365 2912 vitatibus
381 2883 593 2912 visitaverint.

258 2947 270 2962 a
304 2935 459 2974 Splendor
490 2941 618 2976 paterne
647 2936 785 2974 glorie...
814 2953 853 2957 —-
883 2935 954 2966 Dat.
987 2936 1107 2972 Rome,
1137 2935 1222 2974 apud

217 2990 364 3019 Sanctam
380 2990 513 3019 Mariam
533 2990 702 3028 Majorem,
718 2988 865 3019 kalendis
881 2988 1053 3024 februarii,
1072 2997 1157 3019 anno
1172 2997 1220 3019 se-

215 3042 330 3073 cundo.
352 3054 364 3069 n

1601 427 1969 465 Sainte-Marie-Majeure‚
1987 430 2020 458 28
2032 431 2145 466 janviet·
2160 431 2239 460 1290.

1344 490 1382 520 In
1399 499 1426 520 e.
1440 499 1484 520 m.
1501 490 1660 520 universis
1671 490 1790 522 Christi
1803 491 1963 522 fidelibus.
1983 493 2125 524 Eandem
2139 494 2310 534 indulgen-

1305 545 1380 574 tiam
1394 543 1539 574 concedit
1552 545 1597 574 eis
1606 545 1661 583 qui
1675 545 1841 575 ecclesiam
1852 546 1988 576 fratrum
1999 546 2164 578 minorum
2179 548 2312 582 Avinio-

1306 607 1451 635 nensem,
1481 598 1515 627 iu
1538 607 1602 637 qua
1627 598 1746 628 multae
1774 603 1957 630 sanctorum
1984 600 2142 640 reliquiae
2166 602 2310 635 conditae

1304 655 1380 682 sunt
1393 675 1400 688 ,
1419 651 1453 681 iu
1470 651 1712 690 Assumptionis
1727 652 1837 683 beatae
1850 653 1971 684 Mariae
1983 658 2013 684 et
2028 654 2060 685 S.
2079 654 2242 686 Francisci
2253 655 2311 688 fes-

1306 705 1483 735 tivitatibus
1499 705 1715 735 visitaverint.

1347 770 1361 786 ιι
1378 759 1451 788 Vite
1467 759 1652 798 perempnis
1667 758 1806 798 gloria...
1824 777 1862 782 —
1880 760 1950 790 Dat.
1968 761 2070 791 Rome
2082 784 2090 798 ,
2115 761 2197 800 apud
2213 761 2312 794 Sanc-

1306 816 1369 842 tam
1393 811 1529 841 Mariam
1553 812 1726 851 Majorem,
1745 821 1765 842 v
1788 812 1942 843 kalendas
1965 813 2140 851 februarii,
2160 823 2246 846 anno
2262 823 2313 846 se-

1305 865 1420 895 cundo.
1441 876 1455 892 »
1471 865 1624 905 (Poma,
1644 864 1765 905 23172).

1345 919 1384 948 In
1411 928 1438 949 e.
1468 928 1511 948 m.
1542 927 1597 958 pro
1621 918 1754 949 ecclesia
1781 919 1916 950 fratrum
1943 920 2106 950 minorum
2132 919 2313 952 Grasseusi.

1304 971 1456 1011 (Po'r'rn.‚
1474 972 1595 1012 23173).

1346 1025 1384 1055 In
1402 1034 1429 1055 e.
1447 1035 1490 1055 m.
1510 1026 1651 1056 Eandem
1667 1025 1904 1064 indulgentiam
1921 1027 2066 1057 concedit
2082 1027 2128 1057 eis
2143 1027 2199 1066 qui
2216 1014 2315 1060 eccle-
2347 1014 2350 1057 J

1307 1079 1387 1109 siam
1405 1079 1538 1109 Sanctae
1554 1080 1675 1110 Mariae
1693 1079 1732 1109 de
1750 1079 1915 1117 Mazeriis,
1933 1079 2132 1111 Tholosanae
2147 1080 2314 1120 dioecesis,

1307 1133 1342 1162 in
1358 1133 1467 1163 beatae
1484 1133 1604 1163 Mariae
1619 1133 1845 1163 festivitatibus
1864 1133 2075 1164 visitaverint.

1350 1197 1363 1213 α
1381 1185 1570 1216 Sanctorum
1588 1186 1711 1216 meritis
1727 1186 1875 1216 inclita...
1895 1203 1934 1207 -—
1950 1187 2022 1217 Dat.
2042 1190 2195 1226 utsupra.
2215 1199 2229 1215 ι

1632 1263 2000 1302 sainte-Marie-tttaJeure,
2018 1267 2033 1294 5
2048 1267 2153 1294 fevriet·
2167 1266 2246 1295 1290.

1348 1316 1387 1345 In
1405 1325 1432 1345 e.
1450 1325 1494 1346 m.
1513 1315 1653 1346 Eandem
1675 1316 1910 1354 indulgentiam
1931 1317 2075 1347 concedit
2090 1316 2138 1346 eis
2153 1316 2209 1355 qui
2222 1314 2317 1348 eccte-
2338 1339 2339 1342 η

1309 1369 1428 1398 siam..
1445 1368 1621 1399 abbatissae
1637 1373 1666 1399 et
1681 1375 1860 1400 conventus
1874 1369 2061 1400 monasterii
2076 1369 2116 1399 de
2133 1369 2232 1406 Bano,
2250 1368 2317 1401 Gis-

1312 1423 1477 1453 terciensis
1501 1423 1636 1461 ordinis,
1664 1423 1880 1454 Terdonensis
1903 1423 2078 1461 dioecesis,
2099 1423 2134 1453 in
2163 1422 2317 1457 honorem

1311 1475 1420 1506 beatae
1436 1477 1557 1506 Mariae
1571 1481 1797 1513 constructam,
1817 1477 1852 1506 in
1867 1477 1978 1507 beatae
1995 1477 2128 1513 Mariae,
2149 1476 2181 1507 S.
2197 1475 2318 1507 Johan·

1308 1529 1361 1559 nis
1376 1530 1537 1569 Baptistae
1553 1533 1582 1559 et
1598 1530 1630 1560 S.
1648 1530 1802 1569 Stephani
1817 1530 2043 1560 festivitatibus
2059 1530 2270 1560 visitaverint.

1350 1595 1363 1611 ιι
1396 1584 1467 1614 Vite
1497 1585 1681 1624 perempnis
1709 1584 1846 1623 gloria...
1883 1600 1923 1607 —
1949 1584 2020 1614 Dat.
2060 1584 2200 1621 Romae,
2233 1582 2317 1627 apud

1309 1637 1459 1668 Sanctam
1484 1638 1621 1668 Mariam
1646 1638 1823 1677 Majorem,
1843 1638 1939 1668 nonis
1963 1637 2139 1674 februarii,
2164 1645 2250 1668 anno
2267 1634 2332 1668 stt-‘³

1307 1691 1424 1722 eundo.
1445 1704 1457 1719 ι,

1618 1758 1978 1793 sainte-Marie-Majeure,
1997 1759 2036 1785 1ο*-
2048 1758 2154 1785 fevi-ier
2168 1756 2246 1786 1290.

1347 1822 1386 1852 In
1400 1831 1427 1852 e.
1446 1831 1489 1852 m.
1509 1845 1530 1852 ..
1546 1822 1652 1852 abbati
1664 1828 1694 1852 et
1708 1821 1846 1861 capitulo
1859 1821 2031 1852 saecularis
2044 1821 2196 1851 ecclesiae
2209 1820 2316 1852 Sancti

1306 1877 1325 1906 J
1328 1876 1466 1906 ohannis
1483 1876 1703 1914 Evangelistae
1719 1876 1758 1906 de
1769 1876 1959 1915 Sompnino,
1975 1875 2218 1906 Tarracinensis
2233 1874 2317 1907 dioe-

1307 1930 1398 1960 cesis.
1417 1930 1559 1960 Eandem
1572 1930 1810 1968 indulgentiam
1826 1929 1970 1960 concedit
1986 1929 2033 1959 eis
2048 1929 2105 1968 qui
2123 1929 2207 1959 hanc
2221 1927 2316 1960 eccle-

1307 1983 1388 2013 siam
1403 1983 1436 2013 in
1454 1983 1485 2013 S.
1503 1984 1662 2014 Johannis
1679 1983 1903 2021 Evangelistae
1918 1987 1948 2012 et
1964 1983 1996 2013 S.
2013 1982 2175 2013 Johannis
2194 1977 2316 2022 Baptis-

1310 2041 1357 2067 tae
1372 2037 1597 2067 festivitatibus
1613 2037 1829 2067 visitaverint.

1348 2103 1363 2119 «
1383 2091 1540 2130 Splendor
1553 2095 1684 2130 paterne
1696 2090 1835 2129 glorie...
1853 2107 1890 2112 —
1906 2090 1978 2120 Dat.
1995 2089 2107 2126 Rome,
2119 2088 2203 2129 apud
2219 2088 2318 2121 Sanc-

1308 2149 1372 2175 tam
1403 2145 1537 2175 Mariam
1569 2145 1724 2184 Majorem
1737 2169 1743 2182 ,
1771 2143 1919 2174 kalendis
1944 2143 2116 2180 februarii,
2150 2150 2237 2173 anno
2265 2150 2315 2173 se-

1307 2199 1423 2229 cundo.
1446 2211 1459 2225 »

1379 2345 1496 2375 2025
1571 2344 1935 2379 sainte-Marte-Majeure,
1953 2343 1985 2370 13
2000 2342 2151 2370 decembre
2167 2341 2243 2370 1289.

1342 2408 1475 2436 Facultas
1490 2407 1664 2443 percipiendi
1682 2407 1810 2434 redditus
1826 2406 2032 2433 beneficiorum
2046 2405 2219 2432 vacantium.
2231 2402 2313 2438 (Rae.

1307 2459 1350 2492 44,
1367 2466 1392 2485 c.
1411 2458 1471 2488 780,
1490 2457 1509 2484 f.
1525 2457 1575 2484 284
1594 2457 1642 2490 r0.)

1353 2560 1519 2589 Venerabili
1538 2560 1631 2596 fratri
1657 2560 1789 2595 Iloberto,
1813 2557 2010 2588 Bathoniensi
2036 2561 2063 2586 et
2083 2555 2220 2586 Wellensi
2236 2554 2313 2593 epis-

1305 2621 1376 2651 copo
1390 2635 1397 2649 ‚
1424 2614 1655 2651 crucesiynato,
1679 2612 1751 2651 qui,
1777 2619 1850 2641 cum
1875 2610 2066 2641 bellatorum
2088 2608 2260 2645 comitiva,
2278 2606 2315 2638 in

1305 2667 1408 2706 primo
1426 2666 1568 2705 generali
1588 2667 1732 2705 passagio
1753 2675 1771 2696 a
1793 2665 1866 2696 sede
1882 2663 2054 2704 apostolica
2073 2662 2259 2698 statuendo,
2276 2659 2318 2693 in·

1306 2721 1420 2751 Terrae
1433 2721 1567 2751 Sanctae
1577 2720 1756 2750 subsidium
1772 2718 1925 2759 proficisci
1937 2717 2034 2757 cupit,
2046 2715 2229 2747 facultatem
2238 2721 2312 2746 con-

1305 2775 1388 2806 cedit
1399 2775 1595 2814 percipiendi
1612 2783 1711 2814 usque
1727 2773 1766 2804 ad
1784 2772 1961 2803 triennium
1979 2771 2112 2808 fructus,
2128 2768 2270 2800 redditus
2282 2766 2312 2798 θ’

1307 2832 1477 2868 proventus
1492 2829 1585 2867 primi
1597 2829 1674 2858 anni
1691 2827 1840 2859 omnium
1854 2829 2085 2865 personatuum
2097 2848 2104 2862 ,
2120 2822 2311 2862 dignitatum

1305 2887 1335 2912 et
1350 2882 1487 2912 aliorum
1504 2882 1732 2912 beneficiorum
1745 2879 2031 2911 ecclesiasticorum
2048 2886 2131 2917 quae
2146 2877 2180 2906 in
2198 2873 2280 2906 Batti
2307 2902 2310 2907 .

1305 2935 1411 2965 niensi
1427 2939 1457 2964 et
1474 2934 1633 2965 Wellensi
1649 2934 1833 2965 civitatibus
1851 2937 1882 2963 et
1895 2931 2031 2963 dioecesi
2051 2929 2221 2961 vacabunt.

1346 3001 1359 3016 ι
1376 2989 1498 3019 Meritis
1511 2993 1562 3019 tue
1573 2988 1789 3019 devotionis...
1802 3003 1842 3009 -
1853 2987 1924 3016 Dat.
1937 2987 2049 3021 Rome,
2062 2983 2147 3023 apud
2163 2979 2316 3013 Sanctamss
2355 2976 2357 2980 '

1305 3043 1440 3073 Mariam
1454 3043 1627 3082 Major-em,
1646 3041 1752 3072 idibus
1767 3039 1962 3077 decembris,
1980 3046 2066 3069 anno
2085 3035 2236 3068 secundo.
2254 3044 2270 3061 »
2319 3047 2325 3054 ·
2356 3031 2361 3034 ”
