2477 3637
211 365 269 396 378
519 380 522 382 v
956 359 1193 391 REGISTRES
1214 359 1270 390 DE
1290 359 1476 390 NICOLAS
1498 359 1554 389 IV.

209 434 293 471 perio
311 440 368 469 pro
392 431 508 468 negotio
536 430 623 466 requi·
644 427 750 457 Sicilie
770 428 924 465 deputate,
947 427 1077 457 salutem
1097 433 1150 457 etc.
1182 426 1218 456 Ei

210 488 367 514 memorat
398 481 628 512 declarationes
653 489 755 519 nuper
780 479 880 510 editas
907 480 942 510 in
965 480 1090 510 decima
1115 479 1217 519 perci-

209 536 338 576 pienda,
355 544 436 574 quae
451 538 528 564 sunt
544 544 551 563 ε
570 534 617 563 De
643 533 817 563 redditibus
836 537 866 563 et
888 533 1097 572 proventibus
1114 533 1218 572 lepro-

211 598 318 620 sorum
337 592 409 624 etc.,
430 577 573 626 utsupra
591 587 625 615 in
644 594 711 624 cap.
732 594 864 616 ccccxiii
879 585 936 625 (1).

252 655 264 669 ι
298 640 536 671 Declarationes
564 649 642 678 quas
668 648 809 678 nuper...
832 655 873 662 —
894 639 964 669 Dat.
990 640 1109 677 Rome,
1135 639 1218 678 apud

210 695 360 726 Sanctam
377 693 511 723 Mariam
531 693 703 731 Maj0rem‚
721 701 739 721 x
755 691 910 722 kalendas
927 692 1050 728 martii,
1065 701 1151 723 anno
1170 684 1219 723 se-¹

209 747 326 778 cundo.
347 759 359 774 2

281 919 400 948 2¹39

246 982 408 1009 Coloniensi
434 981 650 1016 archiepiscopo
679 990 732 1008 sua
762 982 834 1008 bona
865 986 891 1008 et
921 983 986 1016 jura
1017 982 1217 1008 restituuntur.

211 1033 294 1066 (Rso.
313 1033 354 1063 44,
371 1040 396 1058 c.
413 1032 474 1062 858,
491 1031 510 1058 f.
528 1031 578 1059 ‘296
596 1039 638 1064 νος
659 1031 774 1065 porra,
792 1031 900 1066 23176.)

509 917 868 953 Sainte-Marie-Majeure,
890 918 919 946 31
939 918 1052 953 Janvier
1069 918 1147 946 1290.

258 1135 480 1164 Venerabilibus
494 1135 646 1170 fratribus
661 1156 681 1163 ..
699 1134 879 1172 Maqumino
895 1139 920 1163 et
935 1156 957 1163 ..
977 1134 1152 1163 Treverensz·
1169 1142 1220 1163 ar·
1245 1123 1249 1126 ⁴

211 1188 406 1227 chiepiscopis
427 1188 559 1217 mandat
580 1192 736 1226 quatenus
756 1187 928 1223 Sifridum‚
945 1187 1221 1226 archiepiscopum

210 1242 454 1276 Coloniensem,
472 1245 502 1270 et
523 1240 689 1271 ecclesiam
713 1241 781 1279 ejus
805 1241 836 1269 in
863 1250 937 1270 eum
961 1245 1077 1270 statum
1096 1245 1127 1270 et
1150 1250 1220 1271 eam

210 1295 442 1334 possessionem
461 1294 618 1324 bonorum
635 1298 666 1323 et
682 1293 807 1332 jurium
827 1293 862 1322 in
888 1293 1007 1332 quihus
1031 1297 1123 1323 erant
1146 1297 1220 1324 ante

210 1347 312 1386 ipsius
328 1346 558 1385 archiepiscopi
579 1346 760 1385 captionem
779 1346 944 1376 reducant.

252 1414 264 1426 α
294 1400 431 1436 Querela
458 1400 564 1438 gravis
591 1399 824 1429 venerabilis...
841 1417 881 1421 —
900 1400 970 1429 Dat.
991 1400 1114 1436 Rome,
1136 1400 1221 1438 apud

209 1454 359 1484 Sanctam
379 1453 512 1482 Mariam
538 1453 708 1492 Maj0rem‚
728 1462 750 1482 11
768 1452 923 1483 kalendas
940 1453 1111 1489 februarii,
1135 1461 1221 1483 anuo

209 1507 360 1537 secundo.
383 1519 396 1533 »

244 1701 498 1730 2140-2148

246 1764 288 1790 De
305 1763 403 1790 eodem
422 1764 546 1797 negotio.
565 1763 648 1795 (Res.
666 1763 711 1793 44,
732 1772 758 1789 c.
776 1763 836 1794 859,
854 1763 873 1789 f,
890 1763 941 1790 296
959 1766 1003 1793 νῦ.)

555 1699 914 1734 Sainte-Marie-Majeure‚
930 1699 958 1726 31
975 1701 1089 1734 janvier
1106 1699 1184 1727 1290.

248 1867 367 1896 Eidem.
407 1878 422 1893 «
460 1866 508 1895 Ad
542 1865 743 1895 audientiam
782 1870 923 1895 nostram
962 1865 1107 1903 pervenit
1138 1865 1223 1904 quod

211 1919 334 1949 nobiles
362 1919 422 1948 viri
445 1919 628 1955 Johannes,
658 1918 721 1948 dux
756 1919 943 1954 Brabantie,
967 1918 1166 1955 Wahamns,
1185 1919 1224 1948 de

212 1973 348 2009 Juliaco,
375 1977 405 2002 et
421 1972 598 2011 Adolphus,
617 1972 655 2001 de
673 1972 797 2008 Monte,
816 1972 1011 2009 Gnerardus,
1037 1973 1075 2002 de
1093 1972 1222 2012 Mai-ka,

214 2026 292 2056 ..de
318 2026 550 2063 Virnembnrg‚
575 2049 594 2055 ..
622 2025 660 2055 de
684 2026 860 2056 Waldecke
881 2030 911 2056 et
936 2049 955 2055 ..
979 2026 1018 2055 de
1041 2026 1225 2057 Wilenowe

209 2079 359 2116 comites,
375 2087 411 2108 ac
425 2079 586 2108 Henricus
611 2078 649 2108 de
670 2079 890 2114 lVindecken,
908 2079 1074 2109 Johannes
1100 2079 1138 2109 de
1160 2080 1226 2118 Ry-

211 2132 403 2167 ferschoith,
422 2131 589 2161 -Ioliannes
607 2131 645 2161 de
667 2132 778 2167 Kneh,
806 2132 972 2161 Johannes
991 2132 1029 2162 de
1055 2133 1225 2184 Naeuam,

210 2185 363 2216 Get-lacus
394 2185 432 2214 de
467 2184 662 2223 Dollcndorp
689 2190 720 2214 et
749 2185 911 2215 Get-ardus
940 2186 979 2215 de
1001 2185 1148 2223 Juliaco,
1176 2197 1228 2218 ec-

211 2239 306 2268 clesie
327 2237 530 2268 Coloniensis
551 2237 696 2273 vassalli,
723 2242 881 2268 eteorum
902 2239 936 2268 in
962 2238 1022 2268 hac
1038 2244 1125 2278 parte
1141 2249 1227 2270 com-

211 2291 307 2330 plices
340 2295 370 2320 et
401 2292 548 2325 fautoreS,
582 2291 718 2329 propriis
746 2300 810 2321 non
836 2292 980 2321 contenti
1004 2291 1163 2322 limitibus
1195 2298 1226 2323 et

216 2344 395 2374 temerariis
424 2344 556 2374 ausibus
584 2344 656 2374 data
681 2344 812 2374 licentia
842 2345 1047 2384 scelestisque
1072 2347 1226 2385 operibns

210 2396 360 2427 relaxatis
383 2397 532 2432 habenis,
552 2402 662 2427 contra
682 2397 843 2427 fidelitatis
867 2398 1012 2428 debitum
1033 2407 1096 2437 quo
1117 2399 1220 2429 eidem

211 2455 361 2481 tenentur
374 2450 506 2480 ecclesie
522 2455 639 2480 temere
655 2452 830 2485 venientes,
848 2452 1133 2490 conspirationem,
1151 2462 1224 2483 con-

208 2504 404 2542 jurationem
421 2508 451 2533 et
470 2503 763 2534 confederationem
786 2514 859 2534 cum
876 2505 1001 2534 civibus
1019 2504 1222 2536 Coloniensi-

212 2557 269 2586 bns
291 2557 444 2587 adversus
470 2557 686 2587 venerabilem
715 2558 847 2588 fratrem
871 2563 1015 2588 nostrum
1044 2559 1219 2597 Sii‘ridum,

211 2610 482 2649 archiepiscopum
502 2610 744 2647 Coloniensem,
766 2620 802 2641 ac
818 2611 953 2641 eandem
974 2611 1144 2642 ecclesiam
1164 2621 1222 2642 ne-

212 2664 317 2702 quiler
334 2664 493 2701 inierunt,
512 2668 542 2693 et
567 2664 693 2694 tandem
714 2669 921 2704 preconcepta
944 2665 1089 2704 nequitia
1105 2665 1221 2704 produ-

212 2722 317 2746 centes
334 2718 366 2746 in
386 2722 511 2756 partum
529 2727 647 2756 sueque
664 2717 802 2748 claustra
819 2718 940 2748 malitie
957 2722 1148 2755 reserantes,
1163 2723 1223 2749 ter-

213 2768 279 2799 'ram
300 2770 398 2808 ipsius
415 2770 547 2800 ecclesie
564 2780 635 2800 cnm
653 2776 849 2802 armatorum
869 2771 1077 2802 multitudine
1096 2772 1222 2810 copiosa

215 2825 370 2855 hostiliter
389 2827 585 2855 invaserunt.
607 2828 752 2866 Cumque
770 2832 909 2857 castrum
927 2827 1106 2862 lVorinch,
1126 2836 1221 2866 prope

214 2878 372 2908 civitatem
398 2880 639 2917 Coloniensem‚
664 2885 697 2909 nt
719 2880 852 2917 dicitur,
880 2882 1106 2919 constitutum,
1135 2885 1165 2910 et
1183 2881 1221 2911 ad

215 2932 346 2960 eandem
364 2933 529 2963 ecclesiam
549 2934 726 2972 pertinens,
740 2936 841 2964 artius
859 2934 1077 2972 obsedissent,
1097 2943 1219 2973 posses-

245 3050 277 3079 (l)
294 3050 327 3073 N⁰
346 3051 411 3075 1¹75.

1300 426 1406 456 siones
1431 430 1461 455 et
1486 425 1569 455 bona
1596 424 1697 464 ipsius
1727 424 1876 462 ecclesie,
1900 425 1935 455 in
1964 426 2306 465 circumadjacentibus

1299 479 1505 509 consistentia
1530 478 1691 518 partibus,
1711 477 1912 508 multimodis
1936 480 2027 516 quasi
2046 479 2260 510 crassantibus
2275 485 2306 512 et

1299 531 1438 561 efferatis
1453 531 1574 561 animis
1595 530 1805 569 dissipantes,
1824 531 1966 561 redditus
1987 536 2018 561 et
2033 536 2206 570 proventus
2220 533 2306 572 ejus-

1299 585 1372 614 dem
1402 584 1534 615 ecclesie
1563 583 1685 614 ibidem
1714 583 1862 614 inventos
1890 584 1976 622 ignis
1999 584 2151 615 incendio
2177 593 2306 617 concre-

1300 637 1430 675 mando,
1442 637 1529 667 idem
1542 636 1574 667 S.
1591 636 1870 675 archiepiscopus,
1887 637 1983 667 tantis
1999 645 2063 667 non
2077 637 2210 676 indigne
2221 646 2314 670 coms

1301 695 1405 721 motus
1420 690 1608 729 injuriis...‚
1626 693 1818 727 congregata
1834 689 1935 728 ipsius
1956 690 2088 720 ecclesie
2105 699 2168 721 non
2185 691 2308 723 modica
2336 720 2339 722 ,

1300 744 1389 782 copia
1405 742 1628 780 vassallorum,
1646 742 1703 781 qui
1719 742 1781 772 sibi
1798 751 1893 782 super
1908 742 1968 773 hoc
1982 743 2199 773 favorabiliter
2213 744 2348 775 assis-³·

1303 798 1427 834 tebant,
1448 801 1560 827 contra
1587 796 1688 826 dictos
1712 795 1844 832 ducem,
1867 797 2012 832 comites,
2027 796 2162 833 nobiles,
2181 797 2265 827 cives
2279 796 2346 834 οἱ,

1300 851 1382 881 alios
1397 850 1514 886 exivit,
1532 850 1588 886 eis,
1603 854 1695 889 prout
1710 854 1848 888 poterat,
1870 849 2056 880 resistendo.
2079 850 2214 880 Demum
2233 850 2315 891 dux‚·

1300 904 1444 941 comites,
1463 903 1596 940 nobiles,
1612 903 1697 933 cives
1713 907 1744 933 et
1759 902 1814 932 alii
1832 903 2046 942 supradicti...
2061 903 2093 933 in
2109 902 2247 934 eundem
2258 911 2327 936 ars
2344 900 2345 906 ¹

1301 957 1541 997 chiepiscopum
1570 965 1606 986 ac
1635 960 1762 994 gentem
1788 965 1879 985 suam
1907 956 2006 995 impie
2027 957 2188 987 irruentes
2215 960 2248 987 et
2274 957 2312 988 in-

1301 1016 1430 1049 gentem
1444 1002 1546 1049 ipsam
1563 1010 1742 1040 furentibus
1755 1009 1872 1047 gladiis
1882 1010 2040 1040 sevientes
2056 1010 2252 1048 immaniter,
2266 1005 2311 1051 ip·

1302 1074 1374 1095 sum
1396 1064 1547 1102 gravibus
1569 1063 1751 1093 lacessitum
1773 1063 1920 1102 injuriis,
1941 1055 2117 1094 saturatum
2142 1063 2266 1103 probris
2281 1067 2324 1096 et*

1302 1117 1527 1148 afflictionibus
1546 1116 1788 1148 contumeliosis
1803 1116 1970 1153 affectum,
1993 1125 2029 1146 ac
2045 1116 2220 1148 nonnullos
2235 1116 2313 1148 alios

1301 1170 1455 1210 prelatos,
1473 1170 1621 1207 clericos,
1645 1170 1795 1206 comites,
1819 1170 1971 1205 barones,
1990 1169 2131 1207 nobiles,
2151 1169 2269 1200 milites
2283 1173 2315 1202 eb

1301 1224 1381 1254 alios
1395 1223 1504 1260 laicos,
1522 1222 1686 1259 vassallos,
1702 1222 1813 1252 fideles
1827 1227 1857 1252 et
1871 1222 2098 1253 ministeriales
2111 1222 2314 1254 coloniensis

1303 1277 1436 1307 ecclesie
1453 1277 1645 1316 supradicte,
1658 1276 1714 1315 qui
1730 1277 1762 1306 in
1779 1286 1871 1306 sunm
1886 1276 2046 1315 auxilium
2058 1282 2224 1314 venerant,
2234 1278 2337 1309 ausu³

1303 1330 1457 1368 sacrilego
1475 1339 1587 1368 capere
1605 1334 1884 1369 presumpserunt,
1911 1329 2017 1368 ipsum
2039 1319 2325 1369 archiepiscopum'

1303 1393 1338 1414 ac
1350 1377 1424 1413 illos
1437 1382 1653 1413 carceralibus
1667 1383 1807 1412 vinculis
1822 1383 1998 1413 temeritate
2011 1383 2211 1422 dampnabili
2225 1391 2329 1416 man-e

1302 1438 1457 1476 cipantes,
1476 1441 1506 1466 et
1522 1436 1754 1466 nichilominus
1772 1436 1947 1475 predictam
1968 1436 2196 1467 Coloniensem
2214 1435 2330 1468 eccle-
2456 1427 2477 1479 m

1303 1491 1384 1521 siam
1402 1491 1435 1520 in
1460 1490 1714 1529 possessionibus
1737 1495 1766 1520 et
1788 1490 1879 1520 bonis
1902 1490 2002 1528 ipsius
2021 1489 2243 1529 multipliciter
2265 1489 2289 1521 l
2327 1514 2329 1516 .
2455 1480 2477 1504 m

1302 1544 1388 1580 dere,
1409 1544 1534 1574 turbare
1548 1548 1578 1573 et
1594 1544 1774 1583 opprimere
1789 1551 1850 1574 non
1868 1543 2022 1580 sinentes,
2041 1551 2077 1574 ac
2087 1543 2264 1582 predictum
2273 1543 2316 1576 de·
2453 1527 2477 1568 Ψ

1304 1597 1464 1627 Worinch
1483 1600 1513 1627 et
1538 1597 1676 1636 quedam
1693 1597 1755 1626 alia
1778 1601 1880 1626 castra
1893 1601 1928 1625 .et
1948 1596 2148 1627 munitiones
2170 1597 2313 1636 eJusdem
2451 1590 2477 1665 ἕξ

2473 1643 2477 1664 1

1303 1651 1435 1682 ecclesie
1451 1652 1601 1690 nequiter
1616 1653 1845 1688 expugnantes,
1866 1650 2005 1689 quedam
2021 1659 2057 1680 ex
2078 1650 2156 1689 ipsis
2172 1650 2329 1694 funditor*

1303 1705 1547 1741 destruxernut3
1562 1703 1672 1742 aliqua
1689 1712 1773 1737 vero,
1792 1712 1865 1734 cum
1881 1703 2049 1733 nonnullis
2063 1703 2137 1733 aliis
2151 1704 2275 1748 bouis,j

1305 1758 1405 1795 ribus,
1423 1757 1614 1795 redditibus,
1630 1756 1715 1786 villis
1731 1761 1761 1786 et
1774 1757 2050 1795 jurisdictionibus
2062 1756 2207 1796 ejusdem
2217 1755 2294 1788 eccl
2320 1778 2322 1782 ,

1305 1812 1351 1841 sie
1373 1815 1571 1850 occuparunt
1589 1815 1620 1840 et
1644 1810 1789 1840 detinent
1804 1814 1966 1849 occupata.
1985 1809 2124 1847 Verum,
2141 1819 2215 1841 cum
2231 1800 2314 1842 nou-
2346 1816 2350 1821 '
2394 1802 2399 1810 ’Ἴ

1306 1864 1389 1894 nulli
1410 1864 1524 1903 prelati
1550 1867 1580 1893 et
1607 1862 1669 1892 alie
1685 1862 1898 1893 ecclesiastice
1921 1863 2145 1902 secularesque
2163 1871 2296 1902 persone
2323 1884 2325 1890 ·

1307 1918 1364 1957 qui
1380 1917 1442 1947 sibi
1462 1921 1491 1947 et
1507 1917 1612 1946 eidem
1630 1916 1761 1946 ecclesie
1778 1925 1873 1954 super
1890 1915 1985 1946 tantis
1999 1916 2320 1954 gravaminibus,in-.-

1305 1972 1400 2011 juriis
1417 1975 1446 2001 et
1460 1970 1595 2009 Jacturis
1613 1970 1666 2009 pio
1686 1970 1961 2009 compatiebantur
1980 1969 2113 2006 affectu,
2134 1978 2232 2009 penes
2247 1964 2326 2001 eo---z'

1308 2025 1381 2054 dem
1400 2024 1526 2060 ducem,
1543 2024 1690 2059 comites,
1710 2023 1848 2060 nobiles,
1867 2024 1951 2053 cives
1967 2027 1998 2053 et
2013 2023 2092 2054 alios
2111 2019 2315 2055 institissent

1310 2083 1345 2108 ut
1354 2079 1425 2118 ipsi,
1436 2079 1561 2117 proprie
1571 2077 1667 2106 saluti
1680 2082 1710 2106 et
1718 2078 1800 2107 same
1810 2077 1979 2107 salubriter
1987 2078 2201 2116 providentes,
2211 2079 2281 2118 ipsu
2291 2092 2307 2105 n

1310 2131 1584 2170 archiepiscopum
1605 2140 1640 2160 ac
1659 2130 1806 2169 prelatos,
1825 2131 1955 2161 clericos
1974 2135 2004 2161 et
2022 2131 2102 2162 alios
2122 2131 2322 2171 supradicto

1310 2186 1515 2215 restituerent
1527 2184 1661 2223 pristine
1677 2185 1827 2220 libertati,
1840 2184 1916 2221 dux,
1929 2185 2072 2222 comites,
2086 2184 2220 2223 nobiles,
2231 2185 2310 2216 cive

1311 2244 1341 2269 et
1356 2239 1411 2269 alii
1433 2239 1603 2268 memorati
1617 2262 1622 2274 ,
1639 2239 1838 2268 attendentes
1855 2239 1939 2277 quod
1958 2239 2097 2277 predicta
2115 2238 2249 2270 ecclesia
2261 2244 2321 2278 pes

1310 2293 1557 2322 destructionem
1575 2296 1749 2322 castrorum
1768 2296 1796 2321 et
1814 2293 2031 2322 nnmitionum
2047 2301 2084 2322 ac
2102 2292 2241 2323 aliorum
2261 2292 2300 2323 bo
2339 2320 2341 2323 .

1310 2355 1424 2376 norum
1449 2345 1550 2384 ipsius
1573 2345 1612 2374 ad
1636 2345 1728 2374 illum
1750 2350 1867 2375 statum
1888 2346 2061 2375 devenerat
2089 2345 2172 2385 quod
2196 2352 2295 2386 nequ'
2316 2355 2319 2367 i

1309 2408 1405 2438 quam
1425 2404 1528 2438 posset
1549 2408 1715 2436 resurgere
1735 2408 1792 2428 uec
1812 2399 1981 2437 insurgere
2000 2403 2109 2429 contra
2124 2407 2194 2436 eos,
2209 2399 2281 2438 ipsu
2290 2405 2315 2434 -st

1308 2461 1343 2482 ac
1360 2452 1534 2482 nonnullos
1551 2461 1586 2482 ex
1604 2452 1733 2490 prelatis
1749 2457 1779 2481 et
1793 2452 1866 2482 aliis
1884 2453 2056 2491 prenotatis
2071 2461 2088 2482 a
2103 2452 2287 2492 predictoca
2311 2474 2316 2492 s

1308 2515 1378 2536 cere
1394 2505 1584 2541 liberarunt,
1597 2505 1816 2543 corporalibus
1831 2510 1936 2535 tamen
1950 2505 2069 2544 abipso
2080 2505 2277 2546 archiepisco
2292 2538 2295 2539 ⁷
2303 2514 2315 2531 ἒ·

1307 2569 1343 2590 ac
1355 2560 1450 2589 etiam
1464 2559 1503 2589 ab
1521 2559 1705 2598 hujusmodi
1721 2559 1867 2589 liberatis
1879 2559 2219 2599 prestitisjnramentis
2233 2552 2315 2600 qu'o

1307 2622 1402 2652 super
1418 2612 1581 2651 premissis
1599 2617 1628 2642 et
1646 2612 1717 2642 aliis
1736 2613 1831 2643 etiam
1850 2613 1981 2651 injuriis
1997 2617 2027 2642 et
2045 2612 2193 2652 dampnis
2211 2612 2272 2643 sibi
2292 2610 2314 2640 :23-

1307 2666 1438 2696 ecclesie
1454 2675 1491 2695 ac
1507 2666 1634 2705 prelatis
1650 2671 1681 2696 et
1695 2666 1769 2696 aliis
1785 2667 1932 2706 pretactis
1949 2665 2046 2696 illatis
2061 2665 2100 2696 de
2111 2666 2202 2703 duce,
2215 2663 2313 2697 comi.

1307 2721 1404 2755 tibus,
1425 2719 1600 2757 nobilibus,
1614 2720 1738 2750 civibus
1754 2724 1785 2750 et
1795 2720 1867 2750 aliis
1879 2719 2070 2759 supradictis
2081 2719 2273 2759 querimon'

1306 2774 1429 2804 nullam
1447 2774 1621 2811 deponere,
1644 2782 1702 2803 nec
1723 2775 1808 2812 ipsos
1833 2779 1887 2803 aut
1905 2782 2016 2804 eorum
2033 2773 2176 2812 aliquem
2198 2766 2308 2807 amn-25:

1306 2832 1388 2863 tare,
1409 2836 1466 2856 nec
1487 2827 1658 2865 impetrare
1683 2827 1805 2857 litteras
1823 2826 2010 2866 apostolicas
2030 2829 2140 2857 contra
2160 2827 2245 2866 ipsos

1304 2880 1446 2919 aliquem
1465 2880 1665 2917 eorumdem,
1677 2889 1735 2910 nec
1749 2880 1928 2919 impetratis
1941 2879 2266 2919 ntiquomodolibetp
2289 2889 2303 2903 ¹

1304 2938 1468 2970 cu1·arent;
1483 2938 1512 2962 et
1523 2934 1609 2971 quod
1621 2934 1785 2972 quandam
1798 2934 1933 2972 pecunie
1947 2935 2232 2972 summam,'quam
2242 2931 2312 2967 dm

1304 2992 1335 3018 et
1351 2987 1463 3018 comiti
1480 2987 1518 3016 de
1535 2988 1644 3016 Monte
1659 2996 1696 3017 ac
1711 2987 1783 3017 aliis
1803 2987 1994 3026 supradictis
2013 2991 2043 3016 et
2058 2986 2249 3026 quibusdam
2272 2997 2308 3015 ιν.

1304 3039 1377 3071 riim
1395 3039 1590 3075 fautoribus,
1609 3048 1664 3078 pro
1680 3039 1867 3079 hujusmodi
1886 3039 2076 3070 liberatione
2087 3035 2311 3078 predictorum!
