2477 3637
184 344 240 375 430
369 364 371 366 .
931 337 1168 368 aneisrnas
1189 338 1243 367 DE
1266 337 1450 368 NICOLAS
1473 338 1529 368 Jv.

184 411 288 441 eidem
310 408 501 439 monasterio
515 405 720 436 Cluniacensi
745 405 782 434 de
803 404 1003 442 benignitate
1019 403 1189 443 apostolica

184 471 380 493 curaremus
411 460 563 496 Quocirca
589 458 774 488 discretioni
808 461 910 488 vestre
937 467 992 497 per
1017 456 1190 497 apostolica

185 517 299 554 scripta
313 514 503 544 mandamus
515 517 683 550 quatenns,
695 511 879 550 vocatisqui
894 510 1190 548 snei-intevocandi,

189 570 355 599 universas
370 565 589 595 concessiones
608 564 790 602 hujusmodi
810 564 906 594 factas
921 564 961 594 ab
977 563 1146 594 abbatibus
1162 567 1192 593 et

188 621 345 662 prioribus
361 618 559 657 supradictis,
572 617 636 646 illis
647 617 811 646 dumtaxat
827 617 964 656 exceptis
980 626 1042 655 que
1057 625 1192 646 noscun-

184 678 235 704 tur
256 672 406 702 fratribus
430 671 547 701 nostris
574 679 703 700 romane
729 670 862 700 ecclesie
883 669 1103 699 cardinalibus
1125 678 1192 699 esse

185 727 280 761 facte,
305 734 359 755 vos
387 724 435 753 vel
454 724 516 753 duo
540 728 596 753 aut
615 732 700 753 unus
725 728 885 760 vestrum⁷
911 732 966 762 per
992 731 1046 753 vos
1073 722 1122 752 vel
1138 731 1194 761 per

184 779 282 809 alium
301 787 355 807 seu
373 776 462 811 alios,
480 776 668 806 auctoritate
682 781 800 813 nostra,
818 776 889 805 sine
905 776 1036 814 strepitu
1049 780 1079 805 et
1091 776 1194 813 figura.

182 831 309 871 judicii,
324 839 471 860 revocare
485 830 615 860 curetis.
628 829 888 859 Contradictores
905 833 962 859 etc.
976 829 1048 858 Non
1065 828 1194 858 obstan-

184 885 268 915 tibus
284 883 481 924 quibuslibet
496 883 614 913 litteris
640 893 693 913 seu
716 883 893 922 privilegiis
909 891 1003 921 super
1021 881 1193 912 confirma-

186 939 270 968 tione
297 938 453 967 dictorum
479 937 678 976 prioratuum
691 960 700 974 ,
735 937 933 973 reddituum,
965 935 1192 973 grangiarum,

185 992 421 1032 possessionum
444 995 474 1021 et
503 991 755 1030 prebendarum,
779 990 837 1020 sub
863 998 1066 1028 quacumque
1093 989 1195 1018 forma

186 1045 239 1076 vel
254 1046 460 1084 expressione
477 1045 646 1075 verborum
670 1054 688 1074 a
710 1044 785 1074 sede
807 1043 978 1083 apostolica
994 1042 1172 1082 impetratis
1184 1064 1193 1079 ,

185 1102 239 1129 aut
259 1099 285 1128 si
300 1098 464 1137 aliquibus
480 1107 499 1128 a
516 1098 589 1128 sede
607 1099 649 1127 sit
668 1098 832 1128 indultum
859 1097 970 1127 eadem
991 1096 1075 1136 quod
1094 1096 1193 1126 inter-

186 1153 266 1188 dici,
290 1151 445 1190 suspendi
465 1151 514 1181 vel
530 1151 804 1182 excommunicari
822 1160 885 1180 non
903 1151 1025 1189 possint
1041 1159 1094 1188 per
1110 1149 1194 1179 litte-

187 1215 237 1235 ras
255 1206 337 1236 dicte
352 1205 436 1235 sedis
450 1213 514 1235 non
538 1205 690 1235 facientes
706 1204 834 1243 plenam
852 1209 882 1234 et
898 1212 1079 1242 expressam
1095 1202 1133 1231 de
1147 1203 1196 1231 in-

187 1259 274 1288 dulto
291 1258 478 1297 hujusmodi
496 1258 693 1288 mentionem
710 1262 739 1287 et
755 1266 810 1296 per
824 1266 902 1296 quas
913 1256 1114 1296 presentibus
1130 1264 1196 1286 non

188 1321 352 1350 expressas
367 1311 416 1341 vel
435 1311 572 1342 totaliter
587 1320 653 1341 non
668 1311 806 1340 insertas
822 1311 951 1340 effectus
967 1318 1078 1339 eorum
1096 1310 1196 1348 impe-

187 1357 250 1395 diri
265 1365 368 1395 valeat
382 1365 569 1402 veluifferri
587 1370 617 1394 et
635 1364 674 1394 de
696 1364 812 1403 quibus
828 1372 1005 1403 quorumve
1022 1363 1094 1393 totis
1111 1367 1196 1392 teno-

186 1419 276 1449 ribus
298 1419 337 1448 de
356 1419 450 1448 verbo
466 1419 505 1448 ad
523 1419 654 1448 verbnm
672 1418 709 1449 iu
724 1418 841 1448 nostris
857 1417 972 1447 litteris
989 1417 1029 1446 sit
1047 1416 1196 1446 habenda

188 1472 309 1502 mentio
340 1472 492 1510 spetialis.
518 1473 589 1502 Dat.
615 1473 734 1509 Rome,
764 1471 847 1510 apud
879 1472 1028 1501 Sanctam
1060 1470 1196 1500 Mariam

190 1527 354 1565 Majorem²
372 1535 392 1555 v
413 1525 567 1556 kalendas
584 1525 712 1563 martii,
728 1534 813 1556 anno
833 1526 934 1555 tertio.
954 1537 967 1552 »

260 1720 380 1748 2533

223 1782 266 1809 De
283 1782 434 1810 collatione
455 1783 631 1817 prioratuum
655 1784 828 1812 monasterio
848 1782 1032 1809 Cluniacensi
1047 1769 1196 1817 3111118010-

186 1840 261 1858 rum.
278 1831 361 1865 (Rae.
377 1832 420 1862 45.
437 1840 461 1858 c.
483 1831 541 1864 108,
558 1832 576 1858 t'.
597 1832 627 1859 18
644 1839 691 1863 v⁰;
710 1832 778 1858 Lar.
798 1840 833 1858 1111
849 1831 947 1863 Tuum,
966 1831 1029 1865 ΙΙΙ.)

495 1719 855 1754 Sainte-Maric-Majeure,
873 1719 906 1746 ‘25
923 1720 1026 1746 fevi-ier
1044 1719 1123 1747 1290.

230 1972 250 1978 ..
263 1950 296 1978 de
307 1949 520 1985 rtlortiqniaco,
536 1972 555 1979 ..
568 1949 603 1978 de
615 1949 726 1978 Sancta
741 1949 912 1986 Marqareta
925 1954 951 1977 et
970 1972 989 1978 ..
1007 1949 1040 1978 de
1056 1936 1196 1978 Caroloco

183 2003 353 2040 prioribus,
378 2002 586 2032 Cluniacensis
613 2002 749 2038 ordinis,
778 2002 935 2038 Ecluensis,
962 2001 1147 2032 belvacensis
1170 2007 1195 2031 et

186 2056 411 2086 Matisconeusc‘s
427 2056 603 2085 di'ocesium.
628 2067 641 2081 ι(
660 2055 708 2084 Ad
726 2059 870 2084 nostrum
887 2055 1032 2093 pervenit
1048 2055 1194 2085 auditum

186 2108 286 2148 quod,
312 2108 385 2138 licet
409 2107 558 2137 nonnulli
588 2107 744 2147 prioratus
770 2108 964 2138 monasterio
988 2108 1196 2139 Cluniacensi

187 2162 325 2192 mediate
349 2166 378 2191 et
393 2161 578 2191 immediate
595 2161 728 2201 subjecti
747 2166 833 2192 tanto
858 2165 998 2200 tempore
1012 2163 1078 2200 jam
1102 2171 1194 2192 vaca-

186 2215 292 2245 verint
307 2215 391 2254 qnod
407 2215 445 2245 ad
467 2215 574 2245 sedem
593 2215 796 2254 apostolicam
817 2220 863 2245 est
887 2215 1030 2254 ipsorum
1050 2216 1192 2254 collatio,

186 2269 362 2299 secundum
388 2269 611 2298 Lateranensis
629 2272 744 2298 statuta
760 2268 907 2306 concilii,
934 2269 1079 2306 legitime
1097 2269 1192 2300 devo-

186 2321 268 2359 luta,
288 2322 418 2360 quidam
443 2327 548 2351 tamen
567 2321 697 2360 prelati,
716 2322 864 2352 monaehi
881 2346 886 2358 ‚
905 2322 1011 2352 clerici
1036 2323 1194 2353 seculares

187 2379 217 2406 et
238 2375 310 2405 laici
328 2375 485 2415 prioratus
505 2375 588 2414 ipsos
605 2375 746 2405 indebite
769 2380 800 2405 et
815 2380 924 2406 contra
939 2376 1097 2415 justitiam
1113 2377 1193 2407 deti-

185 2434 265 2459 nent
279 2433 457 2468 occupatos,
473 2429 506 2458 in
518 2429 702 2459 animarum
715 2438 847 2459 suarum
864 2429 1043 2473 periculum
1058 2434 1088 2459 et
1101 2439 1193 2460 scan-

186 2483 295 2513 dalum
317 2483 543 2522 plurimorum.
571 2483 723 2513 Nolentes
747 2483 847 2521 igitur
871 2483 1088 2522 equanimiter
1118 2485 1194 2514 talia.

185 2537 342 2566 sustinere
361 2561 366 2573 ‚
408 2536 595 2567 discretioni
634 2540 737 2566 vestre
774 2546 828 2576 per
866 2537 1037 2576 apostolica
1075 2538 1192 2577 scripta

184 2590 376 2634 mandamus
411 2593 568 2629 quatenus
584 2614 591 2626 ‚
625 2591 743 2621 vocatis
781 2591 835 2629 qui
872 2590 992 2620 fuerint
1021 2592 1190 2629 evocandi,

186 2651 240 2674 vos
255 2643 303 2673 vel
319 2643 382 2673 duo
393 2648 447 2673 aut
463 2653 546 2674 unus
564 2648 707 2674 vestrum
718 2667 726 2680 ,
746 2653 801 2683 per
817 2653 870 2675 vos
884 2644 933 2674 vel
951 2653 1005 2683 per
1020 2644 1119 2674 alium
1136 2655 1191 2676 seu

185 2697 278 2733 alios,
300 2698 369 2727 sine
388 2698 518 2736 strepitu
536 2701 566 2727 et
582 2697 684 2735 figura
699 2697 830 2736 J'udicii,
855 2698 1066 2737 detemptores
1089 2699 1191 2729 dicto-

185 2759 257 2779 rum
274 2750 471 2789 prioratuum
486 2751 526 2781 ab
542 2751 586 2781 eis
601 2752 787 2781 auctoritate
805 2756 911 2781 nostra
929 2752 1083 2782 studeatis
1098 2753 1191 2792 peni-

187 2806 236 2832 tus
247 2811 392 2833 amovere
411 2813 445 2834 ac
458 2804 573 2835 dilecto
591 2804 655 2835 [ilio
668 2805 721 2840 G.‚
737 2805 843 2835 abbati
861 2806 1045 2835 monasterii
1062 2805 1190 2836 Clunia·

187 2858 299 2893 censis,
318 2867 352 2886 ex
370 2863 454 2896 parte
473 2863 578 2888 nostra
594 2858 770 2888 districtius
788 2859 967 2897 injungatis
983 2863 1016 2888 nt
1034 2859 1101 2898 ipse
1118 2859 1190 2891 illos

187 2910 243 2948 qui
258 2919 293 2939 ex
313 2911 432 2941 eisdem
450 2912 641 2950 prioratibus
655 2912 693 2941 ad
707 2920 797 2941 suam
812 2911 1016 2942 collationem
1030 2913 1192 2951 pertinent

187 2963 352 2992 monachis
372 2965 515 3003 ejusdem
539 2965 662 2995 ordinis
686 2966 830 2996 conferre
856 2969 1020 3004 procuret,
1041 2966 1190 2997 faciendo

188 3015 326 3054 reliquos
345 3025 380 3046 ex
404 3017 597 3056 prioratibus
620 3019 695 3057 ipsis
725 3028 778 3058 per
803 3019 932 3050 abbates
950 3024 980 3050 et
1000 3020 1120 3059 priores
1150 3021 1189 3051 ad

1271 412 1350 443 quos
1369 412 1478 434 eorum
1502 404 1630 435 collatio
1654 406 1794 435 noscitur
1816 411 1956 445 spectare
1981 407 2137 446 conferri,
2164 401 2293 449 vosque¹

1272 457 1445 487 monachos
1462 457 1533 487 illos
1551 458 1668 496 quibus
1681 458 1779 488 iidem
1793 452 1922 490 abbates
1938 464 1969 490 et
1983 461 2106 499 priores
2123 451 2296 501 prioratus

1272 511 1356 549 ipsos
1375 510 1526 540 duxerint
1546 511 1756 542 conferendos
1778 512 1810 541 in
1832 513 2028 552 corporalem
2048 516 2278 554 possessionem

1274 572 1382 594 eorum
1406 567 1437 593 et
1459 563 1583 602 jurium
1611 573 1647 594 ac
1670 566 1937 604 pertinentiarum
1964 576 2097 598 suorum
2121 568 2281 600 inducatis

1273 617 1460 648 auctoritate
1489 621 1594 647 nostra
1615 622 1646 648 et
1671 618 1852 650 defendatis
1874 620 2034 652 inductos,
2062 621 2282 654 contradicto-

1275 680 1325 701 res
1341 675 1396 701 etc.
1419 670 1492 701 Non
1507 670 1744 704 obstantibus...
1766 673 1835 703 Dat.
1853 677 1886 703 ut
1901 683 2009 713 supra.
2029 686 2042 702 n

1346 844 1466 873 2534

1310 907 1355 941 Ad
1377 907 1545 934 electionem
1567 908 1710 941 generalis
1733 909 1836 943 prioris
1856 917 2007 936 servorum
2027 909 2149 937 Sanctae
2166 909 2284 938 Mariae.

1275 956 1358 990 (Rso.
1377 957 1419 991 45,
1437 965 1462 983 c.
1484 957 1541 990 109,
1559 957 1577 983 s.
1600 957 1629 984 18
1647 964 1693 988 v⁰;
1713 957 1829 991 Porru„
1846 958 1943 985 23222.

1610 844 1970 880 Sainte-Marie-Majeure,
1987 847 2020 874 ‘21
2038 855 2116 874 mars
2133 847 2213 875 1‘290.

1318 1059 1469 1089 Universts
1487 1061 1642 1098 prioribus
1662 1066 1689 1090 et
1705 1061 1856 1098 fratribus
1872 1070 2032 1092 servorum
2048 1062 2155 1093 Sancte
2170 1063 2284 1102 Marie,

1276 1113 1395 1142 ordinis
1411 1113 1442 1143 S.
1459 1114 1643 1151 Ααςηιειίηί,
1667 1114 1810 1144 concedit
1827 1119 1860 1144 ut
1876 1114 2050 1154 capitulum
2074 1116 2225 1154 generale
2239 1125 2285 1148 ce-

1276 1165 1399 1196 lebrare
1415 1171 1446 1197 et
1466 1167 1501 1196 in
1518 1175 1554 1197 eo
1569 1167 1754 1205 generalem
1772 1168 1911 1206 priorem
1929 1168 2048 1207 eligere
2059 1170 2199 1208 possint,
2215 1170 2285 1210 qui,

1277 1219 1305 1249 si
1321 1220 1353 1249 in
1372 1219 1436 1250 loco
1451 1229 1469 1250 a
1486 1221 1573 1250 curia
1591 1229 1724 1251 romana
1742 1221 1880 1252 distante
1901 1222 1983 1252 ultra
1999 1223 2145 1262 quinque
2160 1223 2264 1255 dietas
2276 1248 2284 1263 ,

1277 1281 1296 1302 a
1313 1272 1374 1302 loci
1395 1273 1649 1311 dioecesano,·si
1673 1284 1746 1305 vero
1769 1275 1802 1304 in
1825 1274 1893 1305 loco
1913 1275 1998 1306 iufra
2019 1276 2162 1316 quinque
2186 1276 2288 1308 dietas

1278 1327 1470 1357 consistente
1493 1326 1611 1358 electus
1627 1328 1741 1365 suerit,
1759 1338 1777 1358 a
1793 1329 1942 1368 pontifice
1965 1337 2099 1360 romano
2114 1329 2288 1373 confirme-

1280 1385 1340 1410 tur.
1389 1373 1392 1375 ⁵

1320 1444 1332 1460 «
1353 1433 1515 1464 Indueunt
1531 1443 1588 1465 nos
1603 1444 1734 1474 opera...
1753 1453 1791 1457 —
1808 1436 1880 1465 Dat.
1901 1436 2017 1472 Rome,
2035 1435 2118 1475 apud
2137 1436 2287 1468 Sanctam

1279 1487 1415 1516 Mariam
1433 1488 1587 1527 Majorem
1601 1512 1609 1526 ‚
1626 1498 1668 1518 x11
1686 1488 1840 1519 kalendas
1857 1489 1986 1528 aprilis,
2004 1498 2090 1520 anno
2107 1490 2208 1522 tertio.
2227 1501 2242 1518 »

1315 1675 1572 1704 2535-2538
1631 1674 1986 1710 Saintc-Marie-Majeure‚
2003 1675 2037 1704 28
2052 1676 2156 1703 sevrier
2174 1676 2252 1704 129¹).

1315 1736 1499 1772 Dispensatio
1511 1746 1598 1773 super
1608 1738 1721 1765 defectu
1734 1739 1882 1765 natalium.
1893 1738 1976 1773 (Rae.
1989 1738 2032 1771 44,
2045 1747 2071 1766 c.
2085 1739 2147 1774 110,
2158 1739 2177 1766 f.
2193 1739 2224 1768 18
2237 1726 2296 1774 vm)¹

1324 1840 1493 1869 Venerabili
1506 1840 1604 1876 [ratri
1622 1862 1644 1870 ..
1662 1842 1794 1878 episcopo
1813 1841 2034 1871 Conventrensz'
2044 1865 2051 1878 ,
2068 1840 2108 1871 ad
2128 1841 2287 1881 supplica-

1279 1893 1397 1923 tionem
1420 1917 1438 1923 ..
1459 1893 1574 1932 prioris
1590 1897 1620 1923 et
1641 1898 1819 1924 conventus
1838 1894 2023 1924 monasterii
2038 1893 2077 1924 de
2093 1894 2285 1932 Kellewith.

1278 1956 1332 1986 per
1348 1947 1485 1986 priorem
1502 1946 1585 1976 soliti
1602 1947 1786 1985 gubernari,
1804 1947 1928 1977 ordinis
1945 1947 1976 1977 S.
1996 1948 2183 1986 Augustini,
2202 1947 2287 1980 Con-

1278 2001 1457 2030 ventrensis
1474 2000 1638 2037 dioecesis
1653 2001 1823 2031 committit
1836 2005 1994 2039 quatenus
2009 2010 2082 2032 cum
2096 2001 2241 2032 Ricardo'
2249 2001 2288 2033 de

1278 2054 1518 2092 Brunesgrave,
1537 2054 1739 2093 presbytero,
1757 2055 1911 2084 canonico
1925 2055 2069 2093 ejusdem
2085 2056 2286 2092 monasterii,

1277 2115 1372 2146 snper
1387 2107 1509 2137 defectu
1529 2108 1683 2137 natalium
1702 2117 1797 2147 quem
1815 2109 1948 2147 patitur,
1968 2118 1984 2138 e
1999 2108 2116 2140 clerico
2132 2109 2165 2139 in
2181 2109 2287 2141 mino·
2338 2103 2339 2106 ¹

1276 2161 1365 2191 ribus
1379 2161 1548 2191 ordinibus
1564 2161 1734 2192 constituto
1747 2162 1875 2200 genitus
1890 2165 1920 2192 et
1932 2161 2046 2199 soluta,
2064 2161 2225 2201 dispenset
2242 2167 2284 2198 ut,
2315 2150 2321 2155 ⁶

1277 2223 1342 2245 non
1361 2215 1504 2245 obstante
1527 2214 1712 2253 hujusmodi
1736 2215 1873 2252 defectu,
1894 2216 1927 2245 111
1945 2216 2100 2255 susceptis
2119 2215 2288 2247 ordinibus
2326 2251 2327 2259 ἵ

1276 2269 1458 2299 ministrare
1472 2273 1502 2298 et
1517 2268 1556 2298 ad
1574 2269 1716 2306 regimen
1737 2270 1893 2308 prioratus
1913 2274 1944 2299 et
1963 2269 2044 2299 alias
2067 2277 2289 2310 quascumque¹

1276 2322 1419 2360 ejusdem
1430 2321 1552 2352 ordinis
1562 2322 1726 2351 dumtaxat
1736 2323 2030 2353 administrationes
2042 2324 2164 2354 assumi
2177 2324 2284 2363 possit.
2314 2349 2318 2356 .

1317 2387 1330 2402 α
1355 2375 1524 2413 Regularis
1547 2375 1670 2405 ordinis
1699 2376 1970 2415 professoribus...
1998 2393 2039 2398 —
2064 2376 2138 2408 Dat.
2165 2377 2284 2415 Rome,
2323 2415 2326 2420 Ι

1275 2429 1357 2468 apud
1369 2429 1518 2459 Sanctam
1535 2429 1672 2459 Mariam
1692 2430 1860 2468 Majorem,
1871 2439 1892 2459 11
1904 2429 2058 2461 kalendas
2066 2430 2187 2468 martii,
2199 2438 2285 2462 auno

1275 2483 1377 2512 tertio.
1399 2493 1413 2509 »

1314 2536 1353 2566 In
1370 2545 1398 2565 e.
1421 2545 1478 2573 m.,
1497 2544 1553 2575 pro
1569 2536 1692 2566 Thoma
1712 2536 1965 2574 Rockoesdensi‚
1982 2537 2180 2577 presbytero,
2199 2538 2284 2578 eJus-

1274 2589 1346 2618 dem
1364 2589 1551 2619 monasterii
1566 2590 1736 2625 canonico,
1755 2599 1851 2628 super
1868 2590 1992 2621 defectu
2010 2589 2169 2621 natalium
2185 2599 2283 2630 quem
2316 2622 2319 2628 ,

1274 2642 1408 2681 patitur,
1426 2651 1442 2672 e
1460 2642 1562 2673 soluto
1578 2644 1704 2681 genitus
1721 2648 1750 2673 et
1769 2644 1882 2674 soluta.

1315 2696 1352 2726 In
1370 2705 1397 2727 e.
1415 2705 1471 2732 m.,
1492 2705 1545 2735 pro
1562 2697 1687 2734 Rog'ero
1703 2697 1742 2727 de
1754 2697 1905 2734 Saltford‚
1917 2698 2112 2738 presbytero.
2127 2698 2282 2730 canonico
2311 2711 2313 2714 ·

1274 2749 1416 2788 ejusdem
1435 2751 1640 2787 monasterii,
1660 2760 1755 2790 super
1775 2751 1898 2781 defectu
1917 2752 2073 2783 natalium
2091 2761 2187 2792 quem
2206 2751 2283 2791 pati·
2307 2750 2311 2754 ’

1274 2806 1336 2836 tur,
1352 2811 1368 2832 e
1384 2802 1498 2833 clerico
1516 2803 1550 2832 111
1568 2804 1751 2835 minoribns
1769 2805 1936 2835 ordinibus
1952 2805 2124 2836 constituto
2139 2809 2169 2836 et
2182 2803 2282 2836 soluta
2308 2799 2314 2822 ³

1273 2855 1413 2894 genitus.

1610 2910 1974 2947 Sainte-Marie-Majeure,
1991 2911 2024 2939 22
2040 2912 2110 2939 avril
2131 2911 2210 2940 4290.

1312 2970 1351 3000 In
1365 2980 1393 3001 e.
1413 2980 1454 3002 m.
1476 2995 1496 3002 ..
1515 2973 1618 3004 abbati
1639 2975 1826 3006 monasterii
1843 2975 1950 3005 Sancti
1967 2975 2079 3006 Jacobi
2095 2975 2134 3005 de
2153 2973 2278 3009 sturia,
2306 2990 2310 2995 -

1270 3023 1394 3055 ordinis
1409 3025 1512 3056 Vallis
1524 3027 1703 3066 umbrosae,
1722 3028 1933 3058 Taurinensis
1948 3028 2114 3066 dioecesis,
2131 3025 2277 3059 commit·
2308 3068 2315 3077 .
