<?xml version="1.0" encoding="UTF-8"?>
<!DOCTYPE html PUBLIC "-//W3C//DTD XHTML 1.0 Transitional//EN"
    "http://www.w3.org/TR/xhtml1/DTD/xhtml1-transitional.dtd">
<html xmlns="http://www.w3.org/1999/xhtml" xml:lang="en" lang="en">
 <head>
  <title>
</title>
<meta http-equiv="Content-Type" content="text/html;charset=utf-8" />
  <meta name='ocr-system' content='tesseract 3.04.00' />
  <meta name='ocr-capabilities' content='ocr_page ocr_carea ocr_par ocr_line ocrx_word'/>
</head>
<body>
  <div class='ocr_page' id='page_1' title='image "./lesregistresdeni01romeuoft_0383.png"; bbox 0 0 2342 3652; ppageno 0'>
   <div class='ocr_carea' id='block_1_1' title="bbox 0 937 37 3652">
    <p class='ocr_par' dir='ltr' id='par_1_1' title="bbox 0 937 37 3652">
     <span class='ocr_line' id='line_1_1' title="bbox 0 937 37 3652; baseline 0 0"><span class='ocrx_word' id='word_1_1' title='bbox 0 937 37 3652; x_wconf 95' lang='lat' dir='ltr'> </span> 
     </span>
    </p>
   </div>
   <div class='ocr_carea' id='block_1_2' title="bbox 923 364 2166 405">
    <p class='ocr_par' dir='ltr' id='par_1_2' title="bbox 923 364 2166 405">
     <span class='ocr_line' id='line_1_2' title="bbox 923 364 2166 405; baseline 0.005 -6"><span class='ocrx_word' id='word_1_2' title='bbox 923 364 1149 400; x_wconf 83' lang='lat' dir='ltr'>DEUXIEME</span> <span class='ocrx_word' id='word_1_3' title='bbox 1170 365 1329 399; x_wconf 84' lang='lat' dir='ltr'><strong>ANNEE.</strong></span> <span class='ocrx_word' id='word_1_4' title='bbox 2109 374 2166 405; x_wconf 85' lang='lat'>373</span> 
     </span>
    </p>
   </div>
   <div class='ocr_carea' id='block_1_3' title="bbox 154 435 268 463">
    <p class='ocr_par' dir='ltr' id='par_1_3' title="bbox 154 435 268 463">
     <span class='ocr_line' id='line_1_3' title="bbox 154 435 268 463; baseline 0 0"><span class='ocrx_word' id='word_1_5' title='bbox 154 435 268 463; x_wconf 73' lang='lat'>2¹¹1</span> 
     </span>
    </p>
   </div>
   <div class='ocr_carea' id='block_1_4' title="bbox 84 496 1083 579">
    <p class='ocr_par' dir='ltr' id='par_1_4' title="bbox 84 496 1083 579">
     <span class='ocr_line' id='line_1_4' title="bbox 119 496 1083 531; baseline 0.001 -8"><span class='ocrx_word' id='word_1_6' title='bbox 119 497 303 523; x_wconf 85' lang='lat' dir='ltr'>Provisiones</span> <span class='ocrx_word' id='word_1_7' title='bbox 332 497 509 531; x_wconf 82' lang='lat' dir='ltr'>patriarchae</span> <span class='ocrx_word' id='word_1_8' title='bbox 542 496 683 523; x_wconf 86' lang='lat' dir='ltr'>Gradensi</span> <span class='ocrx_word' id='word_1_9' title='bbox 716 505 882 524; x_wconf 80' lang='lat' dir='ltr'>concessae.</span> <span class='ocrx_word' id='word_1_10' title='bbox 914 497 1001 530; x_wconf 71' lang='lat' dir='ltr'>(Rae.</span> <span class='ocrx_word' id='word_1_11' title='bbox 1034 497 1083 531; x_wconf 83' lang='lat'>44,</span> 
     </span>
     <span class='ocr_line' id='line_1_5' title="bbox 84 545 359 579; baseline -0.004 -6"><span class='ocrx_word' id='word_1_12' title='bbox 84 554 108 573; x_wconf 87' lang='lat' dir='ltr'>c.</span> <span class='ocrx_word' id='word_1_13' title='bbox 125 546 190 579; x_wconf 82' lang='lat'>837,</span> <span class='ocrx_word' id='word_1_14' title='bbox 206 545 225 571; x_wconf 81' lang='lat' dir='ltr'>f.</span> <span class='ocrx_word' id='word_1_15' title='bbox 239 545 290 572; x_wconf 68' lang='lat'>‘292</span> <span class='ocrx_word' id='word_1_16' title='bbox 310 547 359 578; x_wconf 69' lang='lat' dir='ltr'>vo.)</span> 
     </span>
    </p>
   </div>
   <div class='ocr_carea' id='block_1_5' title="bbox 412 434 1012 468">
    <p class='ocr_par' dir='ltr' id='par_1_5' title="bbox 412 434 1012 468">
     <span class='ocr_line' id='line_1_6' title="bbox 412 434 1012 468; baseline -0.002 -7"><span class='ocrx_word' id='word_1_17' title='bbox 412 434 767 468; x_wconf 85' lang='lat' dir='ltr'>Sainte-Marie-Majeure,</span> <span class='ocrx_word' id='word_1_18' title='bbox 784 435 800 462; x_wconf 80' lang='lat'>9</span> <span class='ocrx_word' id='word_1_19' title='bbox 815 435 918 461; x_wconf 78' lang='lat' dir='ltr'>sevrier</span> <span class='ocrx_word' id='word_1_20' title='bbox 934 435 1012 462; x_wconf 72' lang='lat'>1290.</span> 
     </span>
    </p>
   </div>
   <div class='ocr_carea' id='block_1_6' title="bbox 81 660 1086 1168">
    <p class='ocr_par' dir='ltr' id='par_1_6' title="bbox 81 660 1086 1014">
     <span class='ocr_line' id='line_1_7' title="bbox 124 660 1086 699; baseline 0 -10"><span class='ocrx_word' id='word_1_21' title='bbox 124 683 144 690; x_wconf 90' lang='lat'>..</span> <span class='ocrx_word' id='word_1_22' title='bbox 161 661 306 689; x_wconf 76' lang='lat' dir='ltr'>Paduano</span> <span class='ocrx_word' id='word_1_23' title='bbox 322 665 348 688; x_wconf 78' lang='lat' dir='ltr'>et</span> <span class='ocrx_word' id='word_1_24' title='bbox 364 681 386 689; x_wconf 89' lang='lat'>..</span> <span class='ocrx_word' id='word_1_25' title='bbox 403 660 594 689; x_wconf 74' lang='lat' dir='ltr'>Ferrariensi</span> <span class='ocrx_word' id='word_1_26' title='bbox 617 661 760 697; x_wconf 79' lang='lat' dir='ltr'>episcopis</span> <span class='ocrx_word' id='word_1_27' title='bbox 781 660 910 689; x_wconf 89' lang='lat' dir='ltr'>mandat</span> <span class='ocrx_word' id='word_1_28' title='bbox 927 665 1086 699; x_wconf 82' lang='lat' dir='ltr'>quatenus</span> 
     </span>
     <span class='ocr_line' id='line_1_8' title="bbox 84 712 1084 751; baseline -0.002 -8"><span class='ocrx_word' id='word_1_29' title='bbox 84 712 273 748; x_wconf 86' lang='lat' dir='ltr'>Laurentio,</span> <span class='ocrx_word' id='word_1_30' title='bbox 302 712 500 751; x_wconf 84' lang='lat' dir='ltr'>patriarchae</span> <span class='ocrx_word' id='word_1_31' title='bbox 527 712 684 742; x_wconf 89' lang='lat' dir='ltr'>Gradensi</span> <span class='ocrx_word' id='word_1_32' title='bbox 698 736 704 748; x_wconf 88' lang='lat'><strong>‚</strong></span> <span class='ocrx_word' id='word_1_33' title='bbox 727 713 818 750; x_wconf 84' lang='lat' dir='ltr'>cujus</span> <span class='ocrx_word' id='word_1_34' title='bbox 847 713 987 747; x_wconf 76' lang='lat' dir='ltr'>fructus,</span> <span class='ocrx_word' id='word_1_35' title='bbox 1013 712 1084 741; x_wconf 89' lang='lat' dir='ltr'>red-</span> 
     </span>
     <span class='ocr_line' id='line_1_9' title="bbox 84 764 1083 803; baseline -0.003 -7"><span class='ocrx_word' id='word_1_36' title='bbox 84 766 167 796; x_wconf 88' lang='lat' dir='ltr'>ditus</span> <span class='ocrx_word' id='word_1_37' title='bbox 184 770 214 794; x_wconf 88' lang='lat' dir='ltr'>et</span> <span class='ocrx_word' id='word_1_38' title='bbox 238 769 421 803; x_wconf 87' lang='lat' dir='ltr'>proventus,</span> <span class='ocrx_word' id='word_1_39' title='bbox 440 765 556 794; x_wconf 90' lang='lat' dir='ltr'>amissa</span> <span class='ocrx_word' id='word_1_40' title='bbox 572 765 699 794; x_wconf 85' lang='lat' dir='ltr'>civitate</span> <span class='ocrx_word' id='word_1_41' title='bbox 717 764 1083 803; x_wconf 83' lang='lat' dir='ltr'>Constantinopolitana,</span> 
     </span>
     <span class='ocr_line' id='line_1_10' title="bbox 83 817 1084 867; baseline -0.002 -19"><span class='ocrx_word' id='word_1_42' title='bbox 83 818 181 848; x_wconf 89' lang='lat' dir='ltr'>multo</span> <span class='ocrx_word' id='word_1_43' title='bbox 196 817 348 847; x_wconf 82' lang='lat' dir='ltr'>diminuti</span> <span class='ocrx_word' id='word_1_44' title='bbox 364 821 450 855; x_wconf 89' lang='lat' dir='ltr'>sunt,</span> <span class='ocrx_word' id='word_1_45' title='bbox 467 819 562 846; x_wconf 88' lang='lat' dir='ltr'>annis</span> <span class='ocrx_word' id='word_1_46' title='bbox 575 817 722 854; x_wconf 87' lang='lat' dir='ltr'>singulis,</span> <span class='ocrx_word' id='word_1_47' title='bbox 737 826 837 856; x_wconf 88' lang='lat' dir='ltr'>usque</span> <span class='ocrx_word' id='word_1_48' title='bbox 853 817 892 846; x_wconf 90' lang='lat' dir='ltr'>ad</span> <span class='ocrx_word' id='word_1_49' title='bbox 906 818 1084 867; x_wconf 73' lang='lat' dir='ltr'>quinquen-</span> 
     </span>
     <span class='ocr_line' id='line_1_11' title="bbox 83 869 1085 908; baseline -0.002 -8"><span class='ocrx_word' id='word_1_50' title='bbox 83 871 185 907; x_wconf 89' lang='lat' dir='ltr'>nium,</span> <span class='ocrx_word' id='word_1_51' title='bbox 208 870 248 899; x_wconf 90' lang='lat' dir='ltr'>ab</span> <span class='ocrx_word' id='word_1_52' title='bbox 267 870 418 900; x_wconf 85' lang='lat' dir='ltr'>omnibus</span> <span class='ocrx_word' id='word_1_53' title='bbox 442 869 596 904; x_wconf 83' lang='lat' dir='ltr'>ecclesiis,</span> <span class='ocrx_word' id='word_1_54' title='bbox 621 869 826 899; x_wconf 88' lang='lat' dir='ltr'>monasteriis</span> <span class='ocrx_word' id='word_1_55' title='bbox 845 869 982 908; x_wconf 85' lang='lat' dir='ltr'>aliisque</span> <span class='ocrx_word' id='word_1_56' title='bbox 1008 869 1085 899; x_wconf 88' lang='lat' dir='ltr'>locis</span> 
     </span>
     <span class='ocr_line' id='line_1_12' title="bbox 81 922 1084 962; baseline 0 -9"><span class='ocrx_word' id='word_1_57' title='bbox 81 923 236 962; x_wconf 86' lang='lat' dir='ltr'>religiosis</span> <span class='ocrx_word' id='word_1_58' title='bbox 254 932 316 953; x_wconf 92' lang='lat' dir='ltr'>non</span> <span class='ocrx_word' id='word_1_59' title='bbox 332 923 484 961; x_wconf 82' lang='lat' dir='ltr'>exemptis</span> <span class='ocrx_word' id='word_1_60' title='bbox 496 922 729 961; x_wconf 76' lang='lat' dir='ltr'>patriarchatus</span> <span class='ocrx_word' id='word_1_61' title='bbox 743 922 918 952; x_wconf 86' lang='lat' dir='ltr'>Gradensis</span> <span class='ocrx_word' id='word_1_62' title='bbox 932 923 1084 961; x_wconf 90' lang='lat' dir='ltr'>provisio-</span> 
     </span>
     <span class='ocr_line' id='line_1_13' title="bbox 82 976 650 1014; baseline -0.005 -6"><span class='ocrx_word' id='word_1_63' title='bbox 82 986 155 1008; x_wconf 89' lang='lat' dir='ltr'>nem</span> <span class='ocrx_word' id='word_1_64' title='bbox 171 985 343 1014; x_wconf 87' lang='lat' dir='ltr'>congruam</span> <span class='ocrx_word' id='word_1_65' title='bbox 362 976 506 1006; x_wconf 82' lang='lat' dir='ltr'>exhiberi</span> <span class='ocrx_word' id='word_1_66' title='bbox 524 976 650 1006; x_wconf 81' lang='lat' dir='ltr'>faciant.</span> 
     </span>
    </p>

    <p class='ocr_par' dir='ltr' id='par_1_7' title="bbox 81 1029 1086 1168">
     <span class='ocr_line' id='line_1_14' title="bbox 122 1029 1085 1068; baseline 0 -9"><span class='ocrx_word' id='word_1_67' title='bbox 122 1043 135 1057; x_wconf 78' lang='grc' dir='ltr'>ι</span> <span class='ocrx_word' id='word_1_68' title='bbox 165 1031 268 1060; x_wconf 87' lang='lat' dir='ltr'>Habet</span> <span class='ocrx_word' id='word_1_69' title='bbox 297 1030 429 1060; x_wconf 75' lang='lat' dir='ltr'>assertio</span> <span class='ocrx_word' id='word_1_70' title='bbox 456 1029 700 1060; x_wconf 87' lang='lat' dir='ltr'>venerabilis....</span> <span class='ocrx_word' id='word_1_71' title='bbox 722 1047 760 1052; x_wconf 89' lang='lat'>—</span> <span class='ocrx_word' id='word_1_72' title='bbox 776 1030 848 1060; x_wconf 90' lang='lat' dir='ltr'>Dat.</span> <span class='ocrx_word' id='word_1_73' title='bbox 866 1030 986 1066; x_wconf 85' lang='lat' dir='ltr'>Rome,</span> <span class='ocrx_word' id='word_1_74' title='bbox 1002 1030 1085 1068; x_wconf 90' lang='lat' dir='ltr'>apud</span> 
     </span>
     <span class='ocr_line' id='line_1_15' title="bbox 82 1083 1086 1122; baseline -0.002 -8"><span class='ocrx_word' id='word_1_75' title='bbox 82 1084 228 1115; x_wconf 81' lang='lat' dir='ltr'>Sanctam</span> <span class='ocrx_word' id='word_1_76' title='bbox 243 1083 378 1112; x_wconf 90' lang='lat' dir='ltr'>Mariam</span> <span class='ocrx_word' id='word_1_77' title='bbox 394 1083 567 1122; x_wconf 83' lang='lat' dir='ltr'>Majorem,</span> <span class='ocrx_word' id='word_1_78' title='bbox 590 1093 610 1112; x_wconf 86' lang='lat' dir='ltr'>v</span> <span class='ocrx_word' id='word_1_79' title='bbox 633 1083 705 1113; x_wconf 89' lang='lat' dir='ltr'>idus</span> <span class='ocrx_word' id='word_1_80' title='bbox 732 1083 906 1119; x_wconf 81' lang='lat' dir='ltr'>februarii,</span> <span class='ocrx_word' id='word_1_81' title='bbox 928 1091 1013 1113; x_wconf 90' lang='lat' dir='ltr'>anno</span> <span class='ocrx_word' id='word_1_82' title='bbox 1036 1092 1086 1113; x_wconf 88' lang='lat' dir='ltr'>se-</span> 
     </span>
     <span class='ocr_line' id='line_1_16' title="bbox 81 1136 227 1168; baseline -0.021 0"><span class='ocrx_word' id='word_1_83' title='bbox 81 1136 193 1168; x_wconf 78' lang='lat' dir='ltr'>cundo.</span> <span class='ocrx_word' id='word_1_84' title='bbox 213 1148 227 1163; x_wconf 87' lang='lat'>»</span> 
     </span>
    </p>
   </div>
   <div class='ocr_carea' id='block_1_7' title="bbox 145 1322 263 1350">
    <p class='ocr_par' dir='ltr' id='par_1_8' title="bbox 145 1322 263 1350">
     <span class='ocr_line' id='line_1_17' title="bbox 145 1322 263 1350; baseline -0.008 0"><span class='ocrx_word' id='word_1_85' title='bbox 145 1322 263 1350; x_wconf 65' lang='lat'>2112</span> 
     </span>
    </p>
   </div>
   <div class='ocr_carea' id='block_1_8' title="bbox 79 1385 1086 1467">
    <p class='ocr_par' dir='ltr' id='par_1_9' title="bbox 79 1385 1086 1467">
     <span class='ocr_line' id='line_1_18' title="bbox 113 1385 1086 1430; baseline 0 -18"><span class='ocrx_word' id='word_1_86' title='bbox 113 1385 296 1420; x_wconf 80' lang='lat' dir='ltr'>Dispensatio</span> <span class='ocrx_word' id='word_1_87' title='bbox 313 1386 496 1412; x_wconf 84' lang='lat' dir='ltr'>matrimonii.</span> <span class='ocrx_word' id='word_1_88' title='bbox 514 1385 596 1418; x_wconf 74' lang='lat' dir='ltr'>(Rae.</span> <span class='ocrx_word' id='word_1_89' title='bbox 615 1386 657 1420; x_wconf 72' lang='lat'>44,</span> <span class='ocrx_word' id='word_1_90' title='bbox 670 1394 695 1412; x_wconf 90' lang='lat' dir='ltr'>c.</span> <span class='ocrx_word' id='word_1_91' title='bbox 712 1386 774 1420; x_wconf 79' lang='lat'>838,</span> <span class='ocrx_word' id='word_1_92' title='bbox 791 1386 810 1412; x_wconf 77' lang='grc' dir='ltr'>ἰ.</span> <span class='ocrx_word' id='word_1_93' title='bbox 828 1386 881 1413; x_wconf 73' lang='lat'>292</span> <span class='ocrx_word' id='word_1_94' title='bbox 898 1393 948 1419; x_wconf 72' lang='grc' dir='ltr'>νος</span> <span class='ocrx_word' id='word_1_95' title='bbox 967 1386 1086 1430; x_wconf 54' lang='lat' dir='ltr'>Pom-&#39;tir&#39;</span> 
     </span>
     <span class='ocr_line' id='line_1_19' title="bbox 79 1435 186 1467; baseline 0 -5"><span class='ocrx_word' id='word_1_96' title='bbox 79 1435 186 1467; x_wconf 77' lang='lat'><strong>23186.)</strong></span> 
     </span>
    </p>
   </div>
   <div class='ocr_carea' id='block_1_9' title="bbox 385 1321 1012 1356">
    <p class='ocr_par' dir='ltr' id='par_1_10' title="bbox 385 1321 1012 1356">
     <span class='ocr_line' id='line_1_20' title="bbox 385 1321 1012 1356; baseline 0.002 -8"><span class='ocrx_word' id='word_1_97' title='bbox 385 1321 743 1356; x_wconf 76' lang='lat' dir='ltr'>sainte-Marie-MaJeure,</span> <span class='ocrx_word' id='word_1_98' title='bbox 762 1323 796 1349; x_wconf 75' lang='lat'>20</span> <span class='ocrx_word' id='word_1_99' title='bbox 812 1323 917 1349; x_wconf 78' lang='lat' dir='ltr'>sevrier</span> <span class='ocrx_word' id='word_1_100' title='bbox 934 1322 1012 1350; x_wconf 71' lang='lat'>1290.</span> 
     </span>
    </p>
   </div>
   <div class='ocr_carea' id='block_1_10' title="bbox 75 1552 1085 2058">
    <p class='ocr_par' dir='ltr' id='par_1_11' title="bbox 76 1552 1085 1909">
     <span class='ocr_line' id='line_1_21' title="bbox 120 1552 1082 1590; baseline 0.001 -9"><span class='ocrx_word' id='word_1_101' title='bbox 120 1574 140 1581; x_wconf 89' lang='lat'>..</span> <span class='ocrx_word' id='word_1_102' title='bbox 153 1552 326 1589; x_wconf 69' lang='lat' dir='ltr'>quardz&#39;ano</span> <span class='ocrx_word' id='word_1_103' title='bbox 342 1552 479 1588; x_wconf 83' lang='lat' dir='ltr'>fratrum</span> <span class='ocrx_word' id='word_1_104' title='bbox 490 1552 607 1581; x_wconf 77' lang='lat' dir='ltr'>ordinis</span> <span class='ocrx_word' id='word_1_105' title='bbox 621 1552 778 1580; x_wconf 83' lang='lat' dir='ltr'>minorum</span> <span class='ocrx_word' id='word_1_106' title='bbox 791 1553 825 1581; x_wconf 83' lang='lat' dir='ltr'>de</span> <span class='ocrx_word' id='word_1_107' title='bbox 837 1552 938 1581; x_wconf 78' lang='lat' dir='ltr'>Castro</span> <span class='ocrx_word' id='word_1_108' title='bbox 955 1552 1082 1590; x_wconf 64' lang='lat' dir='ltr'>Rodum,</span> 
     </span>
     <span class='ocr_line' id='line_1_22' title="bbox 78 1603 1085 1642; baseline 0 -7"><span class='ocrx_word' id='word_1_109' title='bbox 78 1603 269 1635; x_wconf 75' lang='lat' dir='ltr'>Bituricensis</span> <span class='ocrx_word' id='word_1_110' title='bbox 283 1604 416 1639; x_wconf 74' lang='lat' dir='ltr'>diocesis,</span> <span class='ocrx_word' id='word_1_111' title='bbox 434 1604 605 1634; x_wconf 84' lang='lat' dir='ltr'>committit</span> <span class='ocrx_word' id='word_1_112' title='bbox 625 1608 783 1642; x_wconf 85' lang='lat' dir='ltr'>quatenus</span> <span class='ocrx_word' id='word_1_113' title='bbox 803 1613 875 1634; x_wconf 87' lang='lat' dir='ltr'>curn</span> <span class='ocrx_word' id='word_1_114' title='bbox 899 1604 998 1634; x_wconf 89' lang='lat' dir='ltr'>nobili</span> <span class='ocrx_word' id='word_1_115' title='bbox 1017 1606 1085 1636; x_wconf 92' lang='lat' dir='ltr'>viro</span> 
     </span>
     <span class='ocr_line' id='line_1_23' title="bbox 79 1656 1084 1693; baseline 0 -5"><span class='ocrx_word' id='word_1_116' title='bbox 79 1656 217 1688; x_wconf 87' lang='lat' dir='ltr'>Raulino</span> <span class='ocrx_word' id='word_1_117' title='bbox 232 1657 270 1687; x_wconf 90' lang='lat' dir='ltr'>de</span> <span class='ocrx_word' id='word_1_118' title='bbox 283 1657 389 1693; x_wconf 85' lang='lat' dir='ltr'>Pacat,</span> <span class='ocrx_word' id='word_1_119' title='bbox 406 1657 583 1693; x_wconf 83' lang='lat' dir='ltr'>domicello,</span> <span class='ocrx_word' id='word_1_120' title='bbox 597 1661 627 1687; x_wconf 90' lang='lat' dir='ltr'>et</span> <span class='ocrx_word' id='word_1_121' title='bbox 640 1657 741 1687; x_wconf 89' lang='lat' dir='ltr'>nobili</span> <span class='ocrx_word' id='word_1_122' title='bbox 753 1657 887 1687; x_wconf 87' lang='lat' dir='ltr'>muliere</span> <span class='ocrx_word' id='word_1_123' title='bbox 901 1658 1030 1688; x_wconf 87' lang='lat' dir='ltr'>Guiotta</span> <span class='ocrx_word' id='word_1_124' title='bbox 1046 1658 1084 1689; x_wconf 90' lang='lat' dir='ltr'>de</span> 
     </span>
     <span class='ocr_line' id='line_1_24' title="bbox 81 1709 1082 1749; baseline 0.001 -10"><span class='ocrx_word' id='word_1_125' title='bbox 81 1709 224 1746; x_wconf 89' lang='lat' dir='ltr'>Bualeto,</span> <span class='ocrx_word' id='word_1_126' title='bbox 245 1710 480 1740; x_wconf 88' lang='lat' dir='ltr'>Lemovicensis</span> <span class='ocrx_word' id='word_1_127' title='bbox 497 1710 669 1746; x_wconf 84' lang='lat' dir='ltr'>dioecesis,</span> <span class='ocrx_word' id='word_1_128' title='bbox 687 1710 848 1749; x_wconf 82' lang='lat' dir='ltr'>dispenset</span> <span class='ocrx_word' id='word_1_129' title='bbox 869 1715 903 1740; x_wconf 90' lang='lat' dir='ltr'>ut</span> <span class='ocrx_word' id='word_1_130' title='bbox 920 1711 955 1740; x_wconf 88' lang='lat' dir='ltr'>in</span> <span class='ocrx_word' id='word_1_131' title='bbox 971 1712 1082 1741; x_wconf 83' lang='lat' dir='ltr'>matri-</span> 
     </span>
     <span class='ocr_line' id='line_1_25' title="bbox 78 1762 1083 1802; baseline 0.002 -10"><span class='ocrx_word' id='word_1_132' title='bbox 78 1763 186 1794; x_wconf 87' lang='lat' dir='ltr'>monio</span> <span class='ocrx_word' id='word_1_133' title='bbox 201 1763 284 1802; x_wconf 84' lang='lat' dir='ltr'>quod</span> <span class='ocrx_word' id='word_1_134' title='bbox 299 1762 376 1793; x_wconf 90' lang='lat' dir='ltr'>olim</span> <span class='ocrx_word' id='word_1_135' title='bbox 391 1786 397 1799; x_wconf 91' lang='lat'>,</span> <span class='ocrx_word' id='word_1_136' title='bbox 416 1763 599 1801; x_wconf 82' lang='lat' dir='ltr'>ignorantes</span> <span class='ocrx_word' id='word_1_137' title='bbox 616 1772 648 1793; x_wconf 89' lang='lat' dir='ltr'>se</span> <span class='ocrx_word' id='word_1_138' title='bbox 664 1767 776 1802; x_wconf 88' lang='lat' dir='ltr'>quarto</span> <span class='ocrx_word' id='word_1_139' title='bbox 794 1764 1083 1802; x_wconf 80' lang='lat' dir='ltr'>consanguinitatis</span> 
     </span>
     <span class='ocr_line' id='line_1_26' title="bbox 77 1817 1083 1856; baseline 0.001 -9"><span class='ocrx_word' id='word_1_140' title='bbox 77 1817 173 1856; x_wconf 85' lang='lat' dir='ltr'>gradu</span> <span class='ocrx_word' id='word_1_141' title='bbox 189 1817 374 1856; x_wconf 89' lang='lat' dir='ltr'>coujunctos</span> <span class='ocrx_word' id='word_1_142' title='bbox 397 1826 482 1853; x_wconf 87' lang='lat' dir='ltr'>esse,</span> <span class='ocrx_word' id='word_1_143' title='bbox 508 1821 753 1852; x_wconf 82' lang='lat' dir='ltr'>contraxerunt,</span> <span class='ocrx_word' id='word_1_144' title='bbox 781 1821 810 1846; x_wconf 85' lang='lat' dir='ltr'>et</span> <span class='ocrx_word' id='word_1_145' title='bbox 833 1818 867 1847; x_wconf 89' lang='lat' dir='ltr'>in</span> <span class='ocrx_word' id='word_1_146' title='bbox 892 1826 954 1856; x_wconf 86' lang='lat' dir='ltr'>quo</span> <span class='ocrx_word' id='word_1_147' title='bbox 977 1818 1083 1856; x_wconf 88' lang='lat' dir='ltr'>plures</span> 
     </span>
     <span class='ocr_line' id='line_1_27' title="bbox 76 1869 742 1909; baseline 0 -9"><span class='ocrx_word' id='word_1_148' title='bbox 76 1869 157 1900; x_wconf 90' lang='lat' dir='ltr'>filios</span> <span class='ocrx_word' id='word_1_149' title='bbox 174 1874 398 1909; x_wconf 81' lang='lat' dir='ltr'>procrearunt,</span> <span class='ocrx_word' id='word_1_150' title='bbox 420 1879 587 1899; x_wconf 86' lang='lat' dir='ltr'>remanere</span> <span class='ocrx_word' id='word_1_151' title='bbox 604 1870 742 1900; x_wconf 87' lang='lat' dir='ltr'>valeant.</span> 
     </span>
    </p>

    <p class='ocr_par' dir='ltr' id='par_1_12' title="bbox 75 1922 1082 2058">
     <span class='ocr_line' id='line_1_28' title="bbox 116 1922 1081 1962; baseline 0.002 -10"><span class='ocrx_word' id='word_1_152' title='bbox 116 1935 128 1948; x_wconf 72' lang='grc' dir='ltr'>«ι</span> <span class='ocrx_word' id='word_1_153' title='bbox 155 1922 269 1953; x_wconf 90' lang='lat' dir='ltr'>Petitio</span> <span class='ocrx_word' id='word_1_154' title='bbox 292 1922 399 1952; x_wconf 89' lang='lat' dir='ltr'>dilecti</span> <span class='ocrx_word' id='word_1_155' title='bbox 430 1922 526 1953; x_wconf 87' lang='lat' dir='ltr'>filii...</span> <span class='ocrx_word' id='word_1_156' title='bbox 559 1940 596 1945; x_wconf 92' lang='lat'>—</span> <span class='ocrx_word' id='word_1_157' title='bbox 621 1923 692 1952; x_wconf 88' lang='lat' dir='ltr'>Dat.</span> <span class='ocrx_word' id='word_1_158' title='bbox 722 1924 841 1960; x_wconf 83' lang='lat' dir='ltr'>Rome,</span> <span class='ocrx_word' id='word_1_159' title='bbox 867 1924 949 1962; x_wconf 89' lang='lat' dir='ltr'>apud</span> <span class='ocrx_word' id='word_1_160' title='bbox 981 1924 1081 1954; x_wconf 86' lang='lat' dir='ltr'>Sanc-</span> 
     </span>
     <span class='ocr_line' id='line_1_29' title="bbox 75 1975 1082 2014; baseline 0.002 -10"><span class='ocrx_word' id='word_1_161' title='bbox 75 1978 138 2005; x_wconf 85' lang='lat' dir='ltr'>tam</span> <span class='ocrx_word' id='word_1_162' title='bbox 164 1975 300 2005; x_wconf 86' lang='lat' dir='ltr'>Mariam</span> <span class='ocrx_word' id='word_1_163' title='bbox 336 1976 508 2014; x_wconf 89' lang='lat' dir='ltr'>Majorem,</span> <span class='ocrx_word' id='word_1_164' title='bbox 538 1985 557 2005; x_wconf 83' lang='lat' dir='ltr'><strong>x</strong></span> <span class='ocrx_word' id='word_1_165' title='bbox 590 1976 744 2006; x_wconf 77' lang='lat' dir='ltr'>kalendas</span> <span class='ocrx_word' id='word_1_166' title='bbox 772 1977 894 2012; x_wconf 87' lang='lat' dir='ltr'>martii,</span> <span class='ocrx_word' id='word_1_167' title='bbox 920 1986 1005 2006; x_wconf 89' lang='lat' dir='ltr'>anno</span> <span class='ocrx_word' id='word_1_168' title='bbox 1032 1987 1082 2007; x_wconf 89' lang='lat' dir='ltr'>se-</span> 
     </span>
     <span class='ocr_line' id='line_1_30' title="bbox 76 2028 224 2058; baseline -0.02 0"><span class='ocrx_word' id='word_1_169' title='bbox 76 2028 189 2058; x_wconf 88' lang='lat' dir='ltr'>cundo.</span> <span class='ocrx_word' id='word_1_170' title='bbox 211 2040 224 2055; x_wconf 72' lang='grc' dir='ltr'>ι,</span> 
     </span>
    </p>
   </div>
   <div class='ocr_carea' id='block_1_11' title="bbox 145 2216 262 2245">
    <p class='ocr_par' dir='ltr' id='par_1_13' title="bbox 145 2216 262 2245">
     <span class='ocr_line' id='line_1_31' title="bbox 145 2216 262 2245; baseline 0.009 -1"><span class='ocrx_word' id='word_1_171' title='bbox 145 2216 262 2245; x_wconf 66' lang='lat'>8113</span> 
     </span>
    </p>
   </div>
   <div class='ocr_carea' id='block_1_12' title="bbox 113 2277 965 2313">
    <p class='ocr_par' dir='ltr' id='par_1_14' title="bbox 113 2277 965 2313">
     <span class='ocr_line' id='line_1_32' title="bbox 113 2277 965 2313; baseline 0.002 -9"><span class='ocrx_word' id='word_1_172' title='bbox 113 2277 295 2313; x_wconf 87' lang='lat' dir='ltr'>Dispensatio</span> <span class='ocrx_word' id='word_1_173' title='bbox 315 2279 498 2306; x_wconf 82' lang='lat' dir='ltr'>matrimonii.</span> <span class='ocrx_word' id='word_1_174' title='bbox 521 2279 602 2310; x_wconf 67' lang='lat' dir='ltr'>(aaa.</span> <span class='ocrx_word' id='word_1_175' title='bbox 620 2279 662 2310; x_wconf 85' lang='lat'>44,</span> <span class='ocrx_word' id='word_1_176' title='bbox 680 2288 705 2306; x_wconf 92' lang='lat' dir='ltr'>c.</span> <span class='ocrx_word' id='word_1_177' title='bbox 722 2280 794 2310; x_wconf 79' lang='lat'>838²,</span> <span class='ocrx_word' id='word_1_178' title='bbox 812 2280 831 2306; x_wconf 86' lang='lat' dir='ltr'>f.</span> <span class='ocrx_word' id='word_1_179' title='bbox 848 2280 899 2306; x_wconf 74' lang='lat'>293</span> <span class='ocrx_word' id='word_1_180' title='bbox 918 2281 965 2312; x_wconf 66' lang='grc' dir='ltr'>τῦ.)</span> 
     </span>
    </p>
   </div>
   <div class='ocr_carea' id='block_1_13' title="bbox 383 2216 1009 2251">
    <p class='ocr_par' dir='ltr' id='par_1_15' title="bbox 383 2216 1009 2251">
     <span class='ocr_line' id='line_1_33' title="bbox 383 2216 1009 2251; baseline 0 -9"><span class='ocrx_word' id='word_1_181' title='bbox 383 2216 744 2251; x_wconf 79' lang='lat' dir='ltr'>Sainte-Marie-Majeure,</span> <span class='ocrx_word' id='word_1_182' title='bbox 764 2217 794 2243; x_wconf 85' lang='lat'>18</span> <span class='ocrx_word' id='word_1_183' title='bbox 811 2217 914 2244; x_wconf 81' lang='lat' dir='ltr'>fevrier</span> <span class='ocrx_word' id='word_1_184' title='bbox 932 2217 1009 2244; x_wconf 72' lang='lat'>1290.</span> 
     </span>
    </p>
   </div>
   <div class='ocr_carea' id='block_1_14' title="bbox 73 2395 1085 2956">
    <p class='ocr_par' dir='ltr' id='par_1_16' title="bbox 81 2395 1084 2805">
     <span class='ocr_line' id='line_1_34' title="bbox 125 2395 1083 2434; baseline 0.002 -11"><span class='ocrx_word' id='word_1_185' title='bbox 125 2395 289 2424; x_wconf 79' lang='lat' dir='ltr'>Venerabili</span> <span class='ocrx_word' id='word_1_186' title='bbox 304 2395 398 2430; x_wconf 80' lang='lat' dir='ltr'>fratri</span> <span class='ocrx_word' id='word_1_187' title='bbox 417 2415 436 2424; x_wconf 88' lang='lat'>..</span> <span class='ocrx_word' id='word_1_188' title='bbox 447 2396 580 2432; x_wconf 70' lang='lat' dir='ltr'>episcopo</span> <span class='ocrx_word' id='word_1_189' title='bbox 599 2395 765 2424; x_wconf 70' lang='lat' dir='ltr'>Parz‘siensc&#39;</span> <span class='ocrx_word' id='word_1_190' title='bbox 778 2395 909 2424; x_wconf 84' lang='lat' dir='ltr'>mandat</span> <span class='ocrx_word' id='word_1_191' title='bbox 924 2399 1083 2434; x_wconf 85' lang='lat' dir='ltr'>quatenus</span> 
     </span>
     <span class='ocr_line' id='line_1_35' title="bbox 81 2447 1083 2487; baseline 0 -9"><span class='ocrx_word' id='word_1_192' title='bbox 81 2456 152 2478; x_wconf 90' lang='lat' dir='ltr'>cum</span> <span class='ocrx_word' id='word_1_193' title='bbox 168 2447 332 2484; x_wconf 87' lang='lat' dir='ltr'>Johaune,</span> <span class='ocrx_word' id='word_1_194' title='bbox 354 2447 540 2484; x_wconf 72' lang='lat' dir='ltr'>domicello,</span> <span class='ocrx_word' id='word_1_195' title='bbox 562 2447 628 2478; x_wconf 89' lang='lat' dir='ltr'>filio</span> <span class='ocrx_word' id='word_1_196' title='bbox 649 2448 811 2487; x_wconf 87' lang='lat' dir='ltr'>quondam</span> <span class='ocrx_word' id='word_1_197' title='bbox 837 2448 985 2478; x_wconf 88' lang='lat' dir='ltr'>Guarteri</span> <span class='ocrx_word' id='word_1_198' title='bbox 1008 2448 1083 2478; x_wconf 88' lang='lat' dir='ltr'>dicti</span> 
     </span>
     <span class='ocr_line' id='line_1_36' title="bbox 83 2500 1084 2540; baseline 0.002 -10"><span class='ocrx_word' id='word_1_199' title='bbox 83 2501 214 2531; x_wconf 85' lang='lat' dir='ltr'>Bertans</span> <span class='ocrx_word' id='word_1_200' title='bbox 230 2500 291 2540; x_wconf 84' lang='lat'>(1),</span> <span class='ocrx_word' id='word_1_201' title='bbox 306 2501 428 2531; x_wconf 88' lang='lat' dir='ltr'>domini</span> <span class='ocrx_word' id='word_1_202' title='bbox 445 2501 483 2530; x_wconf 90' lang='lat' dir='ltr'>de</span> <span class='ocrx_word' id='word_1_203' title='bbox 500 2501 667 2539; x_wconf 78' lang='lat' dir='ltr'>Maclinia,</span> <span class='ocrx_word' id='word_1_204' title='bbox 694 2506 806 2540; x_wconf 86' lang='lat' dir='ltr'>nepote</span> <span class='ocrx_word' id='word_1_205' title='bbox 822 2502 988 2532; x_wconf 88' lang='lat' dir='ltr'>Gnillelmi</span> <span class='ocrx_word' id='word_1_206' title='bbox 1006 2502 1084 2532; x_wconf 86' lang='lat' dir='ltr'>dicti</span> 
     </span>
     <span class='ocr_line' id='line_1_37' title="bbox 82 2553 1084 2594; baseline 0.001 -10"><span class='ocrx_word' id='word_1_207' title='bbox 82 2553 232 2590; x_wconf 82' lang='lat' dir='ltr'>Bertons,</span> <span class='ocrx_word' id='word_1_208' title='bbox 254 2554 420 2592; x_wconf 88' lang='lat' dir='ltr'>praepositi</span> <span class='ocrx_word' id='word_1_209' title='bbox 437 2554 586 2584; x_wconf 88' lang='lat' dir='ltr'>ecclesiae</span> <span class='ocrx_word' id='word_1_210' title='bbox 599 2554 638 2584; x_wconf 90' lang='lat' dir='ltr'>de</span> <span class='ocrx_word' id='word_1_211' title='bbox 657 2555 816 2592; x_wconf 84' lang='lat' dir='ltr'>Lovanio,</span> <span class='ocrx_word' id='word_1_212' title='bbox 834 2555 936 2593; x_wconf 88' lang='lat' dir='ltr'>patrui</span> <span class='ocrx_word' id='word_1_213' title='bbox 952 2556 1030 2594; x_wconf 86' lang='lat' dir='ltr'>ejus,</span> <span class='ocrx_word' id='word_1_214' title='bbox 1048 2563 1084 2585; x_wconf 85' lang='lat' dir='ltr'>ac</span> 
     </span>
     <span class='ocr_line' id='line_1_38' title="bbox 83 2607 1082 2647; baseline 0.002 -11"><span class='ocrx_word' id='word_1_215' title='bbox 83 2607 224 2637; x_wconf 88' lang='lat' dir='ltr'>Blancha</span> <span class='ocrx_word' id='word_1_216' title='bbox 237 2632 243 2645; x_wconf 87' lang='lat'>‚</span> <span class='ocrx_word' id='word_1_217' title='bbox 261 2613 335 2637; x_wconf 87' lang='lat' dir='ltr'>nata</span> <span class='ocrx_word' id='word_1_218' title='bbox 350 2607 467 2637; x_wconf 88' lang='lat' dir='ltr'>nobilis</span> <span class='ocrx_word' id='word_1_219' title='bbox 482 2608 543 2637; x_wconf 88' lang='lat' dir='ltr'>viri</span> <span class='ocrx_word' id='word_1_220' title='bbox 559 2608 735 2647; x_wconf 87' lang='lat' dir='ltr'>Godefridi,</span> <span class='ocrx_word' id='word_1_221' title='bbox 753 2609 874 2639; x_wconf 88' lang='lat' dir='ltr'>domini</span> <span class='ocrx_word' id='word_1_222' title='bbox 889 2608 928 2638; x_wconf 90' lang='lat' dir='ltr'>de</span> <span class='ocrx_word' id='word_1_223' title='bbox 940 2609 1082 2647; x_wconf 88' lang='lat' dir='ltr'>Aroscot,</span> 
     </span>
     <span class='ocr_line' id='line_1_39' title="bbox 83 2660 1083 2701; baseline 0.002 -11"><span class='ocrx_word' id='word_1_224' title='bbox 83 2660 264 2691; x_wconf 87' lang='lat' dir='ltr'>Leodiensis</span> <span class='ocrx_word' id='word_1_225' title='bbox 282 2661 453 2697; x_wconf 86' lang='lat' dir='ltr'>dioecesis,</span> <span class='ocrx_word' id='word_1_226' title='bbox 470 2661 633 2700; x_wconf 83' lang='lat' dir='ltr'>dispenset</span> <span class='ocrx_word' id='word_1_227' title='bbox 652 2667 698 2700; x_wconf 88' lang='lat' dir='ltr'>ut,</span> <span class='ocrx_word' id='word_1_228' title='bbox 720 2662 794 2692; x_wconf 86' lang='lat' dir='ltr'>licet</span> <span class='ocrx_word' id='word_1_229' title='bbox 818 2667 930 2701; x_wconf 88' lang='lat' dir='ltr'>quarto</span> <span class='ocrx_word' id='word_1_230' title='bbox 948 2670 1083 2692; x_wconf 86' lang='lat' dir='ltr'>consan-</span> 
     </span>
     <span class='ocr_line' id='line_1_40' title="bbox 84 2714 1083 2754; baseline 0.001 -11"><span class='ocrx_word' id='word_1_231' title='bbox 84 2714 246 2752; x_wconf 88' lang='lat' dir='ltr'>guinitatis</span> <span class='ocrx_word' id='word_1_232' title='bbox 268 2714 367 2752; x_wconf 86' lang='lat' dir='ltr'>gradu</span> <span class='ocrx_word' id='word_1_233' title='bbox 396 2716 559 2754; x_wconf 76' lang='lat' dir='ltr'>coanncti</span> <span class='ocrx_word' id='word_1_234' title='bbox 583 2720 614 2745; x_wconf 89' lang='lat' dir='ltr'>et</span> <span class='ocrx_word' id='word_1_235' title='bbox 639 2716 724 2746; x_wconf 80' lang='lat' dir='ltr'>infra</span> <span class='ocrx_word' id='word_1_236' title='bbox 745 2720 880 2745; x_wconf 87' lang='lat' dir='ltr'>aetatem</span> <span class='ocrx_word' id='word_1_237' title='bbox 906 2715 1083 2753; x_wconf 84' lang='lat' dir='ltr'>legitimam</span> 
     </span>
     <span class='ocr_line' id='line_1_41' title="bbox 85 2767 790 2805; baseline 0.003 -8"><span class='ocrx_word' id='word_1_238' title='bbox 85 2767 166 2805; x_wconf 79' lang='lat' dir='ltr'>sint,</span> <span class='ocrx_word' id='word_1_239' title='bbox 184 2767 426 2798; x_wconf 84' lang='lat' dir='ltr'>matrimonium</span> <span class='ocrx_word' id='word_1_240' title='bbox 446 2768 633 2798; x_wconf 85' lang='lat' dir='ltr'>contrahere</span> <span class='ocrx_word' id='word_1_241' title='bbox 652 2769 790 2800; x_wconf 87' lang='lat' dir='ltr'>valeant.</span> 
     </span>
    </p>

    <p class='ocr_par' dir='ltr' id='par_1_17' title="bbox 73 2821 1085 2956">
     <span class='ocr_line' id='line_1_42' title="bbox 125 2821 1085 2860; baseline 0.002 -11"><span class='ocrx_word' id='word_1_242' title='bbox 125 2832 138 2847; x_wconf 69' lang='grc' dir='ltr'><strong>α</strong></span> <span class='ocrx_word' id='word_1_243' title='bbox 157 2821 269 2850; x_wconf 84' lang='lat' dir='ltr'>Petitio</span> <span class='ocrx_word' id='word_1_244' title='bbox 285 2821 473 2851; x_wconf 88' lang='lat' dir='ltr'>dilectorum</span> <span class='ocrx_word' id='word_1_245' title='bbox 498 2821 677 2853; x_wconf 84' lang='lat' dir='ltr'>filiorum...</span> <span class='ocrx_word' id='word_1_246' title='bbox 700 2839 739 2844; x_wconf 98' lang='lat'><strong>—</strong></span> <span class='ocrx_word' id='word_1_247' title='bbox 760 2823 832 2852; x_wconf 88' lang='lat' dir='ltr'>Dat.</span> <span class='ocrx_word' id='word_1_248' title='bbox 853 2823 953 2852; x_wconf 87' lang='lat' dir='ltr'>Rome</span> <span class='ocrx_word' id='word_1_249' title='bbox 969 2846 976 2858; x_wconf 89' lang='lat'>,</span> <span class='ocrx_word' id='word_1_250' title='bbox 1001 2822 1085 2860; x_wconf 86' lang='lat' dir='ltr'>apud</span> 
     </span>
     <span class='ocr_line' id='line_1_43' title="bbox 86 2873 1084 2914; baseline 0 -10"><span class='ocrx_word' id='word_1_251' title='bbox 86 2873 231 2904; x_wconf 87' lang='lat' dir='ltr'>Sanctam</span> <span class='ocrx_word' id='word_1_252' title='bbox 257 2874 393 2904; x_wconf 84' lang='lat' dir='ltr'>Mariam</span> <span class='ocrx_word' id='word_1_253' title='bbox 417 2875 590 2914; x_wconf 85' lang='lat' dir='ltr'>Majorem,</span> <span class='ocrx_word' id='word_1_254' title='bbox 616 2885 659 2904; x_wconf 87' lang='lat' dir='ltr'>xn</span> <span class='ocrx_word' id='word_1_255' title='bbox 675 2875 829 2905; x_wconf 87' lang='lat' dir='ltr'>kalendas</span> <span class='ocrx_word' id='word_1_256' title='bbox 848 2875 974 2912; x_wconf 90' lang='lat' dir='ltr'>martii,</span> <span class='ocrx_word' id='word_1_257' title='bbox 999 2883 1084 2904; x_wconf 89' lang='lat' dir='ltr'>anno</span> 
     </span>
     <span class='ocr_line' id='line_1_44' title="bbox 73 2926 266 2956; baseline 0.005 -1"><span class='ocrx_word' id='word_1_258' title='bbox 73 2926 234 2956; x_wconf 71' lang='lat' dir='ltr'>secundo.</span> <span class='ocrx_word' id='word_1_259' title='bbox 252 2938 266 2953; x_wconf 66' lang='grc' dir='ltr'>ι)</span> 
     </span>
    </p>
   </div>
   <div class='ocr_carea' id='block_1_15' title="bbox 117 3037 469 3067">
    <p class='ocr_par' dir='ltr' id='par_1_18' title="bbox 117 3037 469 3067">
     <span class='ocr_line' id='line_1_45' title="bbox 117 3037 469 3067; baseline 0.009 -7"><span class='ocrx_word' id='word_1_260' title='bbox 117 3037 149 3067; x_wconf 84' lang='lat'>(1)</span> <span class='ocrx_word' id='word_1_261' title='bbox 166 3037 240 3061; x_wconf 81' lang='lat' dir='ltr'>Ecrit</span> <span class='ocrx_word' id='word_1_262' title='bbox 255 3039 328 3061; x_wconf 85' lang='lat' dir='ltr'>aussi</span> <span class='ocrx_word' id='word_1_263' title='bbox 344 3041 469 3063; x_wconf 79' lang='lat' dir='ltr'>Bertorzs.</span> 
     </span>
    </p>
   </div>
   <div class='ocr_carea' id='block_1_16' title="bbox 1237 436 1357 464">
    <p class='ocr_par' dir='ltr' id='par_1_19' title="bbox 1237 436 1357 464">
     <span class='ocr_line' id='line_1_46' title="bbox 1237 436 1357 464; baseline 0.008 -1"><span class='ocrx_word' id='word_1_264' title='bbox 1237 436 1357 464; x_wconf 72' lang='lat'>2114</span> 
     </span>
    </p>
   </div>
   <div class='ocr_carea' id='block_1_17' title="bbox 1167 497 2164 583">
    <p class='ocr_par' dir='ltr' id='par_1_20' title="bbox 1167 497 2164 583">
     <span class='ocr_line' id='line_1_47' title="bbox 1203 497 2164 536; baseline 0.005 -13"><span class='ocrx_word' id='word_1_265' title='bbox 1203 497 1248 523; x_wconf 86' lang='lat' dir='ltr'>Ad</span> <span class='ocrx_word' id='word_1_266' title='bbox 1264 499 1434 525; x_wconf 84' lang='lat' dir='ltr'>solutionem</span> <span class='ocrx_word' id='word_1_267' title='bbox 1450 499 1576 526; x_wconf 84' lang='lat' dir='ltr'>decimae</span> <span class='ocrx_word' id='word_1_268' title='bbox 1591 501 1802 527; x_wconf 75' lang='lat' dir='ltr'>ecclesiasticae</span> <span class='ocrx_word' id='word_1_269' title='bbox 1815 509 1864 535; x_wconf 90' lang='lat' dir='ltr'>pro</span> <span class='ocrx_word' id='word_1_270' title='bbox 1877 502 1991 535; x_wconf 87' lang='lat' dir='ltr'>negotio</span> <span class='ocrx_word' id='word_1_271' title='bbox 2004 502 2164 536; x_wconf 85' lang='lat' dir='ltr'>Aragoniae</span> 
     </span>
     <span class='ocr_line' id='line_1_48' title="bbox 1167 545 2006 583; baseline 0.007 -13"><span class='ocrx_word' id='word_1_272' title='bbox 1167 546 1228 578; x_wconf 84' lang='lat' dir='ltr'>regi</span> <span class='ocrx_word' id='word_1_273' title='bbox 1244 545 1379 572; x_wconf 84' lang='lat' dir='ltr'>Franciae</span> <span class='ocrx_word' id='word_1_274' title='bbox 1391 555 1556 574; x_wconf 83' lang='lat' dir='ltr'>concessae.</span> <span class='ocrx_word' id='word_1_275' title='bbox 1575 548 1656 581; x_wconf 64' lang='lat' dir='ltr'>(itm.</span> <span class='ocrx_word' id='word_1_276' title='bbox 1676 549 1717 583; x_wconf 77' lang='lat'>44,</span> <span class='ocrx_word' id='word_1_277' title='bbox 1734 558 1759 575; x_wconf 86' lang='lat' dir='ltr'>c.</span> <span class='ocrx_word' id='word_1_278' title='bbox 1776 550 1837 579; x_wconf 81' lang='lat'>839,</span> <span class='ocrx_word' id='word_1_279' title='bbox 1854 550 1872 575; x_wconf 84' lang='lat' dir='ltr'>f.</span> <span class='ocrx_word' id='word_1_280' title='bbox 1891 550 1942 576; x_wconf 67' lang='lat'>293</span> <span class='ocrx_word' id='word_1_281' title='bbox 1958 554 2006 582; x_wconf 66' lang='grc' dir='ltr'><strong><em>ΓΟ.)</em></strong></span> 
     </span>
    </p>
   </div>
   <div class='ocr_carea' id='block_1_18' title="bbox 1492 437 2094 472">
    <p class='ocr_par' dir='ltr' id='par_1_21' title="bbox 1492 437 2094 472">
     <span class='ocr_line' id='line_1_49' title="bbox 1492 437 2094 472; baseline 0.007 -9"><span class='ocrx_word' id='word_1_282' title='bbox 1492 437 1849 472; x_wconf 85' lang='lat' dir='ltr'>Sainte-Marie-Majeure,</span> <span class='ocrx_word' id='word_1_283' title='bbox 1868 438 1883 465; x_wconf 80' lang='lat'>9</span> <span class='ocrx_word' id='word_1_284' title='bbox 1899 439 2001 465; x_wconf 78' lang='lat' dir='ltr'>fevrier</span> <span class='ocrx_word' id='word_1_285' title='bbox 2017 439 2094 467; x_wconf 70' lang='lat'><strong>1290.</strong></span> 
     </span>
    </p>
   </div>
   <div class='ocr_carea' id='block_1_19' title="bbox 1164 633 2168 3060">
    <p class='ocr_par' dir='ltr' id='par_1_22' title="bbox 1164 633 2168 3060">
     <span class='ocr_line' id='line_1_50' title="bbox 1212 633 2165 675; baseline 0.008 -15"><span class='ocrx_word' id='word_1_286' title='bbox 1212 633 1436 664; x_wconf 69' lang='lat' dir='ltr'>Venerabilsbus</span> <span class='ocrx_word' id='word_1_287' title='bbox 1450 638 1600 671; x_wconf 71' lang='lat' dir='ltr'>fratribus</span> <span class='ocrx_word' id='word_1_288' title='bbox 1616 659 1635 666; x_wconf 93' lang='lat'>..</span> <span class='ocrx_word' id='word_1_289' title='bbox 1655 639 1874 674; x_wconf 75' lang='lat' dir='ltr'>archiepiscopo</span> <span class='ocrx_word' id='word_1_290' title='bbox 1890 639 2116 675; x_wconf 74' lang='lat' dir='ltr'>Rothomayensi</span> <span class='ocrx_word' id='word_1_291' title='bbox 2139 644 2165 668; x_wconf 75' lang='lat' dir='ltr'>el</span> 
     </span>
     <span class='ocr_line' id='line_1_51' title="bbox 1169 688 2165 729; baseline 0.008 -16"><span class='ocrx_word' id='word_1_292' title='bbox 1169 707 1190 714; x_wconf 93' lang='lat'>..</span> <span class='ocrx_word' id='word_1_293' title='bbox 1201 688 1332 723; x_wconf 74' lang='lat' dir='ltr'>episcopo</span> <span class='ocrx_word' id='word_1_294' title='bbox 1345 689 1595 718; x_wconf 75' lang='lat' dir='ltr'>Azttsssodorensi.</span> <span class='ocrx_word' id='word_1_295' title='bbox 1615 701 1627 715; x_wconf 71' lang='grc' dir='ltr'>ι(</span> <span class='ocrx_word' id='word_1_296' title='bbox 1639 689 1808 727; x_wconf 84' lang='lat' dir='ltr'>Cupientes</span> <span class='ocrx_word' id='word_1_297' title='bbox 1822 694 1854 719; x_wconf 87' lang='lat' dir='ltr'>ut</span> <span class='ocrx_word' id='word_1_298' title='bbox 1868 691 2030 727; x_wconf 85' lang='lat' dir='ltr'>negotium</span> <span class='ocrx_word' id='word_1_299' title='bbox 2046 693 2165 729; x_wconf 80' lang='lat' dir='ltr'>Arago-</span> 
     </span>
     <span class='ocr_line' id='line_1_52' title="bbox 1167 739 2163 781; baseline 0.007 -15"><span class='ocrx_word' id='word_1_300' title='bbox 1167 739 1231 773; x_wconf 86' lang='lat' dir='ltr'>nie,</span> <span class='ocrx_word' id='word_1_301' title='bbox 1250 740 1333 776; x_wconf 84' lang='lat' dir='ltr'>quod</span> <span class='ocrx_word' id='word_1_302' title='bbox 1350 745 1396 769; x_wconf 83' lang='lat' dir='ltr'>est</span> <span class='ocrx_word' id='word_1_303' title='bbox 1414 750 1543 770; x_wconf 83' lang='lat' dir='ltr'>romane</span> <span class='ocrx_word' id='word_1_304' title='bbox 1562 741 1691 771; x_wconf 78' lang='lat' dir='ltr'>ecclesie</span> <span class='ocrx_word' id='word_1_305' title='bbox 1710 742 1851 780; x_wconf 78' lang='lat' dir='ltr'>spetiale,</span> <span class='ocrx_word' id='word_1_306' title='bbox 1872 743 2020 781; x_wconf 84' lang='lat' dir='ltr'>quodque</span> <span class='ocrx_word' id='word_1_307' title='bbox 2038 744 2163 774; x_wconf 88' lang='lat' dir='ltr'>carissi-</span> 
     </span>
     <span class='ocr_line' id='line_1_53' title="bbox 1168 792 2165 833; baseline 0.006 -13"><span class='ocrx_word' id='word_1_308' title='bbox 1168 800 1238 820; x_wconf 89' lang='lat' dir='ltr'>mus</span> <span class='ocrx_word' id='word_1_309' title='bbox 1258 793 1290 821; x_wconf 88' lang='lat' dir='ltr'>in</span> <span class='ocrx_word' id='word_1_310' title='bbox 1312 792 1439 823; x_wconf 89' lang='lat' dir='ltr'>Christo</span> <span class='ocrx_word' id='word_1_311' title='bbox 1462 794 1547 823; x_wconf 88' lang='lat' dir='ltr'>filius</span> <span class='ocrx_word' id='word_1_312' title='bbox 1567 798 1672 823; x_wconf 89' lang='lat' dir='ltr'>noster</span> <span class='ocrx_word' id='word_1_313' title='bbox 1697 795 1879 833; x_wconf 77' lang='lat' dir='ltr'>Philippus,</span> <span class='ocrx_word' id='word_1_314' title='bbox 1897 805 1949 824; x_wconf 79' lang='lat' dir='ltr'>rex</span> <span class='ocrx_word' id='word_1_315' title='bbox 1970 796 2165 826; x_wconf 84' lang='lat' dir='ltr'>Francorum</span> 
     </span>
     <span class='ocr_line' id='line_1_54' title="bbox 1167 844 2165 885; baseline 0.005 -12"><span class='ocrx_word' id='word_1_316' title='bbox 1167 844 1311 879; x_wconf 80' lang='lat' dir='ltr'>illustris,</span> <span class='ocrx_word' id='word_1_317' title='bbox 1330 851 1460 883; x_wconf 84' lang='lat' dir='ltr'>paterna</span> <span class='ocrx_word' id='word_1_318' title='bbox 1476 846 1609 884; x_wconf 88' lang='lat' dir='ltr'>vestigia</span> <span class='ocrx_word' id='word_1_319' title='bbox 1628 847 1830 877; x_wconf 80' lang='lat' dir='ltr'>laudabiliter</span> <span class='ocrx_word' id='word_1_320' title='bbox 1845 848 1988 885; x_wconf 80' lang='lat' dir='ltr'>imitans,</span> <span class='ocrx_word' id='word_1_321' title='bbox 2008 849 2165 879; x_wconf 76' lang='lat' dir='ltr'>ferventer</span> 
     </span>
     <span class='ocr_line' id='line_1_55' title="bbox 1165 890 2164 938; baseline 0.005 -12"><span class='ocrx_word' id='word_1_322' title='bbox 1165 890 1374 935; x_wconf 87' lang='lat' dir='ltr'>assumpsisse</span> <span class='ocrx_word' id='word_1_323' title='bbox 1390 899 1573 933; x_wconf 82' lang='lat' dir='ltr'>dinoscitur,</span> <span class='ocrx_word' id='word_1_324' title='bbox 1589 899 1679 935; x_wconf 90' lang='lat' dir='ltr'>illud,</span> <span class='ocrx_word' id='word_1_325' title='bbox 1698 904 1800 929; x_wconf 90' lang='lat' dir='ltr'>actore</span> <span class='ocrx_word' id='word_1_326' title='bbox 1819 900 1964 934; x_wconf 67' lang='lat' dir='ltr'>Domino,</span> <span class='ocrx_word' id='word_1_327' title='bbox 1982 905 2164 938; x_wconf 79' lang='lat' dir='ltr'>prosecutu-</span> 
     </span>
     <span class='ocr_line' id='line_1_56' title="bbox 1166 951 2165 990; baseline 0.004 -12"><span class='ocrx_word' id='word_1_328' title='bbox 1166 959 1220 979; x_wconf 87' lang='lat' dir='ltr'>rus</span> <span class='ocrx_word' id='word_1_329' title='bbox 1238 951 1371 979; x_wconf 88' lang='lat' dir='ltr'>viriliter</span> <span class='ocrx_word' id='word_1_330' title='bbox 1390 955 1418 980; x_wconf 92' lang='lat' dir='ltr'>et</span> <span class='ocrx_word' id='word_1_331' title='bbox 1436 955 1588 989; x_wconf 88' lang='lat' dir='ltr'>potenter,</span> <span class='ocrx_word' id='word_1_332' title='bbox 1610 953 1750 980; x_wconf 87' lang='lat' dir='ltr'>votivum</span> <span class='ocrx_word' id='word_1_333' title='bbox 1767 952 1915 981; x_wconf 84' lang='lat' dir='ltr'>sortiatur</span> <span class='ocrx_word' id='word_1_334' title='bbox 1935 953 2092 990; x_wconf 75' lang='lat' dir='ltr'>effectum,</span> <span class='ocrx_word' id='word_1_335' title='bbox 2110 953 2165 982; x_wconf 90' lang='lat' dir='ltr'>de-</span> 
     </span>
     <span class='ocr_line' id='line_1_57' title="bbox 1165 1003 2164 1042; baseline 0.004 -11"><span class='ocrx_word' id='word_1_336' title='bbox 1165 1003 1281 1032; x_wconf 86' lang='lat' dir='ltr'>cimam</span> <span class='ocrx_word' id='word_1_337' title='bbox 1297 1004 1442 1033; x_wconf 87' lang='lat' dir='ltr'>omnium</span> <span class='ocrx_word' id='word_1_338' title='bbox 1456 1004 1740 1034; x_wconf 82' lang='lat' dir='ltr'>ecclesiasticorum</span> <span class='ocrx_word' id='word_1_339' title='bbox 1759 1010 1972 1042; x_wconf 85' lang='lat' dir='ltr'>proventuum</span> <span class='ocrx_word' id='word_1_340' title='bbox 1990 1006 2079 1042; x_wconf 83' lang='lat' dir='ltr'>regni</span> <span class='ocrx_word' id='word_1_341' title='bbox 2098 1006 2164 1041; x_wconf 89' lang='lat' dir='ltr'>sui,</span> 
     </span>
     <span class='ocr_line' id='line_1_58' title="bbox 1166 1056 2167 1095; baseline 0.001 -9"><span class='ocrx_word' id='word_1_342' title='bbox 1166 1056 1251 1086; x_wconf 86' lang='lat' dir='ltr'>acin</span> <span class='ocrx_word' id='word_1_343' title='bbox 1271 1056 1494 1093; x_wconf 80' lang='lat' dir='ltr'>Lugdunensi,</span> <span class='ocrx_word' id='word_1_344' title='bbox 1511 1057 1691 1086; x_wconf 85' lang='lat' dir='ltr'>Viennensi</span> <span class='ocrx_word' id='word_1_345' title='bbox 1708 1061 1737 1086; x_wconf 87' lang='lat' dir='ltr'>et</span> <span class='ocrx_word' id='word_1_346' title='bbox 1757 1057 1927 1086; x_wconf 81' lang='lat' dir='ltr'>Bisuntiua</span> <span class='ocrx_word' id='word_1_347' title='bbox 1944 1058 2120 1095; x_wconf 81' lang='lat' dir='ltr'>provintiis,</span> <span class='ocrx_word' id='word_1_348' title='bbox 2138 1061 2167 1087; x_wconf 86' lang='lat' dir='ltr'>et</span> 
     </span>
     <span class='ocr_line' id='line_1_59' title="bbox 1167 1110 2167 1146; baseline 0.002 -8"><span class='ocrx_word' id='word_1_349' title='bbox 1167 1111 1201 1139; x_wconf 91' lang='lat' dir='ltr'>in</span> <span class='ocrx_word' id='word_1_350' title='bbox 1219 1110 1453 1146; x_wconf 86' lang='lat' dir='ltr'>Cameracensi,</span> <span class='ocrx_word' id='word_1_351' title='bbox 1471 1110 1650 1144; x_wconf 86' lang='lat' dir='ltr'>Leodiensi‚</span> <span class='ocrx_word' id='word_1_352' title='bbox 1669 1110 1814 1145; x_wconf 84' lang='lat' dir='ltr'>Metensi,</span> <span class='ocrx_word' id='word_1_353' title='bbox 1832 1110 2029 1139; x_wconf 87' lang='lat' dir='ltr'>Virdnnensi</span> <span class='ocrx_word' id='word_1_354' title='bbox 2045 1114 2074 1139; x_wconf 91' lang='lat' dir='ltr'>et</span> <span class='ocrx_word' id='word_1_355' title='bbox 2090 1110 2167 1140; x_wconf 90' lang='lat' dir='ltr'>Tul-</span> 
     </span>
     <span class='ocr_line' id='line_1_60' title="bbox 1167 1163 2168 1202; baseline 0.001 -9"><span class='ocrx_word' id='word_1_356' title='bbox 1167 1163 1249 1193; x_wconf 87' lang='lat' dir='ltr'>lensi</span> <span class='ocrx_word' id='word_1_357' title='bbox 1269 1164 1450 1193; x_wconf 85' lang='lat' dir='ltr'>civitatibus</span> <span class='ocrx_word' id='word_1_358' title='bbox 1471 1168 1500 1193; x_wconf 87' lang='lat' dir='ltr'>et</span> <span class='ocrx_word' id='word_1_359' title='bbox 1527 1164 1704 1193; x_wconf 89' lang='lat' dir='ltr'>diocesibus</span> <span class='ocrx_word' id='word_1_360' title='bbox 1719 1188 1725 1199; x_wconf 87' lang='lat'>,</span> <span class='ocrx_word' id='word_1_361' title='bbox 1744 1163 1825 1193; x_wconf 87' lang='lat' dir='ltr'>dicto</span> <span class='ocrx_word' id='word_1_362' title='bbox 1843 1164 1928 1201; x_wconf 87' lang='lat' dir='ltr'>regi,</span> <span class='ocrx_word' id='word_1_363' title='bbox 1948 1172 2002 1202; x_wconf 85' lang='lat' dir='ltr'>pro</span> <span class='ocrx_word' id='word_1_364' title='bbox 2025 1164 2168 1202; x_wconf 84' lang='lat' dir='ltr'>ejusdem</span> 
     </span>
     <span class='ocr_line' id='line_1_61' title="bbox 1168 1217 2167 1256; baseline -0.001 -9"><span class='ocrx_word' id='word_1_365' title='bbox 1168 1218 1385 1256; x_wconf 84' lang='lat' dir='ltr'>prosecutione</span> <span class='ocrx_word' id='word_1_366' title='bbox 1407 1217 1546 1254; x_wconf 84' lang='lat' dir='ltr'>negotii,</span> <span class='ocrx_word' id='word_1_367' title='bbox 1565 1226 1618 1255; x_wconf 89' lang='lat' dir='ltr'>per</span> <span class='ocrx_word' id='word_1_368' title='bbox 1633 1217 1710 1246; x_wconf 88' lang='lat' dir='ltr'>certi</span> <span class='ocrx_word' id='word_1_369' title='bbox 1735 1218 1884 1255; x_wconf 88' lang='lat' dir='ltr'>temporis</span> <span class='ocrx_word' id='word_1_370' title='bbox 1902 1217 2054 1255; x_wconf 88' lang='lat' dir='ltr'>spatium,</span> <span class='ocrx_word' id='word_1_371' title='bbox 2073 1218 2167 1247; x_wconf 82' lang='lat' dir='ltr'>duxi—</span> 
     </span>
     <span class='ocr_line' id='line_1_62' title="bbox 1167 1270 2168 1310; baseline 0.002 -11"><span class='ocrx_word' id='word_1_372' title='bbox 1167 1279 1239 1299; x_wconf 92' lang='lat' dir='ltr'>mus</span> <span class='ocrx_word' id='word_1_373' title='bbox 1261 1270 1518 1305; x_wconf 75' lang='lat' dir='ltr'>concedendam,</span> <span class='ocrx_word' id='word_1_374' title='bbox 1538 1275 1629 1308; x_wconf 88' lang='lat' dir='ltr'>prout</span> <span class='ocrx_word' id='word_1_375' title='bbox 1653 1271 1687 1299; x_wconf 91' lang='lat' dir='ltr'>in</span> <span class='ocrx_word' id='word_1_376' title='bbox 1716 1271 1828 1300; x_wconf 87' lang='lat' dir='ltr'>nostris</span> <span class='ocrx_word' id='word_1_377' title='bbox 1855 1270 1968 1300; x_wconf 86' lang='lat' dir='ltr'>litteris</span> <span class='ocrx_word' id='word_1_378' title='bbox 1995 1279 2088 1309; x_wconf 89' lang='lat' dir='ltr'>super</span> <span class='ocrx_word' id='word_1_379' title='bbox 2104 1271 2168 1310; x_wconf 51' lang='lat' dir='ltr'>,hoc</span> 
     </span>
     <span class='ocr_line' id='line_1_63' title="bbox 1168 1322 2168 1362; baseline 0 -9"><span class='ocrx_word' id='word_1_380' title='bbox 1168 1323 1319 1353; x_wconf 84' lang='lat' dir='ltr'>confectis</span> <span class='ocrx_word' id='word_1_381' title='bbox 1348 1322 1474 1361; x_wconf 88' lang='lat' dir='ltr'>plenius</span> <span class='ocrx_word' id='word_1_382' title='bbox 1508 1327 1537 1352; x_wconf 91' lang='lat' dir='ltr'>et</span> <span class='ocrx_word' id='word_1_383' title='bbox 1573 1323 1722 1353; x_wconf 85' lang='lat' dir='ltr'>seriosius</span> <span class='ocrx_word' id='word_1_384' title='bbox 1755 1324 1937 1352; x_wconf 80' lang='lat' dir='ltr'>continetur</span> <span class='ocrx_word' id='word_1_385' title='bbox 1952 1347 1958 1359; x_wconf 87' lang='lat'>,</span> <span class='ocrx_word' id='word_1_386' title='bbox 1991 1324 2080 1353; x_wconf 91' lang='lat' dir='ltr'>vobis</span> <span class='ocrx_word' id='word_1_387' title='bbox 2112 1333 2168 1362; x_wconf 90' lang='lat' dir='ltr'>per</span> 
     </span>
     <span class='ocr_line' id='line_1_64' title="bbox 1168 1375 2168 1415; baseline 0.001 -10"><span class='ocrx_word' id='word_1_388' title='bbox 1168 1376 1385 1406; x_wconf 68' lang='lat' dir='ltr'>aliasmostras</span> <span class='ocrx_word' id='word_1_389' title='bbox 1413 1376 1531 1405; x_wconf 84' lang='lat' dir='ltr'>litteras</span> <span class='ocrx_word' id='word_1_390' title='bbox 1560 1385 1653 1414; x_wconf 87' lang='lat' dir='ltr'>super</span> <span class='ocrx_word' id='word_1_391' title='bbox 1677 1375 1855 1413; x_wconf 80' lang='lat' dir='ltr'>colligenda</span> <span class='ocrx_word' id='word_1_392' title='bbox 1880 1377 2018 1415; x_wconf 85' lang='lat' dir='ltr'>predicta</span> <span class='ocrx_word' id='word_1_393' title='bbox 2045 1376 2168 1406; x_wconf 86' lang='lat' dir='ltr'>decima</span> 
     </span>
     <span class='ocr_line' id='line_1_65' title="bbox 1168 1429 2166 1466; baseline -0.001 -8"><span class='ocrx_word' id='word_1_394' title='bbox 1168 1429 1386 1458; x_wconf 78' lang='lat' dir='ltr'>executoribus</span> <span class='ocrx_word' id='word_1_395' title='bbox 1411 1429 1575 1466; x_wconf 78' lang='lat' dir='ltr'>deputatis.</span> <span class='ocrx_word' id='word_1_396' title='bbox 1602 1429 1721 1458; x_wconf 89' lang='lat' dir='ltr'>Verum</span> <span class='ocrx_word' id='word_1_397' title='bbox 1744 1438 1845 1466; x_wconf 81' lang='lat' dir='ltr'>nuper</span> <span class='ocrx_word' id='word_1_398' title='bbox 1866 1429 2021 1459; x_wconf 87' lang='lat' dir='ltr'>mirantes</span> <span class='ocrx_word' id='word_1_399' title='bbox 2040 1429 2166 1459; x_wconf 56' lang='lat' dir='ltr'>audiun-</span> 
     </span>
     <span class='ocr_line' id='line_1_66' title="bbox 1168 1482 2165 1521; baseline -0.001 -9"><span class='ocrx_word' id='word_1_400' title='bbox 1168 1492 1238 1512; x_wconf 89' lang='lat' dir='ltr'>mus</span> <span class='ocrx_word' id='word_1_401' title='bbox 1261 1483 1343 1521; x_wconf 88' lang='lat' dir='ltr'>qnod</span> <span class='ocrx_word' id='word_1_402' title='bbox 1368 1482 1566 1512; x_wconf 90' lang='lat' dir='ltr'>venerabiles</span> <span class='ocrx_word' id='word_1_403' title='bbox 1587 1482 1697 1511; x_wconf 80' lang='lat' dir='ltr'>fratres</span> <span class='ocrx_word' id='word_1_404' title='bbox 1716 1483 1814 1512; x_wconf 80' lang='lat' dir='ltr'>nostri</span> <span class='ocrx_word' id='word_1_405' title='bbox 1833 1505 1853 1511; x_wconf 90' lang='lat'>..</span> <span class='ocrx_word' id='word_1_406' title='bbox 1875 1483 2070 1512; x_wconf 89' lang='lat' dir='ltr'>Viennensis</span> <span class='ocrx_word' id='word_1_407' title='bbox 2094 1487 2124 1512; x_wconf 89' lang='lat' dir='ltr'>et</span> <span class='ocrx_word' id='word_1_408' title='bbox 2144 1505 2165 1513; x_wconf 89' lang='lat'>..</span> 
     </span>
     <span class='ocr_line' id='line_1_67' title="bbox 1168 1535 2167 1573; baseline -0.001 -8"><span class='ocrx_word' id='word_1_409' title='bbox 1168 1536 1359 1565; x_wconf 90' lang='lat' dir='ltr'>Bisuntinns</span> <span class='ocrx_word' id='word_1_410' title='bbox 1371 1535 1610 1573; x_wconf 83' lang='lat' dir='ltr'>archiepiscopi,</span> <span class='ocrx_word' id='word_1_411' title='bbox 1628 1544 1663 1564; x_wconf 87' lang='lat' dir='ltr'>ac</span> <span class='ocrx_word' id='word_1_412' title='bbox 1680 1558 1700 1564; x_wconf 87' lang='lat'>..</span> <span class='ocrx_word' id='word_1_413' title='bbox 1718 1535 1958 1564; x_wconf 84' lang='lat' dir='ltr'>Cameracensis</span> <span class='ocrx_word' id='word_1_414' title='bbox 1975 1558 1995 1564; x_wconf 89' lang='lat'>..</span> <span class='ocrx_word' id='word_1_415' title='bbox 2015 1535 2167 1565; x_wconf 86' lang='lat' dir='ltr'>Leodien—</span> 
     </span>
     <span class='ocr_line' id='line_1_68' title="bbox 1166 1588 2165 1626; baseline -0.001 -8"><span class='ocrx_word' id='word_1_416' title='bbox 1166 1590 1208 1618; x_wconf 89' lang='lat' dir='ltr'>sis</span> <span class='ocrx_word' id='word_1_417' title='bbox 1226 1612 1246 1618; x_wconf 85' lang='lat'>..</span> <span class='ocrx_word' id='word_1_418' title='bbox 1267 1589 1418 1618; x_wconf 89' lang='lat' dir='ltr'>Metensis</span> <span class='ocrx_word' id='word_1_419' title='bbox 1433 1593 1463 1618; x_wconf 87' lang='lat' dir='ltr'>et</span> <span class='ocrx_word' id='word_1_420' title='bbox 1479 1610 1499 1618; x_wconf 90' lang='lat'>..</span> <span class='ocrx_word' id='word_1_421' title='bbox 1520 1588 1679 1617; x_wconf 90' lang='lat' dir='ltr'>Tullensis</span> <span class='ocrx_word' id='word_1_422' title='bbox 1700 1588 1852 1626; x_wconf 87' lang='lat' dir='ltr'>episcopi,</span> <span class='ocrx_word' id='word_1_423' title='bbox 1872 1592 1902 1617; x_wconf 86' lang='lat' dir='ltr'>et</span> <span class='ocrx_word' id='word_1_424' title='bbox 1921 1588 2165 1625; x_wconf 80' lang='lat' dir='ltr'>Lugdunensis,</span> 
     </span>
     <span class='ocr_line' id='line_1_69' title="bbox 1168 1641 2165 1678; baseline -0.003 -5"><span class='ocrx_word' id='word_1_425' title='bbox 1168 1643 1379 1678; x_wconf 83' lang='lat' dir='ltr'>Viennensis,</span> <span class='ocrx_word' id='word_1_426' title='bbox 1398 1642 1583 1678; x_wconf 83' lang='lat' dir='ltr'>Bisuntine,</span> <span class='ocrx_word' id='word_1_427' title='bbox 1600 1641 1839 1671; x_wconf 85' lang='lat' dir='ltr'>Cameracensis</span> <span class='ocrx_word' id='word_1_428' title='bbox 1854 1665 1860 1677; x_wconf 72' lang='lat'>,</span> <span class='ocrx_word' id='word_1_429' title='bbox 1880 1641 2080 1678; x_wconf 84' lang='lat' dir='ltr'>Leodiensis,</span> <span class='ocrx_word' id='word_1_430' title='bbox 2097 1641 2165 1670; x_wconf 93' lang='lat' dir='ltr'>Me-</span> 
     </span>
     <span class='ocr_line' id='line_1_70' title="bbox 1166 1694 2164 1733; baseline -0.003 -7"><span class='ocrx_word' id='word_1_431' title='bbox 1166 1697 1283 1733; x_wconf 81' lang='lat' dir='ltr'>tensis,</span> <span class='ocrx_word' id='word_1_432' title='bbox 1304 1696 1516 1726; x_wconf 87' lang='lat' dir='ltr'>Virdunensis</span> <span class='ocrx_word' id='word_1_433' title='bbox 1540 1699 1569 1725; x_wconf 89' lang='lat' dir='ltr'>et</span> <span class='ocrx_word' id='word_1_434' title='bbox 1592 1695 1752 1724; x_wconf 89' lang='lat' dir='ltr'>Tullensis</span> <span class='ocrx_word' id='word_1_435' title='bbox 1776 1694 1981 1725; x_wconf 85' lang='lat' dir='ltr'>ecclesiarum</span> <span class='ocrx_word' id='word_1_436' title='bbox 2007 1694 2164 1732; x_wconf 88' lang='lat' dir='ltr'>capitula,</span> 
     </span>
     <span class='ocr_line' id='line_1_71' title="bbox 1165 1747 2166 1788; baseline -0.004 -9"><span class='ocrx_word' id='word_1_437' title='bbox 1165 1750 1268 1780; x_wconf 89' lang='lat' dir='ltr'>clerus</span> <span class='ocrx_word' id='word_1_438' title='bbox 1285 1758 1409 1788; x_wconf 85' lang='lat' dir='ltr'>qnoque</span> <span class='ocrx_word' id='word_1_439' title='bbox 1427 1748 1662 1786; x_wconf 75' lang='lat' dir='ltr'>Lugdunensis,</span> <span class='ocrx_word' id='word_1_440' title='bbox 1683 1748 1887 1783; x_wconf 88' lang='lat' dir='ltr'>Viennensis,</span> <span class='ocrx_word' id='word_1_441' title='bbox 1907 1748 2087 1784; x_wconf 63' lang='lat' dir='ltr'>BisunMne,</span> <span class='ocrx_word' id='word_1_442' title='bbox 2105 1747 2166 1776; x_wconf 83' lang='lat' dir='ltr'>Ca-</span> 
     </span>
     <span class='ocr_line' id='line_1_72' title="bbox 1165 1800 2166 1837; baseline -0.003 -5"><span class='ocrx_word' id='word_1_443' title='bbox 1165 1802 1370 1837; x_wconf 73' lang='lat' dir='ltr'>meracensis,</span> <span class='ocrx_word' id='word_1_444' title='bbox 1392 1802 1589 1837; x_wconf 86' lang='lat' dir='ltr'>Leodiensis,</span> <span class='ocrx_word' id='word_1_445' title='bbox 1613 1801 1776 1837; x_wconf 71' lang='lat' dir='ltr'>MetensiS,</span> <span class='ocrx_word' id='word_1_446' title='bbox 1802 1801 2014 1830; x_wconf 86' lang='lat' dir='ltr'>Virdunensis</span> <span class='ocrx_word' id='word_1_447' title='bbox 2037 1805 2066 1829; x_wconf 88' lang='lat' dir='ltr'>et</span> <span class='ocrx_word' id='word_1_448' title='bbox 2088 1800 2166 1830; x_wconf 90' lang='lat' dir='ltr'>Tul-</span> 
     </span>
     <span class='ocr_line' id='line_1_73' title="bbox 1166 1854 2167 1893; baseline -0.002 -9"><span class='ocrx_word' id='word_1_449' title='bbox 1166 1856 1265 1885; x_wconf 85' lang='lat' dir='ltr'>lensis</span> <span class='ocrx_word' id='word_1_450' title='bbox 1297 1856 1464 1885; x_wconf 82' lang='lat' dir='ltr'>civitatum</span> <span class='ocrx_word' id='word_1_451' title='bbox 1499 1860 1529 1884; x_wconf 90' lang='lat' dir='ltr'>et</span> <span class='ocrx_word' id='word_1_452' title='bbox 1560 1855 1736 1884; x_wconf 89' lang='lat' dir='ltr'>diocesium</span> <span class='ocrx_word' id='word_1_453' title='bbox 1773 1854 1985 1893; x_wconf 86' lang='lat' dir='ltr'>predictarum</span> <span class='ocrx_word' id='word_1_454' title='bbox 1999 1876 2006 1888; x_wconf 84' lang='lat'>‚</span> <span class='ocrx_word' id='word_1_455' title='bbox 2043 1861 2167 1883; x_wconf 89' lang='lat' dir='ltr'>necnon</span> 
     </span>
     <span class='ocr_line' id='line_1_74' title="bbox 1165 1906 2167 1946; baseline -0.002 -8"><span class='ocrx_word' id='word_1_456' title='bbox 1165 1909 1351 1938; x_wconf 87' lang='lat' dir='ltr'>earumdem</span> <span class='ocrx_word' id='word_1_457' title='bbox 1390 1908 1616 1946; x_wconf 85' lang='lat' dir='ltr'>Lugdunensis</span> <span class='ocrx_word' id='word_1_458' title='bbox 1650 1912 1680 1937; x_wconf 88' lang='lat' dir='ltr'>et</span> <span class='ocrx_word' id='word_1_459' title='bbox 1716 1907 1927 1936; x_wconf 85' lang='lat' dir='ltr'>Virdunensis</span> <span class='ocrx_word' id='word_1_460' title='bbox 1961 1906 2167 1936; x_wconf 83' lang='lat' dir='ltr'>ecclesiarum</span> 
     </span>
     <span class='ocr_line' id='line_1_75' title="bbox 1166 1960 2167 2000; baseline -0.003 -9"><span class='ocrx_word' id='word_1_461' title='bbox 1166 1967 1395 2000; x_wconf 74' lang='lat' dir='ltr'>procuratores,</span> <span class='ocrx_word' id='word_1_462' title='bbox 1416 1971 1479 1992; x_wconf 91' lang='lat' dir='ltr'>non</span> <span class='ocrx_word' id='word_1_463' title='bbox 1497 1961 1695 1991; x_wconf 79' lang='lat' dir='ltr'>attendentes</span> <span class='ocrx_word' id='word_1_464' title='bbox 1711 1961 1793 2000; x_wconf 85' lang='lat' dir='ltr'>quod</span> <span class='ocrx_word' id='word_1_465' title='bbox 1809 1961 1984 1998; x_wconf 84' lang='lat' dir='ltr'>predictum</span> <span class='ocrx_word' id='word_1_466' title='bbox 2005 1960 2167 1997; x_wconf 87' lang='lat' dir='ltr'>negotium</span> 
     </span>
     <span class='ocr_line' id='line_1_76' title="bbox 1165 2013 2165 2054; baseline -0.003 -9"><span class='ocrx_word' id='word_1_467' title='bbox 1165 2021 1232 2051; x_wconf 82' lang='lat' dir='ltr'>est,</span> <span class='ocrx_word' id='word_1_468' title='bbox 1257 2021 1290 2045; x_wconf 91' lang='lat' dir='ltr'>ut</span> <span class='ocrx_word' id='word_1_469' title='bbox 1307 2015 1497 2054; x_wconf 74' lang='lat' dir='ltr'>predicitur,</span> <span class='ocrx_word' id='word_1_470' title='bbox 1523 2015 1652 2053; x_wconf 87' lang='lat' dir='ltr'>spetiale</span> <span class='ocrx_word' id='word_1_471' title='bbox 1674 2023 1804 2045; x_wconf 85' lang='lat' dir='ltr'>romane</span> <span class='ocrx_word' id='word_1_472' title='bbox 1822 2013 1952 2043; x_wconf 81' lang='lat' dir='ltr'>ecclesie</span> <span class='ocrx_word' id='word_1_473' title='bbox 1971 2013 2165 2051; x_wconf 85' lang='lat' dir='ltr'>supradicte,</span> 
     </span>
     <span class='ocr_line' id='line_1_77' title="bbox 1166 2065 2165 2108; baseline -0.004 -10"><span class='ocrx_word' id='word_1_474' title='bbox 1166 2069 1350 2108; x_wconf 85' lang='lat' dir='ltr'>hujusmodi</span> <span class='ocrx_word' id='word_1_475' title='bbox 1376 2069 1533 2098; x_wconf 85' lang='lat' dir='ltr'>decimam</span> <span class='ocrx_word' id='word_1_476' title='bbox 1557 2076 1686 2097; x_wconf 88' lang='lat' dir='ltr'>suorum</span> <span class='ocrx_word' id='word_1_477' title='bbox 1714 2071 1925 2105; x_wconf 86' lang='lat' dir='ltr'>proventuum</span> <span class='ocrx_word' id='word_1_478' title='bbox 1950 2066 2053 2095; x_wconf 89' lang='lat' dir='ltr'>eidem</span> <span class='ocrx_word' id='word_1_479' title='bbox 2074 2065 2165 2103; x_wconf 86' lang='lat' dir='ltr'>regi,</span> 
     </span>
     <span class='ocr_line' id='line_1_78' title="bbox 1165 2118 2165 2162; baseline -0.005 -10"><span class='ocrx_word' id='word_1_480' title='bbox 1165 2122 1356 2162; x_wconf 82' lang='lat' dir='ltr'>quibusdam</span> <span class='ocrx_word' id='word_1_481' title='bbox 1380 2123 1483 2151; x_wconf 89' lang='lat' dir='ltr'>causis</span> <span class='ocrx_word' id='word_1_482' title='bbox 1507 2131 1560 2150; x_wconf 88' lang='lat' dir='ltr'>seu</span> <span class='ocrx_word' id='word_1_483' title='bbox 1582 2121 1799 2150; x_wconf 82' lang='lat' dir='ltr'>occasionibus</span> <span class='ocrx_word' id='word_1_484' title='bbox 1821 2119 1941 2149; x_wconf 85' lang='lat' dir='ltr'>frivolis</span> <span class='ocrx_word' id='word_1_485' title='bbox 1965 2118 2165 2154; x_wconf 86' lang='lat' dir='ltr'>adinventis,</span> 
     </span>
     <span class='ocr_line' id='line_1_79' title="bbox 1164 2173 2166 2213; baseline -0.004 -8"><span class='ocrx_word' id='word_1_486' title='bbox 1164 2176 1306 2206; x_wconf 84' lang='lat' dir='ltr'>indebite</span> <span class='ocrx_word' id='word_1_487' title='bbox 1321 2175 1480 2213; x_wconf 87' lang='lat' dir='ltr'>denegant</span> <span class='ocrx_word' id='word_1_488' title='bbox 1498 2175 1658 2209; x_wconf 79' lang='lat' dir='ltr'>exhibere,</span> <span class='ocrx_word' id='word_1_489' title='bbox 1675 2175 1713 2203; x_wconf 86' lang='lat' dir='ltr'>ad</span> <span class='ocrx_word' id='word_1_490' title='bbox 1729 2173 1934 2212; x_wconf 88' lang='lat' dir='ltr'>apostolicam</span> <span class='ocrx_word' id='word_1_491' title='bbox 1950 2173 2057 2202; x_wconf 88' lang='lat' dir='ltr'>sedem</span> <span class='ocrx_word' id='word_1_492' title='bbox 2073 2181 2166 2211; x_wconf 86' lang='lat' dir='ltr'>prop-</span> 
     </span>
     <span class='ocr_line' id='line_1_80' title="bbox 1165 2227 2166 2266; baseline -0.004 -7"><span class='ocrx_word' id='word_1_493' title='bbox 1165 2234 1211 2259; x_wconf 86' lang='lat' dir='ltr'>ter</span> <span class='ocrx_word' id='word_1_494' title='bbox 1227 2229 1302 2264; x_wconf 87' lang='lat' dir='ltr'>hoc,</span> <span class='ocrx_word' id='word_1_495' title='bbox 1321 2233 1354 2258; x_wconf 90' lang='lat' dir='ltr'>ut</span> <span class='ocrx_word' id='word_1_496' title='bbox 1370 2229 1504 2263; x_wconf 71' lang='lat' dir='ltr'>dicitur,</span> <span class='ocrx_word' id='word_1_497' title='bbox 1523 2227 1721 2266; x_wconf 86' lang='lat' dir='ltr'>appellando.</span> <span class='ocrx_word' id='word_1_498' title='bbox 1745 2227 1825 2256; x_wconf 89' lang='lat' dir='ltr'>Cum</span> <span class='ocrx_word' id='word_1_499' title='bbox 1842 2227 1949 2264; x_wconf 86' lang='lat' dir='ltr'>itaque</span> <span class='ocrx_word' id='word_1_500' title='bbox 1977 2230 2080 2255; x_wconf 91' lang='lat' dir='ltr'>nostre</span> <span class='ocrx_word' id='word_1_501' title='bbox 2097 2234 2166 2255; x_wconf 90' lang='lat' dir='ltr'>om-</span> 
     </span>
     <span class='ocr_line' id='line_1_81' title="bbox 1165 2278 2166 2319; baseline -0.005 -7"><span class='ocrx_word' id='word_1_502' title='bbox 1165 2283 1242 2312; x_wconf 90' lang='lat' dir='ltr'>nino</span> <span class='ocrx_word' id='word_1_503' title='bbox 1254 2281 1443 2312; x_wconf 87' lang='lat' dir='ltr'>intentionis</span> <span class='ocrx_word' id='word_1_504' title='bbox 1457 2281 1569 2311; x_wconf 80' lang='lat' dir='ltr'>existat</span> <span class='ocrx_word' id='word_1_505' title='bbox 1584 2286 1616 2310; x_wconf 90' lang='lat' dir='ltr'>ut</span> <span class='ocrx_word' id='word_1_506' title='bbox 1632 2281 1750 2319; x_wconf 79' lang='lat' dir='ltr'>prefato</span> <span class='ocrx_word' id='word_1_507' title='bbox 1764 2280 1941 2318; x_wconf 77' lang='lat' dir='ltr'>regi‚juxta</span> <span class='ocrx_word' id='word_1_508' title='bbox 1954 2278 2166 2309; x_wconf 88' lang='lat' dir='ltr'>concessionis</span> 
     </span>
     <span class='ocr_line' id='line_1_82' title="bbox 1164 2331 2164 2373; baseline -0.005 -8"><span class='ocrx_word' id='word_1_509' title='bbox 1164 2341 1271 2366; x_wconf 88' lang='lat' dir='ltr'>nostre</span> <span class='ocrx_word' id='word_1_510' title='bbox 1298 2340 1458 2371; x_wconf 90' lang='lat' dir='ltr'>tenorem,</span> <span class='ocrx_word' id='word_1_511' title='bbox 1483 2334 1622 2373; x_wconf 87' lang='lat' dir='ltr'>predicta</span> <span class='ocrx_word' id='word_1_512' title='bbox 1646 2333 1770 2363; x_wconf 87' lang='lat' dir='ltr'>decima</span> <span class='ocrx_word' id='word_1_513' title='bbox 1796 2333 1921 2370; x_wconf 86' lang='lat' dir='ltr'>integre</span> <span class='ocrx_word' id='word_1_514' title='bbox 1950 2331 2164 2371; x_wconf 85' lang='lat' dir='ltr'>persolvatur,</span> 
     </span>
     <span class='ocr_line' id='line_1_83' title="bbox 1165 2386 2164 2426; baseline -0.006 -7"><span class='ocrx_word' id='word_1_515' title='bbox 1165 2389 1354 2420; x_wconf 85' lang='lat' dir='ltr'>fraternitati</span> <span class='ocrx_word' id='word_1_516' title='bbox 1370 2392 1471 2418; x_wconf 88' lang='lat' dir='ltr'>vestre</span> <span class='ocrx_word' id='word_1_517' title='bbox 1490 2397 1543 2426; x_wconf 91' lang='lat' dir='ltr'>per</span> <span class='ocrx_word' id='word_1_518' title='bbox 1560 2387 1730 2425; x_wconf 87' lang='lat' dir='ltr'>apostolica</span> <span class='ocrx_word' id='word_1_519' title='bbox 1746 2386 1860 2424; x_wconf 88' lang='lat' dir='ltr'>scripta</span> <span class='ocrx_word' id='word_1_520' title='bbox 1876 2386 2065 2415; x_wconf 87' lang='lat' dir='ltr'>mandamus</span> <span class='ocrx_word' id='word_1_521' title='bbox 2083 2392 2164 2422; x_wconf 84' lang='lat' dir='ltr'>qua-</span> 
     </span>
     <span class='ocr_line' id='line_1_84' title="bbox 1166 2437 2164 2479; baseline -0.007 -7"><span class='ocrx_word' id='word_1_522' title='bbox 1166 2448 1257 2473; x_wconf 88' lang='lat' dir='ltr'>tenus</span> <span class='ocrx_word' id='word_1_523' title='bbox 1280 2451 1351 2479; x_wconf 86' lang='lat' dir='ltr'>vos,</span> <span class='ocrx_word' id='word_1_524' title='bbox 1369 2441 1418 2471; x_wconf 88' lang='lat' dir='ltr'>vel</span> <span class='ocrx_word' id='word_1_525' title='bbox 1433 2441 1511 2470; x_wconf 84' lang='lat' dir='ltr'>alter</span> <span class='ocrx_word' id='word_1_526' title='bbox 1527 2444 1684 2475; x_wconf 89' lang='lat' dir='ltr'>vestrum,</span> <span class='ocrx_word' id='word_1_527' title='bbox 1703 2448 1757 2478; x_wconf 92' lang='lat' dir='ltr'>per</span> <span class='ocrx_word' id='word_1_528' title='bbox 1773 2447 1828 2468; x_wconf 89' lang='lat' dir='ltr'>vos</span> <span class='ocrx_word' id='word_1_529' title='bbox 1853 2438 1901 2467; x_wconf 88' lang='lat' dir='ltr'>vel</span> <span class='ocrx_word' id='word_1_530' title='bbox 1918 2447 1974 2477; x_wconf 89' lang='lat' dir='ltr'>per</span> <span class='ocrx_word' id='word_1_531' title='bbox 1989 2437 2089 2467; x_wconf 89' lang='lat' dir='ltr'>alium</span> <span class='ocrx_word' id='word_1_532' title='bbox 2106 2445 2164 2466; x_wconf 89' lang='lat' dir='ltr'>seu</span> 
     </span>
     <span class='ocr_line' id='line_1_85' title="bbox 1165 2490 2165 2532; baseline -0.008 -6"><span class='ocrx_word' id='word_1_533' title='bbox 1165 2497 1260 2531; x_wconf 82' lang='lat' dir='ltr'>alios,</span> <span class='ocrx_word' id='word_1_534' title='bbox 1280 2495 1545 2532; x_wconf 71' lang='lat' dir='ltr'>archiepiscopos,</span> <span class='ocrx_word' id='word_1_535' title='bbox 1565 2493 1742 2531; x_wconf 85' lang='lat' dir='ltr'>episcopos,</span> <span class='ocrx_word' id='word_1_536' title='bbox 1760 2491 1897 2530; x_wconf 89' lang='lat' dir='ltr'>capitula</span> <span class='ocrx_word' id='word_1_537' title='bbox 1913 2495 1942 2520; x_wconf 91' lang='lat' dir='ltr'>et</span> <span class='ocrx_word' id='word_1_538' title='bbox 1957 2490 2078 2520; x_wconf 89' lang='lat' dir='ltr'>clerum</span> <span class='ocrx_word' id='word_1_539' title='bbox 2094 2497 2165 2527; x_wconf 89' lang='lat' dir='ltr'>pre-</span> 
     </span>
     <span class='ocr_line' id='line_1_86' title="bbox 1166 2542 2165 2585; baseline -0.009 -5"><span class='ocrx_word' id='word_1_540' title='bbox 1166 2551 1258 2585; x_wconf 84' lang='lat' dir='ltr'>dicta,</span> <span class='ocrx_word' id='word_1_541' title='bbox 1277 2557 1401 2578; x_wconf 88' lang='lat' dir='ltr'>necnon</span> <span class='ocrx_word' id='word_1_542' title='bbox 1422 2546 1637 2577; x_wconf 89' lang='lat' dir='ltr'>venerabilem</span> <span class='ocrx_word' id='word_1_543' title='bbox 1657 2546 1785 2575; x_wconf 85' lang='lat' dir='ltr'>fratrem</span> <span class='ocrx_word' id='word_1_544' title='bbox 1802 2549 1946 2574; x_wconf 89' lang='lat' dir='ltr'>nostrum</span> <span class='ocrx_word' id='word_1_545' title='bbox 1961 2567 1979 2573; x_wconf 83' lang='lat'>..</span> <span class='ocrx_word' id='word_1_546' title='bbox 1993 2542 2165 2581; x_wconf 88' lang='lat' dir='ltr'>archiepis-</span> 
     </span>
     <span class='ocr_line' id='line_1_87' title="bbox 1166 2595 2165 2642; baseline -0.009 -9"><span class='ocrx_word' id='word_1_547' title='bbox 1166 2612 1276 2642; x_wconf 85' lang='lat' dir='ltr'>copum</span> <span class='ocrx_word' id='word_1_548' title='bbox 1298 2601 1546 2639; x_wconf 87' lang='lat' dir='ltr'>Lugdunensem</span> <span class='ocrx_word' id='word_1_549' title='bbox 1565 2604 1594 2629; x_wconf 90' lang='lat' dir='ltr'>et</span> <span class='ocrx_word' id='word_1_550' title='bbox 1609 2599 1761 2628; x_wconf 89' lang='lat' dir='ltr'>dilectum</span> <span class='ocrx_word' id='word_1_551' title='bbox 1777 2598 1881 2628; x_wconf 87' lang='lat' dir='ltr'>filium</span> <span class='ocrx_word' id='word_1_552' title='bbox 1897 2620 1918 2627; x_wconf 93' lang='lat'>..</span> <span class='ocrx_word' id='word_1_553' title='bbox 1938 2596 2074 2626; x_wconf 90' lang='lat' dir='ltr'>electum</span> <span class='ocrx_word' id='word_1_554' title='bbox 2091 2595 2165 2625; x_wconf 91' lang='lat' dir='ltr'>Vir-</span> 
     </span>
     <span class='ocr_line' id='line_1_88' title="bbox 1166 2648 2165 2690; baseline -0.009 -4"><span class='ocrx_word' id='word_1_555' title='bbox 1166 2658 1359 2690; x_wconf 82' lang='lat' dir='ltr'>dunensem,</span> <span class='ocrx_word' id='word_1_556' title='bbox 1378 2653 1427 2683; x_wconf 90' lang='lat' dir='ltr'>vel</span> <span class='ocrx_word' id='word_1_557' title='bbox 1443 2653 1628 2683; x_wconf 89' lang='lat' dir='ltr'>eorumdem</span> <span class='ocrx_word' id='word_1_558' title='bbox 1648 2651 1878 2689; x_wconf 89' lang='lat' dir='ltr'>archiepiscopi</span> <span class='ocrx_word' id='word_1_559' title='bbox 1896 2648 2119 2685; x_wconf 84' lang='lat' dir='ltr'>Lugdunensis</span> <span class='ocrx_word' id='word_1_560' title='bbox 2135 2651 2165 2677; x_wconf 89' lang='lat' dir='ltr'>et</span> 
     </span>
     <span class='ocr_line' id='line_1_89' title="bbox 1167 2701 2164 2744; baseline -0.01 -5"><span class='ocrx_word' id='word_1_561' title='bbox 1167 2709 1257 2739; x_wconf 90' lang='lat' dir='ltr'>electi</span> <span class='ocrx_word' id='word_1_562' title='bbox 1276 2707 1408 2737; x_wconf 88' lang='lat' dir='ltr'>vicarios</span> <span class='ocrx_word' id='word_1_563' title='bbox 1421 2729 1428 2742; x_wconf 87' lang='lat'>,</span> <span class='ocrx_word' id='word_1_564' title='bbox 1456 2705 1540 2744; x_wconf 88' lang='lat' dir='ltr'>quod</span> <span class='ocrx_word' id='word_1_565' title='bbox 1557 2705 1714 2734; x_wconf 86' lang='lat' dir='ltr'>decimam</span> <span class='ocrx_word' id='word_1_566' title='bbox 1731 2711 1861 2733; x_wconf 87' lang='lat' dir='ltr'>suorum</span> <span class='ocrx_word' id='word_1_567' title='bbox 1879 2701 2164 2731; x_wconf 84' lang='lat' dir='ltr'>ecclesiasticorum</span> 
     </span>
     <span class='ocr_line' id='line_1_90' title="bbox 1166 2753 2164 2801; baseline -0.009 -10"><span class='ocrx_word' id='word_1_568' title='bbox 1166 2766 1377 2801; x_wconf 85' lang='lat' dir='ltr'>proventuum</span> <span class='ocrx_word' id='word_1_569' title='bbox 1394 2759 1496 2788; x_wconf 89' lang='lat' dir='ltr'>eidem</span> <span class='ocrx_word' id='word_1_570' title='bbox 1513 2758 1591 2795; x_wconf 90' lang='lat' dir='ltr'>regi,</span> <span class='ocrx_word' id='word_1_571' title='bbox 1605 2757 1654 2786; x_wconf 91' lang='lat' dir='ltr'>vel</span> <span class='ocrx_word' id='word_1_572' title='bbox 1671 2756 1863 2795; x_wconf 82' lang='lat' dir='ltr'>procuratori</span> <span class='ocrx_word' id='word_1_573' title='bbox 1879 2764 1933 2784; x_wconf 88' lang='lat' dir='ltr'>seu</span> <span class='ocrx_word' id='word_1_574' title='bbox 1950 2753 2164 2793; x_wconf 89' lang='lat' dir='ltr'>procuratori-</span> 
     </span>
     <span class='ocr_line' id='line_1_91' title="bbox 1166 2806 2165 2851; baseline -0.009 -6"><span class='ocrx_word' id='word_1_575' title='bbox 1166 2817 1224 2846; x_wconf 88' lang='lat' dir='ltr'>bus</span> <span class='ocrx_word' id='word_1_576' title='bbox 1248 2815 1313 2843; x_wconf 85' lang='lat' dir='ltr'>suis</span> <span class='ocrx_word' id='word_1_577' title='bbox 1333 2822 1387 2851; x_wconf 88' lang='lat' dir='ltr'>pro</span> <span class='ocrx_word' id='word_1_578' title='bbox 1406 2821 1457 2848; x_wconf 84' lang='lat' dir='ltr'>eo,</span> <span class='ocrx_word' id='word_1_579' title='bbox 1478 2820 1551 2841; x_wconf 87' lang='lat' dir='ltr'>cum</span> <span class='ocrx_word' id='word_1_580' title='bbox 1568 2810 1749 2847; x_wconf 78' lang='lat' dir='ltr'>integritate</span> <span class='ocrx_word' id='word_1_581' title='bbox 1767 2808 1963 2847; x_wconf 87' lang='lat' dir='ltr'>persolvant,</span> <span class='ocrx_word' id='word_1_582' title='bbox 1987 2806 2165 2837; x_wconf 88' lang='lat' dir='ltr'>monitione</span> 
     </span>
     <span class='ocr_line' id='line_1_92' title="bbox 1167 2859 2164 2907; baseline -0.008 -10"><span class='ocrx_word' id='word_1_583' title='bbox 1167 2868 1337 2907; x_wconf 85' lang='lat' dir='ltr'>premissa,</span> <span class='ocrx_word' id='word_1_584' title='bbox 1357 2875 1412 2903; x_wconf 85' lang='lat' dir='ltr'>per</span> <span class='ocrx_word' id='word_1_585' title='bbox 1430 2872 1597 2894; x_wconf 83' lang='lat' dir='ltr'>censuram</span> <span class='ocrx_word' id='word_1_586' title='bbox 1621 2862 1880 2898; x_wconf 86' lang='lat' dir='ltr'>ecclesiasticam,</span> <span class='ocrx_word' id='word_1_587' title='bbox 1903 2859 2097 2899; x_wconf 88' lang='lat' dir='ltr'>quibuslibet</span> <span class='ocrx_word' id='word_1_588' title='bbox 2112 2868 2164 2890; x_wconf 88' lang='lat' dir='ltr'>eo—</span> 
     </span>
     <span class='ocr_line' id='line_1_93' title="bbox 1167 2912 2163 2958; baseline -0.008 -8"><span class='ocrx_word' id='word_1_589' title='bbox 1167 2930 1237 2950; x_wconf 89' lang='lat' dir='ltr'>rum</span> <span class='ocrx_word' id='word_1_590' title='bbox 1254 2917 1516 2958; x_wconf 88' lang='lat' dir='ltr'>appellationibus</span> <span class='ocrx_word' id='word_1_591' title='bbox 1538 2925 1631 2954; x_wconf 88' lang='lat' dir='ltr'>super</span> <span class='ocrx_word' id='word_1_592' title='bbox 1646 2915 1705 2945; x_wconf 93' lang='lat' dir='ltr'>hoc</span> <span class='ocrx_word' id='word_1_593' title='bbox 1725 2915 1764 2944; x_wconf 91' lang='lat' dir='ltr'>ad</span> <span class='ocrx_word' id='word_1_594' title='bbox 1785 2914 1959 2953; x_wconf 89' lang='lat' dir='ltr'>predictam</span> <span class='ocrx_word' id='word_1_595' title='bbox 1975 2913 2083 2943; x_wconf 85' lang='lat' dir='ltr'>sedem</span> <span class='ocrx_word' id='word_1_596' title='bbox 2101 2912 2163 2943; x_wconf 77' lang='lat' dir='ltr'>sor-</span> 
     </span>
     <span class='ocr_line' id='line_1_94' title="bbox 1167 2964 2163 3009; baseline -0.009 -6"><span class='ocrx_word' id='word_1_597' title='bbox 1167 2974 1248 3003; x_wconf 86' lang='lat' dir='ltr'>sitan</span> <span class='ocrx_word' id='word_1_598' title='bbox 1276 2970 1450 3009; x_wconf 84' lang='lat' dir='ltr'>interjectis</span> <span class='ocrx_word' id='word_1_599' title='bbox 1480 2977 1681 3007; x_wconf 89' lang='lat' dir='ltr'>nequaquam</span> <span class='ocrx_word' id='word_1_600' title='bbox 1711 2966 1924 3003; x_wconf 86' lang='lat' dir='ltr'>obstantibus,</span> <span class='ocrx_word' id='word_1_601' title='bbox 1956 2964 2163 3003; x_wconf 88' lang='lat' dir='ltr'>compellatis.</span> 
     </span>
     <span class='ocr_line' id='line_1_95' title="bbox 1168 3017 2166 3060; baseline -0.009 -4"><span class='ocrx_word' id='word_1_602' title='bbox 1168 3027 1240 3056; x_wconf 91' lang='lat' dir='ltr'>Non</span> <span class='ocrx_word' id='word_1_603' title='bbox 1263 3025 1405 3055; x_wconf 87' lang='lat' dir='ltr'>obstante</span> <span class='ocrx_word' id='word_1_604' title='bbox 1423 3023 1448 3051; x_wconf 88' lang='lat' dir='ltr'>si</span> <span class='ocrx_word' id='word_1_605' title='bbox 1471 3021 1651 3060; x_wconf 86' lang='lat' dir='ltr'>aliquibus,</span> <span class='ocrx_word' id='word_1_606' title='bbox 1670 3020 1883 3050; x_wconf 86' lang='lat' dir='ltr'>communiter</span> <span class='ocrx_word' id='word_1_607' title='bbox 1906 3018 1956 3049; x_wconf 90' lang='lat' dir='ltr'>vel</span> <span class='ocrx_word' id='word_1_608' title='bbox 1977 3017 2109 3048; x_wconf 88' lang='lat' dir='ltr'>divisim</span> <span class='ocrx_word' id='word_1_609' title='bbox 2122 3042 2129 3054; x_wconf 94' lang='lat'>‚</span> <span class='ocrx_word' id='word_1_610' title='bbox 2146 3026 2166 3047; x_wconf 85' lang='lat' dir='ltr'>a</span> 
     </span>
    </p>
   </div>
  </div>
 </body>
</html>
