2477 3637
219 369 277 399 288
526 376 530 380 ’
970 364 1203 395 REGISTRES
1226 365 1280 394 DE
1303 363 1486 394 NICOLAS
1511 363 1566 393 IV.

262 447 276 462 ι
293 434 375 471 Quia
391 433 546 472 presentis
564 431 662 461 vite...
682 447 720 453 --
742 431 812 460 Dat.
829 431 940 468 Reate,
957 440 996 460 xv
1013 430 1166 461 kalendas
1177 439 1224 461 oc-

219 489 336 526 tobris,
355 495 440 517 anno
455 484 605 516 secundo.
626 497 639 510 υ

837 537 926 567 Rieu.
944 537 977 564 ‘23
993 538 1061 564 aont
1077 537 1153 564 1389.

262 604 298 633 ln
322 611 349 632 e.
377 610 419 631 m.
447 600 606 636 Giraudo,
621 600 766 638 episcopo
794 599 996 630 Vasionensi.
1015 600 1087 630 Dat.
1110 599 1224 636 Reate,

220 666 237 685 x
255 655 407 685 kalendas
422 653 627 692 septembris,
645 661 731 683 anno
747 652 898 683 secundo.

838 733 925 767 Rieu,
942 733 976 760 23
991 734 1057 760 aom
1079 733 1153 761 1289.

262 798 298 826 ln
316 806 344 827 e.
362 805 405 826 m.
424 796 535 832 Petro,
553 795 697 834 episcopo
713 794 925 826 sistaricensi.

746 875 833 909 Ricti,
850 875 883 903 ‘26
899 875 1061 910 septembre
1081 875 1155 902 1289.

262 940 299 969 ln
326 948 351 970 e.
388 948 430 970 m.
453 938 645 976 Guisselmo,
673 939 818 978 episcopo
841 938 1125 968 Autissiodorensi.
1156 938 1226 968 Dat.

221 993 334 1030 Reate,
356 1003 384 1023 vl
401 992 554 1023 kalendas
570 993 724 1027 octobris,
745 1001 831 1023 anno
846 993 996 1023 secundo.

861 1073 946 1108 Rieu,
964 1074 979 1100 5
995 1075 1062 1100 aodt
1078 1073 1156 1101 1289.

265 1139 299 1168 ln
319 1147 346 1168 e.
364 1146 408 1167 rn.
428 1138 532 1174 Petro,
549 1137 695 1176 episcopo
710 1136 939 1176 Tyrasonensi.
956 1136 1024 1166 Dat.
1045 1137 1154 1172 Reate,
1169 1144 1226 1166 no-

221 1193 272 1222 nis
287 1192 432 1230 augusti,
451 1199 537 1221 anno
553 1190 704 1220 secundo.

745 1270 832 1302 Rieu,
854 1271 882 1296 17
900 1270 1063 1305 septembre
1083 1270 1157 1297 1289.

264 1336 300 1365 ln
321 1344 349 1365 e.
379 1343 421 1365 m.
446 1334 497 1371 J.,
525 1333 763 1372 archiepiscopo
791 1333 984 1363 Nicosiensi.
1012 1333 1082 1363 Dat.
1112 1333 1228 1371 Reate,

220 1399 260 1419 xv
276 1388 428 1418 kalendas
443 1387 595 1424 octobris,
610 1395 697 1417 anno
712 1387 852 1417 secundo
869 1386 930 1425 (En
946 1387 1073 1426 marqe).

291 1562 311 1589 ἱ
319 1561 406 1590 469

251 1623 385 1650 Facultas
395 1623 604 1649 absolvendiab
611 1623 921 1650 excommunicationis
930 1622 1172 1656 sententia.(REo.
1182 1623 1224 1655 44,

214 1680 238 1699 c.
258 1673 319 1706 518,
336 1673 355 1698 f.
376 1672 425 1698 -2227
442 1673 496 1704 vo.)

744 1560 830 1595 Rieti,
849 1561 879 1586 '17
896 1560 1060 1595 septembre
1080 1559 1155 1587 1289.

262 1775 425 1804 Venerabili
450 1776 546 1810 l'ralri
566 1774 668 1809 Petro,
692 1775 824 1812 episcopo
852 1775 1070 1812 Tyr-asomum,
1090 1774 1224 1805 faculta—

215 1832 278 1858 tem
297 1827 443 1858 concedit
462 1826 651 1857 absolvendi
667 1827 821 1866 quosdam
843 1827 975 1858 clericos
990 1829 1226 1867 Tyrasonensis

214 1880 369 1911 dioecesis
388 1881 442 1919 qui
460 1889 516 1919 pro
533 1880 674 1910 violenta
689 1881 862 1919 injectione
882 1890 1040 1911 manuum
1061 1882 1094 1911 in
1118 1890 1224 1921 perso-

215 1943 274 1965 nas
297 1934 527 1965 ecelesiasticas
549 1935 890 1965 excommunicationis
915 1935 1092 1965 sententias
1114 1936 1225 1965 incur-

214 1992 345 2025 rerunt,
370 1992 401 2017 et
419 1987 629 2026 dispensandi
653 1996 726 2017 cum
751 1988 796 2017 eis
823 1988 881 2027 qni
900 1989 944 2018 sic
969 1988 1081 2026 legati,
1106 1997 1170 2019 non
1189 1989 1224 2018 in

215 2045 397 2080 contemptu
415 2041 568 2078 clavium,
587 2041 698 2071 divina
717 2042 820 2072 officia
835 2042 1036 2072 celebrarint.

257 2108 269 2121 ιι
288 2095 369 2125 Cum
386 2094 537 2125 nonnulli
553 2094 701 2125 clerici...
721 2112 759 2116 —
776 2096 845 2125 Dat.
862 2100 1018 2134 utsupra.
1039 2109 1052 2121 ι»

291 2268 409 2297 141ἵο
835 2269 920 2301 ltieti,
941 2271 976 2295 1²¹·
991 2271 1058 2297 aont
1076 2270 1151 2298 1289.

253 2331 384 2358 Remittit
401 2332 453 2357 iter
467 2331 501 2357 ad
517 2331 623 2358 limina.
641 2331 723 2364 (lu-zo.
743 2332 791 2365 44,
810 2340 834 2358 c.
854 2332 926 2365 5182,
945 2332 963 2358 f.
983 2332 1032 2358 2³27
1049 2334 1100 2363 νο.)

255 2436 370 2464 Eidem..

259 2501 270 2513 ‹-
298 2488 365 2518 Tue
387 2488 501 2518 merita
525 2489 756 2518 sinceritatis...
775 2506 812 2510 -
837 2489 907 2517 Dat.
937 2490 1050 2521 Reate,
1077 2489 1225 2519 kalendis

215 2542 341 2579 augusti
354 2563 362 2578 ‚
380 2549 466 2572 anno
481 2542 632 2572 secundo.
651 2554 663 2568 n

292 2716 402 2744 142¹!
835 2716 918 2747 meti,
942 2717 975 2741 ler
990 2717 1058 2742 aont
1075 2716 1151 2744 1289.

254 2776 356 2803 Eadem
373 2778 502 2805 facultas.
520 2778 602 2813 (lieu.
621 2779 650 2805 44
664 2800 670 2810 ,
688 2788 712 2804 (·.
731 2779 792 2810 519,
809 2780 827 2806 f.
846 2778 895 2805 397
913 2780 963 2811 vo.)

261 2880 360 2908 Eidem
395 2880 541 2910 concedit
585 2885 617 2911 nt
651 2881 813 2911 absolvere
855 2881 987 2912 clericos
1029 2882 1226 2912 concubinos

218 2931 450 2969 Tyrasonensis
474 2933 645 2971 dioecesis,
665 2934 795 2964 remotis
821 2934 1025 2969 mulieribus,
1044 2935 1084 2964 ab
1098 2942 1225 2967 exeom-

219 2985 444 3015 municationis
466 2988 643 3023 sententia,
664 2988 850 3027 dispensare
871 2997 943 3019 cnm
965 2989 1010 3018 eis
1033 2988 1089 3028 qui
1113 2988 1158 3019 sic
1177 2988 1225 3019 le-

219 3038 303 3075 gati.
331 3039 382 3067 sed
404 3040 484 3076 juris
505 3040 625 3077 ignari.
653 3041 761 3071 divina
786 3041 889 3071 officia
915 3041 1126 3077 celebrarint,
1151 3050 1222 3072 cnm

1308 430 1355 460 eis
1382 437 1456 460 vero
1475 429 1533 467 qui
1557 428 1712 464 scienter,
1739 428 1793 458 sed
1820 429 1935 458 nonin
1960 434 2143 469 contemptu
2162 430 2313 468 clavium,

1308 482 1420 513 divina
1443 481 1652 519 celebrarint,
1678 487 1748 521 post
1777 481 1899 512 blennii
1928 483 2171 521 suspensionem
2189 482 2316 523 dispen-

1309 544 1379 566 sare
1395 535 1502 574 possit.

1352 601 1364 615 α
1380 588 1568 619 Devotionis
1583 593 1635 618 tue
1651 588 1857 618 sinceritas...
1874 605 1911 612 -—
1929 589 1996 620 Dat.
2019 594 2053 620 nt
2067 599 2173 629 supra.
2196 603 2208 617 ι

1386 763 1499 791 {4¹22
1929 763 2013 793 Ricti.
2032 764 2070 789 ¹⁰¹
2085 764 2152 790 aont
2168 763 2245 792 1289.

1348 825 1474 852 Licentia
1490 824 1623 851 audiendi
1640 825 1683 851 vel
1700 824 1862 852 celebrandi
1879 825 1974 852 divina
1989 825 2080 853 officia
2095 826 2122 853 in
2144 826 2216 853 locis
2230 827 2318 854 inter-

1312 873 1407 901 dictis.
1425 873 1508 907 (Rm.
1526 873 1575 907 44,
1593 882 1617 900 c.
1636 873 1708 907 5191,
1723 874 1742 900 f.
1766 873 1818 901 2⁶28
1835 875 1881 907 νῦ.)

1352 978 1453 1006 Eidem
1472 976 1618 1015 indulget
1639 982 1673 1006 ut
1687 976 1831 1015 qnandiu
1848 977 2018 1008 interdicto
2039 986 2177 1016 regnum
2194 978 2318 1017 Arago-

1314 1031 1385 1060 niae
1401 1030 1596 1068 subjacuerit
1610 1030 1641 1059 in
1663 1030 1773 1060 eodem
1791 1039 1890 1068 regno
1905 1030 2017 1060 divina
2033 1030 2139 1062 officia
2158 1031 2326 1064 celebrare.

1313 1088 1367 1115 aut
1382 1084 1485 1114 lacere
1500 1083 1652 1114 celebrari
1670 1093 1725 1122 per
1742 1092 1844 1113 unum
1861 1093 1896 1114 ex
1917 1084 2092 1123 capellanis
2107 1085 2175 1114 suis
2189 1085 2297 1124 possit.
2322 1084 2326 1089 ”

1355 1150 1369 1163 «
1389 1137 1514 1167 Inducti
1533 1142 1584 1167 tue
1600 1132 1829 1167 since1·itatis.'..
1847 1154 1885 1159 -
1904 1137 1974 1167 Dat.
1992 1142 2148 1177 utsupra.
2167 1149 2182 1164 n

1386 1311 1501 1339 ¹423
1838 1310 1925 1344 Ricti,
1941 1310 1971 1337 21
1989 1310 2152 1345 septembre
2169 1309 2248 1338 ¹289.

1348 1371 1491 1407 Episcopo
1508 1372 1671 1399 Mimatensi
1684 1373 1847 1404 ecclesiam,
1876 1382 1890 1397 α
1905 1373 1932 1399 in
1953 1373 2041 1407 cujus
2059 1371 2203 1400 territorio
2221 1372 2319 1400 vinum

1311 1424 1424 1448 crescat
1441 1432 1465 1452 u,
1483 1421 1625 1448 concedit.
1642 1421 1726 1456 (Rea.
1747 1422 1790 1452 44,
1807 1430 1832 1448 c.
1851 1422 1912 1454 5⁶20,
1931 1422 1951 1448 s.
1969 1421 2073 1455 ‘228r0;
2090 1420 2205 1449 Limon
2219 1420 2316 1454 Tuam.

1311 1468 1353 1503 11,
1373 1470 1446 1502 267.)

1356 1573 1522 1602 Venerabili
1547 1574 1642 1608 fratri
1666 1572 1844 1605 Gztz'llelmo.
1872 1574 2006 1610 episcopo
2023 1573 2206 1603 illimatensi.
2228 1583 2242 1600 ι
2267 1571 2332 1610 Ad,

1309 1625 1368 1656 hoc
1391 1633 1488 1656 nos...
1508 1624 1589 1656 Cum
1615 1625 1730 1664 igitur,
1749 1626 1830 1656 sicut
1853 1626 1944 1656 nobis
1966 1634 2126 1664 exponere
2147 1625 2339 1663 curavistis·

1309 1679 1441 1710 ecclesia
1462 1680 1680 1716 Mimatensis,
1695 1679 1757 1709 sita
1772 1679 1805 1709 in
1824 1680 1940 1718 frigida
1958 1680 2102 1718 regione.
2121 1679 2190 1710 vini
2207 1678 2318 1710 defee-

1309 1738 1376 1763 tum
1401 1741 1466 1763 non
1494 1732 1657 1763 modicum
1683 1734 1836 1772 patiatur,
1863 1741 1938 1770 nos,
1956 1733 2017 1763 tuis
2033 1731 2323 1772 supplicationibus·

1308 1786 1468 1823 inclinati,
1480 1786 1622 1816 volentes
1639 1786 1696 1816 tibi
1710 1787 1847 1824 gratiam
1866 1787 1967 1817 facere
1980 1786 2158 1826 spessalem,
2170 1790 2206 1816 ut
2220 1793 2320 1822 unam

1307 1839 1475 1870 ecclesiam
1509 1839 1742 1878 parrochialem
1776 1844 1827 1870 tue
1858 1839 1995 1870 diocesis
2006 1862 2014 1876 ,
2043 1840 2083 1870 ad
2115 1838 2319 1871 collationem

1307 1898 1394 1924 tuam
1411 1893 1512 1924 libere
1528 1887 1754 1932 pertinentem,
1772 1894 1805 1923 in
1822 1895 1914 1932 cnjus
1931 1894 2088 1924 territorio
2104 1893 2217 1923 vinnm
2232 1901 2318 1924 cres-

1306 1952 1367 1986 cat,
1384 1948 1516 1978 cedente
1532 1946 1582 1978 vel
1599 1947 1771 1977 decedente
1790 1947 1892 1986 ipsius
1908 1947 2041 1978 ecclesie
2059 1951 2190 1985 rectore,
2208 1946 2328 1987 usibus„

1306 2010 1418 2031 mense
1437 2005 1507 2038 tue,
1525 2009 1598 2031 cnm
1617 2001 1767 2031 omnibus
1785 2000 1980 2037 redditibus,
1998 2000 2222 2040 proventibus,
2234 1996 2316 2040 juriss

1306 2055 1366 2085 bus
1381 2065 1417 2085 uc
1433 2054 1635 2093 pertinentiis
1650 2055 1728 2091 suis,
1740 2053 1901 2093 applicare
1915 2054 1992 2084 etin
2009 2059 2077 2085 tuos
2088 2063 2164 2084 usus
2176 2047 2318 2099 proprios¹

1306 2113 1490 2139 convertere
1508 2107 1628 2144 valeas,
1651 2107 1709 2137 tibi
1731 2108 1917 2138 auctoritate
1941 2107 2138 2147 presentium
2165 2106 2326 2137 duximus·

1306 2161 1584 2193 concedendum...
1609 2160 1678 2190 Dat.
1696 2162 1795 2191 Reate
1811 2186 1817 2198 ‚
1838 2170 1869 2190 Χι
1888 2161 2042 2191 kalendas
2057 2160 2194 2192 octobris
2209 2184 2216 2197 ,
2231 2164 2326 2193 anno·

1307 2215 1456 2245 secundo.
1478 2227 1491 2241 7>

1381 2396 1495 2424 1424
1834 2395 1920 2425 Rieu,
1938 2395 1968 2422 21
1988 2395 2152 2431 septembre
2163 2394 2245 2435 nse.

1343 2457 1551 2491 indulgentiae.
1568 2456 1650 2488 (Rea.
1672 2457 1716 2487 44,
1734 2466 1758 2483 c.
1777 2457 1850 2488 520²,
1867 2457 1886 2483 s.
1903 2456 1956 2484 2⁵28
1971 2464 2016 2489 νος
2031 2456 2100 2484 Lar.
2113 2465 2151 2485 nn
2163 2456 2261 2490 Tuan„
2276 2455 2315 2489 ΙΙ.

1308 2507 1380 2541 268.)
2310 2503 2316 2516 ¹

1353 2609 1520 2640 Venerabili
1543 2611 1639 2646 fratri
1655 2632 1676 2640 ..
1695 2612 1828 2649 episcopo
1845 2613 1873 2639 et
1890 2610 2008 2640 dilectis
2029 2610 2104 2647 filiis
2120 2609 2254 2649 capitulo
2267 2617 2316 2640 eo-

1306 2664 1392 2695 clesie
1407 2664 1603 2694 Mimatensis.
1621 2663 1860 2701 Indulgentiam
1876 2662 1976 2693 unius
1993 2662 2074 2692 anni
2092 2665 2123 2694 et
2136 2671 2175 2692 xz.
2191 2662 2279 2693 dieru
2290 2664 2306 2704 ’ς’

1306 2717 1454 2749 concedit
1469 2717 1673 2747 visitantibus
1689 2717 1854 2747 ecclesiam
1872 2717 2112 2754 Mimatensem,
2126 2715 2161 2746 in
2179 2713 2296 2754 singul‘

1306 2772 1415 2803 heatae
1438 2771 1557 2801 Mariae
1582 2775 1612 2801 et
1638 2775 1766 2801 sanctae
1790 2771 1909 2807 crucis,
1932 2770 1967 2800 in
1997 2778 2134 2809 quarum
2160 2769 2280 2800 honore

1307 2825 1416 2856 eadem
1433 2824 1566 2855 ecclesia
1582 2829 1762 2854 constructa
1777 2829 1835 2861 est,
1850 2828 1881 2853 et
1895 2827 2076 2854 sanctornm
2093 2822 2226 2860 Privati,
2241 2821 2266 2853 1?

1307 2879 1412 2915 daldi,
1431 2878 1572 2908 Firmani
1593 2882 1828 2917 martyrum,et
1841 2877 1944 2907 Ylerii
1955 2876 2160 2913 confessoris,
2176 2883 2278 2916 quoru
2303 2877 2311 2910 ζ’

1306 2940 1436 2972 corpora
1454 2932 1486 2961 in
1507 2941 1542 2961 ea
1566 2931 1786 2970 requiescunt,
1804 2930 2046 2966 festivitatibus,
2064 2933 2095 2960 et
2111 2919 2306 2959 in'anniver,

1308 2985 1390 3016 sario
1406 2985 1458 3015 die
1473 2984 1683 3015 dedicationis
1700 2983 1843 3022 ejusdem
1860 2983 2024 3014 ecclesiae.

1349 3052 1361 3065 «
1389 3038 1475 3068 Licet
1491 3038 1518 3067 is
1535 3037 1611 3067 de...
1629 3054 1667 3060 —
1684 3037 1754 3068 Dat.
1773 3041 1929 3075 utsupra.
1951 3048 1963 3062 n
