2477 3637
246 398 301 427 504
995 388 1232 420 REGISTRES
1255 388 1310 418 DE
1332 386 1516 417 NICOLAS
1540 386 1595 416 IV.

246 462 376 501 apostoli
398 461 436 490 de
459 460 601 495 Turrice,
629 458 809 488 Verulanae
832 457 996 492 dioecesis,
1021 456 1115 486 certis
1139 455 1251 485 diebus

246 515 452 545 visitaverint.

287 581 299 594 a
322 568 511 597 Sanctorum
529 565 652 595 meritis
668 564 815 593 inclita...
832 580 871 584 —
887 563 957 592 Dat.
976 562 1058 601 apud
1077 561 1252 592 Urbemve-

249 627 357 655 terem,
378 629 427 649 xvi
446 618 598 649 kalendas
615 617 778 652 februarii,
795 625 880 646 anno
899 616 998 645 tertio.
1016 624 1031 643 )

779 696 908 727 Orvieto,
927 695 959 722 23
973 696 1085 730 janvier
1102 695 1181 722 1291.

286 763 322 792 111
336 772 361 791 e.
377 771 434 796 m.‚
447 769 502 799 pro
515 760 646 790 ecelesia
657 759 766 789 Sancti
781 758 917 788 Antonii
929 757 1041 787 domus
1054 757 1252 795 leprosorum

247 815 418 854 Aquinatis
434 813 598 844 dioecesis.

287 880 299 894 ιι
326 867 482 907 Splendor
505 871 634 905 paterne
654 865 791 904 glorie...
813 883 851 887 —
875 865 947 894 Dat.
969 863 1053 903 apud
1075 863 1252 893 Urbemve-

248 926 343 950 terem
358 945 364 957 ,
384 930 402 950 x
418 919 571 950 kalendas
589 919 759 951 februarii,
781 926 867 948 anno
885 918 985 947 tertio.
1011 929 1024 943 >v
1045 917 1105 955 (En
1122 915 1254 954 mar-qe.)

287 974 322 1002 In
341 982 367 1002 e.
386 982 443 1009 m.,
461 981 517 1011 pro
531 972 664 1002 ecclesia
679 972 787 1002 Sancti
803 971 976 1002 Clementis
989 970 1027 1000 de
1044 971 1136 1007 Arce,
1154 969 1254 1008 Aqui-

247 1027 328 1057 natis
343 1027 506 1057 dioecesis.
525 1026 627 1065 (leid.)

286 1081 323 1110 In
340 1090 366 1110 e.
386 1090 442 1116 m,
462 1088 516 1119 pro
535 1079 666 1110 ecclesia
684 1079 816 1109 Sanctae
832 1078 953 1108 Mariae
970 1077 1008 1107 de
1026 1076 1132 1113 Melie,
1150 1075 1252 1114 Aqui-

246 1134 327 1162 natis
343 1134 504 1163 dioecesis,

288 1200 300 1213 «ι
321 1186 487 1216 Gloriosus
504 1187 588 1215 Deus
604 1186 677 1215 in...
695 1203 733 1207 —
752 1186 820 1216 Dat.
838 1189 871 1215 ut
888 1194 994 1224 supra.
1014 1196 1026 1211 »
1044 1183 1147 1223 (Ibid.)

777 1266 909 1297 Orvieto,
929 1265 1085 1299 13janvicr
1104 1263 1180 1291 1291.

289 1330 325 1358 In
354 1338 381 1359 e.
414 1338 470 1363 nr,
501 1337 556 1368 pro
583 1328 716 1358 ecclesia
745 1328 880 1358 Sanctae
908 1328 1029 1358 Mariae
1056 1327 1094 1357 de
1122 1327 1252 1363 Lizeka,

250 1382 546 1420 Brandeburgensis
558 1381 723 1415 dioecesis.
739 1382 772 1411 in
787 1382 922 1412 Sanctae
934 1381 1056 1411 Mariae
1071 1385 1101 1410 et
1114 1380 1147 1410 S.
1162 1380 1254 1410 Eleu-

247 1435 341 1465 therii
360 1435 513 1465 honorem
529 1435 671 1465 fundata.
802 1421 808 1428 ¹

288 1502 300 1515 a
322 1488 391 1518 Vite
408 1489 557 1527 perennis
570 1488 708 1527 gloria...
728 1505 768 1510 —
786 1489 856 1518 Dat.
873 1488 956 1527 apud
976 1488 1252 1524 Urbemveterem‚

247 1542 351 1571 idibus
363 1541 516 1580 Januarii‚
533 1549 619 1571 anno
636 1542 740 1572 tertio.
760 1553 772 1568 n
791 1541 896 1580 (thid.)

776 1621 906 1654 Orvieto,
928 1622 959 1649 18
972 1623 1086 1657 janvier
1102 1621 1180 1649 1291.

288 1684 324 1713 In
343 1693 370 1713 e.
389 1693 431 1713 m.
445 1708 452 1721 ,
472 1693 526 1723 pro
543 1684 675 1714 ecclesia
697 1706 717 1714 ..
737 1685 907 1723 guardiani
930 1689 961 1715 et
978 1685 1111 1715 fratrum
1132 1685 1256 1715 ordinis

250 1737 413 1767 minorum
427 1738 463 1767 de
480 1738 579 1775 burgo
596 1738 703 1768 Sancti
721 1739 883 1768 Laurentii
901 1738 940 1768 de
956 1738 1109 1776 Mugello,
1127 1738 1255 1768 Floren-

254 1790 338 1819 tinae
356 1790 519 1820 dioecesis.
545 1791 614 1820 Dat.
635 1791 718 1830 apud
741 1791 1022 1828 Urbemveterem,
1046 1801 1085 1821 xv
1102 1791 1255 1821 kalendas

254 1843 418 1880 februarii,
436 1852 521 1874 anno
537 1844 638 1874 tertio.
656 1844 766 1883 (Jb1‘cl.‚·
783 1844 920 1881 Porrrr,
939 1844 1060 1881 23529.)

317 1996 434 2024 4018
779 1998 905 2030 Orvieto,
922 1998 956 2025 26
973 1999 1089 2025 octobre
1107 1999 1183 2026 1290.

286 2058 474 2092 indulgentia.
494 2058 574 2091 (Rae.
593 2059 636 2093 45,
652 2067 677 2086 c.
695 2060 767 2094 6602,
785 2060 804 2086 s.
824 2060 871 2087 133
887 2062 938 2094 v⁰.)

293 2182 310 2187 ..
328 2161 428 2196 pr1'ori
442 2164 466 2187 e!
485 2161 617 2197 capitulo
634 2161 749 2189 ecclesie
760 2159 868 2191 Sancte
887 2163 980 2191 Marie
998 2164 1030 2192 in
1049 2163 1206 2192 Cosmeclin
1223 2164 1259 2194 de

255 2214 335 2242 Urbe.
365 2212 600 2250 Indulgentiam
627 2215 724 2243 unius
752 2215 832 2244 anni
855 2219 883 2244 et
904 2224 941 2245 η
966 2216 1091 2246 dierum
1112 2217 1259 2247 concedit

251 2268 402 2297 omnibns
424 2277 496 2298 vere
517 2269 752 2307 poenitentibus
769 2274 800 2299 et
816 2270 969 2300 confessis
989 2272 1042 2310 qui
1066 2272 1257 2311 praedictam

251 2321 417 2350 ecclesiam
435 2321 469 2350 in
487 2321 622 2359 singulis
638 2323 746 2352 beatae
763 2323 882 2353 Mariae
906 2328 936 2354 et
954 2325 1118 2355 beatorum
1133 2330 1257 2364 aposto-

251 2374 354 2404 lorum
373 2374 458 2404 Petri
475 2379 504 2404 et
522 2375 612 2405 Pauli
630 2376 870 2414 festivitatibus,
887 2386 942 2416 per
957 2381 1025 2408 octo
1046 2378 1113 2408 dies
1135 2379 1257 2409 festivi-

254 2432 331 2457 tates
360 2427 431 2457 illas
460 2428 644 2459 immediate
669 2434 837 2468 sequentes
863 2435 892 2460 et
914 2431 947 2460 in
968 2432 1187 2463 anniversario
1207 2433 1260 2464 die

253 2480 462 2510 dedicationis
478 2481 575 2520 hujus
592 2481 742 2512 ecclesiae
759 2483 967 2513 visitaverint.

293 2546 306 2559 α
327 2533 454 2563 Excelsa
471 2543 565 2573 super
580 2535 720 2566 sidera...
738 2553 775 2557 —
793 2536 863 2566 Dat.
881 2537 964 2576 apud
981 2538 1256 2576 Urbemvetfflem,

252 2596 293 2616 vn
312 2587 463 2617 kalendas
480 2588 674 2625 novembris,
692 2598 778 2620 anno
795 2591 896 2621 tertio.
916 2603 930 2617 »

322 2732 439 2761 4019

293 2794 436 2821 liei-nardo
451 2795 485 2821 dc
508 2795 603 2823 Gurca
620 2797 773 2824 ecclesiam
794 2798 915 2825 Sanctae
936 2799 1041 2827 Mariae
1059 2801 1087 2827 in
1104 2801 1261 2837 Hospitali,

257 2842 492 2877 Sam-burgensis
508 2844 661 2877 dioecesis,
679 2847 799 2873 confert.
820 2847 902 2879 (Rae.
919 2848 962 2880 45,
979 2857 1004 2875 c.
1023 2849 1090 2881 661,
1108 2850 1127 2876 f.
1145 2851 1194 2878 133
1211 2853 1263 2884 v0.)

787 2735 915 2770 Orvieto,
935 2737 967 2763 18
981 2738 1094 2772 janvier
1111 2738 1188 2766 1291,

298 2966 316 2972 ..
337 2945 423 2973 electo
441 2945 671 2984 Salzeburyensz'
685 2948 816 2978 mandat
831 2953 867 2978 ut
882 2958 899 2979 a
918 2950 1081 2982 Bernardo
1092 2952 1131 2982 de
1145 2952 1261 2988 Gurca,

259 2996 400 3027 diacono,
416 2998 469 3036 qui
486 2999 651 3029 ecclesiam
668 3000 802 3032 Sanctae
819 3002 939 3033 Mariae
951 3005 986 3034 in
1004 3005 1174 3045 Hospitali,
1192 3006 1263 3037 Sal-

260 3049 462 3087 zeburgensis
475 3051 641 3089 dioecesis,
658 3053 793 3084 detinuit
810 3059 840 3085 et
855 3065 887 3085 se
904 3057 936 3086 in
953 3058 1175 3097 presbyterum
1192 3069 1265 3099 pro-

1333 453 1452 483 moveri
1472 461 1535 482 uon
1551 452 1635 488 fecit,
1652 454 1777 489 recepta
1793 449 1937 489 ejusdem
1953 447 2103 478 ecclesiae
2114 447 2340 487 resignatione,

1333 514 1402 535 eam
1426 504 1474 534 illi
1501 513 1630 543 prorsus
1653 503 1814 539 conferat3
1838 501 2014 532 dummodo
2035 501 2139 531 dictus
2161 501 2342 532 Bernartius

1334 559 1367 588 in
1385 558 1607 597 presbyterum
1625 556 1805 596 promoveri
1824 565 1857 586 se
1874 555 1968 585 saciat
1984 559 2014 586 et
2028 554 2067 585 ad
2083 554 2252 584 arbitrium
2268 554 2342 585 boui

1332 611 1395 641 viri
1414 611 1554 650 aliquam
1574 610 1784 649 quantitatem
1808 609 1964 648 pecuniae
1979 617 2015 638 ex
2032 607 2165 638 ecclesia
2185 607 2343 646 praedicta

1348 668 1511 703 perceptae
1530 664 1565 693 in
1582 664 1652 703 ejus
1668 663 1837 694 utilitatem
1856 665 2030 693 convertat.

1377 730 1389 744 α
1414 719 1506 748 Lecta
1525 726 1631 747 coram
1652 717 1782 747 nobis...
1807 733 1846 737 —
1866 716 1937 746 Dat.
1962 714 2045 754 apud
2068 714 2340 750 Urbemveterem,

1334 781 1373 802 xv
1391 771 1544 801 kalendas
1559 770 1726 807 februarii,
1739 778 1825 800 anno
1843 769 1944 799 tertio.
1965 780 1978 795 »

1405 930 1528 959 402⁰

1372 992 1557 1028 Dispensatio
1573 992 1757 1018 matrimonii.
1774 991 1858 1024 (Rau.
1875 991 1923 1024 45,
1940 998 1965 1017 c.
1983 990 2045 1022 662,
2062 990 2081 1017 f.
2100 989 2150 1018 133
2165 991 2217 1023 v⁰.)

1877 927 2004 960 Orvieto,
2023 927 2054 954 13
2066 927 2180 962 janvier
2197 926 2274 954 1291.

1378 1118 1398 1124 ..
1416 1095 1638 1133 archiepiscopo
1660 1094 1799 1123 Toletano
1816 1092 1989 1123 committit
2010 1095 2196 1132 potestatem
2214 1092 2346 1131 dispen-

1336 1147 1429 1177 sandi
1444 1156 1518 1177 cum
1534 1147 1629 1177 Petro
1646 1146 1852 1184 Gundisalvi,
1870 1146 1955 1177 dicto
1970 1146 2166 1182 Camenone,
2185 1145 2300 1184 milite,
2316 1151 2347 1176 et

1335 1201 1494 1232 Columba
1518 1201 1650 1238 Didaci,
1679 1201 1803 1231 civibus
1827 1200 2004 1236 Toletanis,
2031 1204 2066 1230 ut
2087 1200 2120 1230 in
2141 1198 2347 1230 matrimonio
2399 1196 2401 1204 ⁴

1335 1255 1421 1294 quod
1438 1254 1517 1285 olim
1532 1258 1778 1291 contraxerunt,
1795 1254 1980 1292 ignorantes
1996 1253 2160 1293 quondam
2175 1253 2345 1291 Agnetem,

1336 1308 1474 1347 primam
1491 1307 1580 1337 Petri
1597 1316 1742 1344 uxorem,
1759 1306 1936 1338 Columbae
1953 1306 2044 1337 tertio
2057 1305 2347 1344 consanguinitatis

1335 1361 1436 1400 gradu
1455 1361 1662 1400 conjunctam
1679 1360 1780 1390 fuisse
1791 1383 1799 1397 ,
1817 1364 1847 1390 et
1861 1360 1894 1390 in
1911 1368 1974 1399 quo
1988 1359 2111 1399 prolem
2127 1361 2346 1399 procrearunt,

1335 1423 1504 1445 remanere
1521 1414 1658 1444 valeant.

1378 1482 1391 1496 α
1409 1469 1558 1499 Exhibita
1571 1468 1664 1499 nobis
1677 1467 1824 1498 dilecti...
1836 1485 1875 1490 —
1887 1468 1958 1497 Dat.
1973 1466 2055 1506 apud
2069 1466 2344 1503 Urbemveterem,

1336 1522 1444 1552 idibus
1457 1521 1612 1561 J'anuarii,
1631 1529 1718 1551 anno
1734 1521 1837 1551 tertio.
1856 1532 1870 1547 »

1407 1683 1497 1712 402
1507 1683 1526 1710 Ι
1535 1682 1673 1712 -4022

1373 1746 1526 1773 Guillelmo
1543 1745 1647 1772 Baravi
1663 1745 1802 1772 beneficia
1815 1744 1841 1771 in
1854 1743 2084 1779 compostellana
2094 1743 2216 1770 ecclesia
2227 1743 2346 1770 confert.

1338 1794 1421 1829 (Rae.
1439 1795 1482 1826 45,
1499 1803 1524 1822 c.
1542 1794 1603 1826 663,
1622 1794 1640 1821 f.
1660 1793 1710 1821 133
1726 1794 1777 1826 v0.)

1870 1680 2002 1713 Orvieto‚
2021 1680 2053 1707 18
2068 1679 2182 1714 janvier
2197 1678 2275 1706 1291.

1378 1899 1522 1935 Mayistro
1535 1898 1697 1927 Guillelmo
1708 1897 1835 1933 Baravi,
1849 1897 1959 1926 decano
1970 1895 2088 1925 ecclesie
2101 1894 2346 1933 compostellam,

1338 1951 1542 1988 decanatum,
1559 1950 1785 1980 canonicatum
1802 1953 1832 1979 et
1848 1948 2062 1988 praebendam
2077 1957 2151 1978 curn
2166 1947 2350 1986 praestimo-
2392 1987 2394 1989 Ι

1339 2005 1415 2041 niis,
1435 2005 1469 2034 in
1490 2003 1623 2034 ecclesia
1643 2002 1899 2042 Compostellana
1920 2011 1976 2040 per
1994 2000 2194 2040 Raymundi,
2212 1999 2350 2039 episcopi

1341 2058 1520 2095 Valentini,
1544 2057 1779 2096 promotionem
1801 2055 1961 2092 vacantia,
1982 2055 2104 2085 confert
2127 2054 2350 2098 dispeusatqqe

1324 2120 1415 2144 ‘cum
1431 2120 1467 2142 eo
1485 2115 1516 2142 ut
1530 2111 1688 2141 beneficia
1703 2110 1759 2140 illa
1772 2118 1835 2140 una
1851 2118 1926 2140 cum
1938 2108 2200 2139 archidiaconatu
2215 2112 2245 2138 et
2259 2115 2348 2138 cano·

1340 2167 1447 2196 nicatu
1467 2165 1501 2195 in
1518 2164 1697 2203 Agathensi
1714 2163 1847 2194 ecclesia
1862 2167 1892 2192 et
1914 2162 2102 2193 canonicatu
2118 2169 2155 2192 ac
2171 2159 2351 2200 praebenda

1339 2220 1373 2249 in
1390 2217 1646 2257 Compostellana
1660 2216 1792 2247 ecclesia
1808 2216 1946 2246 retinere
1961 2214 2070 2254 possit.

1382 2286 1396 2300 «ι
1415 2271 1596 2311 Apostolice
1612 2270 1697 2301 sedis
1716 2270 1937 2308 benignitas...
1960 2285 2000 2290 -—
2015 2269 2087 2298 Dat.
2104 2267 2190 2306 apud
2211 2267 2350 2298 Urbem·
2392 2304 2395 2305 ⁷

1341 2332 1492 2362 veterem,
1512 2335 1551 2355 xv
1570 2324 1724 2354 kalendas
1740 2323 1906 2359 februarii,
1924 2331 2010 2352 anno
2027 2321 2128 2352 tertio.
2148 2332 2161 2348 n

1382 2381 1420 2411 In
1437 2389 1465 2411 e.
1483 2389 1527 2410 m.
1547 2402 1569 2409 ..
1587 2378 1741 2409 Auriensi
1755 2382 1786 2407 et
1803 2401 1822 2407 ..
1845 2376 2029 2406 Mimatensi
2046 2374 2202 2414 episcopis
2218 2378 2249 2404 et
2263 2373 2350 2413 Ray-

1341 2435 1464 2466 mundo
1480 2435 1519 2464 de
1538 2431 1763 2469 columberiis,
1783 2431 1937 2461 canonico
1954 2428 2148 2466 Biterrensi,
2173 2427 2304 2458 mandat
2319 2430 2352 2458 ut

1342 2488 1539 2528 praedictum
1555 2485 1768 2517 Guillelmum
1785 2489 1840 2515 aut
1854 2484 1923 2522 ejus
1940 2486 2177 2523 procuratorem
2192 2482 2227 2512 in
2243 2488 2351 2520 corpo-

1342 2542 1443 2573 ralem
1460 2540 1694 2581 possessionem
1715 2538 1900 2574 decanatus,
1918 2537 2135 2573 canonicatus,
2154 2533 2352 2575 praebendae

1342 2601 1372 2626 et
1408 2593 1713 2635 praestimoniorum
1742 2591 1977 2631 praedictorum
2008 2590 2174 2620 inducant.
2215 2588 2286 2620 Dat.
2318 2589 2352 2618 ut

1342 2659 1448 2689 supra.

1413 2793 1536 2823 4⁰83
1884 2789 2012 2819 Orvieto.
2028 2787 2062 2816 29
2074 2787 2188 2823 jauvier
2205 2787 2283 2815 1291.

1379 2857 1533 2891 Privilegia
1548 2854 1728 2891 temporibus
1743 2853 1880 2881 celestini
1897 2852 1939 2879 111
1961 2855 1991 2879 ct
2013 2851 2174 2878 Innocentii
2196 2849 2239 2877 111
2260 2847 2353 2876 homi·
2396 2876 2398 2883 λ

1345 2907 1432 2934 nibus
1457 2906 1545 2933 castri
1569 2905 1604 2932 de
1627 2904 1713 2940 Ripis
1737 2910 1878 2931 concessa
1902 2904 2031 2928 renovat.
2056 2900 2140 2934 (Rae.
2165 2899 2214 2932 45,
2237 2906 2264 2926 c.
2285 2897 2352 2931 664,
2390 2892 2395 2902 ‘

1345 2957 1364 2983 f.
1383 2956 1431 2983 134
1449 2962 1490 2989 r⁰;
1510 2954 1626 2986 Por-ni..
1643 2953 1755 2986 23540.)

1386 3060 1506 3090 Dilectis
1522 3059 1596 3096 filiis
1609 3057 1787 3087 hominibus
1798 3055 1893 3085 castri
1905 3055 1939 3084 de
1953 3054 2045 3091 Ripis,
2064 3051 2208 3082 Verulane
2218 3049 2350 3081 diocesis.
