2342 3652
904 374 1137 414 TnoismMn
1159 374 1315 417 ANNE'E.
2090 391 2144 421 471

62 446 299 484 Indulgentiam
322 447 419 476 unius
440 447 518 476 anni
541 451 571 476 et
587 457 623 477 xi,
641 448 764 478 dierum
783 450 926 479 concedit
944 450 990 480 eis
1008 450 1064 488 qui

62 499 226 530 ecclesiam
244 499 358 528 Beatae
375 500 494 528 Mariae
512 500 551 528 de
574 500 684 530 Insula
700 501 800 538 bona,
827 502 1063 540 Rothomagen-

64 553 106 583 sis
121 551 285 587 dioecesis,
303 552 335 581 in
354 552 602 589 Purificationis,
621 555 897 588 Annuntiationis,
913 557 1062 594 Assump-

64 605 157 636 tionis
188 608 217 635 et
250 605 431 635 Nativitatis
465 605 572 634 beatae
610 606 729 636 Mariae
747 630 754 644 ‚
787 611 816 636 et
846 607 877 637 S.
911 608 1064 646 Stephani

62 658 301 698 protomartyris
325 657 569 694 festivitatibuS,
593 663 621 687 et
641 659 675 687 in
698 660 917 689 anniversario
937 661 987 689 die
1010 660 1063 689 de-

63 710 227 741 dicationis
246 710 388 748 ejusdem
405 710 554 740 ecelesiae
572 711 780 741 visitaverint.

107 775 120 791 ‹
130 763 226 801 Virga
238 763 468 793 venustissima
479 766 546 793 et...
556 780 594 786 —
608 764 679 793 Dat.
693 765 777 803 apud
789 765 1063 802 Urbemveterem,

63 816 156 847 nonis
167 816 257 855 julii,
274 825 360 846 anno
381 817 482 846 tertio.
502 829 516 843 »

609 877 734 910 Orvieto,
754 879 791 904 1⁰¹·
804 879 899 913 J'uillet
916 878 991 906 1290.

101 938 140 968 In
165 947 192 968 e.
217 947 259 968 m.
284 939 415 969 eisdem.
438 939 581 969 Eandem
605 941 839 979 indulgentiam
858 942 1003 972 concedit
1021 943 1065 972 eis

64 991 120 1030 qui
134 991 299 1022 ecclesiam
321 992 454 1022 Sanctae
471 993 590 1023 Mariae
608 994 925 1032 Halberstadensem‚
946 997 979 1025 in
997 996 1064 1026 Na-

64 1044 210 1080 tivitatis,
227 1044 505 1083 Annuntiationis,
528 1047 764 1077 Purificationis
781 1053 810 1077 et
825 1049 1066 1087 Assumptionis

62 1099 169 1129 heatae
184 1098 304 1128 Mariae
323 1099 557 1135 festivitatibus,
576 1109 632 1138 per
647 1105 715 1130 octo
731 1101 799 1131 dies
817 1102 1001 1132 festivitates
1017 1103 1064 1141 ip-

63 1160 111 1182 sas
131 1151 315 1181 immediate
334 1156 504 1190 sequentes
525 1157 554 1182 et
572 1153 607 1182 in
628 1154 850 1184 anniversario
870 1154 920 1184 die
937 1155 1065 1185 dedica-

63 1205 157 1235 tionis
176 1205 320 1244 ejusdem
342 1205 494 1235 ecclesiae
513 1206 721 1236 visitaverint.
742 1208 813 1237 Dat.
830 1208 914 1247 apud
931 1208 1066 1238 Urbem-

61 1263 214 1296 veterem‚
230 1258 377 1288 kalendis
390 1259 482 1298 julii,
499 1268 585 1290 anno
602 1260 704 1290 tertio.

608 1340 735 1375 Orvieto,
756 1342 792 1368 1⁶¹
803 1342 898 1377 juillet
915 1342 992 1370 1290.

99 1403 138 1432 In
156 1411 183 1434 e.
207 1411 250 1432 m.
271 1403 403 1432 eisdem.
429 1403 571 1433 Eandem
595 1404 830 1442 indulgentiam
851 1405 996 1435 concedit
1020 1406 1066 1435 eis

61 1457 116 1495 qui
134 1456 300 1486 ecclesiam
321 1457 430 1487 Sancti
450 1457 617 1487 Archemii
638 1458 676 1487 de
702 1458 890 1496 Blanciaeo,
916 1459 1063 1497 Engolis-

60 1511 179 1540 mensis
194 1510 363 1546 dioecesis,
382 1511 415 1540 in
430 1511 566 1549 singulis
583 1511 667 1541 beati
684 1513 770 1542 Petri
786 1512 939 1551 apostoli⁷
960 1515 994 1542 in
1010 1522 1066 1543 cu-

58 1564 110 1604 jus
134 1564 291 1594 honorem
315 1564 415 1594 altare
441 1565 544 1603 majus
570 1570 786 1595 constructum
814 1571 874 1600 est,
900 1571 930 1596 et
952 1566 982 1596 S.
1005 1567 1064 1596 Ar-

62 1617 179 1647 chemii
203 1617 451 1653 festivitatibus,
472 1623 502 1648 et
525 1628 578 1657 per
597 1623 666 1648 octo
690 1619 758 1648 dies
783 1619 966 1649 festivitates
982 1620 1066 1659 ipsas

61 1671 245 1701 immediate
262 1675 445 1709 sequentes,
466 1672 676 1701 visitaverint.

103 1736 118 1752 «
134 1724 207 1754 Vite
224 1725 406 1763 perempnis
420 1724 559 1763 gloria...
576 1741 616 1747 —
632 1725 700 1754 Dat.
718 1730 752 1755 nt
765 1735 869 1764 snpra.
890 1738 903 1753 ι)

629 1807 756 1840 Orvieto,
774 1809 788 1835 5
805 1793 900 1843 juillet
917 1809 993 1837 1²290.

103 1869 139 1899 In
157 1878 184 1899 e.
204 1878 244 1898 m.
271 1868 403 1899 eisdem.
428 1869 571 1899 Eandem
595 1869 832 1907 indulgentiam
856 1870 1000 1900 concedit
1020 1871 1066 1900 eis

59 1923 117 1961 qui
141 1921 308 1952 ecclesiam
335 1922 450 1952 Beatae
479 1923 599 1952 Mariae
625 1923 662 1952 de
687 1923 799 1959 Suuri,
827 1923 1066 1953 Cameracensis

60 1975 228 2010 dioecesis.
244 1975 279 2004 in
295 1975 551 2012 Purificationis,
569 1976 849 2014 Annuntiationis,
868 1977 1066 2016 Assumptio-

62 2029 112 2058 nis
132 2033 163 2059 et
186 2029 371 2058 Nativitatis
388 2029 496 2059 beatae
518 2029 639 2059 Mariae
661 2029 899 2066 festivitatibus,
928 2040 981 2069 per
997 2035 1065 2061 octo

53 2082 126 2112 «dies
150 2082 336 2112 festivitates
356 2083 441 2121 ipsas
464 2083 648 2112 immediate
672 2088 841 2122 sequentes
865 2088 894 2113 et
916 2085 949 2113 in
971 2085 1065 2114 anni-

60 2136 198 2166 versario
214 2136 266 2165 die
284 2136 491 2165 dedicationis
515 2136 658 2174 ejusdem
681 2136 832 2167 ecclesiae
852 2137 1062 2167 visitaverint.

101 2202 116 2218 «
128 2190 228 2228 Virga
237 2190 462 2220 venustissima
478 2194 545 2220 et...
556 2207 594 2211 —
608 2190 679 2220 Dat.
694 2191 778 2229 apud
791 2191 1063 2227 Urbemveterem,

55 2251 93 2272 111
109 2251 211 2273 nonas
222 2243 318 2281 julii,
336 2251 422 2273 anno
439 2243 541 2274 tertio.
561 2255 574 2270 »

632 2324 758 2357 Orvieto,
776 2326 792 2353 6
803 2326 898 2360 juillet
915 2325 992 2352 1290.

99 2387 138 2417 In
156 2396 184 2417 e.
205 2396 248 2417 m.
269 2387 401 2417 eisdem.
430 2388 572 2418 Eandem
598 2388 834 2427 indulgentiam
857 2388 1000 2418 concedit
1020 2388 1064 2418 eis

55 2441 115 2480 -qui
138 2440 305 2471 ecclesiam
324 2464 342 2471 ..
360 2441 481 2471 abbatis
500 2445 531 2471 et
552 2446 728 2472 conventus
749 2441 938 2472 monasterii
956 2441 1065 2471 Sancti

61 2493 189 2524 Eusebii
213 2497 300 2524 extra
324 2503 431 2524 muros
459 2494 571 2524 famosi
595 2495 690 2524 castri
716 2495 890 2533 Sagnonis,
915 2494 1065 2533 Aptensis

54 2546 231 2584 dioecesis,
249 2547 284 2576 in
301 2547 438 2585 singulis
457 2547 489 2577 S.
508 2548 639 2577 Eusebii
657 2548 820 2587 martyris,
843 2548 876 2577 in
895 2548 986 2585 cujus
1004 2547 1063 2577 ho-

61 2608 171 2630 norem
198 2599 276 2630 haec
300 2600 433 2630 ecclesia
460 2605 642 2631 constructa
666 2605 728 2638 est,
755 2605 784 2631 et
812 2605 938 2631 sanctae
961 2600 1064 2630 crucis

61 2651 281 2683 festivitatibus
295 2677 304 2692 ‚
323 2663 378 2692 per
394 2658 462 2683 octo
484 2654 552 2684 dies
576 2654 761 2684 festivitates
781 2654 865 2692 ipsas
881 2653 1065 2683 immediate

62 2709 230 2744 sequentes
255 2707 285 2736 et
312 2707 345 2735 in
374 2706 597 2737 anniversario
620 2706 671 2736 die
692 2706 900 2736 dedicationis
921 2705 1064 2744 ejusdem

56 2758 214 2789 ecclesiae
229 2759 438 2789 visitaverint.

102 2823 116 2838 ι
132 2811 205 2842 Vite
228 2813 409 2851 perempnis
431 2812 570 2851 gloria...
593 2829 632 2835 —
653 2813 724 2842 Dat.
747 2813 831 2851 apud
852 2812 1063 2843 Urbemvete-

59 2872 149 2901 rem,
169 2874 190 2894 11
204 2874 304 2895 nonas
319 2865 414 2905 julii,
431 2874 516 2896 auno
532 2866 633 2896 tertio.
654 2878 667 2893 n

633 2946 759 2979 Orvieto,
777 2947 791 2972 7
804 2947 899 2981 juillet
915 2946 992 2973 1290.

100 3007 139 3037 In
162 3017 189 3038 e.
208 3017 251 3037 m.
277 3009 408 3039 eisdem.
431 3009 573 3039 Eandem
594 3009 830 3047 indulgentiam
854 3008 999 3039 concedit
1020 3008 1064 3038 eis

55 3059 119 3098 qui
133 3060 286 3099 capellam
302 3061 419 3092 nobilis
440 3062 502 3092 viri
518 3062 608 3092 ducis
629 3062 835 3100 Burgundiae
850 3061 888 3091 de
909 3061 1062 3097 Divione,

1148 451 1186 479 ad
1201 459 1366 481 romanam
1384 452 1546 483 ecclesiam
1563 454 1652 485 nullo
1668 456 1772 485 medio
1788 457 2014 494 pertinentem,
2032 457 2064 485 in
2082 457 2147 487 Pu-

1147 503 1350 541 rificationiS,
1369 508 1649 544 Annuntiationis,
1666 510 1905 547 Assumptionis
1922 514 1951 539 et
1966 510 2147 539 Nativitatis

1147 556 1256 586 beatae
1281 558 1399 587 Mariae
1424 564 1453 588 et
1474 560 1505 589 S.
1529 561 1689 591 Johannis
1706 562 1938 600 Evangelistae,
1956 564 1989 592 in
2012 572 2147 602 quorum

1147 608 1301 639 honorem
1330 611 1448 650 capella
1474 619 1653 644 constructa
1680 620 1740 652 est,
1774 616 2010 653 festivitatibus,
2039 617 2147 646 visita-

1147 663 1262 693 verint.

1190 727 1203 741 α
1218 716 1289 745 Vite
1301 719 1482 756 perempnis
1496 718 1631 756 gloria...
1644 721 1762 750 —Dat.
1775 722 1859 760 apud
1873 722 2146 758 Urbemveterem‚

1148 769 1243 798 nonis
1257 769 1344 808 julii,
1361 779 1446 801 anno
1463 773 1562 802 tertio.
1580 784 1593 798 »

1721 839 1846 871 Orvieto,
1861 842 1875 866 7
1889 841 1983 874 juillet
2001 841 2076 868 1290.

1191 898 1227 926 In
1247 907 1274 927 e.
1295 907 1338 927 m.
1363 899 1493 928 eisdem.
1520 900 1759 938 Indulgentiam
1784 903 1916 931 eandem
1939 904 2080 933 concedit
2104 904 2149 933 eis

1148 950 1204 988 qui
1233 951 1397 980 ecclesiam
1427 953 1533 982 Sancti
1564 953 1735 991 Baldulphi
1765 954 1803 984 de
1834 955 2008 994 Beligneyo
2039 957 2149 986 subtus

1150 1003 1302 1038 Belnam,
1321 1004 1476 1033 Ednensis
1498 1005 1668 1041 dioecesis,
1686 1007 1719 1035 in
1735 1008 1836 1036 sancti
1854 1008 2038 1046 Baldulpbi,
2057 1010 2150 1047 cujus

1148 1064 1261 1094 corpus
1280 1057 1399 1087 ibidem
1423 1059 1609 1096 requiescit,
1631 1064 1659 1088 et
1683 1059 1715 1087 in
1740 1060 1992 1097 Purificationis,
2012 1062 2150 1091 Annun-

1149 1110 1305 1146 tiationis,
1324 1111 1563 1149 Assumptionis
1580 1116 1610 1141 et
1626 1112 1806 1142 Nativitatis
1822 1113 1930 1142 beatae
1950 1114 2080 1149 Mariae,
2099 1115 2151 1144 eui

1149 1162 1246 1193 altare
1263 1164 1297 1192 in
1314 1164 1424 1193 eadem
1441 1164 1575 1194 ecclesia
1590 1170 1806 1195 constructum
1824 1171 1885 1202 est,
1908 1167 2148 1204 festivitatibus,

1149 1216 1359 1246 visitaverint.

1190 1282 1201 1295 «
1225 1269 1295 1298 Vite
1312 1271 1494 1308 perempnis
1512 1270 1649 1308 gloria...
1667 1288 1705 1292 —
1726 1272 1794 1301 Dat.
1815 1276 1847 1301 ut
1863 1281 1967 1311 supra.
1986 1285 1997 1299 ι

1713 1352 1843 1385 Orvieto,
1862 1353 1876 1379 3
1889 1353 1983 1387 juillet
2004 1353 2079 1380 1290.

1188 1413 1227 1442 In
1249 1422 1276 1444 e.
1300 1422 1343 1444 m.
1366 1436 1385 1442 ..
1409 1415 1577 1452 priorissae
1598 1420 1626 1444 et
1646 1416 1817 1445 conventui
1839 1416 1996 1453 prioratus
2020 1416 2058 1446 de
2077 1416 2150 1446 Bol-

1149 1466 1238 1505 leyo,
1258 1467 1379 1497 ordinis
1403 1467 1434 1496 S.
1460 1468 1640 1504 Benedicti,
1663 1469 1858 1498 Turonensis
1883 1469 2046 1498 dioecesis.
2068 1469 2151 1498 Ean-

1149 1519 1221 1549 dem
1255 1520 1491 1558 indulgentiam
1523 1521 1666 1550 concedit
1695 1522 1739 1550 eis
1769 1523 1821 1560 qui
1855 1522 2018 1551 ecclesiam
2056 1522 2151 1560 huJus

1149 1574 1304 1612 prioratus
1325 1599 1331 1611 ,
1365 1576 1397 1604 in
1430 1575 1584 1604 honorem
1615 1575 1647 1604 S.
1684 1575 1817 1613 Sulpicii
1851 1576 2040 1605 confessoris
2073 1584 2150 1605 con-

1149 1632 1313 1665 structam,
1331 1628 1366 1657 in
1381 1628 1518 1666 singulis
1533 1629 1675 1667 ejusdem
1691 1629 1880 1658 confessoris
1896 1633 1926 1658 et
1942 1629 1974 1658 S.
1990 1629 2150 1658 Johannis

1151 1681 1311 1720 Baptistae
1327 1681 1566 1715 festivitatibus,
1587 1686 1617 1710 et
1634 1691 1688 1720 per
1704 1686 1772 1712 octo
1788 1682 1854 1711 dies
1869 1682 2053 1711 festivitates
2066 1681 2150 1719 ipsas

1149 1735 1334 1765 immediate
1349 1740 1530 1773 sequentes,
1545 1736 1756 1765 visitaverint.
1769 1735 1839 1765 Dat.
1854 1736 1935 1774 apud
1946 1735 2148 1765 Urbemvete-

1149 1798 1234 1826 rem,
1252 1798 1273 1818 v
1289 1789 1491 1827 nonasjulii,
1510 1797 1595 1819 anno
1613 1789 1715 1819 tertio.

1722 1870 1846 1901 Orvieto,
1866 1871 1879 1896 7
1893 1870 1985 1904 juillet
2003 1869 2077 1897 1290.

1189 1933 1227 1962 In
1244 1941 1271 1961 e.
1289 1941 1332 1961 m.
1352 1932 1510 1962 universis
1523 1932 1639 1962 Christi
1654 1932 1800 1962 fidelibus
1817 1936 1874 1962 etc.
1894 1931 2152 1962 Eandeminslul-

1149 1985 1289 2022 gentiam
1309 1985 1453 2015 concedit
1469 1985 1512 2014 eis
1534 1985 1588 2024 qui
1614 1985 1780 2015 ecclesiam
1802 1985 1933 2015 fratrum
1955 1986 2075 2015 ordinis
2094 1986 2152 2014 mi-

1149 2047 1264 2068 norum
1281 2038 1389 2068 Sancti
1407 2038 1526 2076 Angeli
1547 2038 1684 2077 papalis,
1700 2039 1733 2067 in
1749 2039 1885 2076 singulis
1905 2039 2014 2068 beatae
2031 2038 2152 2067 Mariae

1149 2096 1179 2121 et
1196 2096 1377 2121 sanctorum
1392 2092 1551 2121 Francisci
1568 2098 1597 2121 et
1614 2093 1746 2122 Antonii
1763 2093 1977 2122 confessorum
1996 2092 2149 2121 festivita-

1150 2146 1251 2182 tibus,
1274 2150 1304 2175 et
1328 2155 1383 2184 per
1404 2149 1472 2175 octo
1498 2145 1564 2175 dies
1585 2145 1770 2175 festivitates
1792 2146 1876 2184 ipsas
1898 2145 2080 2174 immediate
2099 2153 2150 2174 se—

1148 2203 1292 2236 quentes.
1319 2199 1391 2227 Dat.
1417 2198 1498 2236 apud
1530 2198 1807 2234 Urbemveterem,
1837 2199 1930 2228 nonis
1950 2198 2039 2236 julii,
2067 2205 2152 2226 anno

1150 2252 1240 2281 tertio
1258 2252 1408 2291 (Porri-1„
1428 2251 1549 2290 23309).

1188 2305 1226 2334 In
1254 2313 1280 2334 e.
1315 2313 1371 2341 m.,
1405 2313 1459 2343 pro
1484 2304 1615 2334 ecclesia
1644 2305 1777 2334 fratrum
1809 2305 1969 2334 minorum
2005 2303 2151 2334 Urbinati

1146 2357 1261 2397 (Ibat).

1187 2412 1226 2440 In
1242 2421 1268 2441 e.
1287 2420 1344 2447 m.,
1363 2419 1418 2450 pro
1436 2411 1570 2440 ecclesia
1584 2411 1720 2441 fratrum
1737 2412 1899 2441 minorum
1917 2411 1955 2440 de
1972 2411 2146 2446 Fabriano,

1147 2464 1385 2495 Camerinensis
1401 2464 1553 2493 dioecesis
1569 2464 1683 2503 (Ibat).

1187 2518 1225 2547 In
1243 2526 1269 2547 e.
1288 2526 1343 2553 m.,
1363 2526 1418 2555 pro
1436 2516 1568 2546 ecclesia
1588 2517 1722 2546 fratrum
1745 2518 1906 2546 minorum
1928 2517 1965 2546 de
1985 2518 2148 2552 Durante,

1148 2571 1315 2601 Urbinatis
1334 2570 1488 2600 dioecesis
1504 2570 1612 2608 (Ibid.;
1632 2570 1768 2607 Porm,
1786 2570 1902 2607 23:309).

1188 2624 1225 2653 In
1238 2632 1264 2652 e.
1283 2632 1340 2659 m.,
1358 2631 1413 2661 pro
1427 2623 1560 2652 eeclesia
1577 2623 1712 2652 fratrum
1727 2623 1889 2652 minerum
1906 2622 1944 2651 de
1960 2622 2040 2660 Ripa
2053 2622 2148 2651 Tran-

1148 2677 1253 2712 sonis,
1274 2677 1443 2706 Firmanae
1462 2676 1625 2706 dioecesis.

1188 2730 1226 2759 In
1243 2739 1270 2759 e.
1289 2738 1344 2764 m.,
1362 2737 1417 2766 pro
1432 2728 1565 2758 ecclesia
1581 2728 1715 2758 fratrum
1733 2728 1896 2757 minorum
1913 2728 2148 2758 Camerinensi.

1188 2783 1225 2812 In
1249 2792 1275 2812 e.
1300 2791 1356 2817 m.,
1385 2790 1439 2820 pro
1464 2781 1597 2811 ecclesia
1619 2781 1754 2810 fratrum
1777 2781 1940 2810 minorum
1962 2781 2000 2810 de
2023 2781 2149 2818 Offida,

1148 2836 1319 2865 Firmanae
1334 2834 1498 2865 dioecesis.

1718 2886 1844 2920 Orvieto,
1862 2887 1876 2913 8
1889 2887 1983 2921 juillet
2002 2887 2077 2914 1290.

1188 2952 1227 2980 In
1244 2960 1271 2980 e.
1292 2959 1335 2979 m.
1360 2949 1517 2979 universis
1540 2949 1662 2979 Christi
1681 2949 1828 2979 fidelibus
1852 2953 1909 2980 etc.
1934 2950 2075 2980 Eandem
2098 2951 2150 2980 in-

1149 3003 1348 3041 dulgentiam
1372 3002 1515 3032 concedit
1542 3003 1586 3031 eis
1612 3002 1666 3040 qui
1689 3002 1854 3032 ecclesiam
1875 3002 1982 3032 Sancti
2007 3004 2090 3033 Petri
2113 3004 2151 3033 de

1151 3057 1314 3094 Suguino,
1341 3055 1581 3085 Terracinensis
1610 3055 1783 3093 dioecesis,
1813 3055 1847 3084 i11
1877 3056 2012 3094 singulis
2043 3057 2151 3087 beatae
