2342 3652
914 363 1144 400 TROISIEME
1165 364 1325 400 ANNEE.

77 441 181 481 quiter
194 438 278 468 inire
295 435 498 476 presumpsit,
515 439 631 465 terram
646 436 748 475 ipsius
764 436 965 467 Coloniensis
980 438 1078 468 eccle-

79 495 126 525 sie
144 501 217 523 cum
241 494 437 521 armatorum
461 488 668 519 multitudine
693 489 851 520 hostiliter
879 491 1079 528 postmodum

78 544 269 578 invadendo.
286 543 431 581 Cumque
443 542 583 580 prefatus
602 542 801 578 Walramus,
826 552 897 573 cum
915 543 1079 582 complici-

79 601 138 632 bus
153 602 184 629 et
203 596 378 627 fautoribus
401 594 608 633 supradictis,
629 599 768 624 castrum
794 596 964 631 Worinch,
986 606 1080 636 prope

79 651 243 684 Coloniam
258 649 478 683 constitutum,
497 651 526 677 et
541 647 581 676 ad
596 647 731 677 eandem
745 647 970 678 Colonieusem
984 649 1082 678 eccle-

80 706 160 736 siam
176 702 340 742 pertinens
353 724 361 738 ‚
381 701 480 730 artius
501 700 690 736 obsedisset,
712 702 925 739 possessiones
946 706 975 731 et
1000 703 1082 732 bona

79 758 178 798 ipsius
203 756 237 785 in
266 754 502 792 circumpositis
527 754 735 783 consistentia
768 754 908 793 partibus
935 756 1082 793 nequiter

80 809 262 850 dissipando
271 831 280 845 ,
296 808 423 847 aliaque
435 807 575 845 dampna
588 807 760 845 irrogando
772 807 882 845 gravia
897 807 1083 837 Coloniensi

83 863 212 896 ecclesie
227 861 421 901 supradicte,
448 861 587 899 prefatus
611 860 866 899 archiepiscopus
889 861 1081 898 intendens,

81 915 338 958 proutspectabat
351 914 390 944 ad
402 923 487 951 eum,
504 914 610 952 pravis
623 913 754 944 illorum
766 914 930 944 conatibus
941 915 1080 950 obviare,

82 979 154 1001 cum
172 968 274 1008 ipsius
289 967 421 998 ecclesie
436 967 636 997 Coloniensis
652 966 812 1001 vassallis,
835 968 890 1006 qui
911 968 971 997 sibi
990 977 1084 1007 super

81 1023 140 1054 hoc
161 1021 374 1052 favorabiliter
398 1020 606 1056 assistebant,
631 1024 741 1050 contra
760 1020 973 1058 Walramum,
997 1029 1083 1051 com-

81 1076 179 1117 plices
194 1080 224 1105 et
238 1075 375 1105 fautores
391 1074 516 1104 eosdem
536 1073 649 1108 exivit,
675 1073 737 1108 eis,
761 1078 853 1112 prout
876 1078 1013 1113 poterat,
1035 1083 1084 1104 re-

66 1128 232 1165 sistendo,
257 1127 326 1167 qui,
345 1127 604 1167 adversariorum
627 1126 810 1165 prevalente
834 1128 985 1166 potentia,
1012 1136 1085 1157 cum

82 1181 248 1214 nonnullis
263 1181 410 1220 prelatis,
435 1180 578 1216 clericis,
605 1180 794 1216 comitibus,
816 1180 1007 1217 baronibus,
1028 1190 1085 1211 no-

82 1235 212 1272 bilibus,
230 1222 386 1264 militibus
401 1237 432 1263 et
448 1233 520 1263 aliis
538 1233 640 1269 laicis,
655 1232 800 1262 vassallis
820 1237 849 1262 et
865 1233 1085 1263 ministeriali-

59 1314 67 1319 .
81 1290 141 1320 bus
154 1293 291 1328 pretacte
306 1287 509 1318 Coloniensis
525 1286 668 1322 ecclesie,
684 1286 739 1325 qui
755 1287 789 1316 in
805 1287 948 1325 ejusdem
965 1287 1084 1316 archie-

82 1342 202 1384 piscopi
220 1341 379 1372 auxilium
401 1344 576 1376 venerant,
606 1346 715 1378 captus
737 1340 797 1369 fuit
823 1346 852 1369 et
874 1340 1086 1370 carceralibus

82 1395 219 1427 vinculis
238 1395 458 1433 mancipatus,
482 1394 622 1432 dictique
640 1393 824 1423 Walramus
837 1416 845 1430 ,
871 1394 1039 1432 complices
1058 1398 1087 1423 et

81 1449 236 1484 fautores,
254 1447 388 1477 eandem
407 1446 633 1477 Coloniensem
650 1445 815 1475 ecclesiam
833 1446 867 1474 in
885 1446 1088 1484 possessioni-

82 1502 142 1533 bus
153 1501 286 1531 ethonis
300 1500 402 1539 ipsius
412 1498 634 1537 multipliciter
644 1499 870 1537 opprimentes,
883 1508 917 1528 ac
931 1499 1088 1537 prefatum

84 1555 123 1585 de
147 1553 302 1583 Werinch
324 1552 394 1592 (sic)
417 1557 446 1582 et
466 1552 604 1591 quedam
628 1551 690 1581 alia
713 1555 815 1581 castra
838 1556 867 1581 et
893 1552 1089 1581 munitiones

83 1608 184 1647 ipsius
202 1606 334 1637 ecclesie
350 1615 405 1644 per
423 1605 610 1636 violentiam
626 1609 862 1644 expugnantes,
881 1605 1037 1635 nonnulla
1054 1614 1089 1634 ex

84 1661 151 1692 illis
165 1660 312 1691 funditus
330 1659 566 1695 destruxerunt,
583 1663 722 1688 castrum
736 1667 809 1688 vero
824 1658 862 1687 de
879 1658 1011 1696 Tulpeto
1023 1667 1092 1696 pre-

86 1715 168 1745 fatus
192 1713 394 1749 Walramus,
420 1721 493 1742 cum
519 1711 685 1742 nonnullis
710 1711 782 1741 aliis
807 1712 918 1748 bonis,
941 1711 1089 1750 juribus,

87 1767 281 1804 redditibus,
306 1765 393 1796 villis
414 1769 444 1795 et
464 1765 741 1804 jurisdictionibus
765 1765 867 1804 ipsius
890 1764 1092 1795 Coloniensis

87 1808 218 1853 ecclesie
241 1824 359 1850 temere
374 1819 540 1858 occupavit
563 1822 593 1848 et
613 1818 734 1848 detinet
755 1823 916 1856 occupata.
936 1818 1017 1847 Cum
1035 1828 1091 1848 au-

87 1879 152 1906 tem
166 1874 323 1914 prefatum
337 1872 614 1911 archiepiscopum
629 1880 665 1900 ac
683 1871 858 1901 nonnullos
875 1880 910 1900 ex
923 1871 1051 1909 prelatis
1064 1876 1093 1901 et

87 1927 159 1958 aliis
179 1926 368 1965 supradictis
383 1926 524 1965 prefatus
546 1924 751 1960 Walramus,
776 1933 848 1954 cum
866 1925 985 1954 eisdem
1006 1933 1092 1954 com-

88 1980 223 2021 plicibus
240 1984 272 2010 et
286 1979 461 2009 fautoribus
475 1978 561 2014 suis,
578 1978 617 2008 ab
634 1977 821 2015 hujusmodi
837 1987 961 2007 carcere
976 1977 1093 2007 libera-

86 2034 147 2069 rit,
161 2033 378 2073 corporalibus
392 2037 499 2062 tamen
513 2032 552 2062 ab
568 2031 678 2061 eodem
697 2031 934 2070 archiepiscopo
950 2040 985 2060 ac
997 2031 1092 2060 etiam

87 2088 126 2118 ab
149 2087 220 2117 aliis
245 2086 432 2126 hujusmodi
457 2085 600 2115 liberatis
624 2084 762 2123 prestitis
788 2085 981 2123 juramentis
1009 2084 1093 2123 quod

87 2150 181 2181 super
195 2139 362 2180 premissis
381 2144 411 2169 et
429 2139 503 2168 aliis
519 2135 615 2168 etiam
632 2138 761 2177 inJuriis
779 2142 810 2167 et
824 2138 973 2176 dampnis
990 2138 1046 2167 sibi
1064 2142 1093 2167 et

88 2194 219 2224 ecclesie
239 2202 276 2223 ac
295 2192 425 2231 prelatis
440 2197 470 2222 et
485 2191 559 2221 aliis
580 2192 726 2230 pretactis
742 2191 840 2221 illatis
859 2191 896 2220 de
910 2191 1091 2228 Walramo,
1119 2231 1121 2233 ι

89 2247 295 2287 complicibus
311 2250 342 2277 et
361 2245 539 2276 fautoribus
555 2245 747 2283 supradictis
765 2245 1002 2284 querimoniam
1018 2244 1093 2274 nul-

87 2300 152 2331 lam
182 2300 358 2339 deponere,
389 2308 448 2329 nec
474 2299 558 2337 ipsos
585 2303 639 2328 aut
664 2307 774 2328 eorum
806 2298 945 2336 aliquem
977 2297 1094 2328 moles—

90 2359 168 2391 tare,
186 2362 246 2384 nec
268 2354 440 2393 impetrare
461 2352 582 2382 litteras
605 2352 791 2391 apostolicas
809 2356 918 2382 contra
942 2352 1026 2390 ipsos
1044 2351 1094 2381 vel

88 2407 228 2447 aliquem
243 2407 430 2438 eorumdem
443 2430 452 2444 ,
469 2415 573 2445 neque
590 2406 770 2445 impetratis
792 2407 837 2436 uti
858 2405 1095 2445 quomodolibet
1118 2406 1122 2409 '

90 2465 314 2501 procurarent;
331 2464 362 2490 et
376 2460 460 2499 quod
475 2459 638 2499 quandam
652 2459 787 2497 pecunie
804 2468 963 2489 summam
977 2483 982 2494 ,
996 2467 1093 2496 quam

90 2513 279 2551 Wulramo,
306 2513 514 2552 complicibus
532 2516 562 2542 et
579 2512 757 2543 fautoribus
775 2512 935 2551 prelibatis
959 2520 1013 2550 pro
1032 2512 1095 2541 hu-

89 2566 231 2606 jusmodi
260 2566 452 2596 liberatione
475 2565 690 2604 predictorum
716 2565 838 2595 solvere
867 2566 1094 2604 promiserunt,

90 2618 249 2650 nonnulla
279 2619 358 2658 ipsis
386 2623 553 2658 propterea
581 2623 706 2654 castra,
733 2618 948 2654 munitiones,
982 2617 1094 2652 villas,

90 2676 189 2703 terras
200 2697 207 2710 ,
224 2672 456 2712 possessiones,
469 2672 543 2711 jura
557 2696 563 2707 ,
578 2671 819 2710 jurisdictiones
835 2675 864 2700 et
883 2670 1017 2709 quedam
1035 2670 1097 2699 alia

91 2725 190 2763 bona,
216 2729 280 2756 tam
306 2726 450 2765 ejusdem
477 2725 679 2755 Coloniensis
707 2725 836 2755 ecclesie
861 2733 957 2763 qnam
980 2724 1096 2753 libera-

93 2782 197 2810 torum
222 2779 384 2818 ipsorum,
408 2778 644 2808 nichilominus
671 2778 858 2815 obligando,
886 2786 948 2807 uon
976 2781 1096 2815 repete-

93 2837 163 2863 rent
189 2833 229 2862 ab
253 2833 301 2862 eis
326 2832 376 2862 vel
403 2831 512 2870 aliquo
539 2831 742 2868 eorumdem,
773 2831 854 2860 datis
884 2835 1009 2869 propter
1041 2830 1098 2859 hoc

93 2886 138 2915 eis
163 2885 203 2916 ab
228 2887 296 2925 ipso
325 2885 562 2924 archiepiscopo
589 2893 625 2914 ac
651 2884 793 2914 liberatis
819 2884 938 2913 eisdem
968 2883 1097 2921 quibus-

94 2939 167 2968 dam
184 2939 440 2978 fidejussoribus,
458 2938 608 2967 confectis
624 2937 740 2967 litteris
756 2942 785 2966 et
803 2936 1043 2968 instrumentis.
1064 2944 1098 2965 ac

94 2992 370 3031 promissionibus,
389 2991 652 3027 alienationibus,
671 2990 962 3020 renuntiationibus
979 2993 1008 3018 et
1023 2988 1100 3019 obli-

55 3047 58 3049 ’
93 3044 276 3082 gatiouihus
291 3044 426 3074 diversis
440 3048 470 3074 et
488 3044 585 3074 variis
600 3043 777 3073 subsecutis
793 3047 822 3072 et
834 3051 986 3081 penarum
1004 3042 1096 3075 etiarn

2107 372 2165 402 47⁷

1161 435 1339 474 adjectione
1371 436 1534 467 vallatis...
1572 437 1727 474 Quocirca
1752 438 1942 468 fraternitati
1972 442 2074 469 vestre
2109 448 2165 478 per

1159 488 1327 526 apostolica
1353 490 1469 528 scripta
1489 491 1523 520 in
1551 492 1667 521 virtute
1688 491 1868 521 obedientie
1894 492 2035 522 districte
2060 493 2164 531 preci-

1160 541 1276 579 piendo
1305 543 1496 573 mandamus
1529 546 1680 583 quatinus
1716 551 1908 576 memoratos
1941 545 2165 583 Walramum,

1161 594 1330 633 complices
1346 600 1376 625 et
1391 596 1543 633 fautores,
1571 598 1654 636 quod
1672 598 1807 636 prelatos
1819 623 1826 635 ,
1846 598 1976 629 clericos
1989 623 1996 635 ,
2021 600 2163 637 comites,

1160 646 1295 677 barones
1307 653 1336 678 et
1351 648 1430 679 alios
1442 651 1648 688 supradictos,
1665 660 1743 690 quos
1753 652 1858 682 adhuc
1873 653 2011 691 captivos
2023 653 2167 683 detinere

1161 699 1323 732 dicuntur.
1343 702 1477 732 reddant
1494 704 1627 741 pristine
1647 704 1805 741 libertati,
1824 710 1886 735 tam
1908 706 2049 736 liberatis
2069 715 2167 745 quam

1162 752 1337 784 liberandis
1374 755 1560 794 hujusmodi
1595 757 1686 786 bonis
1724 759 1874 788 omnibus
1909 759 1969 789 hac
2003 760 2168 791 occasione

1162 805 1274 835 ablatis
1293 811 1322 836 et
1338 808 1466 837 extortis
1477 809 1596 838 eisdem
1610 809 1733 847 integre
1745 811 1909 846 restitutis,
1927 812 2166 852 archiepiscopo

1163 867 1238 888 vero
1257 864 1287 888 et
1309 860 1440 890 ecclesie
1458 861 1643 891 Coloniensi
1663 863 1812 900 predictis
1828 873 1954 894 necnon
1979 866 2168 903 sequacibus

1164 921 1275 942 eorum
1290 914 1464 952 prenotatis
1482 915 1520 944 de
1536 915 1684 954 dampnis
1701 921 1729 945 et
1750 917 1881 955 injuriis
1899 918 1974 956 ipsis
1994 918 2122 956 plenam
2138 923 2169 949 et

1164 965 1305 995 debitam
1324 967 1571 997 satisfactionem
1587 968 1795 1006 impendant,
1813 979 1848 999 ac
1867 971 1911 999 eis
1934 971 2111 1008 predictum
2130 972 2169 1002 de

1165 1019 1297 1057 Tulpeto
1312 1024 1341 1049 et
1356 1019 1419 1049 alia
1434 1025 1535 1050 castra
1548 1043 1556 1056 ,
1572 1021 1769 1052 munitiones
1785 1027 1815 1052 et
1830 1023 1913 1052 bona
1928 1023 2066 1061 predicte
2081 1023 2167 1054 Colo—

1166 1073 1287 1102 niensis
1301 1073 1433 1103 ecclesie
1449 1082 1485 1103 ac
1501 1083 1612 1104 eorum
1627 1075 1807 1113 sequatium
1820 1075 1859 1105 ab
1875 1076 1920 1105 eis
1932 1076 1990 1105 hac
2006 1077 2171 1106 occasione

1166 1125 1293 1155 detenta
1313 1129 1342 1155 et
1363 1126 1459 1155 etiam
1480 1131 1645 1165 occupata,
1672 1127 1794 1157 sublata
1814 1128 1955 1166 qualibet
1971 1128 2169 1166 difficultate,

1167 1179 1354 1215 restituant,
1374 1179 1550 1209 monitione
1568 1181 1736 1218 premissa,
1755 1190 1809 1219 per
1831 1182 2171 1212 excommunicationis

1167 1232 1202 1260 in
1217 1240 1368 1270 personas
1383 1236 1413 1261 et
1429 1237 1526 1262 terras
1543 1241 1651 1262 eorum
1666 1233 1829 1263 interdicti
1843 1236 2027 1269 sententias,
2046 1244 2172 1265 necnon

1169 1290 1199 1313 et
1225 1294 1279 1323 per
1304 1285 1472 1315 feudorum
1498 1286 1708 1324 privationem
1732 1287 1947 1325 quorumlibet
1967 1297 2028 1327 que
2051 1289 2091 1318 ab
2118 1297 2172 1318 ea-

1169 1337 1242 1366 dem
1259 1337 1444 1367 Coloniensi
1460 1342 1489 1367 et
1504 1339 1698 1377 quibuslibet
1717 1339 1788 1368 aliis
1805 1340 1946 1370 ecclesiis
1964 1346 1994 1370 et
2012 1347 2174 1372 monaste-

1170 1391 1226 1419 riis
1242 1395 1348 1420 tenere
1363 1396 1549 1427 noscuntur,
1567 1400 1602 1421 ac
1617 1391 1695 1421 alias
1711 1393 1805 1421 etiam
1823 1402 1930 1431 penas.
1943 1394 1981 1423 de
1995 1395 2110 1433 quibus
2125 1396 2174 1424 vi-

1171 1443 1280 1473 deritis
1297 1443 1465 1482 expedire,
1486 1448 1516 1473 et
1533 1444 1708 1482 spetialiter
1725 1445 1880 1483 prefatum
1900 1446 2100 1477 Walramnm
2120 1457 2174 1486 per

1171 1496 1383 1535 privationem
1409 1497 1605 1535 prepositure
1627 1507 1683 1527 sue
1701 1507 1797 1535 quam
1823 1499 1856 1527 in
1881 1499 2019 1537 predicta
2042 1500 2175 1530 ecclesia

1173 1550 1287 1579 Sanc-te
1303 1550 1404 1579 Marie
1426 1551 1569 1580 obtinere
1594 1551 1779 1587 dinoscitur,
1802 1552 2012 1591 appellatione
2035 1558 2175 1590 remota,

1172 1612 1227 1633 vos
1243 1603 1294 1632 vel
1309 1602 1390 1632 alter
1404 1607 1545 1633 vestrum
1557 1627 1565 1640 ,
1589 1613 1643 1642 per
1659 1613 1713 1633 vos
1737 1604 1786 1634 vel
1808 1614 1863 1643 per
1886 1605 1987 1635 alium
2004 1615 2058 1635 sen
2074 1605 2153 1635 alios
2169 1630 2175 1641 ‚

1173 1656 1364 1695 compellere
1387 1657 1551 1686 studeatis.
1572 1657 1644 1687 Non
1664 1658 1864 1687 obstantibus
1887 1659 2176 1698 supradictisjura·

1174 1710 1304 1747 mentis,
1316 1710 1621 1748 promissionibus..
1636 1711 1784 1741 Invocato
1796 1711 1835 1740 ad
1851 1711 1920 1745 hoc.
1935 1713 1959 1740 si
1977 1720 2054 1750 opus
2068 1713 2176 1750 fuerit,

1173 1764 1292 1794 auxilio
1309 1763 1430 1793 brachii
1448 1763 1610 1793 secularis.
1628 1765 1698 1794 Dat.
1716 1764 1799 1803 apud
1818 1765 2094 1796 Urbemveterem,
2116 1766 2178 1795 idi-

1174 1817 1233 1847 bus
1246 1817 1348 1856 Junii,
1368 1825 1453 1847 anno
1470 1817 1570 1846 tertio.
1592 1829 1605 1843 »

1248 2003 1373 2044 εεεειιθ

1210 2065 1395 2100 Dispensatio
1412 2067 1595 2103 matrimonii.
1613 2065 1696 2099 (Rae.
1713 2067 1761 2098 45,
1778 2075 1803 2092 c.
1821 2066 1885 2097 377,
1904 2067 1921 2093 f.
1940 2067 1972 2093 5¹]
1989 2070 2038 2099 vo.)

1731 2003 1857 2035 Orvieto,
1878 2004 1907 2030 15
1920 2005 2014 2039 juillet
2033 2005 2108 2032 1290.

1222 2168 1390 2197 Venerabili
1410 2169 1505 2204 fratri
1523 2191 1542 2196 ..
1561 2169 1735 2205 patriarche
1754 2170 1955 2205 Antiocheae,
1977 2171 2179 2199 administra-

1177 2223 1236 2250 tori
1253 2222 1369 2250 ecclesie
1385 2221 1559 2256 Januensz's,
1581 2226 1606 2250 e!
1627 2243 1647 2250 ..
1670 2223 1888 2259 archiepiscopo
1911 2223 2079 2252 Ravennati
2097 2232 2182 2254 com-

1176 2273 1274 2302 mittit
1289 2278 1445 2312 quatenus
1459 2282 1531 2303 cum
1547 2274 1712 2310 Jacobino,
1729 2280 1801 2304 nato
1816 2275 1932 2305 nobilis
1944 2276 2003 2304 viri
2016 2276 2182 2306 Guillelmi

1177 2326 1255 2356 dicti
1278 2327 1382 2356 Ruhei
1397 2326 1436 2356 de
1454 2327 1589 2363 Parma,
1614 2332 1643 2357 et
1662 2327 1857 2365 Fliscarina,
1882 2334 1955 2358 nata
1982 2329 2098 2359 nobilis
2120 2329 2183 2359 viri

1178 2379 1333 2409 Andreoli
1352 2380 1390 2408 de
1412 2379 1534 2416 Fhsco,
1553 2380 1677 2409 civibus
1697 2381 1926 2416 Janueusibus,
1945 2382 2107 2420 dispenset
2130 2387 2180 2419 ut,

1178 2441 1241 2463 non
1255 2433 1398 2462 obstante
1409 2438 1521 2472 quarto
1533 2434 1820 2472 consanguinitatis
1834 2435 1933 2472 gradu
1947 2444 2009 2474 quo
2021 2437 2182 2474 conjuncti

1178 2492 1270 2523 sunt,
1291 2486 1330 2516 ad
1352 2486 1509 2516 sedandas
1533 2487 1720 2517 inimicitias
1744 2488 1829 2518 inter
1848 2489 2067 2526 progenitores
2091 2498 2180 2526 suos,

1178 2540 1420 2569 matrimonium
1444 2541 1631 2570 contrahere
1647 2541 1784 2571 valeant.

1221 2604 1234 2619 «
1262 2593 1355 2622 Lecta
1375 2602 1481 2622 coram
1504 2594 1634 2624 nobis...
1650 2610 1690 2616 —
1710 2595 1782 2624 Dat.
1805 2595 1888 2633 apud
1905 2595 2180 2633 Urbemveterem‚

1178 2645 1285 2675 idibus
1301 2645 1391 2683 julii,
1407 2654 1493 2675 anno
1510 2647 1611 2676 tertio.
1633 2659 1647 2673 »

1250 2823 1508 2851 2892·2893
1756 2823 1882 2857 Orvieto‚
1897 2825 1912 2852 9
1925 2826 2018 2859 juillet
2036 2825 2112 2853 1290.

1216 2885 1423 2919 Indulgentiae.
1445 2885 1523 2911 astes.
1543 2885 1586 2918 45,
1603 2894 1628 2912 c.
1646 2886 1711 2919 278,
1728 2885 1747 2911 f.
1766 2888 1798 2913 50
1815 2889 1864 2920 vo.)

1225 2987 1376 3016 Universis
1401 2987 1516 3016 Christi
1540 2988 1678 3024 fidelibus
1695 2994 1845 3025 presentes
1861 2991 1977 3019 litteras
1995 2992 2183 3029 inspecturis.

1183 3038 1423 3076 Indulgentiam
1441 3040 1537 3069 unius
1552 3041 1629 3069 anni
1647 3046 1676 3069 et
1693 3050 1730 3070 xi„
1746 3041 1870 3071 dierum
1897 3044 2041 3073 concedit
2063 3045 2109 3074 eis
2131 3046 2186 3084 qui
