2342 3652
976 358 1209 397 TROISIEME
1229 357 1386 398 ANNnE.
2166 379 2220 409 421

175 432 213 461 In
231 440 259 461 e.
280 440 324 461 m.
346 453 365 460 ..
389 430 566 460 abbatissae
585 435 615 460 et
632 432 804 461 conventui
825 433 1010 462 monasterii
1029 433 1067 463 de
1082 434 1139 463 Vi-

136 484 247 521 triaco,
261 484 479 513 Cisterciensis
494 474 629 520 ordinis,
648 484 917 514 Cathalauneusis
936 486 1098 515 dioecesis.

185 669 436 698 z4ae-2438
492 668 844 704 SainteMarie-Majcure,
866 671 895 696 15
911 678 988 697 mars
1005 670 1082 697 1290.

167 731 312 759 Get-ardus
335 730 499 757 Hilerdensi
522 731 661 757 ecclesiae
682 731 837 766 episcopus
860 732 1032 766 praeficitur.
1055 732 1136 763 (Rea.

132 781 174 812 45,
191 788 217 807 c.
233 779 278 813 68,
294 780 313 806 f.
331 780 363 806 12
379 781 427 812 1⁸⁰.)

170 882 299 912 Gerardo
314 905 320 918 ,
338 883 425 911 electo
440 882 622 911 Hz'lerdensi.
646 882 784 911 Vacante
802 882 989 912 Hilerdensi
1005 882 1138 912 ecclesia

130 942 184 974 per
197 933 318 964 obitum
333 932 386 969 G„
404 955 425 961 ..
443 933 582 962 decanus
603 937 634 963 et
651 933 841 972 capitulum,
854 942 1039 972 quanquam
1054 934 1137 963 Mar-

129 987 215 1017 tinus
231 995 310 1024 papa
325 986 392 1015 ΙΙΙΙ
409 989 438 1015 et
462 986 666 1024 postmodum
684 986 836 1016 Nicotaus
853 987 921 1016 IIII
939 987 1136 1025 provisiones

127 1039 274 1071 omnium
289 1039 495 1069 ecclesiarum
513 1039 744 1069 cathedralium
764 1040 946 1078 Aragoniae
968 1044 998 1070 et
1014 1040 1136 1070 Valen-

131 1094 191 1124 tiae
212 1102 386 1131 regnorum
407 1098 437 1122 et
459 1093 628 1123 comitatus
654 1094 926 1124 Barchinonensis
947 1094 1009 1124 sibi
1035 1103 1134 1124 reser-

73 1153 80 1157 “
130 1151 265 1183 vassent‚
285 1146 364 1176 duas
389 1145 581 1183 electiones,
612 1155 712 1176 unam
740 1147 891 1177 videlicet
916 1148 954 1177 de
980 1148 1134 1185 Hugone,

127 1199 300 1240 praeposito
324 1198 536 1235 Massiliensi,
558 1199 693 1229 alteram
721 1200 760 1229 de
789 1200 965 1230 Guillelmo
983 1200 1021 1230 de
1040 1201 1135 1230 Mon—

127 1253 307 1289 tecatheno,
333 1252 565 1282 archidiacono
589 1252 796 1290 Hilerdensi,
817 1254 976 1290 fecerunt,
1001 1254 1055 1284 sed
1077 1263 1136 1284 nec

127 1307 220 1345 Hugo
235 1315 310 1336 suae
326 1301 474 1336 electioni
495 1307 674 1343 consensit,
702 1315 762 1337 nec
785 1307 980 1337 Guillelmus
1005 1307 1134 1337 electio-

126 1368 200 1390 nem
222 1368 312 1389 suam
335 1359 483 1398 prosequi
510 1360 644 1389 curavit.
670 1360 766 1390 Nunc
794 1361 894 1397 igitur
914 1369 994 1400 papa
1016 1361 1134 1390 Gerar-

125 1413 218 1451 dum,
236 1413 460 1444 Convenarum
475 1413 628 1450 electum,
644 1414 831 1444 Hilerdensi
849 1415 1001 1444 ecclesiae
1017 1416 1135 1454 episco-

126 1476 202 1506 pum
217 1467 372 1506 praeficit.

165 1531 180 1548 «
203 1520 254 1550 Ad
272 1520 464 1550 universalis
481 1520 650 1551 ecclesie...
669 1537 709 1543 —
726 1522 796 1550 Dat.
812 1522 925 1557 Rome,
939 1522 1023 1560 apud
1035 1522 1132 1553 Sanc-

124 1577 188 1604 tam
201 1574 335 1603 Mariam
353 1574 519 1613 Maj0rem,
537 1575 645 1604 idibus
660 1576 779 1612 martii,
798 1584 884 1605 anno
903 1576 1004 1606 tertio.
1024 1588 1038 1603 »

163 1627 202 1656 In
223 1636 251 1656 e.
278 1636 322 1656 m.
348 1649 368 1657 ..
396 1627 515 1657 decano
539 1634 570 1657 et
592 1628 731 1666 capitulo
755 1628 906 1658 ecclesiae
930 1629 1132 1659 Hilerdensis

124 1680 254 1710 mandat
272 1685 429 1719 quatenus
450 1681 610 1720 praedicto
632 1681 731 1712 electo
757 1682 975 1712 obedientiam
992 1682 1132 1712 debitam

125 1733 303 1763 exhibeant.

159 1786 196 1816 In
218 1796 244 1816 e.
262 1796 305 1816 m.
323 1786 407 1817 clero
423 1787 560 1817 civitatis
578 1792 609 1817 et
625 1788 779 1818 dioecesis
797 1788 1008 1818 Hilerdensis.

159 1840 197 1870 In
216 1849 242 1869 e.
263 1849 307 1871 m.
324 1841 439 1879 populo
455 1841 597 1870 civitatis
613 1845 643 1871 et
659 1842 812 1871 dioecesis
835 1842 1049 1872 Hilerdensis.

158 1893 197 1924 In
212 1903 241 1923 e.
259 1903 301 1923 m.
319 1894 478 1924 universis
494 1894 640 1924 vassallis
655 1895 807 1925 ecclesiae
824 1895 1026 1926 Hilerdensis
1041 1905 1131 1926 man-

118 1946 171 1976 dat
191 1950 225 1976 ut
247 1946 351 1976 eidem
377 1947 475 1977 electo
493 1952 646 1978 consueta
671 1948 833 1978 fidelitatis
852 1949 1076 1988 juramentum
1099 1953 1130 1978 et

76 2027 79 2030 Δ
119 2000 250 2030 servitia
266 2005 437 2039 praestent.

157 2053 196 2082 In
220 2062 247 2083 e.
270 2063 314 2083 m.
347 2077 367 2085 ..
394 2054 673 2093 archiepiscopum
689 2056 963 2085 Terraconensem
985 2055 1128 2085 hortatur

122 2110 156 2136 ut
169 2106 272 2137 eidem
289 2107 387 2137 electo
402 2108 544 2138 favorem
560 2113 590 2138 et
607 2109 765 2138 auxilium
785 2110 944 2147 praebeat.

160 2171 174 2186 α
197 2159 249 2190 Ad
263 2160 430 2190 cumulum
448 2166 538 2191 tue...
559 2178 596 2184 —
612 2162 682 2191 Dat.
706 2168 859 2201 utsupra.
881 2175 893 2189 r>

191 2339 306 2369 8439

155 2400 331 2429 Dividuntur
342 2409 394 2428 sex
404 2402 584 2437 praebendae
596 2403 624 2429 in
636 2404 827 2431 Ambianensi
840 2405 972 2432 ecclesia.
989 2405 1070 2439 (Rea.
1083 2406 1126 2438 45,

121 2457 147 2477 c.
163 2449 207 2485 69,
221 2450 240 2477 f.
259 2451 291 2478 12
307 2458 355 2481 νος
372 2450 438 2477 Lim.
456 2459 492 2478 nu
507 2450 606 2486 ΤΗΕῐι,
622 2451 674 2484 ΙΙΙ,
693 2452 747 2485 53.)

458 2340 815 2376 sainte-Marie-ttiaJem-e,
832 2342 864 2369 23
883 2351 960 2370 mars
977 2343 1054 2371 1289.

166 2553 334 2584 Venerabili
347 2555 444 2591 fratri
463 2576 483 2584 ..
503 2556 635 2593 episcopo
653 2556 862 2585 Ambianensi.
887 2568 901 2583 «
918 2557 1007 2586 Inter
1024 2562 1128 2588 cetera

122 2605 316 2638 desideria...
348 2607 387 2637 In
419 2611 529 2637 nostra
558 2608 718 2646 siquidem
747 2609 939 2647 proposuisti
967 2610 1127 2648 presentia

123 2659 312 2690 constitutus
329 2659 431 2698 quod,
455 2659 529 2690 licet
553 2660 588 2689 in
610 2661 826 2691 Ambianensi
846 2662 978 2692 ecclesia
1000 2663 1042 2693 sit
1061 2672 1126 2693 non

122 2712 267 2743 modicus
290 2721 446 2742 numerus
470 2713 722 2751 prebendarum,
743 2715 835 2753 pauci
854 2720 959 2746 tamen
976 2726 1012 2746 ex
1029 2725 1126 2746 cano-

123 2765 205 2796 nicis
218 2765 439 2796 obtinentibus
454 2766 490 2794 in
508 2766 576 2804 ipsa
597 2766 774 2804 prebendas
796 2768 937 2798 resident
959 2769 994 2798 in
1016 2769 1126 2800 eadem

123 2826 182 2849 nec
194 2822 338 2857 speratur
354 2818 438 2857 quod
453 2819 585 2858 quidam
611 2829 646 2849 ex
672 2819 738 2849 hiis
758 2821 814 2859 qui
836 2827 1000 2852 vacaturas
1020 2823 1054 2851 in
1074 2831 1126 2852 ec—

124 2870 218 2901 clesia
241 2871 310 2911 ipsa
332 2872 509 2910 prebendas
531 2877 696 2912 expectant
716 2878 770 2903 aut
786 2884 821 2904 ex
841 2875 909 2913 Jam
929 2876 1051 2915 adeptis
1068 2876 1126 2906 ali·

123 2924 190 2963 qui,
206 2924 356 2964 qualitate
374 2934 585 2964 personarum
602 2926 776 2965 diligenter
790 2928 943 2966 inspecta,
963 2929 1028 2958 sint
1042 2929 1077 2958 in
1091 2938 1127 2959 ea

124 2975 237 3008 facturi
252 2978 458 3008 residentiam
476 2979 687 3018 personalem,
709 2989 803 3018 super
819 2989 882 3019 quo
898 2982 1057 3020 provideri
1072 2991 1127 3021 per

124 3030 324 3070 apostolicam
336 3032 444 3062 sedem
454 3032 621 3062 humiliter
630 3033 847 3071 implorasti...
861 3034 1065 3065 Fraternitati
1076 3040 1128 3066 tue

1221 434 1387 464 dividendi
1409 438 1594 467 auctoritate
1613 443 1718 468 nostra
1739 449 1790 469 sex
1813 441 1990 478 prebendas
2013 444 2151 480 integras
2171 446 2222 484 ip-

1220 487 1287 515 sius
1301 487 1432 517 ecclesie
1448 489 1486 517 ad
1508 494 1592 519 tuam
1612 491 1812 522 collationem
1831 499 2015 532 spectantes,
2038 496 2134 526 nullis
2148 498 2221 528 aliis

1220 539 1259 568 de
1271 541 1343 577 Jure
1359 541 1495 579 debitas,
1521 545 1547 573 si
1568 545 1601 573 in
1621 545 1730 574 eadem
1747 546 1880 576 ecclesia
1896 553 2007 577 vacant
2022 549 2061 578 ad
2078 558 2219 588 presens,

1220 591 1270 620 vel
1289 601 1384 630 quam
1406 594 1467 623 cito
1490 595 1607 625 ibidem
1630 598 1829 635 vacaverint,
1853 608 1914 637 qne
1934 600 1967 628 in
1989 602 2138 631 omnibus
2155 603 2220 641 jus-

1219 644 1326 681 ribus,
1357 645 1573 683 libertatibus,
1604 651 1892 681 consuetudinibus
1918 658 1946 682 et
1975 656 2098 684 statutis
2120 656 2221 694 ipsius

1219 696 1349 726 ecclesie
1364 707 1399 727 ac
1416 701 1558 737 personis
1576 711 1637 739 que
1655 711 1707 731 eas
1725 710 1934 742 assequentur
1953 715 2025 736 cum
2050 707 2123 737 aliis
2148 718 2220 747 pre-

1218 749 1332 779 bendis
1346 751 1480 789 integris
1497 762 1587 791 pares
1604 756 1750 791 existant,
1768 757 1810 786 ita
1826 759 1910 795 quod
1926 759 2127 798 hujusmodi,
2147 771 2220 792 cum

1218 810 1282 831 non
1308 804 1418 833 minus
1442 805 1514 835 aliis
1540 806 1731 837 habentibus
1760 809 1900 846 integras
1928 812 1992 841 Deo
2013 813 2159 843 divinum
2191 820 2220 844 et

1218 859 1412 886 nocturnum
1431 859 1582 896 prebeant
1597 860 1797 892 famulatum.
1816 863 1973 900 integram
1993 865 2029 894 de
2053 867 2221 896 cotidianis

1218 907 1497 939 distributionibus
1519 912 1712 948 portionem,
1735 922 1770 942 ac
1791 915 1815 942 si
1838 917 1972 952 majores
1994 918 2168 954 prebendas
2186 920 2219 948 in

1218 960 1328 990 eadem
1343 961 1475 991 ecclesia
1490 963 1680 998 obtinerent,
1702 964 1828 1002 plenam
1846 972 1875 995 et
1888 967 2019 997 liberam
2037 973 2220 1001 auctoritate

1217 1014 1414 1050 presentium
1439 1016 1642 1045 concedimus
1663 1018 1882 1050 facultatem...
1909 1021 1978 1051 Dat.
2004 1022 2120 1057 Rome,
2137 1025 2220 1062 apud

1218 1065 1366 1096 Sanctam
1387 1068 1521 1098 Mariam
1539 1070 1705 1108 Majorem,
1722 1080 1741 1099 x
1756 1071 1907 1102 kalendas
1921 1074 2051 1112 aprilis,
2068 1085 2154 1106 anno
2171 1086 2219 1106 se-

1217 1119 1322 1149 cundo
1341 1119 1418 1159 (sic).
1440 1133 1451 1147 ›-

1271 1277 1525 1309 2440-2448
1576 1282 1929 1319 Sainte-Marie-ltiajeure,
1950 1286 1979 1313 18
1995 1295 2071 1314 mars
2088 1288 2165 1316 1290.

1251 1339 1461 1375 Indulgentiae.
1479 1343 1562 1376 (Rea.
1580 1345 1623 1379 45,
1640 1353 1665 1371 c.
1684 1346 1734 1377 70,
1752 1347 1771 1372 f.
1792 1347 1821 1373 1⁶2
1838 1354 1885 1381 v0;
1903 1348 1968 1375 Lar.
1987 1358 2022 1376 nu
2035 1350 2122 1377 Tam
2134 1373 2141 1384 ,
2158 1351 2217 1384 111,

1216 1388 1267 1420 55;
1285 1389 1402 1424 Pol-m.‚
1419 1391 1526 1425 23217.)

1257 1501 1277 1508 ..
1295 1480 1442 1509 abbatisse
1456 1486 1482 1509 e!
1497 1485 1659 1512 cont-entus
1676 1486 1852 1514 monasterii
1871 1486 2082 1523 Massiliensis,
2100 1489 2219 1518 ordinis

1214 1530 1322 1559 Sancte
1337 1531 1437 1562 Clare.
1452 1533 1690 1571 Indulgentiam
1706 1537 1801 1565 unius
1815 1538 1892 1566 anni
1907 1543 1936 1567 et
1951 1548 1988 1568 XL
2004 1539 2129 1569 dierum
2147 1549 2218 1570 con-

1214 1583 1297 1612 cedit
1315 1584 1361 1614 eis
1383 1586 1440 1623 qui
1463 1586 1627 1616 ecclesiam
1652 1589 1806 1626 praedicti
1830 1592 2015 1621 monasterii
2030 1593 2063 1621 in
2081 1593 2218 1631 singulis

1214 1638 1323 1668 beatae
1340 1640 1460 1670 Mariae
1477 1646 1507 1671 et
1522 1647 1649 1672 sanctae
1666 1643 1778 1673 Clarae
1794 1645 2017 1676 festivitatibus
2033 1652 2063 1677 et
2078 1658 2133 1686 per
2147 1653 2216 1678 octo

1214 1691 1281 1721 dies
1297 1698 1466 1730 sequentes
1483 1695 1693 1725 visitaverint.

1255 1757 1269 1772 «ι
1295 1746 1419 1775 Licetis
1437 1747 1511 1776 de...
1531 1765 1570 1769 ——
1586 1749 1657 1778 Dat.
1678 1750 1797 1786 Rome,
1812 1752 1894 1790 apud
1913 1752 2061 1782 Sanctam
2080 1754 2215 1784 Mariam

1212 1799 1379 1838 Majorem,
1393 1810 1432 1829 xv
1447 1800 1600 1831 kalendas
1615 1802 1736 1840 aprilis,
1753 1813 1793 1833 an
1801 1813 1840 1834 no
1857 1805 1959 1836 tertio.
1982 1818 1994 1832 n

1252 1852 1291 1881 In
1306 1862 1335 1882 e.
1355 1862 1398 1882 m.
1420 1862 1474 1891 pro
1493 1876 1513 1883 ..
1530 1854 1689 1885 abbatissa
1713 1862 1741 1885 et
1764 1863 1921 1887 conventu
1942 1861 2127 1890 monasterii
2145 1860 2214 1891 Sis-

1211 1904 1389 1942 taricensis,
1407 1906 1528 1936 ordinis
1544 1907 1678 1938 Sanctae
1694 1908 1805 1939 Clarae
1820 1910 1970 1949 (Pomm,
1990 1912 2110 1949 23218).

1566 1988 1923 2025 Sainte-Marie-Majeure,
1942 1993 1956 2018 7
1971 2001 2047 2019 mars
2066 1994 2142 2021 1290.

1250 2049 1290 2078 In
1315 2059 1342 2079 e.
1367 2059 1411 2079 m.
1435 2050 1594 2081 universis
1620 2052 1739 2082 Christi
1765 2053 1929 2091 fidelibus,
1954 2064 2009 2094 pro
2035 2056 2167 2086 ecclesia
2192 2080 2211 2086 ..

1210 2103 1325 2141 prioris
1341 2107 1371 2133 et
1386 2109 1561 2134 conventus
1577 2105 1734 2143 prioratus
1758 2106 1865 2136 Sancti
1891 2109 1967 2138 Ursi
1987 2110 2211 2147 Augustensis‚

1209 2156 1332 2186 ordinis
1352 2157 1384 2186 S.
1409 2157 1595 2195 Augustini.
1622 2159 1692 2189 Dat.
1718 2160 1851 2198 ibidem,
1872 2162 1966 2191 nonis
1984 2163 2107 2199 martii,
2129 2172 2214 2194 anno

1211 2209 1314 2239 tertio.

1552 2265 1910 2302 Sainte-Marie-Majeure,
1928 2268 1959 2294 ⁵27
1976 2269 2046 2295 avril
2066 2270 2139 2297 1290.

1249 2325 1286 2354 In
1305 2334 1332 2355 e.
1349 2334 1393 2354 m.
1411 2326 1546 2363 eisdem,
1574 2336 1628 2366 pro
1649 2328 1781 2357 ecclesia
1806 2330 1937 2358 fratrum
1962 2330 2126 2360 minorum
2148 2332 2210 2360 Re-

1209 2379 1312 2416 gensi.
1338 2379 1409 2409 Dat.
1431 2379 1564 2415 ibidem,
1587 2391 1605 2409 v
1630 2381 1782 2411 kalendas
1805 2383 1902 2419 maii,
1927 2392 2012 2413 anno
2038 2384 2131 2413 tertio
2153 2384 2213 2423 (En

1209 2441 1334 2470 marga:
1353 2433 1490 2469 POTTH„
1510 2433 1630 2473 23249).

1248 2486 1288 2515 In
1305 2495 1331 2515 e.
1349 2495 1406 2520 m.‚
1424 2494 1479 2524 pro
1496 2487 1626 2516 ecclesia
1642 2489 1804 2518 minorum
1821 2489 1858 2519 de
1875 2489 2128 2528 Folqualcberio,
2143 2490 2210 2520 Sis-

1210 2539 1374 2568 taricensis
1388 2539 1539 2569 dioecesis
1556 2541 1660 2578 (Ibat,
1680 2542 1815 2578 Po‘rTH„
1834 2542 1953 2581 23‘250).

1561 2620 1920 2656 Sainte—Marie-M'ajeure,
1940 2624 1975 2648 ler
1990 2623 2045 2649 mai
2064 2623 2139 2650 1290.

1248 2683 1287 2712 In
1304 2692 1330 2712 e.
1350 2691 1393 2712 m.
1411 2682 1547 2719 eisdem,
1567 2692 1624 2722 pro
1639 2684 1772 2713 ecclesia
1793 2685 1902 2714 Sancti
1924 2686 2055 2715 Martini
2073 2685 2111 2715 de
2128 2686 2210 2716 Fon-

1209 2740 1330 2772 teneto‚
1348 2736 1602 2766 Constantiensis
1625 2737 1788 2767 dioecesis.
1816 2738 1886 2767 Dat.
1906 2739 2042 2774 ibidem,
2067 2739 2211 2770 kalendis

1208 2790 1297 2825 maii,
1313 2797 1399 2819 anno
1418 2790 1510 2819 tertio
1525 2789 1642 2828 (Ibat).

1248 2842 1287 2871 In
1307 2851 1334 2871 e.
1354 2851 1397 2871 m.
1413 2842 1548 2877 eisdem,
1578 2852 1632 2881 pro
1657 2843 1788 2873 ecclesia
1809 2845 1917 2874 Sancti
1935 2844 2063 2883 Georgii
2079 2845 2117 2875 de
2133 2846 2211 2876 Cas-

1209 2894 1345 2932 tellario‚
1362 2895 1629 2933 Rothomagensis
1644 2896 1808 2926 dioecesis.
1826 2897 1898 2926 Dat.
1931 2903 1964 2927 ut
1986 2907 2080 2937 supra
2097 2898 2209 2937 (thia).

1585 2968 1942 3003 Sainte-Marie-Majeure,
1961 2972 1975 2997 Ἰ
1993 2973 2046 2998 mai
2067 2972 2141 2999 1990.

1249 3032 1287 3061 In
1305 3039 1332 3060 e.
1350 3040 1392 3060 m.
1412 3031 1547 3068 eisdem,
1566 3040 1622 3070 pro
1641 3031 1773 3062 ecclesia
1788 3033 1920 3063 fratrum
1938 3034 2100 3064 minorum
2117 3035 2210 3074 Bajo-
