2477 3637
233 362 290 393 366
985 354 1221 386 REGISTRES
1244 355 1298 385 DE
1321 354 1505 386 NICOI.AS
1530 356 1583 386 IV.

236 429 292 463 sis.¹
308 428 341 457 in
360 427 495 456 Sanctae
511 423 678 454 Trinitatis
688 427 717 452 et
729 422 760 452 S.
779 421 903 452 Nicolai
921 422 1112 452 confessoris
1124 422 1244 452 festivi-

236 482 351 512 tatibus
377 485 405 510 et
422 489 477 518 per
493 483 562 508 octo
580 478 648 506 dies
664 480 833 515 sequentes
852 476 1061 505 visitaverint.

277 547 290 562 ιι
313 534 385 564 Vite
402 531 585 571 perempnis
601 530 741 568 gloria...
759 545 800 551 —
817 529 886 559 Dat.
907 529 1026 567 Rome,
1043 529 1126 568 apud
1143 530 1242 559 Sanc-

235 593 299 618 tam
321 586 456 616 Mariam
481 584 654 622 ltlajorem,
678 592 697 611 v
716 581 869 612 kalendas
894 582 1061 618 februarii,
1085 591 1172 613 anno
1191 591 1241 612 se-

234 640 349 671 cundo.
369 651 382 664 ν)

534 688 900 724 sainte-Marie-lttajeuro‚
921 689 951 715 13
973 688 1170 716 {evitet-1290.

275 756 311 785 ln
331 764 359 784 e.
381 763 424 784 m.
451 754 582 784 eisdem.
610 753 752 783 Eandem
770 752 1006 790 indulgentiam
1029 751 1175 781 concedit
1197 751 1242 781 eis

235 809 291 847 qui
317 807 482 838 ecclesiam
517 830 536 836 ..
567 806 698 837 rectoris
724 810 753 836 et
782 806 916 836 fratrum
942 804 1106 844 hospitalis
1132 804 1242 834 Sancti

235 862 343 892 Lazari
360 862 398 891 de
415 861 574 892 Sambuco
589 885 595 897 ,
614 860 818 890 Florentinae
835 859 1004 895 dioecesis,
1023 859 1057 888 in
1074 859 1242 888 festivitate

233 915 264 946 S.
285 916 394 951 Lazari
411 920 441 945 et
459 916 490 944 in
509 915 622 954 quinta
639 919 669 944 et
684 914 867 944 sextaferiis
883 914 1012 952 majoris
1024 911 1241 942 hebdomadae

233 969 444 998 visitaverint.

275 1034 287 1049 u
321 1022 478 1061 Splendor
503 1026 636 1060 paterne
664 1020 803 1059 glorie...
830 1037 870 1042 —
902 1021 972 1050 Dat.
1008 1021 1127 1057 Rome,
1157 1019 1241 1058 apud

233 1076 381 1106 Sanctam
403 1076 538 1105 Mariam
565 1076 736 1114 Majoiein,
762 1074 869 1104 idibus
891 1074 1059 1111 februarii,
1087 1082 1173 1103 anno
1191 1082 1240 1103 se-

232 1130 346 1161 cundo.
368 1142 380 1156 ι

534 1181 899 1216 Sainte-Marie-Majeure,
921 1182 950 1209 13
970 1181 1073 1208 fevi-ier
1090 1181 1168 1208 1291).

271 1247 310 1276 In
327 1256 354 1276 e.
382 1255 425 1276 m.
452 1246 583 1276 eisdem.
609 1245 751 1275 Eandem
772 1244 1008 1283 indulgentiam
1032 1244 1178 1274 concedit
1196 1244 1241 1274 eis

232 1301 286 1339 qui
322 1299 490 1330 ecclesiam
523 1299 711 1329 monasterii
745 1321 765 1329 ..
805 1298 973 1337 priorissae
1005 1302 1035 1328 et
1065 1301 1240 1328 conventus

231 1353 337 1383 Sancti
365 1353 525 1390 Leonardi
550 1353 588 1382 de
613 1352 842 1391 Sutliberwyc‚
867 1361 923 1391 per
948 1352 1131 1391 priorissam
1154 1351 1240 1381 soliti

231 1406 415 1445 gubernari,
432 1405 556 1435 ordinis
574 1405 606 1436 S.
625 1405 805 1442 Benedicti,
822 1405 931 1435 Sancti
946 1405 1095 1435 Andreae
1113 1404 1240 1435 dioece—

232 1460 286 1496 sis⁷
303 1460 337 1489 in
355 1459 491 1497 singulis
509 1459 618 1489 beatae
635 1459 755 1489 Mariae
775 1463 806 1489 et
826 1459 858 1490 S.
879 1459 1036 1489 Leonardi
1059 1458 1239 1488 festivitati-

232 1513 291 1543 bus
307 1517 337 1542 et
355 1522 408 1552 per
423 1518 491 1543 octo
507 1512 574 1542 dies
591 1517 760 1551 sequentes
776 1512 988 1543 visitaverint.
1064 1545 1066 1547 ,

277 1578 289 1593 ι
320 1565 389 1596 Vite
421 1567 602 1606 perempnis
629 1565 765 1603 gloria...
790 1583 828 1587 —
855 1566 927 1596 Dat.
953 1571 1112 1605 utsupra.
1138 1578 1150 1593 ι
1180 1565 1239 1605 (En

232 1619 359 1658 marye).

532 1672 903 1708 Sainte—Marie-Majeure,
922 1673 952 1700 13
969 1673 1072 1699 fevi-ier
1089 1673 1167 1700 1290.

272 1736 309 1765 ln
329 1745 356 1766 e.
381 1745 423 1766 m.
449 1736 581 1766 eisdem.
605 1736 747 1766 Eandem
771 1736 1007 1774 indulgentiam
1029 1736 1173 1766 concedit
1194 1737 1239 1767 eis

232 1789 289 1829 qui
305 1790 470 1820 ecclesiam
489 1790 624 1820 Sanctae
640 1789 822 1820 Genovefae
840 1799 953 1829 parvae
970 1790 1186 1820 Parisienscm
1204 1790 1238 1820 in

232 1844 310 1874 festo
326 1843 424 1883 hujus
446 1849 572 1874 sanctae
595 1849 625 1873 et
650 1854 704 1883 per
725 1848 794 1874 octo
814 1844 880 1874 dies
902 1849 1070 1883 sequentes
1092 1844 1238 1874 visitave-

232 1898 307 1927 rint.
324 1898 396 1927 Dat.
416 1902 450 1928 nt
465 1907 570 1936 supra.
589 1897 703 1937 (Ibam.

534 1986 897 2021 Salute-Marie-lttajeure,
916 1987 948 2013 15
965 1987 1067 2013 se'vrier
1090 1986 1165 2014 1290.

271 2049 309 2079 In
330 2058 357 2079 e.
376 2058 419 2078 m.
445 2049 576 2079 eisdem.
596 2049 739 2078 Eandem
766 2049 1003 2087 indulgentiam
1027 2050 1171 2080 concedit
1192 2049 1239 2080 eis

231 2103 286 2141 qui
303 2101 468 2132 ecclesiam
484 2103 617 2132 Sanctae
632 2103 776 2132 Nutricis
794 2103 998 2139 Remensem,
1014 2103 1046 2132 in
1061 2103 1116 2133 SS.
1136 2104 1239 2133 Mauri

230 2156 383 2194 martyris
410 2160 440 2185 et
469 2155 588 2185 Celsini
622 2156 829 2191 confessoris,
864 2165 1000 2195 quorum
1035 2165 1167 2195 corpora
1203 2157 1237 2186 in

231 2209 342 2239 eadem
356 2209 487 2239 ecclesia
503 2209 719 2247 requiescunt,
733 2209 957 2239 festivitatibus
974 2214 1004 2239 et
1020 2219 1075 2248 per
1085 2214 1154 2240 octo
1170 2210 1239 2240 dies

231 2267 402 2301 sequentes
419 2263 627 2292 visitaverint.
644 2262 715 2292 Dat.
734 2267 769 2293 ut
784 2272 896 2301 supra,
914 2272 954 2292 xv
973 2262 1127 2293 kalendas
1151 2272 1237 2293 mar-

232 2315 282 2352 tii,
301 2324 386 2345 anno
401 2316 552 2347 secundo.
571 2315 686 2355 (Ibid.).

541 2395 912 2431 Salute—Marie·Majeure‚
930 2398 1071 2431 5janvie1·
1089 2398 1166 2425 1290.

269 2459 308 2490 In
327 2468 354 2489 e.
372 2468 416 2489 m.
436 2459 569 2489 eisdem.
589 2459 731 2489 Eandem
749 2459 986 2497 indulgentiam
1002 2461 1145 2490 concedit
1162 2461 1237 2491 visi-

231 2513 370 2543 tantibus
395 2512 562 2542 ecclesiam
592 2512 699 2542 Sancti
729 2512 874 2543 Silvestri
898 2513 936 2543 de
961 2513 1173 2544 Archioninis
1200 2514 1238 2544 de

229 2566 317 2598 Urbe
337 2567 371 2596 in
392 2567 470 2597 sesto
499 2567 597 2605 hujus
625 2567 725 2596 sancti
748 2571 778 2596 et
801 2575 855 2606 per
877 2571 946 2597 octo
969 2566 1037 2597 dies
1059 2571 1237 2606 sequentes.

228 2621 300 2651 Dat.
317 2621 430 2657 Rome,
448 2621 530 2660 apud
555 2620 706 2650 Sanctam
725 2620 862 2650 Mariam
887 2621 1060 2659 Majorem,
1079 2622 1173 2652 nonis
1184 2622 1238 2661 ja-

228 2674 346 2711 nuarii,
364 2683 450 2705 anno
466 2674 616 2704 secundo.
639 2673 754 2713 (ibim).

543 2753 909 2789 sainte-Marie-Majeure,
928 2756 942 2782 5
954 2756 1069 2790 janvier
1086 2755 1164 2783 1290.

268 2817 307 2847 In
324 2827 351 2847 e.
369 2826 411 2847 m.
433 2817 564 2848 eisdem.
585 2817 728 2848 Eandem
746 2817 983 2856 indulgentiam
1001 2819 1148 2850 concedit
1161 2819 1238 2850 visi-

232 2870 370 2900 tantibus
393 2870 558 2900 ecclesiam
578 2871 687 2901 Sancti
712 2871 885 2901 Salvatoris
901 2872 939 2902 de
959 2873 1071 2907 Beses,
1090 2873 1237 2904 Lemovi-

230 2923 334 2952 censis
345 2924 507 2961 dioecesis,
520 2936 534 2951 «
547 2924 580 2953 in
593 2933 654 2963 qna
663 2924 701 2954 de
710 2923 798 2962 ligno
810 2924 937 2955 vivifice
948 2927 1052 2956 crucis
1063 2927 1208 2964 habetur,
1222 2939 1236 2955 ι

230 2976 262 3005 in
291 2976 423 3006 Sanctae
449 2977 561 3007 Crucis
586 2978 809 3008 festivitatibus
836 2983 866 3008 et
890 2979 924 3008 in
943 2980 993 3010 die
1015 2980 1237 3011 anniversario

228 3028 437 3059 dedicationis
452 3031 596 3069 ejusdem
609 3031 770 3062 ecclesiae.
791 3032 861 3062 Dat.
880 3037 1023 3072 utsupra
1038 3033 1155 3074 (1bid.).

1619 409 1988 458 Sainte-Marie-Majeure,
2005 424 2040 452 ς28
2051 425 2164 459 janvier
2181 425 2257 453 1290.

1367 483 1415 512 ln.
1434 492 1460 513 e.
1481 492 1524 513 m.
1543 483 1677 514 eisdem.
1689 484 1833 514 Eandem
1850 485 2084 524 indulgentiam
2099 487 2245 517 concedit
2259 488 2330 518 visi-

1325 537 1466 567 tantibus
1485 536 1652 567 ecclesiam
1665 538 1798 567 fratrum
1812 539 1975 569 minorum
1993 539 2031 569 de
2047 539 2200 576 Massilia,
2218 541 2251 570 in
2267 550 2329 581 qua
2368 532 2371 537 ’

1327 590 1447 620 multae
1461 595 1644 621 sanctorum
1661 590 1815 630 reliquiae
1830 596 1916 627 sunt,
1931 592 1964 621 in
1975 593 2214 632 Assumptionis
2222 593 2330 626 heatae

1326 644 1459 681 Mariae,
1472 644 1686 683 apostolorum
1699 644 1784 674 Petri
1795 649 1826 675 et
1842 644 1933 675 Pauli
1947 650 1977 675 et
1992 645 2024 676 S.
2036 645 2199 676 Francisci
2213 646 2330 678 festivi·
2351 640 2355 682 J

1325 698 1440 727 tatibus
1468 702 1498 727 et
1529 706 1584 736 per
1606 703 1676 728 octo
1692 698 1760 728 dies
1783 704 1962 737 sequentes.
1988 699 2060 730 Dat.
2086 699 2228 736 Romaef
2247 699 2348 740 apud,

1324 750 1472 782 Sanctam
1492 751 1626 780 Mariam
1647 751 1817 790 Majorem,
1840 761 1860 781 v
1880 751 2035 782 kalendas
2051 752 2221 790 februarii,
2246 761 2343 786 annm

1324 805 1463 835 secundo
1479 804 1588 843 (Ibid.;
1607 805 1749 839 Po'r‘rn..
1767 804 1887 844 23171).

1644 885 1993 920 Sainte-Marie-Majeure
2004 907 2010 916 ,
2028 886 2042 912 5
2058 885 2161 912 fevi-ier
2178 885 2258 914 ¹290.

1364 949 1415 978 In.
1433 958 1461 978 e.
1479 958 1522 978 m.
1540 948 1677 987 capitulo
1696 948 1867 979 saecularis
1887 949 2037 979 ecclesiae
2053 949 2161 980 Sancti
2182 949 2331 982 Herasmi

1325 1001 1518 1032 Verulanae.
1549 1002 1691 1032 Eandem
1718 1001 1954 1040 indulgentiam
1970 1003 2116 1032 concedit
2130 1002 2336 1036 visitantibus

1325 1055 1409 1085 hanc
1428 1055 1594 1085 ecclesiam
1613 1056 1643 1085 in
1661 1055 1694 1086 S.
1715 1056 1862 1085 Herasmi
1879 1060 1909 1085 et
1926 1055 2064 1093 singulis
2085 1055 2196 1086 beatae
2214 1055 2342 1100 Marius}

1324 1109 1562 1146 festivitatibus,
1580 1118 1635 1148 per
1649 1114 1717 1139 octo
1732 1109 1800 1138 dies
1815 1113 1984 1148 sequentes
2001 1113 2030 1139 et
2047 1108 2271 1140 anniversario
2280 1109 2346 1146 (lieg¹
2384 1144 2386 1146 ,

1323 1162 1534 1192 dedicationis
1555 1162 1699 1202 ejusdem
1712 1162 1872 1192 ecclesiae.
1891 1163 1963 1192 Dat.
1982 1163 2114 1199 Romae,
2132 1162 2216 1202 apud
2232 1161 2335 1196 Sauo*

1323 1220 1387 1246 tam
1415 1217 1551 1247 Mariam
1578 1217 1747 1255 Majorem,
1775 1217 1869 1247 nonis
1892 1216 2061 1253 februarii,
2087 1225 2174 1248 anno
2193 1211 2336 1248 seusun—⁶.¹

1322 1269 1438 1309 (Ibid.).
2310 1271 2318 1285 ⁸

1357 1469 1614 1499 ξθῒῧ-Εθῖιι
1654 1469 2024 1505 Sainte-Marie-Majeure,
2041 1469 2075 1497 23
2088 1470 2202 1505 janvier
2217 1469 2296 1499 12⁹0.
2311 1488 2317 1502 t
2331 1455 2335 1461 Ι

1357 1546 1403 1572 Ad
1414 1546 1565 1573 ecclesiam
1575 1546 1866 1581 Gratianopolitanam
1875 1546 2076 1581 ampliandam.
2086 1546 2168 1582 (Rea.
2179 1546 2224 1581 44,
2232 1554 2258 1574 c.
2267 1545 2319 1576 80⁶
2331 1541 2333 1547 ’

1322 1596 1341 1622 f.
1356 1595 1407 1622 288
1422 1601 1448 1622 νο
1462 1607 1468 1627 ;
1485 1595 1552 1622 Lis.
1570 1604 1605 1622 nu
1620 1595 1719 1629 Tama,
1737 1595 1774 1630 ΙΙ,
1792 1595 1863 1630 389.)

1366 1725 1534 1754 Venerabili
1559 1726 1654 1762 [ναινί
1681 1725 1860 1762 Guillelmo,
1887 1725 2038 1763 episcopo,
2062 1729 2089 1755 et
2114 1725 2232 1755 dilectis
2254 1725 2328 1766 fili„

1322 1779 1453 1816 capitulo
1473 1778 1771 1816 Graciorzopolttanis
1788 1778 1929 1814 fructus,
1949 1778 2092 1808 redditus
2112 1782 2143 1808 et
2158 1780 2325 1818 proventu
2347 1821 2350 1826 Ι

1323 1832 1419 1871 primi
1435 1832 1514 1861 anni
1534 1832 1682 1862 omnium
1699 1832 1927 1862 beneficiorum
1944 1832 2232 1863 ecclesiasticorum
2380 1860 2382 1865 .

1322 1894 1423 1924 usque
1440 1885 1479 1915 ad
1501 1885 1674 1915 triennium
1692 1885 1725 1914 in
1742 1886 1868 1915 eivitate
1890 1890 1919 1915 et
1939 1878 2074 1915 dioecesi
2094 1879 2326 1925 Gratianopotj

1322 1943 1396 1968 tana
1429 1939 1585 1968 vacabunt
1602 1962 1608 1975 ‚
1645 1939 1684 1968 ad
1721 1938 1924 1968 collationem
1954 1938 2004 1968 vel
2039 1937 2333 1977 praesentatione

1321 1996 1540 2030 exemptorum
1560 2001 1624 2022 non
1648 1992 1877 2031 pertinentium
1893 2016 1900 2028 ‚
1921 1992 2080 2029 concedit,
2102 1992 2142 2021 ad
2162 1991 2326 2024 ecclesi

1321 2045 1651 2084 Gratianopolitanam
1668 2045 1887 2084 ampliandam
1905 2046 2146 2076 convertendos.

1363 2111 1376 2127 c
1401 2099 1513 2130 Vestre
1540 2099 1718 2130 devotionis
1746 2100 1897 2131 merita...
1925 2116 1965 2121 —
1993 2099 2066 2129 Dat.
2094 2098 2216 2137 Rome,
2247 2107 2286 2140 ap
2310 2102 2324 2135 ζ,
2368 2104 2374 2111 ·

1322 2152 1470 2183 Sanctam
1492 2153 1625 2182 Mariam
1644 2153 1816 2192 Majorem,
1840 2162 1859 2183 x
1878 2152 2032 2183 kalendas
2057 2152 2230 2190 februarii,
2245 2160 2327 2186 antiq

1322 2207 1474 2237 secundo.
1494 2219 1507 2233 »

1362 2261 1400 2290 In
1417 2270 1444 2290 e.
1463 2269 1506 2290 m.
1529 2285 1548 2291 ..
1566 2261 1712 2299 episcopo
1728 2260 1939 2298 vivariensis,
1962 2283 1982 2290 ..
2000 2260 2176 2300 praeposito
2192 2254 2317 2294 Auraei
2378 2262 2380 2264 ’

1321 2316 1425 2345 censis
1452 2319 1481 2344 et
1505 2315 1648 2345 Gnidoni
1673 2315 1712 2345 de
1743 2315 1911 2351 Meosano,
1940 2314 2094 2344 canonico
2119 2313 2340 2352 Vapincen

1322 2368 1527 2399 ecclesiarum
1541 2391 1549 2405 ,
1573 2368 1704 2398 mandat
1718 2373 1885 2407 quatenus
1907 2367 2084 2407 praedictos
2101 2367 2233 2404 fructus,
2254 2375 2328 2397 ru<
2372 2403 2374 2407 y

1321 2421 1406 2452 ditus
1422 2427 1452 2453 et
1464 2427 1636 2461 proventus
1650 2431 1704 2461 per
1720 2421 1898 2452 triennium
1910 2421 2031 2452 eisdem
2044 2421 2190 2461 episeopo
2203 2423 2233 2452 et
2245 2428 2320 2455 tta·v
2379 2421 2389 2433 ”·

1322 2475 1388 2506 tulo
1403 2476 1529 2514 integre
1546 2476 1724 2506 ministrari
1737 2476 1866 2506 faciant.

1362 2541 1375 2556 ι
1401 2529 1586 2559 Devotionis
1603 2529 1754 2559 merita...
1772 2545 1812 2552 -
1830 2529 1900 2559 Dat.
1919 2533 2073 2568 utsupra.
2095 2540 2109 2556 »

2283 2701 2286 2707 ⁴
2295 2694 2300 2710 l

1390 2729 1508 2760 2025
1617 2728 1981 2764 Sainte-Marie-Majeure,
1999 2728 2034 2756 23
2049 2728 2164 2764 janvier
2178 2726 2255 2756 1290.

1355 2798 1487 2826 Facultas
1510 2799 1663 2826 exercendi
1691 2807 1742 2834 pet·
1768 2799 1856 2826 alium
1883 2799 1937 2834 jus
1960 2797 2143 2826 visitationis.
2167 2796 2251 2831 (Rau.
2301 2789 2317 2818 ἵ·
2367 2812 2375 2822 .

1317 2857 1343 2876 c.
1359 2849 1420 2883 807,
1438 2849 1456 2875 f.
1473 2849 1524 2876 288
1541 2854 1584 2880 t·⁰;
1602 2848 1670 2876 Lm.
1688 2857 1724 2876 nu
1738 2848 1839 2881 Tuan..
1852 2847 1891 2881 11,
1908 2847 1983 2880 390.)

1363 2980 1529 3009 Venerabili
1541 2980 1637 3016 fratri
1653 2979 1825 3015 Guillelmo,
1840 2979 1973 3016 episcopo
1983 2975 2275 3014 Grationopolimno.
2310 2968 2314 2971 ’

1365 3044 1378 3060 ι
1394 3032 1580 3063 Devotionis
1598 3032 1730 3062 affectus
1741 3040 1877 3071 quem...
1894 3047 1934 3053 —
1951 3031 2023 3061 Dat.
2036 3033 2070 3060 ut
2084 3037 2192 3068 supra.
2211 3039 2226 3056 ι
