2342 3652
651 702 833 746 INCIPIT
863 703 1145 747 REGlSTRL'M
1175 704 1498 747 LITTERARUM
1531 703 1676 746 CURIE

253 922 551 985 TERTII
602 921 817 985 ANNI
870 922 1191 986 DOMINI
1245 923 1604 986 NICOLAI
1658 922 1884 985 PAPE
1938 924 2071 984 IIII

187 1500 308 1529 4253

153 1563 259 1590 Contra
281 1571 333 1590 eos
353 1563 415 1597 qui,
442 1562 496 1589 sub
519 1562 634 1589 nomine
656 1562 862 1596 Aposttnorum
888 1563 1011 1592 ordinis.
1034 1573 1124 1591 novae

116 1613 266 1647 religionis
280 1612 411 1639 habitum
426 1616 623 1646 sumpserunt.
641 1611 724 1643 (Res.
741 1612 788 1642 45,
806 1619 830 1637 c.
852 1612 874 1642 1,
891 1612 909 1637 s.
930 1612 976 1639 159
992 1615 1038 1645 1·⁰.)

476 1497 829 1532 Sainte-Marie-Majeure‚
848 1499 861 1524 Τ
882 1507 957 1525 mars
976 1500 1050 1527 1290.

156 1715 309 1749 Nicotaus,
333 1715 486 1751 episcopus
507 1722 611 1742 servus
634 1722 792 1742 servorum
812 1714 873 1742 Dei.
904 1715 1124 1746 t'enerahitibus

115 1769 266 1805 fratribus
288 1767 442 1796 universis
461 1767 669 1804 patriarchis,
687 1767 917 1804 archiepiscopis
933 1774 958 1797 et
981 1770 1124 1806 episcopis

115 1826 142 1850 ει
158 1821 274 1850 dilectis
291 1821 368 1858 filiis
385 1819 607 1849 cathedralium
624 1821 817 1849 ecclesiarum
834 1821 932 1849 electis
953 1827 977 1850 et
999 1824 1124 1852 vicariis

116 1875 290 1904 eorumdem
306 1875 345 1903 ad
361 1883 436 1912 quos
453 1875 549 1902 littere
564 1875 618 1902 iste
628 1875 824 1911 pervenerint
840 1875 967 1904 salutem
990 1881 1015 1904 et
1035 1885 1121 1913 apos-

117 1928 241 1957 tolicam
253 1928 498 1956 benedictionem.
516 1938 528 1953 α
545 1926 674 1956 Dudum
692 1926 792 1956 felicis
806 1928 1034 1958 recordationis
1048 1930 1123 1959 Gre-

116 1980 226 2019 gorius
243 1989 322 2019 papa
339 1980 401 2016 Χ“’,
419 1980 622 2018 predecessor
643 1985 765 2016 noster,
786 1981 821 2010 in
842 1982 977 2012 concilio
998 1984 1124 2022 Lugdu-

116 2034 223 2070 nensi‚
231 2042 343 2063 omnes
353 2032 525 2071 religiones
535 2033 698 2063 etordines
708 2034 928 2064 mendicantes
935 2036 1123 2067 adinventos

115 2091 186 2127 post
211 2087 361 2126 generale
386 2087 578 2125 concilium,
606 2088 661 2126 qui
697 2087 820 2117 nullam
846 2088 1122 2120 confirmationem

115 2141 200 2170 sedis
213 2140 384 2179 apostolice
403 2146 603 2178 meruerunt,
623 2145 773 2179 perpetue
792 2141 1000 2180 prohibitioni
1017 2144 1122 2182 subje-

115 2193 159 2223 cit
175 2198 206 2223 et
220 2198 378 2232 quatenus
396 2198 614 2232 processerant
627 2194 798 2223 revocavit.
816 2195 920 2230 Unde,
935 2205 1008 2225 cum
1021 2197 1060 2225 ad
1072 2198 1123 2236 pie

114 2246 269 2276 memorie
286 2245 421 2275 Honorii
439 2255 518 2285 pape
534 2246 637 2283 ΙΙΙΙῑί,
656 2246 887 2285 predecessoris
905 2249 1018 2282 nostri,
1039 2250 1122 2279 fama

115 2299 250 2338 querula
272 2299 450 2336 deserente,
473 2300 619 2329 notitiam
643 2300 840 2337 pervenisset
864 2302 948 2339 quod
971 2302 1120 2340 qnidam,

114 2353 182 2392 qui,
198 2358 266 2391 post
281 2352 430 2390 generale
448 2357 478 2382 et
493 2357 568 2382 ante
584 2352 800 2390 Lugdunense
816 2354 956 2391 predicta
971 2356 1120 2391 concilia,

114 2407 174 2436 sub
193 2406 325 2436 nomine
340 2406 462 2436 ordinis
476 2405 716 2444 Apostolorum,
735 2406 882 2436 habiturn
900 2416 979 2437 nove
997 2408 1122 2446 religio·
1163 2417 1165 2445 ᾗ

115 2461 166 2490 nis
187 2464 442 2498 assumpserant,
462 2468 648 2498 quanquam
671 2459 796 2489 nullam
818 2460 990 2499 aliquando
1006 2462 1123 2491 confir-

116 2513 292 2543 mationem
318 2512 402 2542 sedis
421 2512 592 2551 apostolice
616 2514 826 2549 meruissent,
842 2514 1071 2552 prohibitionis
1094 2520 1124 2544 et

114 2566 325 2596 revocationis
353 2565 494 2604 predicte
525 2566 687 2595 temerarii
712 2571 959 2605 contemptores,
984 2568 1122 2598 eundem

113 2619 277 2655 habitum,
297 2627 352 2648 sen
370 2619 398 2648 ei
415 2618 635 2653 consimilem,
654 2619 713 2649 sub
731 2619 841 2649 eodem
862 2621 991 2650 nomine
1004 2621 1123 2658 jugiter

115 2673 304 2708 deferentes,
322 2671 528 2710 quamplures
544 2671 639 2701 etiam
656 2671 725 2709 alii,
742 2678 903 2712 assumpto
920 2678 987 2712 post
1004 2674 1120 2703 dictum

116 2726 334 2764 Lugdunense
358 2724 529 2755 consilium
554 2725 741 2763 hujusmodi
762 2726 890 2761 habitu,
909 2736 963 2764 per
981 2727 1122 2756 diversas

115 2779 231 2809 mundi
253 2782 356 2817 partes
381 2777 595 2808 mendicando
610 2778 789 2808 discurrere
811 2780 945 2809 minime
969 2781 1121 2809 vereban-

116 2837 181 2870 tur,
199 2832 351 2862 facientes
372 2841 408 2861 ea
429 2840 491 2870 que
519 2840 584 2861 non
609 2833 860 2867 conveniebant,
882 2834 914 2862 in
938 2834 1121 2863 animm-nm

114 2893 245 2915 suarum
261 2883 440 2923 periculum
459 2889 489 2913 et
503 2893 600 2922 grave
614 2885 799 2914 scandalum
819 2885 1040 2924 plurimorum,
1055 2896 1122 2924 pre·
1162 2879 1163 2907 ἶ

113 2939 223 2968 sertim
240 2946 314 2967 cum
331 2937 481 2967 nonnulli
501 2937 667 2976 pravitatis
684 2937 822 2967 heretice
841 2939 918 2968 vitio
943 2939 1121 2968 laborantes

114 2990 173 3020 sub
189 2990 375 3029 hujusmodi
393 2990 502 3019 habitu
519 2995 737 3020 assererentur
750 2991 885 3028 inventi,
901 2992 1039 3030 prefatus
1054 3002 1121 3030 pre-

113 3043 260 3074 decessor
278 3042 457 3078 Honorius‚
476 3042 586 3072 volens
609 3043 721 3072 talium
748 3045 1015 3082 prevaricatorum
1032 3045 1120 3075 inso-

254 3108 328 3135 Rea.
349 3108 472 3136 Niconis
492 3108 545 3135 IV.

1205 1496 1326 1527 lentem
1341 1497 1502 1526 audatiam
1516 1489 1673 1526 refrenari
1684 1500 1714 1525 et
1730 1496 1902 1535 predictam
1920 1504 1982 1525 non
2002 1500 2063 1525 tam
2081 1497 2211 1535 religio-

1206 1559 1280 1579 nem
1296 1558 1392 1588 quam
1408 1549 1618 1588 periculosam
1638 1554 1754 1579 sectam
1771 1549 1898 1587 penitus
1918 1548 2055 1585 aboleri,
2075 1559 2113 1579 ne
2132 1550 2211 1580 forte
2247 1546 2253 1553 “

1206 1608 1329 1633 mentes
1345 1603 1489 1632 fidelium
1513 1602 1673 1641 simplices
1698 1601 1776 1631 salsa
1801 1602 1976 1631 sanctitatis
1993 1611 2101 1632 eorum
2119 1613 2210 1642 yma—

1206 1658 1281 1695 gine
1296 1657 1405 1687 seduci
1421 1657 1629 1694 contingeret,
1642 1656 1733 1685 vobis
1751 1665 1805 1694 per
1821 1665 1894 1685 suas
1910 1656 1998 1686 dedit
2014 1656 2135 1686 litteras
2146 1657 2211 1687 dis-

1207 1713 1328 1743 trictius
1343 1713 1378 1742 in
1397 1712 1555 1741 mandatis
1575 1716 1609 1741 ut
1627 1720 1848 1749 quoscumque
1869 1711 1906 1741 de
1922 1712 2073 1750 predictis
2088 1713 2123 1742 in
2141 1722 2210 1743 ves-

1207 1766 1262 1796 tris
1278 1765 1459 1796 civitatibus
1480 1769 1510 1795 et
1530 1764 1711 1795 diocesibus
1726 1764 1868 1794 inveniri
1881 1765 2089 1802 contingeret,
2105 1774 2156 1795 eos
2172 1765 2210 1795 ad

1207 1819 1431 1858 deponendum
1453 1818 1638 1857 hujusmodi
1663 1817 1822 1852 habitum,
1842 1818 2018 1847 monitione
2039 1819 2208 1856 premissa,

1207 1882 1260 1911 per
1276 1881 1446 1903 censuram
1463 1871 1723 1907 ecclesiasticam,
1738 1870 1951 1909 appellatione
1968 1872 2146 1910 postposita,
2164 1880 2212 1902 co-

1205 1926 1334 1964 geretis,
1352 1929 1519 1955 monentes
1535 1925 1664 1955 eosdem
1683 1929 1732 1961 ut,
1749 1926 1774 1954 si
1794 1923 1976 1962 religiosam
1996 1926 2092 1954 vitam
2109 1924 2210 1954 dedu-

1205 1988 1276 2009 cere
1289 1983 1453 2017 cuperent,
1466 1977 1505 2007 ad
1520 1978 1660 2016 aliquam
1676 1987 1709 2007 se
1727 1978 1935 2007 transferrent
1950 1978 1988 2007 de
2002 1977 2211 2016 religionibus

1205 2032 1393 2071 approbatis,
1411 2036 1451 2068 et,
1471 2032 1496 2060 si
1511 2031 1614 2069 aliqui
1631 2039 1742 2060 eorum
1758 2039 1925 2060 censuram
1943 2031 2116 2069 predictam
2132 2040 2209 2061 cun-

1207 2089 1417 2124 tempnerent‚
1431 2093 1484 2114 vos
1495 2089 1605 2114 contra
1616 2084 1699 2122 ipsos
1712 2083 1751 2112 ad
1763 2092 1876 2122 penam
1889 2084 2024 2113 carceris
2034 2093 2088 2113 seu
2100 2083 2207 2120 aliam,

1206 2143 1298 2178 prout
1316 2138 1466 2168 videretis
1484 2137 1666 2176 expediens,
1687 2137 1856 2175 procedere
1874 2137 2046 2174 curaretis;
2064 2137 2210 2167 invocato

1205 2192 1356 2222 adversus
1372 2200 1434 2226 em,
1455 2192 1481 2221 si
1499 2200 1577 2229 opus
1594 2191 1752 2227 existeret,
1770 2190 1887 2220 anxilio
1906 2190 2028 2220 brachii
2045 2190 2207 2220 secularis.

1206 2247 1257 2283 Et,
1277 2251 1309 2275 ut
1325 2246 1455 2284 predicti
1478 2253 1513 2274 eo
1532 2244 1658 2274 facilius
1675 2253 1692 2273 a
1708 2253 1765 2273 sua
1782 2243 1953 2273 insolentia
1970 2243 2131 2272 resilirent
2147 2252 2209 2282 quo

1205 2300 1307 2338 magis
1323 2308 1340 2328 a
1358 2298 1479 2328 Christi
1495 2298 1643 2327 fidelibus
1659 2306 1691 2326 se
1709 2297 1852 2326 viderent
1869 2297 1951 2326 abici
1967 2301 1997 2326 et
2013 2297 2207 2334 contempni,

1162 2341 1164 2352 ’
1205 2353 1304 2383 voluit
1322 2352 1425 2381 dictus
1443 2351 1644 2390 predecessor
1664 2350 1825 2379 Honorius
1846 2353 1893 2386 ut,
1915 2350 2097 2388 hujusmodi
2118 2358 2209 2378 man-

1205 2407 1312 2436 datum
1343 2414 1436 2434 suum
1456 2408 1631 2434 vestrarum
1651 2403 1817 2433 civitatum
1840 2407 1869 2432 et
1891 2403 2067 2433 diocesium
2088 2402 2210 2441 populis

1204 2459 1327 2489 iteratis
1348 2458 1470 2488 vicibus
1489 2457 1687 2496 publicantes
1704 2466 1740 2486 ac
1762 2456 1914 2485 facientes
1934 2465 1987 2494 per
2003 2456 2081 2485 alios
2103 2455 2206 2494 publi-

1163 2498 1165 2514 *
1205 2513 1279 2548 cari,
1298 2511 1424 2541 eosdem
1442 2509 1572 2549 populos
1588 2510 1773 2539 auctoritate
1790 2518 1846 2538 sua
1860 2517 1989 2538 monere
2005 2517 2040 2537 ac
2056 2508 2209 2537 inducere

1204 2565 1356 2595 attentius
1374 2563 1529 2593 curaretis
1547 2572 1586 2592 ne
1601 2563 1743 2601 aliquem
1761 2563 1798 2591 de
1816 2562 1966 2601 predictis
1982 2562 2137 2600 prefatum
2153 2561 2208 2590 de-

1205 2618 1380 2648 serentibus
1402 2617 1547 2646 habitum
1570 2616 1710 2654 recipere
1735 2615 1873 2654 hospitio
1895 2620 2134 2652 attemptarent,
2161 2614 2208 2643 vel

1204 2672 1250 2702 eis
1270 2671 1394 2709 aliquas
1410 2670 1601 2700 elemosinas
1617 2669 1746 2706 elargiri
1763 2678 1821 2698 nec
1838 2668 1877 2697 ad
1895 2668 2102 2697 deserendum
2121 2667 2208 2696 habi-

1205 2730 1271 2755 tum
1290 2725 1407 2762 ipsum,
1427 2732 1481 2752 seu
1501 2723 1529 2752 ei
1548 2722 1762 2757 consimilem,
1781 2721 2004 2759 impenderent
2023 2720 2207 2755 consilium,

1203 2778 1360 2808 auxilium
1379 2776 1427 2806 vel
1453 2777 1602 2805 favorem.
1622 2775 1689 2804 Nos
1705 2775 1829 2812 itaque,
1846 2774 1957 2812 prelati
1979 2773 2208 2812 predecessoris

1162 2841 1163 2849 ¹
1205 2831 1338 2861 Houorii
1355 2840 1448 2868 super
1465 2830 1523 2859 huc
1541 2829 1684 2866 vestigiis
1703 2828 1888 2857 inherentes
1907 2832 1936 2856 et
1952 2827 2155 2856 intendentes
2169 2827 2209 2855 ob

1202 2885 1384 2914 animarum
1402 2883 1548 2913 evitanda
1568 2881 1706 2920 pericula
1731 2880 1894 2919 providere
1911 2879 2080 2909 salubriter
2098 2880 2131 2908 in
2149 2880 2207 2909 hac

1203 2943 1304 2976 parte,
1323 2936 1525 2967 universitati
1545 2940 1646 2964 vestre
1671 2944 1725 2972 per
1741 2934 1915 2972 apostotiea
1933 2933 2048 2972 scripta
2067 2932 2208 2962 districte

1202 2990 1406 3030 precipiendo
1421 2989 1610 3018 mandamus
1622 2992 1778 3026 quatenus
1792 2995 1903 3016 omnes
1917 2995 1996 3025 quos
2009 2986 2047 3015 de
2060 2985 2209 3024 predictis

1202 3045 1236 3074 in
1255 3044 1438 3074 civitatibus
1462 3049 1492 3072 et
1515 3042 1692 3072 diocesibus
1718 3040 1832 3070 vestris
1857 3039 2027 3077 contigerit
2048 3038 2206 3075 inveniri,

2034 3105 2067 3132 79
