2342 3652
927 367 1153 406 Dnumen
1171 367 1327 406 ANNEE.
2112 383 2168 413 365

85 450 138 471 rae
156 441 289 470 Sanctae
304 441 446 471 subsidio
466 441 651 479 deputatae,
673 441 722 470 vel
737 442 992 480 quibuscumque
1013 441 1087 471 aliis

81 493 326 524 obventionibus
349 493 450 523 dictae
473 498 574 522 terrae
596 493 731 530 debitis,
751 503 829 532 quas
847 494 930 523 infra
948 503 1023 524 suae
1041 494 1085 523 le-

83 545 217 583 gationis
231 544 383 574 termiuos
398 554 497 583 poene
509 544 668 583 quoslihet
679 545 851 579 invenerit,
867 554 921 584 pro
937 546 1085 584 expensis

82 597 164 635 suis,
179 597 273 627 annis
288 597 424 635 singulis
443 606 540 636 usque
556 597 596 626 ad
612 606 772 627 summam
787 598 925 628 duorum
945 598 1083 628 millium

81 650 235 680 librarum
246 650 468 679 turonensium
477 658 659 688 parvorum,
672 659 725 689 per
738 651 1000 689 quinquennium
1017 660 1084 689 per-

81 705 183 744 cipere
197 705 304 743 possit.

121 771 134 786 «
151 759 193 789 Ex
214 762 300 797 parte
321 762 409 789 tuam
427 774 466 779 —
491 758 561 787 Dat.
586 758 706 794 Rome,
731 758 814 796 apud
838 758 987 788 Sanctam
1014 759 1082 788 Ma-

79 813 159 843 riam
179 812 331 851 Majorem
347 836 352 847 ,
372 821 426 840 xm
443 810 594 841 kalendas
613 811 729 850 martii,
749 820 835 841 anuo
854 812 1002 842 secundo.
1027 824 1039 838 n

147 956 261 985 ²05¹?

112 1018 155 1046 De
169 1019 358 1046 matrimoniis
374 1020 402 1045 in
418 1018 505 1045 Terra
521 1019 625 1045 Sancta
641 1020 806 1046 contractis.
818 1019 902 1052 (nso.
920 1020 962 1050 44,
975 1028 1000 1046 c.
1019 1019 1081 1050 802,

77 1068 95 1096 f.
112 1068 162 1096 287
179 1069 227 1101 r0.)

379 956 743 991 Sainte-Marie-Majeure,
764 957 796 983 10
811 957 916 983 few-ier
933 957 1009 984 1290.

114 1171 236 1206 Eidem,
253 1173 377 1209 propter
394 1170 584 1209 paucitatem
608 1169 753 1200 fidelium
776 1179 856 1208 quae
880 1170 914 1199 in
939 1170 1081 1209 partibus

77 1223 189 1254 Terrae
218 1223 352 1253 Sanctae
379 1227 473 1261 sunt,
499 1223 681 1253 facultatem
705 1224 850 1254 concedit
874 1224 1080 1262 dispensandi

75 1285 146 1308 cum
159 1277 267 1306 decem
284 1286 319 1306 ex
337 1276 498 1309 nobilibus
515 1281 544 1306 et
559 1276 632 1306 aliis
646 1277 793 1307 fidelibus
809 1278 893 1306 infra
906 1286 981 1307 suae
997 1277 1079 1315 lega-

76 1331 169 1361 tionis
185 1330 336 1360 terminos
353 1330 544 1367 constitutis,
558 1335 592 1360 ut
603 1340 677 1360 cum
698 1331 826 1361 totidem
843 1330 1048 1366 mulieribus,
1064 1340 1081 1360 e

75 1384 256 1424 parentibus
272 1384 420 1414 fidelibus
437 1385 616 1422 procreatis,
631 1385 875 1414 matrimonium
892 1384 1081 1414 contrahere

75 1437 216 1475 valeant,
235 1438 313 1468 etin
332 1442 491 1468 contracto
512 1447 698 1472 remanere,
722 1448 785 1468 nou
804 1439 949 1468 obstante
967 1441 1080 1477 quarto

74 1492 359 1529 consanguinitatis
375 1492 425 1521 vel
443 1492 609 1521 affinitatis
626 1493 738 1530 gradu.

115 1556 129 1572 κ
148 1544 242 1574 Lecta
257 1553 362 1574 coram
380 1545 509 1576 nohis...
523 1545 644 1575 —Dat.
663 1546 761 1575 Rome
778 1549 812 1575 ut
827 1554 932 1584 supra,
949 1555 994 1575 1111
1006 1545 1079 1575 idus

74 1597 242 1635 februarii,
262 1607 348 1628 anno
364 1599 515 1629 secundo.
536 1611 549 1626 ι
937 1589 940 1592 ’

142 1744 258 1773 2058

105 1805 236 1833 Facultas
264 1806 451 1841 dispensandi
480 1814 567 1841 super
595 1807 709 1833 defectu
739 1796 883 1834 natalium.
912 1807 994 1842 (Rae.
1023 1807 1074 1841 44,

67 1862 94 1882 c.
110 1854 170 1889 803,
186 1855 205 1881 f.
222 1855 271 1881 287
288 1856 342 1888 vu.)

375 1744 738 1779 Sainte-Marie-Majeure,
758 1745 790 1771 10
805 1745 909 1772 sevrier
925 1745 1003 1773 1290.

105 1958 207 1986 Eidem
234 1957 416 1987 facultatem
446 1958 592 1988 concedit
612 1958 820 1997 dispensandi
844 1967 918 1988 cum
949 1958 1075 1989 clericis

66 2010 302 2049 provinciarum
325 2020 400 2041 suae
422 2011 594 2049 legationis
614 2012 688 2050 qui,
714 2021 779 2042 non
795 2012 834 2041 de
850 2011 1008 2042 adulterio
1025 2012 1074 2042 vel

68 2063 189 2094 incestu
204 2068 259 2094 aut
270 2073 286 2094 e
299 2064 502 2102 regularibus
518 2065 567 2094 vel
581 2066 776 2104 presbyteris
789 2066 953 2104 procreati,
967 2066 1073 2096 defec-

72 2121 137 2146 tum
154 2121 262 2147 tamen
278 2118 432 2148 natalium
450 2118 621 2157 patiantur,
636 2123 668 2149 ut
679 2119 717 2148 ad
733 2128 845 2149 omnes
860 2119 987 2149 ordines
1004 2128 1074 2158 pro-

69 2171 187 2200 moveri
203 2176 232 2200 et
248 2171 501 2201 ecclesiasticum
518 2172 712 2202 beneficium
729 2174 870 2211 recipere
886 2173 1022 2203 valeant.

108 2235 121 2251 n
142 2224 256 2254 Gratus
274 2225 319 2255 tui
338 2226 519 2255 nominis...
538 2242 578 2248 —
594 2226 664 2255 Dat.
684 2231 718 2256 ut
734 2236 839 2265 supra.
859 2239 872 2253 η

139 2370 254 2399 2059

105 2431 236 2460 Facultas
252 2434 428 2461 absolvendi.
442 2434 525 2468 (Res.
545 2435 587 2468 44,
603 2443 628 2462 c.
646 2436 720 2466 8032,
737 2435 756 2462 f.
773 2436 822 2463 ‘287
841 2437 892 2471 νῦ.)

372 2370 737 2407 Sainte-Marie-Majeure,
757 2373 788 2399 10
803 2373 907 2399 sevrior
924 2373 1001 2400 1290.

71 2553 75 2557 ·
109 2536 210 2565 Eidem
240 2535 423 2566 facultatem
455 2538 599 2567 concedit
628 2538 815 2568 absolvendi
847 2538 1012 2576 religiosos
1046 2543 1076 2568 et

71 2587 200 2619 clericos
219 2590 396 2620 saeculares
412 2591 649 2629 provinciarum
666 2601 741 2622 suae
758 2592 927 2630 legationis
943 2592 1009 2631 qui,
1025 2602 1073 2622 ex-

69 2643 366 2673 communicationis
385 2644 513 2674 vinculo
533 2643 642 2682 ligati,
663 2645 792 2675 ordines
809 2645 1007 2684 susceperint
1025 2645 1074 2675 vel

0 2704 10 2714 *-
25 2729 27 2733 ¹
70 2694 103 2724 in
121 2696 271 2735 susceptis
286 2696 394 2727 divina
412 2697 516 2727 officia
531 2697 735 2728 celebrarint.

110 2759 124 2775 α
141 2749 257 2779 Gratus
276 2750 320 2780 tui
336 2750 517 2782 nominis...
534 2768 573 2773 —
591 2751 662 2781 Dat.
682 2756 716 2781 ut
732 2761 837 2791 supra.
858 2764 871 2778 r»

140 2893 260 2923 2⁰8⁰

104 2954 313 2984 Immunitates.
330 2957 412 2993 (Rau.
430 2959 473 2992 44,
489 2967 514 2985 c.
532 2959 593 2990 804,
611 2959 630 2985 f.
648 2959 698 2986 ‘287
713 2960 765 2994 vo.)

376 2895 739 2931 sainte-Marie-Majeure,
759 2897 790 2924 10
807 2898 908 2924 sevrier
924 2897 1001 2925 1290.

116 3043 282 3075 Venerabili
311 3048 407 3083 fratri
436 3046 577 3084 Nicolao,
608 3048 783 3085 patriarche
809 3048 1073 3086 Jerosolz‘mz'tano,

1168 444 1325 479 apostolice
1339 444 1413 472 sedis
1427 446 1531 482 legato,
1546 455 1580 475 ac
1593 447 1742 476 universis
1755 448 1946 480 ecclesiaram
1958 449 2082 485 prelatis
2092 454 2168 478 cete-

1167 496 1269 532 risque
1282 499 1419 533 personis
1434 499 1636 528 ecclesiasticis
1646 523 1653 535 ,
1673 505 1733 529 tam
1748 501 1899 537 reliqt'osis
1914 510 2006 538 quam
2018 503 2168 531 seculari-

1167 549 1230 587 bus,
1244 558 1298 585 per
1312 550 1590 581 Jernsoltmicanum
1606 558 1631 581 el
1651 553 1744 591 Cypri
1759 563 1852 591 regna
1871 560 1896 583 et
1914 555 2168 592 circumadjacen-

1167 605 1207 628 tes
1220 601 1337 631 insulas
1354 605 1531 634 constitutis.
1553 617 1565 631 α
1587 606 1706 635 Vestris
1724 606 1865 636 volentes
1881 607 2168 646 indempnitatibus

1167 654 1347 691 providere,
1367 661 1399 685 ut
1416 657 1454 686 de
1470 657 1577 694 blado,
1596 659 1685 693 vino,
1710 659 1783 689 lana
1803 665 1832 689 et
1853 660 1924 690 aliis
1947 661 2037 691 bonis
2056 662 2167 691 vestris

1167 706 1215 735 vel
1235 707 1441 738 ecclesiarum
1462 715 1636 740 vestrarum
1660 712 1902 742 transvehendis
1920 713 1968 742 vel
1987 714 2165 752 portandis,

1165 759 1203 788 ad
1223 770 1298 791 usus
1316 767 1446 799 vestros,
1466 773 1520 801 per
1537 767 1652 793 terram
1672 764 1720 793 vel
1736 774 1790 803 per
1805 775 1891 796 mare
1905 791 1911 802 ,
1930 767 2009 796 nulli
2023 768 2166 805 pedagia,

1166 813 1314 851 vinagia,
1343 816 1471 853 roagia,
1492 817 1627 854 vectigal
1656 819 1685 846 et
1708 818 1785 847 alias
1808 820 2070 856 consuetudines,
2088 830 2168 860 quo-

1165 874 1302 905 cumque
1322 868 1452 897 nomine
1470 873 1680 905 censeantur,
1706 880 1767 908 que
1789 880 1843 909 pro
1860 872 1922 900 hiis
1938 881 1955 901 a
1973 873 2166 903 secularibus

1165 919 1351 957 exiguntur,
1382 925 1520 958 prestare
1551 922 1599 951 vel
1621 922 1742 952 solvere
1769 925 1956 960 teneamini,
1983 926 2167 956 auctoritate

1166 972 1252 1001 vohis
1276 973 1473 1011 presentium
1497 974 1714 1012 indulgemus.
1748 976 1836 1005 Nulli
1871 986 1945 1014 ergo
1974 982 2031 1007 etc.
2064 982 2168 1008 nostre

1164 1025 1378 1054 concessionis
1395 1030 1453 1055 etc.
1473 1027 1541 1055 Dat.
1564 1032 1597 1056 ut
1613 1037 1718 1066 supra.
1740 1040 1752 1054 υ

1217 1211 1465 1241 zossfl-zossz
1502 1212 1850 1248 sainte-Marie-Mnjeure,
1869 1215 1900 1241 13
1916 1215 2019 1241 fevrier
2036 1215 2113 1243 1290.

1199 1273 1406 1308 Indulgentiae.
1425 1275 1506 1305 (Rae.
1520 1276 1562 1306 44,
1581 1284 1605 1302 c.
1623 1276 1683 1310 805,
1700 1277 1719 1302 f.
1737 1276 1786 1303 <287
1804 1277 1850 1311 ro.)

1205 1401 1224 1408 ..
1246 1380 1356 1407 rectori
1379 1379 1493 1407 ecclesie
1514 1380 1618 1408 Sancti
1638 1379 1778 1409 silvestri
1798 1381 1831 1409 de
1853 1381 1972 1417 Ayello,
1993 1381 2167 1410 Sabinensis

1163 1431 1296 1467 diocesis,
1318 1431 1553 1468 indulgentiam
1572 1433 1716 1462 concedit
1732 1433 1829 1462 unius
1845 1433 1923 1462 anni
1942 1438 1972 1463 et
1989 1443 2025 1463 xn
2042 1434 2166 1464 dierum

1162 1484 1207 1513 eis
1223 1485 1277 1522 qui
1304 1484 1496 1522 praedictam
1518 1484 1684 1514 ecclesiam
1706 1486 1739 1514 in
1761 1485 1839 1515 festo
1865 1486 1896 1516 S.
1924 1486 2087 1523 Silvestri‚
2113 1496 2167 1526 per

1160 1541 1228 1567 octo
1246 1538 1313 1567 dies
1336 1542 1504 1576 sequentes
1533 1543 1562 1567 et
1586 1539 1619 1567 in
1641 1539 1863 1569 anniversario
1883 1539 1933 1569 die
1957 1540 2165 1570 dedicationis

1161 1591 1305 1629 ejusdem
1321 1591 1469 1621 ecclesiae
1486 1592 1695 1621 visitaverint.

1202 1656 1215 1671 ι(
1244 1645 1432 1674 Sanctorum
1456 1645 1577 1674 meritis
1601 1644 1747 1675 inclita...
1772 1661 1812 1667 —
1839 1646 1909 1675 Dat.
1937 1647 2057 1682 Rome,
2080 1647 2164 1685 apud

1159 1697 1309 1727 Sanctam
1326 1698 1462 1728 Mariam
1481 1698 1651 1736 Majorem,
1678 1698 1785 1728 idibus
1803 1699 1976 1736 februarii,
2003 1709 2088 1730 auno
2113 1710 2163 1730 se—

1158 1751 1273 1781 cundo.
1296 1763 1309 1777 »
1746 1744 1748 1747 ¹

1198 1806 1237 1834 In
1253 1814 1279 1834 e.
1304 1814 1347 1834 m.
1369 1829 1388 1834 ..
1414 1805 1590 1835 abbatissae
1611 1809 1641 1835 et
1662 1806 1800 1844 capitulo
1824 1806 1994 1836 saecularis
2013 1807 2164 1837 ecclesiae

1157 1858 1292 1888 Sanctae
1308 1858 1507 1896 Aldeguudis
1523 1858 1763 1896 Malhodiensis,
1781 1859 2021 1890 Cameracensis
2040 1861 2163 1891 dioece-

1157 1912 1209 1941 sis.
1240 1912 1380 1941 Eandem
1397 1912 1633 1949 indulgentiam
1649 1913 1793 1942 concedit
1813 1913 1860 1943 eis
1884 1914 1939 1952 qui
1963 1914 2045 1943 hauc
2065 1914 2162 1944 eccle-

1157 1966 1238 1995 siam
1254 1966 1288 1994 in
1305 1965 1384 1995 festo
1393 1965 1527 1994 Sanctae
1537 1965 1739 2003 Aldegundis
1755 1970 1784 1996 et
1800 1975 1854 2005 per
1868 1970 1936 1997 octo
1951 1967 2020 1997 dies
2032 1976 2162 2006 sequen·

1158 2023 1202 2048 tes
1221 2018 1434 2048 visitaverint.

1213 2205 1461 2235 2033-2052
1501 2205 1860 2240 Sainte-Marie-Mnjeure,
1879 2207 1893 2233 5
1911 2207 2013 2233 fevrier
2030 2206 2107 2233 1290.

1193 2268 1399 2303 Indulgentiae.
1417 2268 1500 2300 (Rue.
1519 2269 1562 2303 44,
1579 2277 1604 2294 c.
1620 2269 1691 2300 8052,
1709 2269 1727 2294 f.
1746 2269 1796 2295 ,⁶287
1814 2270 1863 2302 νο.)

1199 2372 1352 2401 Universz's
1376 2371 1486 2400 Christi
1507 2371 1643 2407 fidelibus
1665 2376 1814 2409 presentes
1834 2372 1950 2400 litteras
1968 2373 2159 2408 inspecturis.

1156 2425 1395 2463 Indulgentiam
1408 2424 1504 2453 unius
1521 2424 1595 2453 anni
1615 2428 1644 2453 et
1658 2433 1696 2453 Χῖ,
1713 2424 1837 2453 dierum
1853 2424 1998 2454 coneedit
2013 2424 2161 2454 omnibus

1155 2488 1228 2509 vere
1245 2478 1479 2517 poenitentibus
1496 2482 1526 2507 et
1540 2478 1694 2507 confessis
1716 2478 1770 2516 qui
1789 2478 1953 2507 ecclesiam
1973 2478 2011 2507 de
2026 2477 2161 2507 Castello

1155 2532 1284 2568 Alboui,
1303 2530 1491 2569 Spoletanae
1507 2530 1678 2567 dioecesis,
1695 2531 1729 2559 in
1745 2531 1899 2560 honorem
1918 2531 2025 2560 beatae
2042 2531 2161 2560 Mariae

1156 2589 1388 2619 constructam,
1419 2583 1453 2612 in
1482 2583 1619 2621 singulis
1645 2583 1743 2622 hujus
1770 2583 1905 2621 virginis
1929 2588 1959 2613 et
1981 2584 2013 2613 S.
2036 2583 2161 2613 Nicolai

1155 2637 1344 2668 confessoris
1366 2637 1607 2672 festivitatibus,
1632 2645 1687 2675 per
1711 2641 1778 2666 octo
1798 2636 1865 2666 dies
1888 2641 2055 2674 sequentes
2074 2640 2103 2665 et
2126 2636 2159 2665 in

1156 2691 1378 2721 anniversario
1398 2690 1450 2720 die
1466 2689 1675 2720 dedicationis
1692 2690 1835 2728 ejusdem
1851 2689 2000 2719 ecclesiae
2016 2689 2161 2720 visitave-

1156 2746 1231 2776 rint.

1201 2811 1213 2825 ι(
1231 2798 1327 2835 Virga
1337 2796 1565 2826 venustissima
1575 2800 1641 2825 et...
1654 2813 1691 2816 —
1704 2796 1774 2826 Dat.
1793 2796 1903 2832 Rome,
1916 2796 1998 2834 apud
2011 2796 2160 2826 Sanctam

1157 2852 1293 2882 Mariam
1310 2851 1465 2889 Majorem
1483 2873 1489 2886 ,
1508 2850 1602 2879 nouis
1618 2849 1788 2886 februarii,
1808 2857 1893 2879 auno
1908 2849 2056 2879 secundo.
2080 2862 2093 2876 r>

1455 2928 1819 2962 Sainte-Marie-Majeure,
1836 2929 1868 2955 28
1881 2929 1994 2962 janvier
2009 2929 2087 2957 1290.

1195 2995 1234 3024 In
1256 3002 1282 3023 e.
1309 3001 1351 3022 m.
1376 2991 1508 3021 eisdem.
1532 2991 1675 3020 Eandem
1699 2990 1935 3028 indulgentiam
1951 2992 2097 3022 concedit
2114 2993 2159 3022 eis

1155 3049 1209 3087 qui
1226 3046 1390 3076 ecclesiam
1408 3045 1540 3074 Sanctae
1557 3044 1736 3080 Trinitatis,
1754 3044 2019 3075 cathalaunensis
2035 3045 2158 3076 dioece-
