2477 3637
167 352 184 381 2
914 345 1151 376 REGISTRES
1173 346 1227 376 DE
1251 346 1434 377 NICOLAS
1457 347 1516 376 IV.

167 426 330 457 processus
360 421 390 446 et
416 415 492 446 ordo
522 423 586 446 non
610 414 746 450 lateant3
779 412 832 442 sed
856 417 885 442 et
912 420 1005 441 cause
1034 411 1174 442 admira-

167 471 279 506 tionis,
297 469 450 508 stuporis,
471 473 501 498 et
517 468 638 497 timoris
660 465 843 505 hujusmodi
859 465 899 495 ad
916 464 1174 495 humiliationem

167 528 307 555 nostram
323 522 463 561 apertius
482 522 694 550 innotescant.

208 577 322 607 Felicis
339 575 497 615 siquidem
514 574 740 604 recordatiouis
759 573 900 603 Honorio
914 581 991 611 papa
1008 573 1092 610 1111,
1108 582 1175 612 pre-

166 631 331 661 decessore
348 634 472 664 005110,
496 633 528 658 ut
548 627 685 657 Domino
710 626 846 665 placuit,
866 626 906 655 ab
927 626 985 655 1100
1007 625 1076 656 luce
1097 627 1172 656 sub·

166 689 282 720 tracto,
308 683 440 721 ejusque
467 689 594 720 corpore
620 689 693 710 cum
719 680 926 718 exequiarum
951 679 1174 719 solempnitate

166 737 271 766 debita
301 734 472 769 tumulato,
505 742 561 763 nos
587 737 683 769 tunc,
714 737 748 762 ut
771 733 982 771 pretangitur,
1009 733 1173 771 episcopus

165 790 386 823 Penestrinus,
405 797 478 817 cnm
493 787 645 816 fratribus
661 786 777 816 11051115
793 786 865 816 aliis
878 786 911 815 in
926 787 1014 816 curia
1029 786 1173 816 Romana

169 842 388 883 presentibus,
405 842 439 871 iu
464 840 579 879 palatio
604 840 718 869 Sancte
738 839 857 869 Sabine
876 839 915 868 de
935 839 1040 875 Urbe,
1057 840 1090 869 iu
1111 847 1174 877 quo

164 896 367 936 predecessor
388 895 456 933 ipse
475 893 652 929 resederat,
670 892 818 923 concordi
838 892 999 922 voluntate
1019 892 1171 922 conveni-

164 958 255 984 mus,
273 948 491 978 substitutioni
513 947 650 976 Romani
673 946 837 976 Pontificis
862 945 994 975 sollicite
1019 946 1170 975 vacaturi.

164 1003 256 1033 Circa
272 1002 355 1040 quod
373 1001 446 1030 licet
467 1000 696 1039 impedimenta
715 999 803 1028 varia
819 1003 849 1029 et
865 1000 1011 1038 precipue
1031 999 1172 1028 diversa-

165 1064 238 1086 rum
266 1062 295 1085 et
322 1054 514 1093 prolixarum
539 1054 763 1083 infirmitatum
786 1053 947 1090 augustie,
975 1062 1035 1090 que
1058 1061 1171 1090 quam-

164 1109 271 1148 plures
293 1108 331 1138 de
352 1108 494 1146 ipsorum
513 1107 648 1136 fratrum
666 1106 800 1144 collegio
817 1114 971 1135 vexavere
987 1105 1106 1135 diutius
1125 1109 1170 1141 et,

164 1162 243 1201 proli
269 1161 374 1191 (101011
408 1160 580 1191 1100001105
602 1160 697 1189 etiam
720 1159 960 1198 subtraxerunt,
984 1158 1171 1197 aliquandiu

164 1215 333 1246 conatibus
358 1214 473 1243 nostris
498 1213 696 1248 obstiterint,
723 1212 854 1241 demum
881 1216 985 1241 tamen
1011 1212 1045 1240 in
1070 1211 1173 1250 prima

165 1269 328 1299 dominica
344 1268 500 1306 presentis
517 1266 778 1305 quadragesime,
796 1265 886 1295 nobis
911 1269 941 1294 et
956 1264 1090 1302 reliquis
1107 1264 1172 1294 fra-

165 1322 266 1352 tribus
292 1325 432 1358 tempore
457 1321 524 1358 ipso
550 1319 749 1358 presentibus
776 1317 1041 1347 convenientibus
1061 1318 1093 1346 in
1115 1325 1170 1355 pa-

163 1374 238 1405 latio
258 1373 455 1412 supradicto,
479 1372 578 1402 electa
602 1371 799 1402 concorditer
822 1371 873 1400 via
894 1371 1040 1400 scrutinii
1057 1375 1087 1400 et
1108 1379 1172 1400 uno

164 1432 287 1457 tantum
304 1427 384 1456 facto
401 1425 624 1464 publicatoque
640 1424 811 1460 scrutinio,
827 1423 883 1454 illo
898 1424 953 1463 qui
969 1423 1170 1454 concordiam

162 1483 196 1511 in
215 1480 407 1511 sublimibus
435 1479 500 1508 suis
519 1478 609 1514 facit,
636 1482 670 1507 ut
688 1478 836 1516 supponit
852 1478 962 1507 devota
979 1477 1167 1514 credulitas,

162 1535 342 1569 assistente,
361 1536 447 1561 tanta
463 1532 601 1561 finaliter
623 1531 656 1560 in
673 1531 752 1561 votis
768 1530 954 1560 eorumdem
972 1530 1104 1560 fratrum
1125 1535 1172 1560 est

164 1588 296 1617 inventa
314 1585 498 1621 concordia,
519 1585 601 1623 quod
626 1584 664 1614 de
686 1585 827 1623 ipsorum
851 1584 997 1614 omnium
1023 1584 1171 1614 unanimi

162 1640 324 1670 voluntate
348 1639 387 1668 ad
404 1638 678 1668 conscendendam
698 1638 784 1667 Petri
800 1637 983 1667 cathedram
1003 1642 1109 1667 secuta
1125 1642 1172 1668 est

161 1693 201 1723 de
218 1692 397 1722 humilitate
414 1697 520 1722 nostra
537 1700 667 1721 concors
683 1691 793 1721 electio
809 1695 838 1721 et
853 1692 1049 1728 communis,
1068 1692 1169 1721 fratri-

162 1747 221 1777 bus
237 1746 314 1785 ipsis
329 1745 552 1775 insistentibus
569 1746 749 1783 importune
766 1750 800 1774 ut
816 1744 961 1775 electioni
977 1745 1170 1775 consentire-

162 1809 235 1830 mus
251 1799 366 1829 eidem.

205 1854 242 1883 Iu
259 1861 322 1892 1100
339 1852 558 1882 admirationis
580 1851 803 1889 magnitudine
824 1851 954 1888 r'edditi,
978 1860 1037 1882 nec
1054 1852 1169 1882 imme-

163 1906 223 1937 rito
236 1929 244 1944 ,
262 1915 373 1936 sumus
393 1905 536 1941 attoniti,
559 1910 667 1943 stupor
682 1909 827 1935 nostrum
845 1905 992 1934 animum
1011 1905 1172 1935 hebetavit

163 1963 193 1990 et
215 1959 310 1989 timor
335 1959 453 1997 pariter
480 1962 662 1997 tremorque
687 1957 856 1988 concussit.
887 1957 1054 1997 Numquid
1082 1959 1169 1988 enim

163 2021 227 2043 non
243 2012 456 2042 admiratione
475 2011 629 2049 dignum,
649 2011 733 2050 quod
750 2012 794 2041 sic
807 2021 919 2041 sumus
937 2016 1052 2050 preter,
1069 2011 1170 2042 immo

163 2069 274 2096 contra
303 2065 481 2104 predictum
509 2069 654 2094 nostrum
683 2068 746 2094 tam
769 2063 896 2094 salubre
923 2064 1169 2104 ordinatumque

164 2118 372 2157 propositum,
386 2127 404 2147 a
415 2117 573 2147 desiderio
587 2118 702 2157 quietis
713 2122 816 2156 optate
830 2118 987 2148 fraudati?
1004 2118 1086 2148 Nam
1098 2118 1171 2148 licet

164 2171 319 2210 pastorale
350 2171 453 2200 taliter
488 2171 647 2200 indictum
679 2171 821 2201 officium
850 2172 1037 2211 premissam
1069 2172 1170 2202 Marie

164 2229 285 2264 partem
301 2234 319 2254 a
337 2234 370 2254 se
386 2234 589 2264 nequaquam
607 2225 737 2262 abiciat,
762 2226 841 2263 quin
860 2226 963 2264 potius
978 2225 1170 2265 contempla-

165 2279 243 2309 tioni
262 2278 374 2308 devote
391 2287 502 2308 vacare
522 2287 557 2308 ac
583 2278 788 2308 instructioni
809 2278 918 2308 divine
939 2279 1100 2309 ferventer
1117 2281 1169 2310 in-

164 2332 274 2361 sistere
289 2331 473 2360 assiduitate
489 2332 611 2360 intenta
627 2331 787 2369 deposcat;
801 2331 978 2362 verendum
996 2336 1113 2370 tamen,
1130 2342 1170 2363 ne

164 2383 344 2415 sollicitudo
367 2392 508 2414 connexa
525 2384 628 2414 eidem
649 2385 742 2414 1011115
765 2385 848 2415 orbis
871 2393 963 2415 curas
981 2385 1170 2416 innumeras

164 2442 195 2467 et
209 2437 384 2467 immensas
399 2437 545 2467 indicens
563 2437 762 2468 devotionem
779 2438 880 2468 Marie
896 2439 1057 2478 prepediat
1075 2445 1104 2470 et
1119 2449 1170 2470 se-

164 2494 286 2520 cretum
303 2490 408 2528 quiete
424 2491 540 2520 mentis
557 2490 702 2520 deserere
718 2500 847 2530 persepe
863 2491 1042 2530 compellat,
1057 2501 1116 2523 nec
1131 2493 1171 2522 ad

164 2552 233 2573 eam
251 2543 406 2573 redeundi
424 2543 516 2573 facile
537 2544 577 2573 sit
597 2544 740 2574 facultas.
758 2544 876 2575 Nonne
893 2546 1025 2584 insuper
1045 2550 1171 2585 stupore

165 2605 229 2626 non
246 2605 399 2633 vacuum,
414 2596 498 2635 quod
514 2597 598 2626 inter
614 2601 657 2627 tot
671 2601 702 2627 et
719 2601 819 2627 tantas
835 2598 1020 2628 eorumdem
1036 2599 1171 2629 fratrum

165 2657 330 2687 personas,
349 2649 413 2679 vite
428 2658 463 2679 ac
480 2649 562 2679 fame
581 2649 723 2680 claritate
739 2650 911 2689 pollentes,
931 2651 1104 2683 virtutibus
1121 2662 1169 2682 re-

165 2701 308 2739 dimitas,
325 2702 547 2733 habundantes
563 2703 602 2733 ad
618 2703 677 2733 hec
694 2703 822 2734 utilium
838 2705 1030 2735 sufficientia
1045 2707 1170 2737 merito-

165 2764 238 2785 rum
253 2755 287 2784 in
303 2756 492 2794 presidendo
507 2757 677 2795 apostolico
693 2757 840 2796 culmini,
858 2763 966 2789 nostra
982 2759 1169 2797 indignitas,

166 2809 400 2839 existimatione
423 2815 527 2840 nostra
550 2812 662 2841 merito
679 2812 911 2850 postponenda,
929 2812 1052 2843 occulta
1067 2813 1125 2843 Dei
1142 2817 1173 2843 et

165 2861 309 2901 pavenda
336 2862 426 2891 nobis
452 2862 636 2900 dignatione
662 2864 844 2903 prefertur?
875 2865 990 2895 Nonne
1015 2866 1093 2896 dum
1118 2867 1170 2896 10-

163 2914 266 2954 juncti
284 2915 391 2945 oneris
408 2914 522 2945 molem
544 2916 738 2947 attendimus
758 2922 788 2947 et
808 2922 948 2948 nostram
969 2919 1170 2949 insufficien-

167 2968 243 2997 tiam
263 2976 500 3007 comparamus,
520 2969 615 3007 digne
631 2970 796 3000 invalescit
819 2971 912 3002 timor
928 2976 958 3002 et
974 2976 1110 3010 tremor,
1131 2981 1171 3002 ne

168 3021 213 3051 sic
229 3026 351 3060 premat
372 3022 455 3060 quod
474 3023 648 3061 opprimat,
672 3023 716 3053 sic
733 3024 891 3063 opprimat
912 3025 996 3064 quod
1018 3026 1171 3065 portantis

1257 412 1402 443 debilitas
1422 412 1516 443 molis
1541 413 1610 451 ejus
1630 413 1838 444 immensitati
1859 415 2067 446 succumbat?
2087 416 2201 446 Nonne
2225 417 2264 447 ti-

1257 467 1410 496 mendum
1434 467 1549 495 iterum
1570 471 1599 495 et
1622 466 1841 503 tremendum,
1859 468 1885 497 si
1902 469 2021 498 summi
2034 468 2152 507 judicis
2174 479 2265 500 seve-

1259 519 1332 549 ritas
1348 519 1528 549 attendatur
1544 523 1574 549 et
1588 523 1707 548 attente
1725 524 1874 557 pensetur
1888 544 1894 556 ,
1911 522 1994 560 quod
2011 522 2036 551 si
2052 522 2208 552 rationem
2228 523 2265 553 de

1258 571 1383 601 talentis
1398 572 1526 602 creditis
1541 576 1709 601 exacturus
1726 573 1849 609 veniat,
1869 581 1925 603 nec
1942 584 1977 604 ea
1994 575 2138 604 iuveniat
2154 576 2186 605 in
2205 576 2265 606 sibi

1256 630 1382 663 gratum
1403 634 1574 655 numerum
1594 625 1788 661 excrevisse,
1808 634 1937 656 servum
1951 636 1969 657 a
1984 627 2066 658 bono
2087 633 2264 667 torpentem

1256 687 1349 718 opere
1366 688 1462 717 quam
1482 678 1876 717 severissimejudicabit?

1299 732 1363 762 Hec
1379 736 1409 761 et
1423 732 1485 761 alia
1501 731 1590 770 plura
1601 754 1608 767 ,
1626 740 1687 770 1100
1703 731 1891 769 prolixitatis
1908 732 2033 764 vitande
2048 735 2149 772 gratia
2164 735 2263 765 subti-

1256 789 1305 815 cet
1321 793 1425 815 sermo
1446 785 1622 820 succintus,
1640 784 1837 814 debilitatem
1857 789 2002 816 nostram
2021 787 2260 817 subducendam

1256 838 1295 867 ab
1321 847 1416 868 onere
1435 842 1540 867 nostre
1562 837 1790 867 insufficientie
1809 838 2031 876 imperfectum
2053 849 2071 870 a
2097 841 2264 871 subeundo

1257 892 1350 921 totius
1368 891 1481 921 mundi
1499 890 1657 930 spirituali
1678 890 1835 928 regimine
1851 890 2049 922 difficultatis
2066 894 2262 923 inexistima-

1256 944 1329 974 bilis
1346 944 1628 982 compescendum,
1646 944 1724 973 adeo
1741 943 1911 974 efficaciter
1929 946 2160 984 suggerebant,
2179 948 2264 985 quod

1256 997 1441 1027 eorumdem
1458 998 1591 1027 fratrum
1615 997 1848 1035 importunitati
1867 997 2067 1028 diversarum
2085 1000 2263 1029 excusatio-

1256 1059 1334 1080 num
1351 1051 1472 1080 obicem
1485 1050 1683 1089 opponendo,
1700 1059 1762 1088 qua
1778 1050 1939 1089 potuimus
1955 1051 2161 1082 reluctatione
2176 1053 2265 1082 resti—

1256 1104 1371 1139 timus,
1388 1107 1495 1142 aperte
1514 1107 1666 1141 negantes
1687 1102 1834 1133 electioni
1854 1104 2007 1142 premisse
2026 1108 2167 1142 prestare
2184 1113 2263 1136 con-

1255 1165 1385 1186 sensum
1400 1160 1431 1186 et
1448 1161 1510 1185 tam
1526 1156 1586 1194 ipsi
1602 1148 1697 1194 quam
1710 1156 1776 1194 juri
1794 1156 1884 1186 nobis
1900 1166 1937 1186 ex
1955 1165 1991 1186 ea
2005 1157 2129 1195 quesito
2145 1166 2264 1188 renun-

1256 1210 1368 1239 tiantes
1384 1218 1540 1248 expresse.
1560 1209 1679 1239 Verum
1700 1209 1812 1239 fratres
1837 1210 1933 1239 iidem
1952 1214 2058 1240 nostre
2084 1212 2266 1242 resistentie

1255 1263 1426 1292 instantius
1439 1262 1615 1299 obviantes,
1632 1261 1787 1292 electione
1801 1263 2033 1293 nichilominus
2048 1264 2180 1302 repetita
2192 1273 2265 1295 con-

1254 1316 1361 1352 cordi,
1379 1320 1414 1345 ut
1437 1316 1466 1345 ei
1490 1315 1746 1345 consentiremus
1768 1320 1798 1345 et
1819 1316 1964 1346 institere
1985 1317 2161 1347 ferventius
2182 1318 2266 1348 etin

1255 1369 1371 1398 virtute
1386 1368 1566 1398 obedientie
1581 1368 1803 1407 inJunxerunt.
1826 1369 1891 1399 Nos
1907 1378 1980 1399 vero
1996 1369 2070 1399 licet
2088 1379 2124 1399 ex
2141 1374 2264 1402 nostro-

1254 1431 1326 1452 rum
1339 1421 1520 1451 defectuum
1532 1421 1726 1451 conscientia
1738 1421 1932 1459 diffidentes,
1944 1423 2140 1453 confidentes
2155 1428 2265 1454 tamen

1254 1476 1293 1505 de
1317 1475 1405 1505 illius
1428 1474 1678 1513 omnipotentia,
1701 1475 1756 1513 qui
1778 1483 1844 1505 non
1868 1476 1971 1505 solum
1993 1476 2121 1506 eosdem
2144 1477 2264 1508 sufficit

1253 1528 1401 1568 supplere
1419 1528 1559 1558 desectus
1571 1551 1578 1564 ,
1596 1527 1650 1556 sed
1667 1531 1779 1566 potens
1795 1531 1841 1557 est
1859 1528 1962 1559 facere
1978 1529 2114 1567 gratiam
2133 1529 2262 1560 habun-

1253 1584 1338 1620 dare,
1356 1591 1542 1622 quanquam
1558 1581 1597 1612 ad
1613 1581 1671 1611 hoc
1686 1581 1776 1611 nobis
1794 1590 1997 1620 nequaquam
2014 1583 2129 1613 merita
2147 1592 2263 1623 suppe-

1254 1641 1335 1674 tant,
1356 1637 1481 1666 ntiuam
1497 1635 1651 1665 demerita
1667 1643 1731 1665 non
1747 1635 1919 1672 obsistant,
1936 1644 1991 1674 per
2006 1635 2118 1666 fratres
2134 1637 2261 1668 eosdem

1253 1690 1370 1721 nostris
1395 1689 1650 1719 excusationibus
1669 1696 1732 1718 non
1757 1688 1928 1725 admissis,
1948 1696 1989 1718 ne
2009 1689 2068 1719 sub
2083 1689 2265 1720 obedientia

1254 1744 1367 1774 nutriti
1388 1743 1508 1772 diutius
1529 1751 1600 1772 eam
1624 1745 1849 1780 contempnere
1873 1741 2078 1780 pertinaciter
2095 1745 2126 1772 et
2148 1742 2264 1773 mundi

1253 1798 1390 1836 graviter
1418 1804 1608 1835 guerrarum
1637 1794 1902 1833 multiplicatione
1929 1794 2070 1832 divulsi,
2104 1795 2265 1835 Terreque

1253 1852 1368 1882 Sancte
1392 1851 1480 1890 quasi
1507 1849 1595 1879 omni
1618 1847 1739 1878 auxilio
1761 1848 1909 1878 destitute
1927 1847 2069 1887 pericula
2087 1848 2264 1880 differendo

1255 1905 1466 1944 provisionem
1485 1903 1616 1933 ecclesie
1634 1901 1799 1940 negligere
1815 1909 2039 1938 censeremur,
2058 1902 2188 1932 tandem
2209 1910 2263 1932 ac-

1252 1959 1433 1999 quievimus
1445 1956 1630 1987 eorumdem
1645 1956 1779 1985 fratrum
1793 1946 1956 1991 1115100110,
1972 1956 2115 1994 ipsorum
2128 1959 2265 1994 urgente

1253 2015 1415 2051 precepto,
1439 2010 1583 2049 collaque
1609 2008 1727 2038 debilia
1748 2009 1826 2046 jugo
1852 2008 2062 2038 submisimus
2088 2008 2265 2048 apostolice

1251 2066 1427 2101 servitutis,
1456 2067 1630 2103 prestantes
1658 2061 1823 2098 electioni,
1853 2065 1886 2091 ut
1911 2061 2106 2099 premittitur
2117 2084 2126 2098 ,
2153 2062 2265 2092 iterate

1251 2127 1459 2154 consensum,
1476 2117 1605 2147 anxiato
1621 2120 1651 2145 et
1665 2114 1834 2145 humiliato
1850 2114 1963 2154 spiritu
1979 2114 2187 2153 supplicando
2201 2138 2209 2152 ,
2229 2119 2265 2145 ut

1252 2173 1307 2203 ille
1323 2173 1450 2211 qui'nos
1466 2172 1580 2210 jugum
1598 2169 1685 2199 idem
1705 2168 1812 2198 subire
1834 2167 2008 2204 concessit,
2030 2168 2074 2198 sic
2095 2167 2134 2198 ad
2158 2169 2264 2208 ipsum

1252 2225 1443 2266 portandum
1460 2223 1655 2254 debilitatem
1671 2226 1813 2253 nostram
1828 2221 1938 2251 robore
1954 2221 2076 2259 fulciat,
2092 2221 2137 2251 sic
2152 2221 2262 2260 ipsum

1253 2281 1345 2310 nobis
1358 2278 1452 2308 faciat
1467 2286 1524 2307 sua
1540 2276 1729 2314 levigatione
1743 2274 1908 2314 portabile,
1923 2274 2007 2313 quod
2020 2283 2084 2304 uon
2097 2275 2275 2315 contingat-

1253 2342 1310 2364 nos
1330 2333 1363 2362 in
1389 2332 1456 2370 ejus
1475 2330 1624 2361 exercitio
1641 2339 1675 2359 ex
1696 2333 1802 2359 nostra
1819 2328 2006 2358 infirmitate
2029 2328 2165 2358 deficere
2179 2352 2186 2366 ,
2208 2327 2264 2358 sed

1252 2387 1295 2417 ita
1316 2395 1352 2417 ex
1368 2394 1425 2416 sua
1442 2385 1558 2415 virtute
1573 2383 1745 2423 proficere,
1763 2381 1847 2421 quod
1867 2381 1981 2411 exinde
1998 2382 2033 2411 in
2050 2380 2141 2411 nobis
2159 2384 2190 2411 et
2205 2389 2261 2420 po-

1254 2440 1327 2480 pulo
1341 2448 1416 2470 cure
1433 2443 1538 2468 nostre
1556 2437 1726 2468 commisso
1741 2435 1780 2465 ad
1796 2435 1924 2465 laudem
1941 2435 1990 2465 sui
2009 2435 2150 2465 nominis
2173 2434 2260 2464 fruc-

1255 2498 1323 2523 tum
1339 2492 1517 2522 referamus
1533 2494 1686 2529 optatum.

1294 2547 1376 2583 Quia
1403 2554 1477 2576 vero
1502 2554 1538 2575 ex
1564 2541 1764 2580 indignitatis
1792 2545 1896 2571 nostre
1921 2539 2174 2571 consideratione
2200 2548 2257 2579 pa-

1255 2604 1357 2630 tenter
1381 2598 1575 2629 advertimus
1608 2604 1665 2625 nos
1694 2602 1897 2633 nequaquam
1925 2593 1965 2623 ad
1996 2593 2055 2623 hec
2086 2592 2263 2632 optinenda

1254 2653 1416 2688 sufficere,
1441 2651 1621 2682 orationum
1639 2652 1816 2678 vestrarum
1832 2646 1986 2685 suffragia
2004 2645 2170 2675 humiliter
2195 2645 2260 2676 im-

1254 2706 1432 2745 ploramus,
1452 2703 1691 2734 universitatem
1707 2704 1845 2731 vestram
1861 2703 1979 2730 attente
1994 2703 2142 2737 rogantes
2155 2703 2186 2729 et
2201 2699 2261 2730 ob-

1254 2763 1413 2789 secrantes
1429 2758 1463 2788 in
1481 2756 1617 2787 Domino
1631 2754 1732 2785 Jhesu
1749 2753 1887 2790 Christo,
1904 2757 2062 2792 quatenus
2078 2751 2264 2791 frequenter

1255 2821 1361 2852 preces
1382 2809 1548 2850 porrigatis
1569 2809 1697 2838 devotas
1721 2812 1750 2837 et
1776 2805 1916 2837 humiles
1940 2806 1974 2836 in
1997 2804 2141 2842 excelsa,
2161 2808 2191 2835 et
2207 2813 2262 2844 per

1254 2867 1418 2904 religiosos
1433 2873 1469 2895 ac
1483 2863 1562 2894 alios
1578 2865 1680 2892 vestre
1696 2861 1826 2892 ditionis
1841 2859 1961 2899 porrigi
1976 2858 2172 2897 suggeratis,
2189 2867 2261 2897 sup-

1254 2919 1377 2959 pliciter
1394 2916 1586 2958 postulantes
1602 2926 1620 2946 a
1632 2915 1783 2953 Domino,
1799 2918 1833 2944 ut
1845 2914 1912 2952 ipse
1925 2913 1964 2943 de
1975 2920 2031 2942 sue
2044 2911 2263 2942 misericordie

1254 2971 1491 3006 habundantia,
1516 2974 1546 3000 et
1564 2969 1661 3008 petita
1683 2967 1852 3003 concedat,
1877 2969 1907 2995 et
1926 2964 2037 2995 aditiat
2052 2964 2136 3003 quod
2153 2964 2263 3004 petitio

1254 3034 1318 3056 non
1333 3024 1504 3064 presumit;
1522 3023 1631 3062 5101100
1648 3030 1743 3061 super
1759 3029 1816 3051 nos
1831 3027 1926 3050 suum
1942 3017 2066 3048 vultum
2083 3017 2262 3053 illuminet,
