2342 3652
916 377 1143 417 DEUXIEME
1166 373 1322 414 ANNnn.
2107 386 2161 414 245

120 459 265 488 Preterea
283 456 368 485 idem
382 455 519 485 ballivus
538 454 621 483 bona
636 454 791 483 dictorum
813 453 1024 489 subditorum,
1045 452 1079 480 in

83 517 162 542 terra
183 509 415 549 jurisdictionis
436 507 567 537 ecclesie
585 510 758 535 memorate
781 505 1006 541 consistentia,
1024 505 1079 533 in-

82 565 218 599 vadiare,
237 572 272 592 ac
288 571 343 600 pro
360 560 611 591 invadiamentis
628 559 811 598 hujusmodi
830 559 996 597 pecuniam
1016 558 1079 588 eis-

83 618 152 648 dem
169 616 301 646 subditis
322 615 465 651 auferre,
482 613 592 643 domos
616 621 725 642 eorum
748 612 896 647 firmare,
920 620 1080 649 penasque

82 670 158 710 ipsis
177 669 356 706 imponere,
374 675 410 696 ac
432 666 563 696 assisias
583 665 621 694 de
643 673 724 694 novo
749 665 783 693 in
806 665 931 694 civitate
954 664 1081 701 Lugdu-

85 723 191 758 nensi,
212 725 242 751 et
267 724 375 757 extra,
400 721 432 749 in
458 724 540 748 terra
566 722 596 748 et
623 717 754 747 baronia
782 717 919 756 predicte
949 716 1081 746 ecclesie

56 802 58 804 ,
84 774 324 814 Lugdunensis,
342 777 464 809 tenere,
482 772 603 801 ibidem
625 779 794 801 causarum
814 770 1013 800 audientiam
1031 778 1082 799 or-

83 828 240 863 diuando‚
260 831 289 856 et
313 825 499 856 tabelliones
522 824 667 863 ponendo
685 833 741 853 sua
758 824 862 853 officia
884 823 1081 859 exertientes,

85 890 138 922 pro
159 889 214 910 sue
235 879 408 909 voluntatis
426 878 515 908 libito
535 886 600 919 1100
625 881 771 913 veretur;
789 885 825 905 ac
842 876 966 905 eosdem
986 875 1082 905 tabel-

84 935 182 966 liones
198 938 227 963 et
243 933 416 963 servientes
432 932 532 971 ipsius
547 930 674 966 ballivi,
693 939 748 969 pro
765 938 874 959 eorum
891 928 1081 963 excessibus,

84 996 159 1028 quos
175 987 209 1016 in
226 986 343 1026 prefata
357 985 582 1025 jurisdictione
594 984 808 1019 committunt,
824 983 931 1022 puniri
948 990 1002 1021 per
1019 991 1085 1020 pre-

84 1041 161 1072 fatos
184 1040 341 1069 decanum
360 1042 389 1069 et
405 1038 591 1077 capitulum,
610 1042 701 1076 prout
724 1037 763 1066 ad
786 1045 838 1066 eos
858 1036 1005 1080 pertinet,
1024 1035 1085 1064 mi-

85 1095 168 1124 nime
183 1093 408 1132 permittendo.

122 1147 192 1177 Non
219 1146 298 1175 sinit
325 1145 420 1176 etiam
446 1143 711 1174 dictusballivus
733 1143 817 1182 quod
840 1143 988 1173 homines
1012 1141 1085 1172 ville

84 1201 184 1237 Anse,
204 1198 430 1237 Lugdunensis
454 1197 610 1235 diocesis,
630 1197 669 1227 ad
694 1197 851 1236 predictos
874 1196 1031 1226 decanum
1057 1199 1087 1225 et

85 1252 255 1293 capitulum
271 1251 473 1291 pertinentis,
491 1251 632 1281 vendant
647 1250 720 1280 aliis
735 1259 831 1289 quam
849 1249 916 1279 illis
932 1249 970 1278 de
988 1257 1086 1286 regno

85 1306 217 1337 Francie
229 1305 305 1335 vina
321 1314 389 1343 sua,
407 1305 630 1344 propterquod
646 1304 836 1334 habitatores
853 1303 996 1343 ejusdem
1012 1302 1087 1332 ville

84 1361 170 1390 Anse
182 1367 266 1389 anno
281 1358 430 1397 preterito
442 1358 581 1398 dampna
596 1358 811 1388 extimationis
827 1356 917 1386 mille
931 1356 1087 1386 librarum

86 1413 306 1444 turonensium
327 1413 554 1449 incurrerunt,
582 1416 631 1449 et,
656 1412 719 1441 nisi
736 1420 830 1450 super
852 1411 911 1441 hoc
932 1409 1087 1440 festinum

85 1465 260 1496 remedium
273 1469 459 1504 apponatur,
475 1465 630 1504 oportebit
646 1468 697 1494 eos
713 1465 848 1495 0010100
863 1464 1010 1494 deserere
1027 1463 1089 1492 dic-

87 1523 148 1550 tam
164 1519 284 1549 villam:

125 1572 268 1612 Citatque
287 1573 390 1603 dictus
407 1572 545 1603 ballivus
565 1573 605 1602 ad
620 1581 710 1602 suam
727 1572 922 1611 presentiam
947 1575 976 1601 et
998 1570 1090 1601 citari

87 1625 160 1656 facit
176 1626 277 1657 dictos
292 1626 450 1657 decanum
467 1631 496 1656 et
511 1625 702 1664 capitulum,
721 1630 751 1655 et
768 1630 887 1655 ceteros
904 1625 1034 1655 clericos
1049 1624 1090 1654 ci-

88 1680 191 1710 vitatis
207 1684 237 1709 et
253 1680 387 1710 diocesis
405 1679 642 1718 Lngdunensis,
661 1688 786 1709 necnon
803 1683 833 1709 et
848 1679 927 1709 alios
949 1678 1090 1708 subditos

87 1732 216 1763 ecclesie
230 1737 423 1770 memorate,
444 1733 592 1772 ipsosque
612 1732 790 1771 compellit,
815 1733 912 1762 etiam
930 1732 965 1761 in
986 1731 1090 1761 causis

88 1785 305 1825 spiritualibus
322 1791 352 1817 et
369 1786 588 1826 personalibus
604 1786 920 1823 actionibus,·coi·am
938 1795 969 1815 se
987 1786 1020 1814 in
1038 1785 1090 1824 ju-

89 1838 169 1869 dicio
179 1839 382 1877 respondere.
395 1840 433 1869 Et
447 1839 608 1878 quendam
618 1839 747 1876 laicum,
761 1839 893 1869 nomine
904 1839 1090 1876 Testadura,

89 1891 163 1930 qui,
186 1896 310 1931 propter
325 1901 489 1923 enormem
507 1902 670 1923 excessum
695 1893 734 1922 ab
757 1901 792 1922 eo
808 1894 840 1922 in
857 1893 982 1922 civitate
1005 1893 1091 1931 Lug-

89 1943 225 1974 dunensi
247 1945 387 1984 predicta
409 1946 637 1983 commissum,
662 1955 717 1985 per
741 1946 938 1976 correarium
961 1946 1091 1983 Lugdu-

89 2005 221 2028 nensem
234 1989 436 2029 detinebatur
451 1999 588 2036 carceri,
604 2000 694 2038 juxta
711 1999 852 2038 ejusdem
870 2008 1016 2029 excessus
1032 1999 1094 2028 exi-

90 2052 248 2090 gentiam,
277 2053 496 2092 mancipatus,
522 2053 614 2083 educi
637 2053 709 2083 fecit
730 2054 768 2083 de
790 2053 873 2083 dicto
893 2062 1018 2083 carcere
1039 2062 1094 2091 per

90 2113 160 2136 suos
178 2105 330 2136 satellites
351 2106 518 2142 violenter,
541 2111 571 2137 et
586 2107 625 2136 ad
643 2107 804 2136 civitatem
823 2107 1094 2144 Matisconeusem

91 2158 217 2197 adduci,
235 2163 265 2189 et
281 2159 326 2189 ibi
345 2168 420 2190 eum
435 2160 547 2190 mortis
563 2160 718 2199 supplicio
738 2169 794 2199 per
811 2160 1021 2198 suspendium
1039 2160 1094 2190 de-

91 2212 204 2250 putari.

130 2265 274 2304 Cumque
295 2267 406 2305 prefati
430 2267 569 2297 decanus
594 2272 623 2297 et
645 2267 841 2305 capitulum,
867 2267 945 2296 dum
966 2267 1000 2296 in
1016 2267 1095 2296 civi-

93 2321 152 2348 tate
177 2319 385 2357 Lugdunensi
409 2320 511 2350 dictus
535 2320 672 2350 ballivus
697 2321 819 2350 curiam
839 2329 930 2350 suam
952 2324 1094 2355 teneret,

93 2371 126 2401 in
148 2373 366 2410 cognoscendo
391 2373 430 2403 de
459 2374 561 2403 causis
590 2374 674 2403 inter
698 2373 782 2403 cives
811 2373 1043 2411 Lugdunenses
1069 2377 1099 2402 et

95 2423 187 2461 alios,
211 2425 245 2454 in
273 2426 491 2464 prejudicium
522 2427 666 2465 ipsorum
693 2427 806 2456 decani
834 2431 864 2456 et
889 2426 1038 2465 capituli,
1062 2434 1098 2455 ac

95 2477 224 2508 ecclesie
242 2479 481 2517 Lugdunensis,
504 2489 565 2519 que
584 2480 619 2509 in
635 2480 721 2510 cives
739 2480 824 2519 ipsos
837 2479 1098 2519 jurisdictionem

95 2531 313 2562 omnimodam
333 2532 457 2562 obtinet
481 2533 706 2572 temporalem,
732 2537 761 2563 et
785 2537 896 2563 contra
913 2533 1101 2571 prohibitio-

97 2590 168 2613 nem
185 2584 297 2614 decani
314 2589 345 2614 et
361 2585 491 2624 capituli
508 2586 708 2623 eorumdem,
728 2586 807 2616 duos
825 2586 902 2616 illuc
919 2596 955 2616 ex
972 2585 1102 2616 canoni-

77 2647 80 2650 ·
97 2635 141 2666 cis
155 2637 298 2675 ejusdem
312 2637 442 2668 ecclesie
458 2638 682 2675 destinassent,
698 2643 733 2669 ut
748 2639 868 2669 dictum
882 2639 1038 2669 ballivum
1052 2647 1102 2668 re-

97 2689 271 2728 quirerent,
286 2690 464 2721 inhibendo
480 2691 583 2722 eidem
597 2692 681 2731 quod
692 2692 730 2722 de
746 2692 929 2730 cognitione
941 2692 1101 2721 dictarum

98 2749 262 2772 causarum
283 2752 316 2773 se
337 2752 401 2774 non
424 2744 668 2782 intromitteret,
693 2745 769 2783 quia
797 2749 902 2783 utpote
923 2745 963 2774 ad
986 2745 1103 2774 dictam

99 2794 261 2825 ecclesiam
279 2800 401 2826 tantum
418 2802 577 2835 spectanS,
596 2799 635 2828 ad
653 2798 759 2836 ipsum
781 2807 837 2828 seu
853 2798 974 2827 dictum
995 2806 1104 2835 regem

100 2847 280 2879 nullatenus
298 2850 488 2888 pertinebat,
506 2851 594 2880 idem
604 2851 740 2881 ballivus
755 2860 791 2881 ex
805 2851 864 2881 hoc
879 2855 984 2881 motus
996 2854 1106 2880 contra

100 2901 265 2932 canonicos
288 2907 496 2941 memoratos,
523 2912 576 2934 eos
601 2904 840 2934 contumeliosis
863 2905 968 2934 verbis
989 2903 1104 2939 affecit,

101 2957 132 2982 et
159 2954 280 2985 duobus
310 2956 557 2992 tabellionibus,
584 2966 662 2996 quos
689 2967 794 2987 secum
829 2958 928 2987 iidem
958 2956 1107 2987 canonici

102 3004 268 3045 duxerant,
288 3017 342 3047 pro
357 3010 567 3040 conficiendis
583 3019 677 3049 super
693 3011 903 3049 requisitione
920 3009 1107 3049 hujusmodi

103 3059 235 3098 publicis
251 3061 492 3100 instrumentis,
518 3072 666 3102 expresse
691 3064 833 3094 inhibuit
855 3073 895 3094 ne
915 3064 955 3094 ad
980 3063 1105 3094 confec-

1161 450 1281 479 tionem
1294 449 1429 488 alicnjus
1446 450 1651 480 instrumenti
1667 460 1761 489 super
1778 450 1836 480 hoc
1850 450 2016 488 procedere
2028 454 2161 488 attemp-

1162 506 1280 536 tarent,
1306 502 1350 530 eis
1372 502 1604 533 nichilominus
1630 503 1857 532 comminando
1879 503 1979 541 quod,
2005 503 2031 532 si
2055 506 2162 532 contra

1162 554 1345 593 hujusmodi
1358 555 1588 585 inhibitionem
1606 556 1714 585 venire
1731 560 1960 594 presumerent,
1978 556 2061 594 ipsos
2077 564 2163 585 more

1162 607 1323 637 latronum
1340 608 1454 637 faceret
1470 609 1639 646 suspendio
1661 609 1804 646 deputari
1818 632 1824 643 ‚
1844 608 1915 638 aliis
1931 608 2161 646 multiplicibus

1164 661 1414 698 gravaminibus,
1442 661 1571 699 injuriis
1588 666 1617 691 et
1640 661 1803 697 molestiis,
1830 662 1942 690 tamin
1960 662 2163 699 usurpatione

1164 714 1281 751 prefate
1293 714 1530 752 jurisdictionis
1543 723 1560 743 a
1576 714 1691 743 ballivo
1708 714 1845 752 predicto
1857 719 2049 752 presumpta,
2068 723 2163 752 quam

1165 767 1261 796 etiam
1277 767 1354 796 alias
1370 776 1424 805 per
1447 767 1552 805 ipsum
1572 767 1726 796 ballivum
1745 768 1865 796 eisdem
1887 767 2007 797 decano
2025 772 2055 796 et
2075 768 2162 805 capi-

1168 820 1231 849 tulo
1258 829 1294 849 ac
1316 820 1446 849 ecclesie
1472 820 1636 856 irrogatis,
1662 824 1787 858 propter
1809 829 1870 857 que
1885 825 1915 849 et
1934 820 1995 849 alia
2013 820 2165 858 premissa

1167 872 1299 910 predicti
1316 872 1455 901 decanus
1472 876 1502 901 et
1516 872 1694 909 capitulum
1711 876 1741 900 et
1758 872 1890 901 ecclesia
1906 873 2044 911 dampna
2059 873 2167 910 gravia

1168 930 1242 954 sunt
1257 925 1407 963 perpessi.

1209 978 1292 1007 Sane
1315 977 1494 1015 predictum
1516 986 1625 1014 regem
1643 977 1807 1006 attendere
1830 977 1976 1006 volumus
1998 977 2168 1014 diligenter

1168 1030 1251 1069 quod
1272 1030 1422 1060 nonnulli
1446 1030 1661 1068 progenitores
1685 1030 1735 1058 sui
1758 1029 1881 1066 incliti,
1905 1030 1982 1058 dum
2006 1031 2167 1067 viverent,

1169 1084 1245 1114 dum
1259 1084 1357 1121 regali
1375 1083 1457 1113 solio,
1470 1083 1678 1122 presiderent,
1693 1092 1747 1112 seu
1766 1082 1992 1111 ministeriales
2008 1087 2038 1112 et
2052 1083 2167 1112 Officia·

1169 1137 1215 1166 les
1231 1137 1390 1175 ipsorum,
1412 1145 1476 1166 non
1498 1136 1543 1165 sic
1571 1139 1785 1165 tractaverunt
1807 1135 1954 1165 ecclesias
1976 1140 2006 1165 et
2020 1144 2170 1174 personas

1169 1190 1410 1225 ecclesiasticas,
1434 1198 1499 1219 non
1523 1190 1567 1218 sic
1588 1193 1697 1219 contra
1715 1188 1864 1218 ecclesias
1885 1190 1914 1218 et
1931 1198 2040 1218 earum
2056 1189 2169 1217 minis-

1169 1249 1233 1274 tros
1253 1253 1286 1273 se
1306 1252 1415 1281 gerere
1436 1247 1646 1278 curaverunt,
1664 1242 1742 1280 quin
1766 1242 1865 1271 imino
1882 1241 1978 1270 iidem
1995 1241 2170 1279 progenito-

1169 1306 1231 1333 res,
1250 1301 1354 1335 utpote
1373 1296 1434 1325 fide
1450 1295 1599 1334 preclari,
1617 1295 1783 1324 devotione
1802 1295 1960 1324 ferventes
1978 1298 2008 1323 et
2025 1294 2063 1323 ad
2078 1303 2171 1332 opera

1169 1351 1295 1389 pietatis
1311 1350 1425 1379 intenti
1440 1373 1445 1386 ,
1462 1349 1559 1378 dictas
1573 1348 1719 1378 ecclesias
1735 1372 1741 1384 ,
1758 1348 1876 1377 mentis
1893 1347 1993 1378 oculis
2010 1348 2119 1377 erectis
2132 1347 2171 1377 ad

1171 1404 1363 1438 Dominum,
1388 1402 1497 1432 multis
1520 1402 1693 1431 honoribus
1717 1401 1904 1439 prevenire,
1926 1401 2124 1430 libertatibus
2144 1405 2173 1430 et

1171 1457 1431 1486 immunitatibus
1448 1455 1559 1485 fulcire
1576 1464 1640 1485 non
1659 1455 1792 1484 modic-is
1807 1478 1815 1492 ,
1831 1463 1866 1483 ac
1883 1454 2068 1492 spetialibus
2085 1463 2171 1483 com-

1171 1510 1300 1539 munire
1318 1509 1496 1547 privilegiis
1519 1509 1726 1544 studuerunt,
1751 1512 1875 1546 propter
1893 1507 1976 1546 qnod
1992 1508 2039 1537 eis
2057 1517 2092 1536 ex
2111 1507 2172 1536 alto

1172 1563 1325 1592 retributa
1343 1566 1417 1592 sunt
1432 1562 1568 1600 premia,
1587 1566 1615 1591 et
1633 1570 1743 1591 eorum
1759 1562 1843 1590 l'ama
1858 1560 1977 1598 grande
1992 1560 2128 1598 suscepit
2139 1560 2171 1588 in

1172 1616 1278 1646 seculo
1291 1618 1538 1645 incrementum.
1554 1615 1660 1651 Unde,
1672 1624 1745 1644 cum
1758 1614 1911 1653 prefatam
1926 1614 2173 1651 Lugdunensem

1173 1669 1351 1706 ecclesiam,
1369 1673 1493 1708 propter
1508 1668 1684 1698 devotionis
1700 1677 1756 1697 sue
1770 1667 1883 1703 zelum,
1903 1667 1976 1696 fidei
1991 1667 2171 1705 puritatem,

1173 1723 1354 1754 obedientie
1372 1722 1657 1761 promptitudinem
1675 1727 1705 1751 et
1721 1721 1897 1750 reverentie
1918 1720 2057 1759 spetialis
2079 1720 2173 1749 affec-

1175 1782 1259 1815 tum,
1278 1777 1394 1816 quibus
1410 1786 1485 1814 erga
1501 1776 1608 1806 sedem
1627 1774 1830 1814 apostolicam
1847 1774 1987 1804 noscitur
2004 1774 2173 1809 claruisse,

1174 1841 1235 1871 que
1250 1831 1381 1870 quidem
1394 1830 1596 1860 manifestius
1612 1832 1794 1867 patuerunt,
1811 1828 1899 1863 dum,
1918 1827 2077 1856 retroactis
2096 1831 2175 1855 teni-

1174 1885 1315 1923 poribus,
1332 1883 1483 1921 Lugduni
1498 1891 1629 1913 romana
1642 1882 1729 1912 curia
1744 1881 1908 1917 resideret,
1926 1880 2059 1909 sinceris
2075 1887 2177 1917 prose-

1175 1947 1312 1977 quamur
1329 1937 1510 1972 affectibus,
1531 1945 1566 1965 ac
1582 1937 1648 1974 ejus
1668 1935 1821 1973 dampna,
1842 1934 1978 1973 injurias
1997 1933 2178 1971 etjacturas

1177 1991 1307 2021 moleste
1323 1990 1598 2029 quamplurimum
1615 1988 1829 2027 prefer-amus,
1847 1987 1984 2017 eundem
2002 1995 2110 2024 regem
2124 1994 2178 2023 per

1177 2045 1333 2084 predictas
1347 2044 1467 2073 litteras
1484 2043 1675 2081 rogandum,
1694 2041 1891 2071 monendum
1905 2040 2054 2069 duximus
2070 2042 2098 2068 et
2109 2039 2178 2068 hor-

1179 2098 1330 2135 tandum,
1353 2098 1387 2127 in
1403 2097 1471 2127 filio
1488 2096 1548 2126 Dei
1567 2096 1677 2134 patris,
1701 2099 1733 2124 ut
1751 2093 1884 2123 sollicita
1905 2093 2110 2122 meditatione
2128 2100 2179 2120 re-

1177 2152 1320 2189 cogitans
1336 2150 1420 2189 quod
1439 2150 1499 2179 sibi
1516 2158 1610 2187 snper
1628 2148 1686 2178 hoc
1702 2157 1738 2177 ex
1755 2147 1871 2176 intimo
1887 2146 1990 2176 cordis
2007 2145 2118 2174 affectu
2135 2144 2181 2173 di-

1178 2206 1313 2244 rigimus
1339 2205 1453 2243 scripta
1480 2206 1587 2233 nostra
1604 2225 1610 2238 ,
1638 2206 1667 2231 et
1695 2200 1779 2239 quod
1806 2199 1991 2238 hujusmodi
2018 2198 2180 2235 negotium

1179 2259 1268 2289 sedes
1291 2256 1460 2297 apostolica
1482 2255 1569 2286 cordi
1593 2254 1693 2292 gerit,
1719 2253 1867 2292 qnodque
1887 2256 1971 2281 tanta
1989 2255 2018 2281 et
2036 2256 2098 2280 tam
2114 2250 2182 2279 dis-

1180 2311 1332 2351 pendiosa
1352 2309 1484 2340 ecclesie
1504 2308 1642 2347 predicte
1661 2306 1863 2344 gravamina,
1884 2313 1980 2343 quam
1997 2305 2080 2333 inter
2104 2303 2183 2332 alias

1181 2365 1330 2395 ecclesias
1354 2363 1606 2393 ultramontanas
1623 2360 1717 2389 habet
1732 2359 1821 2388 sedes
1842 2357 2011 2396 apostolica
2028 2355 2182 2395 predilec-

1182 2424 1262 2455 tam,
1289 2425 1492 2456 nequaquam
1520 2422 1698 2453 possemus,
1727 2417 1857 2450 urgente
1881 2420 1938 2441 005
1969 2409 2160 2441 couscientia
2174 2432 2181 2443 ,

1182 2471 1393 2511 equanimiter
1410 2468 1559 2504 tolerare,
1577 2467 1695 2496 finibus
1713 2467 1777 2495 suis
1795 2469 1980 2500 contentus,
2002 2473 2019 2492 a
2035 2461 2184 2501 predictis

1181 2525 1330 2556 omnibus
1354 2528 1383 2553 et
1402 2522 1476 2552 aliis
1498 2521 1752 2560 quibuscumque
1775 2517 2033 2556 gravaminibus,
2054 2514 2184 2554 injuriis

1184 2584 1214 2609 et
1229 2577 1381 2608 molestiis
1398 2575 1545 2610 ecclesie,
1564 2573 1676 2603 decani
1694 2577 1723 2602 et
1738 2571 1867 2610 capituli
1885 2570 2114 2609 predictorum,
2130 2575 2185 2606 pro

1183 2631 1294 2661 divina
1311 2634 1341 2659 et
1356 2628 1458 2667 ipsius
1477 2627 1558 2657 sedis
1575 2631 1605 2655 et
1623 2629 1731 2655 nostra
1750 2624 1926 2653 reverentia
1941 2647 1947 2659 ‚
1967 2621 2109 2659 regiique
2127 2620 2186 2650 ho-

1185 2685 1272 2716 noris
1290 2686 1461 2720 augmento
1476 2705 1482 2718 ,
1499 2689 1626 2719 prorsus
1644 2679 1816 2713 abstineat,
1840 2680 1867 2706 et
1892 2675 2070 2714 predictum
2093 2673 2186 2704 Guil-

1185 2738 1336 2773 lelmum,
1363 2738 1392 2765 et
1418 2733 1575 2773 quoslibet
1600 2732 1750 2767 ballivos,
1773 2729 1923 2760 officiales
1946 2732 1976 2758 et
1997 2727 2188 2767 justitiarios

1186 2800 1274 2828 suos,
1292 2794 1322 2819 et
1336 2789 1414 2818 alios
1432 2796 1487 2817 sue
1503 2785 1634 2815 ditionis
1653 2785 1809 2822 subjectos
1832 2782 1925 2812 saciat
1946 2781 2074 2820 penitus
2089 2779 2186 2810 absti-

1187 2852 1263 2874 nere
1276 2865 1283 2879 ,
1305 2841 1382 2880 quin
1402 2841 1516 2875 immo,
1534 2838 1669 2877 prefatos
1687 2836 1869 2872 ecclesiam,
1886 2835 2044 2864 decanum
2059 2837 2089 2863 et
2103 2833 2189 2872 capi-

1189 2896 1290 2927 tulum
1309 2893 1550 2931 Lugdunenses,
1571 2900 1643 2919 cum
1659 2890 1750 2920 bonis
1765 2893 1794 2918 et
1806 2888 1933 2927 juribus
1947 2888 2012 2916 suis
2028 2886 2188 2920 omnibus,

1189 2950 1310 2979 liabens
1325 2946 1436 2976 aflectu
1457 2943 1609 2973 benevolo
1627 2940 1841 2972 favorabiliter
1857 2939 2106 2975 commendatos,
2123 2948 2191 2977 pre-

1190 3001 1308 3032 dictum
1325 2996 1550 3032 Guillelmnm,
1571 3000 1600 3025 et
1616 2994 1773 3033 quoslibet
1789 2994 1867 3024 alios
1884 3002 1938 3032 per
1954 3002 2028 3022 eum
2044 2995 2145 3022 castra
2162 2996 2193 3020 et

1191 3054 1340 3085 ecclesias
1369 3050 1549 3080 detinentes
1574 3048 1730 3087 predicta,
1755 3048 1846 3077 faciat
1870 3045 1984 3076 exinde
2011 3043 2192 3084 quantotius
