2477 3637
175 401 231 430 678
624 401 626 403 ’
915 390 1150 424 REGISTRES
1172 391 1226 420 DE
1248 388 1432 420 NICOLAS
1453 389 1511 419 IV.

215 466 251 495 lu
267 475 294 495 e.
316 473 357 494 m.
379 462 527 502 capitulis
549 461 721 491 Feltrensis
741 465 770 490 et
798 458 1001 490 Bellunensis
1023 456 1170 487 ecclesia-

174 528 244 549 rum
270 517 399 547 mandat
425 520 457 545 ut
482 514 621 554 praefato
646 513 765 543 ,Iacobo
789 512 930 542 debitam
955 509 1171 541 obedientiam

174 571 352 610 praebeant.

215 625 250 654 lu
273 632 300 653 e.
323 632 364 651 ni.
392 621 476 651 clero
499 621 664 651 civitatum
689 624 719 649 et
742 618 937 649 dioecesium
957 615 1129 646 Feltrensis
1144 618 1174 644 et

177 675 390 706 Bellnnensis.

214 730 251 758 In
269 738 296 758 e.
315 738 358 757 m.
379 726 501 766 populis
519 726 683 756 civitatum
701 730 729 755 et
746 723 937 755 dioecesium
955 721 1128 752 Feltrensis
1143 724 1174 750 et

177 781 389 812 Belluneusis.

218 836 253 865 In
271 844 298 865 e.
316 844 359 864 m.
381 833 539 864 universis
555 831 698 862 vassallis
720 829 894 860 Feltrensis
915 833 944 859 et
968 827 1174 857 Bellunensis

175 889 379 919 ecclesiarum
393 886 522 916 mandat
538 891 571 916 ut
587 885 692 915 eidem
707 884 824 914 Jacobo
840 882 931 913 solita
946 881 1107 911 fidelitatis
1119 880 1173 919 ju-

175 947 319 972 ramenta
334 945 364 971 et
380 940 509 970 servitia
519 943 689 979 praestent.

245 1118 493 1148 ‘uzo-422¹
763 1114 887 1146 Urvieto.
906 1114 921 1141 6
936 1113 1006 1140 avril
1026 1113 1101 1140 1291.

211 1181 326 1207 Collatio
348 1179 475 1206 beneficii
491 1182 520 1205 et
541 1178 717 1213 dispensatio
733 1185 820 1212 super
839 1176 999 1211 pluralitate
1019 1174 1174 1201 beneficio-

176 1239 247 1256 rum.
265 1229 347 1263 (Rea.
365 1229 406 1259 46.
425 1236 451 1255 c.
471 1229 528 1262 111,
545 1228 564 1254 f.
578 1227 609 1254 ‘lt
628 1226 678 1260 τῦ.)

216 1333 356 1369 ,11αμῐεινο
379 1331 522 1360 lt'ilielmo
537 1330 570 1358 cle
593 1330 780 1365 Monteforti,
800 1329 945 1357 canonico
964 1327 1081 1356 ecclesie
1102 1326 1175 1355 [Αἴη-

176 1386 354 1421 cotniensis,
371 1383 592 1413 canonicatum
613 1382 764 1413 ecclesiae
785 1381 1021 1411 Lincolniensis
1037 1384 1067 1409 et
1083 1388 1174 1419 prae-

177 1438 312 1469 bendam
331 1438 363 1467 in
381 1437 490 1467 eadem
503 1436 636 1467 ecclesia
648 1435 779 1472 confert,
792 1443 930 1474 eumque
946 1433 1078 1464 investit
1089 1441 1175 1472 prae—

177 1492 350 1523 sentialiter
365 1492 402 1521 de
418 1491 554 1526 eisdem,
578 1498 762 1529 quanquam
785 1489 872 1519 idem
899 1487 1083 1518 Wilielmus
1103 1499 1117 1514 α
1137 1487 1175 1517 de

177 1545 381 1578 stretfordia.
400 1543 439 1574 de
455 1544 635 1581 Avenigge‚
653 1544 692 1572 de
711 1542 940 1581 WVytchirche,
970 1540 1176 1579 Wigornien-

177 1599 235 1635 sis,
252 1599 290 1628 de
311 1598 440 1634 Estude,
464 1597 717 1633 wintoniensis,
735 1596 773 1626 de
793 1595 1026 1633 Sssikesburga,
1046 1593 1174 1624 Lincol-

178 1652 315 1687 niensis,
333 1651 371 1680 de
387 1651 517 1680 Versete
533 1650 614 1680 etde
630 1649 863 1688 Aldecheleye,
880 1647 1129 1679 Conventrensis
1146 1651 1178 1677 et

178 1704 446 1739 Liehet‘eldensis,
468 1712 503 1733 ac
527 1703 566 1733 de
588 1703 792 1741 Angesham,
815 1701 1062 1737 Dunelmensis,
1089 1706 1118 1730 et
1138 1701 1177 1731 de

177 1757 321 1792 Colerne,
341 1757 586 1787 Saresbiriensis
600 1756 788 1792 diocesium,
806 1755 966 1792 ecclesias,
982 1754 1098 1793 quibus
1113 1763 1178 1784 om-

181 1811 274 1840 nibus
296 1819 371 1840 cura
386 1814 431 1839 est
445 1810 626 1839 animarum
646 1817 787 1846 annexa,
804 1817 929 1838 necnon
949 1811 981 1839 et
1002 1807 1178 1846 prebendas

179 1865 211 1894 in
224 1862 449 1898 Londoniensi,
460 1861 694 1892 Lichereldensi
707 1866 737 1892 ct
750 1861 988 1898 Heresordensi,
1001 1864 1031 1890 et
1046 1861 1179 1899 insuper

180 1918 213 1946 in
229 1916 322 1946 dictis
340 1915 556 1946 Londoniensi
574 1915 762 1945 decanatum
774 1920 804 1945 et
818 1915 1050 1954 precentoriam
1065 1915 1099 1944 in
1115 1914 1178 1944 He—

181 1969 352 2000 refordensi
369 1978 404 1999 ac
419 1969 594 2008 portionem
615 1969 649 1998 in
670 1968 708 1998 de
731 1968 915 2008 Ledebury,
936 1967 1179 1998 Herefordensis

181 2023 331 2058 diocesis,
349 2021 489 2052 ecclesiis
507 2031 544 2051 ex
560 2021 798 2060 dispensatione
819 2020 989 2060 apostolica
1010 2032 1024 2047 »
1041 2020 1179 2056 obtinet,

181 2077 273 2115 eique
288 2076 327 2105 ab
343 2075 452 2105 eadem
469 2075 542 2105 sede
558 2079 603 2105 est
619 2083 803 2105 concessum
821 2074 903 2113 quod
923 2073 985 2104 alia
1005 2073 1178 2108 beneficia,

181 2129 348 2167 dignitates
363 2133 392 2157 et
408 2137 566 2166 personas,
587 2136 723 2166 quorum
744 2127 884 2157 redditus
901 2128 1001 2157 annui
1020 2136 1084 2157 nna
1105 2135 1177 2157 cnm

183 2181 384 2221 proventibus
401 2180 630 2220 praedictorum
654 2181 883 2211 beneficiorum
909 2184 1120 2210 trecentarum
1141 2179 1179 2209 li·-

181 2236 308 2265 braruni
325 2243 500 2269 summam,
519 2234 694 2264 secundum
714 2235 832 2273 patriae
849 2243 1054 2265 communem
1073 2234 1180 2264 existi-

182 2288 365 2322 mationem,
382 2287 549 2325 attingant,
569 2288 706 2326 recipere
726 2287 840 2317 valeat.

222 2356 234 2367 α
255 2341 329 2371 Illos
345 2345 426 2370 recte
444 2341 611 2371 rationis...
632 2357 672 2363 —
690 2342 759 2371 Dat.
787 2340 870 2380 apud
899 2341 1160 2371 Urbemveterem
1173 2364 1181 2377 ,

183 2405 236 2424 vin
255 2394 324 2424 idus
340 2394 463 2433 aprilis,
484 2403 568 2424 anno
584 2399 705 2433 quarto.
726 2407 739 2421 ι)

221 2449 256 2477 In
274 2457 300 2478 e.
319 2457 361 2476 m.
381 2470 400 2476 ..
418 2447 561 2486 episcopo
576 2448 791 2478 Londoniensi
808 2454 839 2479 et
857 2447 1022 2486 magistris
1039 2447 1181 2484 Nicolao,

181 2502 355 2532 camerario
369 2506 399 2530 et
415 2501 538 2531 notario
555 2510 664 2540 penae,
682 2502 859 2541 praeposito
878 2502 916 2531 de
933 2501 1133 2540 Masseygeio
1148 2502 1181 2531 in

182 2554 313 2585 ecclesia
328 2555 528 2590 Carnotensi,
541 2564 577 2584 ac
596 2554 736 2585 &fn-edo
752 2555 790 2585 de
810 2556 946 2591 Vezano,
964 2555 1117 2585 canonico
1127 2554 1184 2585 Ca-

181 2609 525 2644 nie1·acensi‚camerae
539 2607 728 2647 pontificalis
741 2608 866 2646 clerico,
879 2608 1182 2647 mandatutpraesa-

181 2667 245 2692 tum
259 2661 460 2692 Wiliclunuxn
478 2661 511 2691 iu
525 2661 656 2691 ecclesia
669 2661 887 2693 Lincolniensi
906 2662 1001 2700 recipi
1019 2661 1137 2692 faciant
1149 2666 1184 2691 ut

180 2715 368 2745 canonicum
387 2721 417 2745 et
435 2716 575 2746 fratrem.

249 2893 366 2922 4222
747 2894 873 2928 Orvieto,
892 2895 923 2922 15
938 2903 1014 2922 mars
1032 2894 1109 2922 1291.

217 2955 398 2990 Dispensatio
413 2963 499 2990 super
510 2956 621 2983 defectu
634 2957 776 2983 ordinum.
788 2956 870 2989 (Rea.
884 2956 925 2988 46,
939 2965 966 2983 c.
982 2956 1178 2989 1=1‘z,f.21v0.)

222 3057 362 3094 ,tlayiscro
380 3058 551 3087 Christiano
568 3059 600 3087 cle
619 3059 808 3095 Anderitum,
831 3059 936 3088 clerico
954 3060 985 3089 in
1007 3060 1182 3089 munoribus

1255 3052 1259 3056 ⁴
1305 3062 1457 3091 Universis
1475 3061 1588 3092 Christi
1609 3061 1743 3099 fidelibus
1763 3055 1913 3098 presentes
1931 3057 2049 3088 litteras
2070 3055 2262 3095 inspecturis.

1255 455 1417 484 ordinibus
1433 455 1606 490 constituto,
1625 454 1737 483 rectori
1753 453 1869 483 ecclesie
1883 452 2136 488 Αηιίενηαοεηεὶε,
2156 453 2261 482 Treve—

1254 509 1351 537 rensis
1373 508 1508 537 diocesis.
1527 507 1607 538 Cum
1626 515 1662 537 eo
1680 506 1842 545 dispensat
1857 510 1892 536 ut
1907 504 2073 536 ecclesiam
2089 504 2260 535 Anderna-

1254 569 1394 597 oensem,
1412 559 1618 590 Treverensis
1638 558 1804 596 dioecesis,
1822 567 1919 598 quam
1935 557 2012 588 olim
2028 557 2146 596 recepit
2162 562 2193 588 et
2205 566 2262 597 pro

1254 613 1366 652 quain
1382 613 1605 652 presbyterum
1623 612 1801 651 promoveri
1825 620 1859 642 se
1886 619 1950 642 non
1970 611 2061 647 fecit,
2081 610 2170 640 licite
2186 611 2260 641 reti-

1256 675 1332 696 nere
1348 666 1465 702 valeat,
1483 666 1657 696 dummodo
1677 665 1841 695 fructuum
1855 665 1922 704 jam
1946 667 2166 703 perceptorum
2185 671 2262 694 con-

1255 724 1424 758 gruentem
1441 719 1630 759 portionem,
1648 719 1688 749 ad
1703 718 1872 749 arbitrium
1889 717 1965 748 boni
1981 717 2058 755 viri,
2078 717 2112 747 in
2130 717 2261 747 eviden-

1255 776 1318 803 tem
1333 773 1503 803 utilitatem
1520 773 1665 812 ejusdem
1679 772 1832 803 ecclesiae
1846 775 2021 802 convertat.

1297 837 1312 853 «
1332 826 1478 864 Benigno
1500 826 1557 856 tibi
1581 829 1693 856 suut...
1712 841 1752 848 —
1771 824 1843 855 Dat.
1869 824 1954 864 apud
1976 824 2260 862 Urbemveterem‚

1255 879 1361 909 idibus
1377 879 1502 916 martii,
1519 887 1605 910 anno
1621 883 1745 918 quarto.
1768 890 1782 906 »

1825 1029 1953 1062 Orvieto,
1969 1029 2003 1058 23
2019 1037 2097 1056 mars
2113 1029 2191 1057 1291.

1325 1031 1444 1060 4223

1291 1093 1478 1129 Dispensatio
1493 1101 1581 1129 super
1596 1093 1756 1129 pluralitate
1771 1093 1987 1120 beneficiorum.
2001 1092 2083 1125 (Rso.
2100 1092 2144 1124 46.
2160 1099 2187 1119 c.
2203 1091 2263 1124 113,
2300 1104 2308 1130 .-

1255 1142 1274 1170 s.
1292 1142 1322 1169 21
1341 1145 1393 1175 νο.)

1296 1247 1440 1283 Maqistro
1450 1247 1600 1282 Michaeli,
1615 1247 1724 1276 rectori
1736 1246 1852 1276 ecclesie
1867 1245 1901 1275 de
1914 1245 2060 1283 Frayton,
2077 1243 2266 1274 Lincolvzien-

1255 1300 1297 1328 sis
1314 1300 1447 1329 diocesis.
1472 1299 1554 1330 Cum
1571 1308 1607 1329 eo
1626 1299 1789 1339 dispensat
1816 1302 1851 1328 ut
1876 1293 2043 1328 ecclesiam
2067 1297 2107 1327 de
2133 1296 2264 1335 Ufl'ord,

1256 1352 1476 1390 Norwiceusis
1503 1353 1672 1390 dioecesis,
1702 1352 1764 1392 ipsi
1798 1357 1872 1382 ante
1905 1351 2057 1390 generale
2089 1349 2266 1382 concilium

1258 1406 1474 1444 Lugdunense
1499 1406 1771 1444 commendatam,
1798 1410 1828 1436 et
1851 1405 2017 1436 ecclesiam
2034 1404 2086 1443 ,de
2112 1404 2263 1442 Fracton,

1258 1459 1495 1490 Lincolniensis
1511 1460 1683 1497 dioecesis,
1701 1460 1763 1499 ipsi
1782 1463 1852 1498 post
1868 1459 1954 1489 idem
1976 1457 2149 1489 concilium
2169 1456 2264 1488 colla-

1258 1516 1339 1550 tam,
1359 1522 1438 1552 quas
1457 1513 1594 1544 insimul
1616 1514 1685 1543 sine
1707 1512 1897 1552 apostolicae
1921 1512 2006 1542 sedis
2025 1510 2266 1550 dispensatione
2312 1549 2314 1552 .

1258 1567 1408 1605 detinuit,
1425 1568 1575 1605 retinere,
1593 1567 1703 1597 eadem
1719 1567 1851 1597 ecclesia
1865 1567 1905 1597 de
1919 1566 2032 1597 Usford
2048 1565 2088 1595 de
2099 1573 2181 1595 novo
2195 1573 2265 1594 sus-

1258 1625 1364 1660 cepta,
1397 1621 1519 1658 valeat3
1549 1620 1724 1651 dummodo
1754 1621 1916 1651 fructuum
1949 1620 2016 1659 Jam
2046 1621 2266 1658 perceptorum
2308 1646 2318 1651 ,

1259 1679 1490 1713 congruentem
1510 1674 1687 1713 portionem
1705 1674 1740 1703 in
1757 1674 1940 1704 evidentem
1962 1666 2148 1703 earumde'm
2165 1669 2267 1702 eccle·
2307 1671 2316 1699 ’.

1259 1728 1381 1758 siarum
1397 1728 1578 1764 utilitatem,
1597 1728 1637 1758 ad
1652 1728 1822 1758 arbitrium
1837 1727 1915 1757 boni
1931 1726 2009 1763 viri,
2026 1728 2201 1756 convertat.

1301 1793 1315 1808 «
1336 1781 1404 1811 Etsi
1420 1785 1545 1821 propter
1561 1781 1790 1811 ambitiones...
1811 1797 1850 1802 —
1870 1781 1940 1810 Dat.
1958 1779 2043 1818 apud
2060 1778 2268 1810 Urbemvete-
2301 1773 2310 1803 ἐ
2324 1776 2326 1779 “

1260 1841 1343 1869 rem,
1365 1842 1384 1862 x
1397 1832 1554 1876 'kalendas
1571 1832 1699 1871 aprilis,
1716 1840 1802 1862 anno
1817 1836 1940 1871 quarto.
1959 1843 1973 1859 »

1329 1993 1448 2022 4224
1858 1991 1985 2022 Orvieto,
2001 1991 2017 2018 8
2031 1990 2102 2017 avril
2118 1989 2198 2017 1291.

1296 2055 1459 2095 Facultates
1474 2055 1568 2083 abbati
1591 2055 1757 2082 monasterii
1776 2054 1874 2081 Sancti
1901 2054 1976 2081 Petri
1995 2053 2030 2080 de
2052 2051 2145 2080 Rodis
2163 2058 2286 2079 conce·>
2318 2053 2324 2061 ·

1262 2105 1312 2132 dit.
1331 2105 1411 2137 (Heu.
1431 2105 1472 2136 116,
1490 2113 1516 2132 e.
1538 2105 1600 2136 114,
1618 2105 1636 2131 f.
1652 2105 1686 2131 22
1703 2111 1745 2135 r⁰;
1764 2104 1882 2137 Po’r'rn„
1897 2102 2007 2136 23611.)

1302 2208 1491 2246 Raymando,
1509 2209 1612 2237 abbati
1626 2208 1803 2237 monasterii
1818 2207 1922 2237 Sancti
1941 2206 2024 2235 Petri
2047 2205 2082 2235 de
2106 2204 2208 2241 Rudis,
2229 2203 2270 2238 ad

1263 2270 1426 2290 romanam
1444 2262 1599 2291 ecclesiam
1615 2262 1701 2291 nullo
1720 2261 1817 2290 medio
1832 2260 2026 2298 pertinentis.
2041 2270 2055 2286 α
2070 2257 2168 2288 Sedes
2182 2265 2268 2302 apos·
2286 2245 2315 2276 ἰ·

1265 2314 1357 2344 tolica
1371 2315 1443 2344 in...
1463 2315 1584 2345 Utendi
1600 2314 1697 2345 anulo
1713 2315 1843 2353 ubique,
1860 2314 1954 2343 mitra
1971 2313 2148 2351 ceterisque
2166 2309 2268 2350 ponti-

1264 2367 1408 2398 ficalibus
1431 2369 1464 2397 in
1492 2368 1603 2398 eodem
1627 2368 1825 2399 monasterio
1853 2371 1883 2397 et
1909 2365 2099 2405 prioratibus
2122 2364 2216 2404 pleno
2239 2364 2299 2403 ei

1262 2421 1334 2460 jure
1352 2421 1520 2460 subjectis,
1537 2429 1574 2451 ac
1589 2421 1802 2451 benedicendi
1821 2420 1921 2460 pallas
1943 2419 2052 2449 altaris
2072 2421 2103 2448 et
2124 2425 2270 2457 corpora·
2315 2428 2317 2434 ·

1265 2474 1309 2504 lia
1331 2483 1456 2505 necnon
1473 2479 1504 2505 et
1519 2478 1619 2505 vestes
1636 2474 1845 2505 sacerdotales
1862 2482 1917 2513 pro
1935 2472 2177 2503 necessitatibus
2198 2471 2268 2502 dio-
2288 2502 2298 2516 Ι,

1266 2533 1370 2558 torum
1386 2529 1652 2559 monasteriorum
1669 2533 1699 2559 et
1714 2529 1924 2567 prioratuum,
1941 2525 2127 2558 conserendi
2142 2530 2280 2565 quoqne,
2306 2539 2310 2548 ·

1265 2582 1405 2612 minores
1423 2582 1551 2613 ordines
1568 2582 1737 2613 monachis
1752 2582 1938 2613 eorumdem
1957 2581 2013 2611 tibi
2031 2583 2062 2610 et
2077 2577 2266 2610 successori·
2304 2575 2318 2595 ’“

1264 2635 1324 2666 bus
1343 2635 1404 2665 tuis
1419 2636 1604 2666 auctoritate
1623 2636 1836 2675 presentium,
1854 2634 1893 2665 de
1908 2633 2037 2674 speciali
2052 2632 2156 2672 gratia
2168 2656 2175 2670 ,
2191 2639 2267 2662 con—
2299 2637 2321 2662 ·.

1265 2689 1408 2720 cedimus
1425 2689 1645 2720 Facultatem...
1664 2689 1734 2720 Dat.
1753 2688 1836 2728 apud
1854 2688 2130 2726 Urbemveterem,
2148 2687 2180 2716 vi
2195 2684 2269 2716 ictus

1263 2742 1384 2782 aprilis,
1402 2751 1488 2773 anno
1506 2747 1628 2782 quarto.
1649 2755 1662 2770 n

1333 2895 1585 2925 4225-4'735
1835 2894 1961 2928 Orvieto,
1976 2891 2010 2920 23
2027 2899 2103 2920 mars
2118 2891 2196 2920 1291.

1299 2957 1506 2993 Indulgentiae.
1525 2957 1604 2993 (Rso.
1623 2958 1666 2990 46,
1683 2966 1708 2985 c.
1728 2958 1788 2992 115,
1804 2957 1823 2985 s.
1840 2957 1873 2984 22
1890 2957 1939 2989 1¹⁰.)
