2342 3652
935 379 1162 416 DEUXIEME
1184 380 1342 415 ANNEE.
2124 389 2179 420 293

97 455 227 493 receptis
245 454 279 482 in
295 453 380 482 dicta
396 452 526 482 ecclesia
542 457 571 482 et
590 452 764 491 prebendas
782 452 1022 490 expectantibus
1043 460 1097 481 va—

95 511 219 537 caturas
244 505 370 536 nullum
397 505 612 544 prejudicium
640 509 847 542 generetur...
881 505 952 534 Dat.
982 504 1095 534 Reate.

96 570 127 590 vi
141 559 292 590 kalendas
307 558 443 588 octobris
457 583 462 594 .,
481 566 566 587 anno
579 557 729 587 secundo.
750 570 763 582 ι»

166 733 244 761 151
256 731 422 759 1-1516

130 791 284 826 imbertus,
294 794 531 829 archiepiscopus
539 792 799 827 compostellanus,
811 796 1007 818 consecratur.
1015 791 1098 824 (Rsc.

95 845 138 876 44,
154 852 179 871 c.
199 843 260 878 532,
277 843 296 870 f.
314 843 361 870 ς231
381 844 428 875 ro.)

679 729 766 760 Ricti,
785 730 799 755 4
815 729 931 755 octobre
952 728 1027 755 1289.

93 959 95 962 ·
139 945 305 975 Venerabili
319 946 414 982 fratri
430 945 570 974 Roderico
583 968 589 979 ,
604 944 826 981 archiepiscopo
852 941 1098 980 compostellano.

95 999 143 1035 Ei,
156 999 196 1029 ah
213 998 356 1028 Honorio
370 998 437 1028 IIII
454 997 691 1036 archiepiscopo
707 995 982 1035 Compostellanae
997 994 1101 1025 eccle-

94 1052 160 1082 siae
177 1051 334 1091 praefecto
350 1075 357 1087 ,
380 1059 501 1080 munus
526 1049 790 1093 consecrationis,
814 1057 878 1079 non
901 1048 1101 1078 obstantibus

52 1126 54 1130 ψ
95 1104 323 1145 objectionibus
351 1102 461 1134 contra
484 1113 556 1134 eum
582 1112 600 1133 a
624 1103 815 1143 quibusdam
837 1102 1102 1141 Compostellanis

95 1158 254 1189 canonicis
273 1157 374 1193 factis,
392 1150 562 1196 impendit.

135 1223 151 1240 «
164 1211 250 1242 Olim
265 1210 367 1241 felicis
382 1210 649 1241 recordationis...
666 1227 704 1232 -
723 1210 792 1240 Dat.
811 1211 920 1246 Reate,
939 1219 983 1239 1111
1001 1218 1103 1239 nonas

95 1264 230 1296 octobris
239 1288 246 1301 ,
259 1272 345 1294 anno
358 1263 508 1305 secundo.
529 1276 543 1290 »

134 1318 173 1348 In
192 1326 220 1347 e.
236 1326 282 1348 m,
302 1341 322 1346 ..
339 1316 460 1347 decano
479 1321 509 1347 et
529 1316 669 1355 capitulo
687 1316 955 1355 Compostellanis
970 1316 1104 1346 mandat

96 1375 132 1402 ut
148 1370 310 1410 praedicto
339 1369 579 1408 archiepiscopo
608 1369 747 1399 debitam
774 1369 988 1399 reverentiam
1012 1377 1103 1407 prae-

95 1423 201 1454 beant.

134 1479 174 1508 In
189 1486 217 1508 e.
234 1486 278 1507 m.
296 1477 380 1507 clero
395 1476 669 1515 Compostellanae
684 1476 824 1506 civitatis
840 1481 871 1506 et
886 1476 1050 1506 dioecesis.

134 1531 173 1561 In
192 1539 220 1561 e.
238 1539 280 1560 m.
298 1530 414 1569 populo
434 1529 712 1569 Compostellanae
732 1530 871 1560 civitatis
888 1535 919 1559 et
938 1529 1101 1560 dioecesis.

91 1584 94 1587 ’
134 1585 175 1615 In
190 1593 218 1614 e.
235 1593 279 1614 m.
296 1584 508 1622 suffraganeis
524 1583 675 1614 ecclesiae
688 1583 973 1622 Compostellanae.

40 1670 46 1681 κ
135 1638 174 1668 In
190 1646 217 1667 e.
235 1647 279 1667 m.
298 1661 318 1668 ..
333 1646 443 1675 regem
459 1637 616 1667 Castellae
631 1641 661 1667 et
678 1637 829 1675 Legionis
846 1641 934 1675 rogat
950 1640 983 1666 ut
1000 1637 1104 1666 eidem

43 1712 50 1734 t,
97 1690 333 1730 archiepiscopo
351 1691 476 1728 regium
494 1691 634 1721 savorem
654 1690 810 1729 praebeat.

36 1123 56 1213 γε»

35 1269 61 1577 .:-‘*⁶:-9⁴-·-'r55{1

169 1863 286 1892 ¹51⁸?

44 1950 57 1956 ,,
129 1925 328 1952 Immunitates
357 1925 483 1959 capitulo
516 1924 670 1952 parisiensi
701 1925 911 1952 conceduntur.
937 1925 1024 1958 (Rsc.
1055 1926 1104 1956 44,

95 1981 120 2002 c.
137 1973 197 2006 533,
213 1975 234 2001 f.
256 1974 306 2002 231
323 1981 369 2005 r⁰;
386 1973 453 2000 Lar.
471 1983 506 2001 nu
522 1973 623 2008 Tuam,
641 1973 678 2007 Π,
695 1974 768 2008 272.)

623 1862 708 1893 Rieu,
727 1862 759 1889 30
775 1863 939 1897 septembre
956 1862 1033 1890 1289.

136 2098 157 2107 ..
181 2077 291 2106 decano
315 2081 342 2105 ει
368 2077 502 2113 capitulo
525 2077 642 2106 ecclesie
664 2076 859 2106 Parisiensz's.
888 2089 902 2103 «
927 2076 1104 2106 Desideriis

96 2130 208 2160 vestris
231 2129 266 2159 in
289 2129 352 2159 hiis
375 2129 488 2159 effectu
512 2129 661 2159 benivolo
683 2129 824 2160 libenter
844 2131 1021 2160 annuimus
1043 2139 1105 2169 que

48 2176 53 2184 '
97 2181 186 2212 vobis
213 2191 267 2221 pro
289 2182 397 2212 futura
418 2191 596 2220 speramus.
622 2182 708 2212 Hinc
731 2187 778 2212 est
797 2182 882 2221 quod
901 2191 974 2219 nos,
992 2183 1106 2213 vestris

45 2299 59 2314 w
99 2289 169 2326 nis,
187 2288 304 2327 liguis,
325 2289 485 2328 lapidibus
501 2293 531 2318 et
547 2288 618 2318 aliis
639 2298 701 2328 que
715 2298 772 2328 pro
787 2298 848 2320 usu
872 2295 975 2320 vestro
1001 2300 1108 2320 emere

45 2332 64 2364 *ὅ
100 2349 156 2372 vos
180 2346 321 2381 oportet,
356 2342 499 2380 vinagia,
533 2342 657 2380 magia,
685 2342 820 2382 pedagia
847 2343 897 2372 vel
927 2344 1108 2374 exactiones

48 2398 63 2420 -ἑ
100 2393 198 2433 alias,
220 2404 282 2434 que
302 2395 342 2425 ab
359 2395 431 2425 aliis
454 2395 651 2426 secularibus
672 2396 861 2434 exiguntur,
882 2397 964 2427 nulli
987 2397 1108 2428 solvere

47 2461 61 2493 .'
103 2448 296 2485 teneamini,
327 2449 416 2479 vobis
442 2449 628 2479 auctoritate
662 2449 860 2488 presentium
888 2450 1106 2489 indulgemus.

47 2492 68 2523 5
103 2499 192 2530 Nulli
207 2509 282 2539 ergo
295 2505 353 2532 etc.
372 2505 478 2531 nostre
490 2501 708 2532 concessionis
724 2506 782 2532 etc.
800 2503 871 2533 Dat.
890 2504 999 2541 Reate,
1016 2514 1035 2533 11
1049 2504 1106 2534 ka-

50 2566 61 2611 ?
96 2552 212 2584 lendas
228 2555 379 2591 octobris,
397 2564 483 2585 anuo
499 2555 649 2585 secundo.
668 2567 681 2582 ι

178 2740 300 2769 1518
724 2742 812 2774 Rieti,
827 2742 862 2769 20
876 2744 944 2769 aout
964 2744 1038 2770 1289.

61 2836 68 2843 ο
140 2801 268 2830 Ecclesia
289 2803 324 2830 de
348 2803 540 2838 Huygnehvis
564 2804 704 2831 ecclesiae
724 2803 821 2831 Sancti
846 2804 926 2831 Pauli
950 2805 984 2831 de
1006 2805 1112 2832 Sancto

54 2851 65 2860 ³
108 2849 293 2887 Dionysio'in
318 2852 438 2879 Francia
454 2852 632 2880 conceditur.
650 2853 734 2886 (Ruso.
751 2854 799 2886 44,
822 2862 848 2880 c,
869 2854 946 2887 5332,
965 2855 984 2880 s.
1000 2854 1049 2881 231
1068 2862 1111 2887 μη

108 2899 173 2927 ΒΜ).
190 2909 225 2928 uu
238 2901 337 2931 Tuam,
354 2901 392 2934 ΙΙ,
409 2902 482 2935 273.)

150 3001 255 3032 Dilecto
271 3004 335 3041 filio
351 3004 481 3041 capitulo
498 3004 613 3033 ecclesie
627 3003 732 3033 Sancti
747 3005 838 3034 Pauli
861 3005 895 3035 de
912 3006 1019 3035 Sancto
1037 3006 1113 3043 Dyo-

56 3063 83 3083 =·
100 3055 190 3084 -m'sio
211 3057 243 3085 in
263 3057 412 3091 Francia,
441 3056 623 3085 Parisiensis
643 3057 776 3087 diocesis.
803 3056 982 3088 Confirmat
1007 3062 1114 3088 actum

48 2222 51 2277 ἶ
98 2234 382 2274 supplicationibus
401 2234 569 2272 inclinati,
587 2239 624 2265 ut
638 2235 677 2265 de
692 2235 797 2271 blado,
818 2236 904 2273 vino,
920 2236 1005 2273 lana,
1025 2232 1120 2275 pan-¹

1178 459 1240 489 quo
1259 451 1421 489 quondam
1446 453 1639 490 Matthaeus,
1656 454 1752 483 abbas
1775 453 1959 484 monasterii
1981 454 2090 484 Sancti
2110 456 2181 486 Dio-

1180 504 1267 542 nysii
1283 528 1289 539 ,
1311 504 1351 533 ad
1376 513 1540 535 romanam
1559 506 1726 536 ecclesiam
1752 506 1840 537 nullo
1857 506 1963 536 medio
1980 509 2179 545 pertinentis,

1179 556 1303 586 ordinis
1321 557 1352 588 S.
1371 558 1545 594 Benedicti,
1561 560 1754 590 Parisiensis
1769 560 1932 595 dioecesiS‚
1951 560 1989 589 ad
2006 570 2101 599 quem
2116 571 2182 600 per-

1182 608 1262 638 tinet
1282 610 1315 638 in
1346 611 1477 640 ecclesia
1503 612 1611 642 Sancti
1640 613 1732 643 Pauli
1755 613 1881 643 collatio
1906 614 2180 652 praebendarum¹

1180 668 1254 688 cum
1271 669 1428 691 consensu
1445 662 1495 691 sui
1510 668 1703 699 conventus,
1723 664 1876 702 capellam
1893 665 1930 694 de
1947 665 2161 703 Huygnehvis
2172 689 2181 703 ,

1181 712 1418 743 Cameracensis
1442 714 1612 751 dioecesis,
1631 716 1665 744 in
1682 725 1744 753 qua
1760 716 1858 745 iidem
1879 717 1975 746 abbas
1994 722 2023 746 et
2044 726 2182 747 conven-

1182 769 1232 794 tus
1244 767 1297 804 jus
1311 772 1492 804 patronatus
1506 768 1635 802 habeut,
1658 792 1677 798 ..
1696 769 1833 807 episcopi
1849 769 2088 800 Cameracensis
2104 776 2185 809 post·

1182 818 1313 847 modum
1337 820 1505 849 accedente
1531 829 1707 857 consensu,
1728 821 1879 851 ecclesiae
1902 823 2009 852 Sancti
2028 824 2132 860 Pauli,
2150 825 2182 854 iu

1181 877 1391 908 augmentum
1412 873 1555 911 quinque
1578 874 1830 910 praebendarum
1852 875 1995 913 ejusdem
2016 877 2184 913 ecclesiae,

1182 933 1263 962 quae
1279 925 1380 955 multo
1395 926 1540 956 exiliores
1554 927 1625 955 aliis
1642 932 1748 963 erant,
1767 929 1933 957 concessit.

1225 990 1239 1004 κ
1256 977 1337 1008 Cum
1354 987 1372 1007 a
1390 979 1521 1008 nobis...
1537 996 1576 1000 —
1594 980 1664 1009 Dat.
1686 981 1797 1015 Beate,
1814 989 1869 1009 xm
1885 980 2038 1010 kalendas
2054 986 2187 1019 septem-

1183 1032 1250 1061 bris
1265 1055 1270 1066 ,
1288 1040 1373 1061 anno
1391 1032 1542 1062 secundo.
1564 1044 1576 1059 »

1259 1218 1375 1246 1513

1222 1280 1407 1315 Privilegium
1433 1282 1607 1308 monasterio
1633 1281 1801 1308 Fiscanensi
1824 1290 2006 1309 concessum.
2033 1282 2115 1316 (Res.
2139 1284 2188 1314 44,

1185 1338 1211 1356 c.
1228 1330 1288 1363 534,
1306 1331 1323 1356 f.
1344 1330 1391 1357 231
1414 1337 1458 1360 r⁰·‚
1476 1330 1542 1356 Lar.
1558 1339 1593 1358 nu
1608 1330 1707 1361 Tum,
1728 1330 1764 1361 II,
1781 1331 1852 1361 Τι’-ἦς
1870 1331 1987 1365 porra„
2002 1331 2110 1363 23091.)

1714 1218 1799 1250 Rieu,
1816 1219 1848 1245 *27
1864 1220 2025 1253 septembre
2045 1220 2118 1247 1289.

1229 1457 1248 1463 ..
1266 1434 1366 1462 abbati
1390 1438 1415 1462 et
1434 1435 1595 1462 conventui
1611 1435 1790 1462 monasterii
1811 1434 2018 1463 Fiscanensis.
2036 1434 2074 1462 acl
2093 1442 2191 1462 roma-

1187 1496 1260 1516 nam
1272 1488 1422 1516 ecclesiam
1440 1488 1524 1516 nullo
1540 1488 1635 1516 medio
1647 1489 1840 1524 pertinentis,
1855 1488 1972 1516 ordinis
1983 1487 2013 1516 S.
2030 1487 2188 1522 Benedicti,

1186 1541 1433 1578 Rochomayensis
1448 1541 1589 1575 diocesis,
1610 1540 1756 1578 indulget
1771 1545 1805 1570 ut
1826 1550 1882 1579 per
1900 1540 2020 1570 litteras
2041 1540 2189 1578 apostoli-

1187 1602 1239 1623 cas
1253 1593 1304 1623 vel
1319 1593 1496 1631 legatorum
1513 1594 1596 1623 sedis
1615 1593 1815 1632 apostolicae,
1828 1594 1863 1624 in
1881 1594 1997 1633 quibus
2016 1594 2189 1624 Rothoma-

1187 1646 1296 1684 gensis
1319 1646 1579 1685 archiepiscopus
1598 1646 1646 1677 vel
1670 1647 1814 1677 officialis
1835 1648 1917 1685 ejus,
1938 1651 1992 1676 aut
2014 1646 2130 1685 aliquis
2153 1647 2191 1676 de

1187 1699 1440 1738 Rothomagensi
1457 1699 1589 1729 ecclesia
1607 1700 1704 1738 J'udex
1727 1704 1782 1730 aut
1796 1705 1943 1730 executor
1965 1700 2056 1730 datus
2078 1700 2188 1734 fuerit,

1188 1752 1373 1782 nullatenus
1389 1753 1554 1782 conveniri
1571 1752 1707 1791 possint.
1724 1753 1814 1782 Idem
1830 1752 1992 1782 indultum
2008 1752 2111 1782 eidem
2127 1761 2193 1782 mo-

1188 1806 1328 1836 nasterio
1351 1806 1417 1843 Jam
1444 1810 1667 1836 concesserant
1685 1805 1878 1841 Alexander,
1898 1806 1937 1835 ad
1966 1806 2068 1835 instar
2093 1806 2192 1835 Inno-

1187 1859 1285 1889 centii
1306 1859 1384 1895 1111,
1402 1868 1503 1898 usque
1518 1859 1556 1888 ad
1567 1859 1771 1895 decennium,
1783 1859 2023 1898 etpostmodum
2033 1858 2191 1895 Clemens,

1188 1921 1289 1951 usque
1304 1912 1345 1942 ad
1362 1912 1552 1942 triennium.

1229 1978 1243 1992 α
1261 1966 1378 1995 Petitio
1393 1970 1496 1995 vestra
1514 1965 1646 1996 nobis...
1664 1982 1701 1986 —
1717 1965 1788 1995 Dat.
1807 1966 1920 2001 Reate,
1939 1975 1957 1993 v
1972 1964 2125 1994 kalendas
2140 1972 2192 1994 oc-

1189 2019 1297 2055 tobris,
1317 2027 1403 2048 anno
1419 2018 1569 2048 secundo.
1592 2030 1605 2044 n

1263 2205 1509 2235 1520-1521

1225 2268 1271 2295 Ad
1299 2269 1507 2303 reparationem
1533 2266 1697 2293 monasterii
1721 2265 1818 2293 Sancti
1844 2266 1965 2293 Huberti
1993 2266 2021 2292 in
2047 2266 2193 2292 Ardeuna.

1189 2317 1271 2351 (Rso.
1290 2317 1333 2348 44,
1349 2325 1375 2343 c.
1393 2316 1454 2349 535,
1471 2317 1489 2342 f.
1507 2315 1555 2342 231
1576 2317 1624 2347 ro.)

1715 2204 1800 2236 Rieti,
1817 2204 1850 2230 ²:2³
1866 2204 2029 2238 septembre
2048 2204 2124 2231 1289.

1232 2442 1253 2449 ..
1272 2419 1372 2448 abbati
1389 2423 1414 2447 et
1435 2418 1595 2447 conventui
1621 2418 1799 2446 monasterii
1821 2417 1924 2446 Sancti
1942 2417 2066 2446 Hubercl
2089 2418 2121 2445 in
2138 2418 2195 2445 Ar-

1192 2475 1308 2507 denna,
1331 2471 1449 2501 ordinis
1469 2471 1498 2500 S.
1525 2471 1690 2507 Benedicti,
1708 2471 1877 2500 Leodiensis
1899 2471 2035 2503 diocesis,
2055 2468 2197 2498 concedit

1191 2527 1324 2561 fructuS,
1334 2525 1476 2554 redditus
1493 2528 1523 2554 et
1541 2528 1714 2562 proventus
1730 2523 1828 2561 primi
1844 2523 1921 2552 anni
1937 2523 2083 2552 omnium
2098 2521 2194 2551 bene—

1192 2580 1338 2609 ficiorum
1353 2577 1650 2611 ecclesiasticorum⁷
1669 2576 1708 2606 ad
1733 2575 1935 2606 collationem
1952 2575 2002 2605 vel
2018 2579 2195 2613 praesenta-

1193 2634 1313 2662 tionem
1338 2640 1446 2661 eorum
1473 2630 1703 2668 spectantium,
1731 2628 1811 2667 quae
1831 2637 1931 2667 usque
1955 2628 1995 2657 ad
2021 2628 2197 2657 triennium

1194 2694 1304 2715 vacare
1330 2683 1513 2721 contigerit,
1536 2683 1576 2712 ad
1598 2682 1830 2721 reparationem
1853 2680 2040 2711 monasterii
2065 2689 2196 2716 eorum,

1193 2738 1278 2777 quod
1294 2739 1461 2767 incensum
1480 2735 1550 2764 fuit.

1236 2803 1249 2818 α
1269 2790 1380 2819 Vestre
1393 2788 1515 2818 meritis
1533 2787 1734 2824 religionis...
1747 2803 1785 2807 —
1798 2787 1868 2815 Dat.
1888 2787 1994 2821 Reate,
2011 2796 2029 2815 x
2046 2786 2198 2816 kalendas

1194 2843 1342 2879 octobris,
1362 2850 1446 2871 anno
1463 2839 1612 2870 secundo.
1636 2852 1648 2865 ι’

1234 2897 1273 2926 In
1290 2905 1316 2925 e.
1338 2904 1380 2924 ni.
1396 2917 1416 2923 ..
1434 2893 1538 2923 abbati
1559 2893 1744 2922 monasterii
1760 2892 1874 2922 Beatae
1886 2893 2007 2922 Mariae
2018 2893 2199 2922 Mosomen-

1196 2951 1253 2985 sis,
1272 2949 1439 2979 Remeusis
1462 2946 1632 2982 dioecesis,
1652 2968 1671 2975 ..
1689 2945 1828 2982 cantori,
1852 2949 1882 2975 et
1903 2946 2053 2984 magistro
2076 2946 2200 2976 Go›2lino

1197 3004 1234 3033 de
1260 3001 1423 3035 Mai-villa,
1448 2999 1599 3029 canonico
1624 2999 1773 3028 ecclesiae
1799 2998 1907 3029 Sancti
1933 2999 2096 3029 Johanuis
2123 3000 2199 3028 Leo-

1197 3056 1333 3089 diensis,
1363 3053 1491 3083 mandat
1524 3057 1680 3091 quatenus
1711 3052 1837 3082 eosdem
1863 3053 1983 3083 fructus
2006 3057 2033 3082 et
2061 3053 2201 3083 redditus
