2342 3652
952 343 1172 385 PREMOERE
1195 343 1353 383 ANNEE.
2179 360 2194 387 7

111 429 209 463 sibus,
235 426 366 456 mandat
397 430 555 464 quatenus
581 426 644 455 ad..
674 409 861 455 Asloensem
889 427 943 452 et..
978 422 1112 451 Stavan-

112 489 259 520 grensem
285 480 445 518 episcopos
472 480 680 518 personaliter
704 478 886 508 accedentes
914 475 1052 514 palleum
1076 475 1107 505 J.

112 535 209 566 electo
226 534 428 564 Nidrosiensi
444 533 633 563 tradendum
649 535 858 572 praesentent.

154 601 166 616 ιι
184 589 294 626 Nuper
310 597 344 617 ex
362 593 487 626 parte...
504 604 545 610 —
558 588 629 617 Dat.
649 591 682 617 ut
698 594 802 624 supra.
818 596 830 611 »

183 760 238 787 20
600 755 809 787 simut-pierre,
828 755 860 781 10
875 754 945 781 avril
961 754 1038 781 1288.

146 822 331 857 Dispensatio
347 822 481 848 visitandi
498 821 595 848 limina
615 819 819 854 apostolorum.
850 818 935 849 (Rae.
953 818 1002 848 44,
1019 825 1043 844 c.
1063 818 1110 851 ⁴14,

110 873 128 899 f.
148 873 162 899 5
180 873 227 904 ro.)

158 975 323 1004 Venerabili
339 974 432 1010 fratri
445 973 477 1001 P.
493 972 622 1009 episcopo
636 970 859 1000 Salamantt'no.
883 970 964 1000 Eum
979 969 1114 1000 absolvit

111 1027 150 1056 de
171 1028 371 1065 juramento,
396 1029 486 1064 prout
508 1024 604 1053 moris
628 1027 688 1059 est,
714 1023 919 1061 corporaliter
941 1024 1110 1062 praestito,

111 1088 174 1118 quo
200 1079 343 1117 promisit
366 1088 399 1108 se
424 1077 634 1116 apostolorum
660 1076 775 1106 limina
802 1076 937 1114 singulis
963 1076 1112 1106 trienniis

112 1132 315 1162 visitaturum
327 1156 334 1168 ,
351 1131 423 1161 licet
438 1129 568 1160 eeclesia
583 1129 650 1168 ipsa
671 1129 890 1159 Salamantina
906 1129 1111 1167 privilegium

112 1185 306 1223 exceptionis
323 1192 386 1214 non
402 1183 532 1219 habeat,
552 1182 607 1212 sed
626 1182 843 1221 jurisdictioni
863 1182 1113 1221 Compostellani

111 1238 358 1277 archiepiscopi,
374 1237 430 1276 qui
445 1240 491 1266 est
505 1244 561 1274 pro
578 1239 734 1274 tempore,
754 1236 795 1266 sit
809 1236 959 1275 subjecta.

154 1303 167 1317 <a
196 1291 240 1321 Ex
268 1295 354 1329 parte
381 1295 470 1320 tua...
497 1306 536 1311 --
556 1290 628 1319 Dat.
656 1290 776 1326 Rome,
799 1289 882 1329 apud
904 1289 936 1319 S.
957 1289 1111 1326 Petrum,

113 1353 159 1374 1111
175 1344 246 1374 idus
260 1343 385 1382 aprilis,
401 1345 487 1372 anno
504 1343 617 1381 primo.
640 1354 653 1369 ν)

182 1527 307 1555 ΞΙ-ἓὸ

148 1590 289 1617 Licentiae
307 1593 510 1617 testamentum
534 1589 686 1616 condendi.
712 1589 799 1622 (Rau.
816 1589 863 1622 44,
886 1597 911 1616 c.
929 1590 978 1622 15,
1001 1590 1019 1616 f.
1039 1590 1053 1616 5
1070 1595 1112 1621 r⁰;

114 1639 226 1671 Porrn„
247 1639 355 1674 22646.)

597 1526 807 1557 Saint-Pierre,
828 1527 859 1553 10
875 1526 946 1553 avril
962 1526 1040 1557 1288.

152 1741 253 1770 Eidem
268 1740 431 1770 licentiam
446 1740 592 1770 concedit
607 1743 832 1770 testamentum
847 1739 1017 1770 condendi.

153 1806 166 1821 α
183 1794 264 1830 Quia
278 1794 434 1833 presentis
450 1795 551 1825 vite...
567 1810 606 1816 -
623 1794 695 1824 Dat.
713 1798 748 1824 ut
763 1803 869 1836 supra.
888 1806 901 1821 n
1007 1794 1009 1796 '

745 1874 836 1905 Rieti,
855 1874 947 1909 3juin
964 1873 1042 1900 1288.

152 1935 190 1965 In
207 1944 234 1965 e.
251 1945 294 1966 m.
311 1944 366 1975 pro
381 1936 555 1976 Symhaldo
569 1937 714 1976 episcopo
728 1937 898 1967 Melfiensi.
914 1937 985 1966 Dat.
1002 1937 1110 1971 Reate,

115 1997 150 2017 111
166 1996 265 2019 nonas
279 1989 366 2029 junii
380 2014 386 2026 ,
401 1999 487 2020 anno
502 1992 606 2029 primo
623 1990 680 2030 (1).

614 2058 824 2103 Saint-Pierre,
841 2072 857 2099 9
872 2071 944 2098 avril
961 2071 1038 2099 1288.

156 2132 192 2161 [n
207 2141 234 2162 e.
251 2141 294 2162 m.
311 2141 365 2172 pro
381 2133 418 2163 B.
435 2134 580 2172 episcopo
596 2134 777 2172 Eugubino.
792 2134 863 2164 Dat.
882 2134 1015 2170 Romae,
1030 2133 1113 2172 apud

114 2186 145 2215 S.
164 2185 312 2223 Petrum,
330 2196 350 2216 v
364 2187 436 2216 idus
451 2187 578 2226 aprilis,
596 2196 682 2217 anno
696 2187 801 2226 primo
817 2186 873 2227 (1).

674 2267 795 2297 Lati-an.
816 2267 849 2295 23
868 2275 944 2294 mars
962 2267 1041 2295 1288.

153 2327 190 2357 ln
208 2336 235 2357 e.
253 2336 295 2357 m.
312 2336 368 2367 pro
381 2328 528 2360 Johanne
544 2330 688 2369 episcopo
704 2330 902 2360 Lamecensi.
926 2329 998 2359 Dat.
1017 2330 1112 2359 Late-

114 2380 202 2415 rani,
218 2390 236 2410 x
253 2379 405 2411 kalendas
421 2381 544 2421 aprilis,
561 2391 646 2413 anno
661 2383 764 2422 primo
779 2382 833 2422 (1).

595 2462 810 2493 Salat-pierre,
826 2462 860 2489 ‘24
876 2461 946 2489 avril
963 2461 1041 2489 1288.

153 2523 191 2553 In
207 2533 234 2553 e.
252 2531 295 2552 m.
313 2531 369 2562 pro
384 2523 423 2553 A.
441 2524 582 2564 episcopo
599 2527 773 2556 Aversano.
790 2525 862 2555 Dat.
880 2525 1013 2562 Romae,
1031 2524 1115 2563 apud

114 2576 146 2607 S.
163 2576 313 2613 Petrum,
331 2586 388 2606 vm
403 2576 554 2608 kalendas
569 2579 662 2617 maii,
681 2587 767 2609 anno
785 2579 886 2618 primo
903 2578 960 2617 (1).

179 2762 236 2797 ,26
619 2763 829 2797 Saint-Pierre,
847 2764 862 2790 5
878 2763 948 2789 avril
965 2762 1042 2789 1288.

151 2824 335 2860 Dispensatio
352 2833 439 2859 super
454 2825 567 2851 defectu
583 2825 727 2852 natalium.
747 2825 832 2858 (Rae.
850 2825 893 2856 44,
907 2832 932 2851 c.
951 2824 992 2855 16,
1005 2824 1024 2851 f.
1041 2824 1056 2851 5
1068 2823 1116 2856 ro.)

155 2928 263 2958 Dilecto
271 2927 336 2965 filio
347 2928 490 2964 Martino,
503 2932 574 2956 nato
585 2927 666 2956 clare
681 2928 822 2957 memorie
835 2928 951 2964 Alfonsi
960 2927 1038 2966 reqis
1051 2926 1116 2956 Cas-

149 3032 181 3062 (1)
198 3031 270 3057 Eerit
283 3039 316 3058 en
330 3040 427 3064 marge.

1198 421 1277 455 telle,
1299 422 1441 450 canonico
1458 421 1614 457 [spalensi.
1639 419 1720 450 Cum
1743 429 1779 450 eo
1794 420 1966 459 dispensat,
1986 427 2101 452 utnon
2125 423 2196 453 obs-

1198 478 1283 503 tante
1307 473 1430 503 defectn
1465 473 1620 503 natalium
1643 482 1739 512 quem
1765 473 1802 503 de
1827 475 1992 512 conjugato
2015 476 2140 512 genitus
2168 482 2198 506 et

1197 526 1299 555 soluta
1316 527 1450 564 patitur,
1468 527 1502 556 in
1522 530 1665 565 suscepto
1685 526 1797 556 ordine
1812 527 2015 563 ministrare,
2034 532 2063 557 et
2085 537 2196 558 omnes

1195 578 1274 608 alios
1290 579 1419 609 ordines
1435 584 1464 609 et
1482 579 1545 609 alia
1565 579 1740 615 beneficia,
1765 579 1860 609 etiam
1878 580 1903 608 si
1926 588 2036 609 curam
2061 580 2198 610 habeant

1195 632 1377 662 animarum
1391 656 1399 670 ,
1417 633 1555 671 recipere
1573 632 1688 671 possit,
1716 645 1728 658 ι
1748 633 1971 662 constitutione
1991 632 2041 662 vel
2063 641 2196 663 consue—

1197 687 1306 716 tudine
1323 687 1438 725 quibus
1458 688 1492 716 in
1514 687 1682 717 Palentina
1699 692 1729 717 et
1746 687 1936 726 quibusdam
1961 687 2032 717 aliis
2055 688 2197 718 ecclesiis

1195 739 1324 770 illarum
1341 741 1479 779 partium
1495 741 1613 770 dicitur
1629 750 1696 770 esse
1713 746 1842 770 cautum
1857 765 1862 777 ,
1880 746 1914 770 nt
1934 741 2043 770 nullus
2066 741 2104 771 de
2124 742 2196 772 ille-

1195 793 1306 830 gitimo
1322 793 1525 823 matrimonio
1542 798 1733 831 procreatus,
1751 795 1848 823 etiam
1865 794 1891 823 si
1907 795 1947 822 sit
1962 803 2035 823 cum
2051 803 2086 824 eo
2104 804 2198 832 super

1195 845 1318 876 defectu
1336 846 1490 876 natalium
1507 855 1638 876 suorum
1655 856 1709 885 per
1727 847 1833 876 sedem
1849 847 2053 885 apostolicam
2069 847 2197 885 dispen-

1196 902 1317 935 satum,
1339 899 1378 929 ad
1403 899 1608 929 canonicatus
1631 904 1660 928 et
1683 899 1860 938 prebendas
1886 909 1941 929 seu
1964 900 2027 929 alia
2046 900 2198 930 beneficia

1196 952 1339 990 ipsarum
1360 952 1566 982 ecclesiarum
1591 952 1797 989 admittatur,
1820 961 2023 991 nequaquam
2045 953 2198 982 obstanti-

1195 1005 1254 1034 bus
1277 1018 1327 1034 .....
1345 1005 1392 1034 Ita
1413 1009 1518 1035 tamen
1540 1005 1623 1043 quod
1646 1005 1855 1044 episcopalem
1871 1005 2062 1043 dignitatem
2078 1014 2199 1044 nequa-

1196 1067 1292 1097 quam
1309 1059 1440 1097 recipiat
1455 1059 1573 1096 absque
1589 1058 1739 1088 mandato
1756 1059 1838 1088 sedis
1853 1059 2041 1097 apostolicae
2057 1059 2196 1097 speciali.

1241 1124 1253 1138 ‹
1269 1112 1449 1151 Apostolice
1466 1112 1550 1141 sedis
1572 1112 1792 1150 benignitas...
1819 1129 1857 1133 —
1882 1112 1953 1141 Dat.
1979 1112 2094 1148 Rome,
2116 1112 2199 1151 apud

1196 1166 1348 1196 Sanctum
1365 1166 1496 1195 Petrum
1508 1188 1515 1202 ‚
1533 1166 1627 1195 nonis
1642 1164 1754 1203 aprilis
1768 1189 1773 1201 ,
1791 1174 1876 1195 anno
1892 1165 2005 1203 primo.
2026 1177 2039 1191 ι)

1267 1325 1399 1353 2ἵ-33

1232 1387 1424 1414 Confirmatur
1437 1387 1538 1413 electio
1555 1384 1768 1412 Dunkeldeusis
1784 1385 1930 1420 episcopi,
1947 1386 1993 1411 cui
2010 1393 2115 1411 munus
2131 1393 2200 1411 con-

1689 1323 1898 1355 Saint—PIerre,
1916 1324 1947 1350 10
1963 1324 2033 1350 avril
2050 1324 2127 1350 1288.

1197 1437 1367 1464 secr-ationis
1383 1436 1566 1471 impenditur.
1585 1435 1667 1468 (Rae.
1686 1435 1730 1468 44,
1748 1443 1774 1461 c.
1792 1435 1835 1468 17,
1854 1435 1873 1460 f.
1891 1436 1905 1461 ἱ)
1921 1436 1969 1467 1¹0.)

1241 1524 1409 1555 Venerabili
1424 1524 1518 1561 fratri
1533 1525 1659 1553 Jlatthfeo
1676 1524 2027 1562 episcopoDunkelclenst.
2041 1524 2114 1562 Ejus
2128 1532 2198 1553 con-

1197 1579 1303 1608 firmat
1324 1578 1527 1613 electionem,
1546 1587 1600 1615 per
1621 1577 1764 1616 quinque
1788 1586 1823 1606 ex
1846 1576 2127 1606 Dunkeldensibus
2148 1585 2198 1606 ca-

1198 1632 1322 1662 nonicis
1338 1632 1464 1667 factam,
1481 1630 1630 1660 videlicet
1647 1630 1754 1668 ipsum
1771 1629 1986 1665 Matthaeum,
2005 1634 2079 1659 tunc
2094 1630 2198 1659 Aber-

1196 1685 1371 1716 donensem
1398 1685 1576 1720 decanum,
1616 1684 1792 1722 Symonem
1819 1682 2080 1713 Duukelcleusem
2105 1683 2198 1712 deca-

1197 1748 1287 1777 num,
1302 1738 1492 1777 Gregorinm
1506 1737 1539 1767 S.
1554 1737 1702 1768 Andreae
1716 1741 1746 1766 et
1757 1736 1968 1766 Guillelmum
1983 1736 2199 1766 Thessidaliae

1197 1792 1229 1822 in
1255 1791 1388 1822 ecclesia
1412 1791 1614 1829 Glasgwensi
1640 1790 1894 1827 archidiaconos,
1921 1798 1956 1819 ac
1981 1789 2139 1819 Thomam
2164 1789 2201 1819 de

1198 1847 1368 1882 Prestona,
1386 1845 1554 1875 canonicos
1571 1843 1817 1874 Dunkeldenses
1828 1866 1837 1880 ,
1855 1844 1970 1882 quibus
1987 1843 2201 1882 provisionem

1197 1899 1236 1929 ad
1252 1899 1312 1929 hoc
1324 1922 1332 1936 ,
1348 1903 1417 1938 post
1435 1902 1569 1928 mortem
1585 1896 1746 1927 Willelmi
1760 1921 1766 1933 ,
1784 1897 1943 1935 quondam
1962 1896 2202 1926 Dnnkeldensis

1197 1953 1350 1992 episcopi,
1369 1951 1425 1981 alii
1447 1951 1591 1990 ejusdem
1614 1950 1763 1980 ecclesiae
1786 1950 1930 1980 canonici
1953 1949 2198 1981 commiserant:

1197 2015 1278 2045 quae
1304 2005 1414 2035 electio
1439 2013 1494 2042 per
1520 2004 1556 2033 B.
1582 2004 1792 2033 Pol-tuensem
1818 2003 2020 2041 episcopum,
2046 2001 2202 2031 Comitem

1197 2059 1280 2090 tituli
1298 2059 1354 2089 SS.
1373 2057 1554 2088 Marcellini
1570 2061 1600 2087 et
1613 2057 1699 2086 Petri
1712 2057 1934 2096 presbyterum
1948 2060 1978 2086 et
1994 2056 2202 2086 Benedictum

1197 2112 1230 2143 S.
1250 2111 1375 2142 Nicolai
1387 2112 1419 2140 in
1435 2110 1567 2140 Carcere
1586 2109 1734 2140 Tulliano
1750 2109 1921 2139 diaconum
1936 2108 2114 2138 cardinales
2130 2118 2202 2138 exa-

1197 2167 1318 2196 minata
1339 2165 1409 2195 fnit.
1432 2164 1544 2194 Eidem
1564 2163 1724 2193 Matthaeo
1740 2171 1859 2192 munus
1877 2162 2124 2192 consecrationis
2139 2162 2202 2191 im-

1197 2219 1317 2259 pendit.

1242 2285 1254 2299 «
1284 2272 1427 2303 Onerosa
1453 2270 1620 2309 pastoralis
1647 2269 1782 2300 officii...
1813 2287 1851 2291 —
1878 2270 1950 2298 Dat.
1978 2269 2094 2306 Rome,
2120 2268 2203 2307 apud

1198 2326 1230 2356 S.
1250 2326 1398 2362 Petrum,
1418 2334 1465 2354 1111
1481 2324 1552 2354 idus
1570 2323 1699 2363 aprilis,
1718 2332 1803 2354 anno
1820 2324 1933 2362 primo.
1957 2335 1970 2349 n

1237 2380 1275 2409 In
1291 2389 1317 2409 e.
1336 2389 1378 2408 m.
1400 2402 1420 2408 ..
1438 2379 1556 2408 decano
1575 2382 1605 2407 et
1620 2377 1758 2416 capitulo
1774 2376 2058 2407 Dunkeldensibus
2073 2376 2203 2406 mandat

1197 2437 1355 2472 quatenus
1370 2432 1473 2462 eidem
1487 2431 1632 2470 episcopo
1645 2430 1784 2460 debitam
1796 2430 2010 2460 reverentiam
2020 2429 2199 2468 praebeant.

1237 2487 1276 2516 In
1295 2496 1320 2516 e.
1341 2495 1384 2515 m.
1402 2485 1486 2515 clero
1501 2485 1637 2515 civitatis
1654 2489 1684 2514 et
1698 2484 1850 2514 dioecesis
1866 2483 2114 2513 Dunkeldensis.

1237 2540 1275 2570 In
1293 2548 1320 2569 e.
1338 2548 1381 2568 m.
1400 2537 1514 2577 populo
1531 2538 1667 2567 civitatis
1683 2541 1713 2566 et
1728 2536 1879 2566 dioecesis
1898 2535 2145 2565 Dunkeldensis.

1238 2593 1276 2622 In
1304 2601 1332 2622 e.
1361 2601 1404 2621 m.
1432 2591 1590 2621 universis
1615 2590 1759 2620 vassallis
1786 2589 1935 2619 ecclesiae
1964 2587 2202 2618 Duukeldensis

1199 2646 1331 2676 mandat
1346 2648 1503 2683 quatenus
1524 2643 1628 2673 eidem
1647 2643 1789 2681 episcopo
1805 2636 1918 2671 debita¹
1933 2641 2063 2671 servitia
2081 2645 2111 2670 et
2126 2640 2201 2670 fide-

1199 2699 1296 2729 litatis
1310 2699 1496 2737 juramenta
1511 2696 1693 2726 exhibeant.

1240 2753 1277 2781 ln
1300 2761 1327 2780 e.
1352 2760 1394 2780 m.
1424 2773 1444 2780 ..
1470 2749 1501 2779 S.
1529 2748 1675 2778 Andreae
1691 2753 1720 2777 et
1738 2770 1757 2777 ..
1779 2747 1982 2785 Glasgwensi
2000 2746 2152 2785 episcopis
2168 2755 2203 2776 ac

1199 2804 1271 2835 aliis
1287 2803 1437 2834 ecclesiae
1452 2801 1602 2841 praelatis
1622 2805 1652 2830 et
1673 2799 1856 2830 custodibus
1878 2800 1969 2837 regni
1988 2799 2122 2829 Scotiae.
2144 2799 2203 2828 Eos

1200 2859 1343 2888 hortatur
1368 2859 1525 2895 quatenus
1554 2862 1587 2883 se
1609 2853 1713 2883 eidem
1736 2853 1880 2891 episcopo
1902 2852 2090 2882 favorabiles
2110 2851 2202 2881 exhi-

1200 2912 1306 2942 beant.

1240 2966 1279 2995 In
1296 2973 1324 2994 e.
1342 2973 1385 2993 m.
1408 2963 1604 3000 Margaretae
1621 2965 1712 2991 natae
1731 2984 1750 2990 ..
1769 2961 1851 2999 regis
1869 2960 2036 2998 Norwejae
2052 2959 2201 2998 (Porrn.‚

1201 3017 1323 3057 22647).
