2477 3637
283 391 337 421 57⁶:
1026 376 1260 410 REGISTRES
1282 375 1336 406 DE
1358 374 1541 404 NICOLAS
1564 375 1619 404 IV.

281 453 567 492 consanguinitatis
599 450 696 489 gradu
729 449 917 487 conjunctus
947 449 1023 482 erat,
1055 445 1283 475 contraxerunt

282 515 446 538 remanere
463 505 597 534 valeant.

324 574 335 587 α
361 560 474 590 Petilio
490 558 595 587 dilecti
618 556 714 585 filii...
732 571 771 577 —
788 554 858 584 Dat.
878 558 1028 591 utsupra.
1050 564 1061 576 n

351 744 464 772 3827
785 738 915 770 Orvieto,
934 737 948 761 ἶ)
965 736 1115 762 decembre
1134 734 1210 761 1290.

319 806 407 832 Priori
424 803 649 839 praedicatorum
666 806 693 827 et
716 800 872 835 gnardiano
893 799 1035 824 minorum
1055 796 1283 823 Florentinorum

281 854 391 881 mandat
416 857 445 879 ut
467 861 500 878 xi,
524 852 609 878 libras
627 858 776 885 parvorum
793 848 1006 879 turonensium,
1030 854 1101 880 quas
1119 845 1284 879 Rogerinus

280 904 314 929 «le
339 903 447 932 l'illcis,
471 901 552 927 miles
574 900 768 928 Florentinns,
788 906 837 932 pro
859 896 1052 923 satisfactione
1072 895 1213 921 bonorum
1228 894 1284 920 illi-

281 952 335 978 cite
347 951 562 985 acquisitorum,
575 949 685 975 solvere
699 951 814 982 paratus
826 951 878 975 cst,
897 947 923 971 in
942 946 1004 979 pios
1019 952 1088 970 usus
1104 945 1282 969 convertant.

283 1001 365 1032 (Rea.
380 1000 424 1032 45»,
440 1008 465 1025 c.
483 999 542 1029 11⁸5,
561 997 577 1023 f.
601 998 646 1023 llS
664 1004 706 1027 v⁰;
727 996 840 1026 l'orrn..
855 994 965 1027 23486.)

323 1127 342 1132 ..
359 1103 459 1139 priori
473 1102 697 1138 predicatorum
713 1104 737 1127 el
754 1121 773 1128 ..
788 1098 961 1135 yuctrclt'ano
976 1097 1131 1125 minorum
1147 1095 1284 1131 fratrum

281 1157 423 1185 ordinum
442 1154 635 1183 Florentinis.

325 1222 335 1233 ιι
355 1206 553 1245 Significavit
570 1205 661 1235 nobis
678 1204 847 1234 dilectus...
865 1219 904 1226 -
920 1203 991 1232 Dat.
1008 1201 1091 1240 apud
1105 1201 1284 1231 Urbemve-

283 1266 391 1297 terem,
412 1260 504 1290 nonis
522 1258 711 1294 decembris,
726 1266 811 1287 anno
829 1257 928 1286 tertio.
951 1268 963 1283 »

350 1445 469 1473 3828
786 1442 913 1473 Orvieto,
930 1443 945 1469 5
965 1441 1116 1468 decembre
1133 1439 1211 1468 1290.

317 1507 500 1542 Dispensatio
516 1506 698 1533 matrimonii.
715 1506 799 1539 (Περι.
815 1506 857 1537 45,
875 1514 899 1532 c.
918 1505 977 1536 586,
996 1505 1014 1531 f.
1034 1504 1081 1531 118
1098 1504 1150 1537 νο.)

326 1611 491 1639 Venerabili
506 1611 600 1647 fratri
617 1634 636 1640 ..
657 1611 787 1647 episcopo
804 1609 1027 1638 (numanatensi
1042 1607 1212 1637 committit
1227 1614 1285 1646 po-

282 1667 423 1693 testatem
440 1663 645 1701 dispensandi
662 1672 735 1692 cum
751 1662 852 1692 nobili
870 1662 936 1691 viro
954 1661 1080 1697 Ottone,
1100 1665 1174 1691 nato
1189 1659 1287 1690 comi·

282 1716 320 1745 tis
346 1715 523 1745 Burchardi
541 1715 579 1745 de
600 1715 811 1752 Honeberch,
832 1719 862 1745 et
886 1714 987 1744 nobili
1010 1713 1146 1743 muliere
1166 1713 1284 1749 Maria,

282 1772 356 1799 nata
373 1768 508 1804 Hulrici‚
524 1769 646 1799 comitis
659 1769 697 1798 de
712 1768 914 1806 Maginham,
929 1767 1183 1798 Constantiensis
1196 1766 1286 1796 dioe-

283 1822 382 1858 cesis,
407 1827 442 1851 ut
464 1823 497 1851 in
520 1822 725 1852 matrimonio
744 1822 827 1860 quod
845 1821 920 1852 olim
937 1824 1173 1857 contraxerunt,
1191 1820 1286 1858 igno-

283 1880 390 1906 rantes
408 1885 440 1905 se
456 1880 568 1915 quarto
583 1876 871 1914 consanguinitatis
887 1875 987 1914 gradu
1003 1875 1189 1913 conjunctos
1207 1882 1286 1911 esse,

282 1938 448 1960 remanere
464 1929 599 1959 valeant.

325 1996 338 2009 α
357 1983 472 2013 Petilio
488 1982 593 2012 dilecti
613 1982 709 2013 filii...
726 1998 765 2006 -—
781 1982 852 2012 Dat.
875 1986 907 2012 ut
924 1990 1029 2020 supra.
1048 1993 1061 2008 n

354 2169 472 2198 3829

320 2232 464 2258 Remissio
486 2231 629 2258 fructuum
656 2231 750 2258 illicite
773 2234 984 2266 perceptorum.
1006 2230 1089 2264 (Rea.
1107 2231 1155 2261 45,
1176 2238 1202 2257 c.
1220 2230 1285 2261 587,

283 2282 302 2308 l'.
323 2281 369 2307 118
386 2282 436 2313 νο.)

794 2168 920 2201 Orvieto,
939 2169 953 2195 5
970 2168 1120 2195 decembre
1138 2168 1215 2195 1290.

331 2384 497 2412 Venerabili
520 2384 616 2418 fratri
640 2403 657 2412 ..
683 2383 815 2419 episcopo
838 2382 1081 2412 Halberstaclensi
1104 2381 1286 2411 facultatem

284 2437 432 2467 concedit
446 2436 630 2466 remittendi
648 2436 791 2466 «Iohanni
808 2435 846 2466 de
862 2436 1045 2473 Gardebege
1059 2435 1139 2474 (sic),
1158 2435 1289 2474 presby-

287 2494 352 2520 tero
363 2513 370 2527 ‚
387 2490 536 2519 ecclesiae
554 2489 785 2520 Stendaliensis
801 2489 971 2525 canonico,
993 2489 1112 2519 fructus
1127 2492 1289 2527 perceptos

286 2552 321 2573 ex
340 2543 483 2582 pluribus
498 2543 638 2573 ecclesiis
652 2552 747 2582 quas,
759 2544 825 2582 Jam
837 2543 958 2573 dudum
973 2551 1084 2573 omnes
1100 2543 1287 2580 resignatas,

284 2596 417 2626 insimul
428 2596 504 2627 olim
517 2597 586 2626 sine
598 2596 787 2635 apostolicae
799 2596 883 2626 sedis
894 2595 1131 2634 dispensatione
1143 2595 1286 2626 retinuit.

325 2662 338 2676 ι
358 2650 451 2679 Lecta
466 2658 572 2680 coram
589 2650 718 2680 nobis...
734 2667 771 2672 —
788 2650 857 2679 Dat.
877 2653 910 2679 ut
928 2657 1033 2687 supra.
1054 2661 1068 2676 »

356 2836 471 2864 3830

322 2897 478 2924 Ecclesiam
496 2899 523 2924 in
546 2898 710 2932 Wirstock,
727 2897 971 2931 Havelbergensis
992 2897 1147 2929 dioecesis,
1164 2896 1290 2924 Johanni

285 2946 320 2973 de
341 2947 497 2981 Gardelege
513 2948 631 2974 confert.
650 2947 733 2980 (Rea.
751 2947 798 2977 45,
816 2955 842 2973 c.
860 2946 934 2980 587²,
951 2946 970 2972 f.
992 2946 1038 2973 119
1055 2948 1100 2978 r0.)

791 2835 921 2868 Orvieto,
938 2835 954 2862 ‘2
970 2834 1121 2861 decembre
1139 2834 1217 2862 1290.

329 3070 350 3078 ..
371 3051 516 3087 preposito
537 3050 652 3078 ecclesie
671 3050 914 3087 Harelberyensis
936 3047 1066 3078 mandat
1089 3051 1124 3078 ut
1144 3047 1289 3079 Johanni

1364 440 1402 469 de
1424 439 1599 478 Gardelege
1616 439 1700 479 (sic),
1722 439 1925 479 presbytero,
1947 437 2004 476 qui
2023 436 2189 467 ecclesiam
2207 436 2240 466 in
2264 436 2366 467 Wirs-

1366 493 1446 530 tock,
1467 492 1735 530 Havelbergensis
1753 491 1924 527 dioecesis,
1943 493 2116 524 assecutus,
2135 498 2167 519 se
2183 488 2222 519 ad
2237 489 2366 530 presby-

1365 551 1484 576 teratus
1500 545 1647 575 ordinem
1662 545 1843 583 promoveri
1860 550 1924 573 non
1941 542 2026 579 fecit,
2044 546 2074 572 et
2089 542 2139 572 cui
2156 550 2235 580 papa
2249 541 2368 574 fructus

1365 601 1409 630 sic
1428 599 1569 629 indebite
1588 607 1624 628 ex
1646 598 1758 628 eadem
1778 596 1911 627 ecclesia
1934 600 2096 635 perceptos
2119 596 2270 632 remittit,
2290 596 2368 626 resi-

1365 653 1516 690 gnatione
1528 651 1704 690 praedictae
1718 650 1870 681 ecclesiae
1886 650 1976 684 sacta,
1991 649 2074 679 banc
2088 649 2203 678 iterum
2217 649 2366 679 conterat.

1406 718 1419 732 «
1445 705 1539 735 Lecta
1554 713 1659 734 coram
1681 704 1810 734 nobis...
1832 719 1872 726 —
1892 703 1964 732 Dat.
1981 701 2065 741 apud
2086 701 2367 740 Urbemveterem‚

1364 768 1408 788 1111
1427 767 1528 789 nonas
1544 757 1731 794 decembris,
1748 765 1834 787 anno
1850 756 1951 786 tertio.
1971 768 1985 782 »

1436 950 1550 979 3831
1858 948 1986 978 Orvieto,
2004 948 2036 974 13
2051 947 2203 974 decembre
2221 947 2299 975 1290.

1401 1013 1528 1040 Licentia
1543 1012 1721 1047 ingrediendi
1739 1012 1918 1038 monasteria.
1937 1010 2020 1044 (Rau.
2038 1011 2081 1045 45,
2099 1019 2124 1038 c.
2143 1010 2204 1043 588,
2221 1010 2240 1038 f.
2261 1010 2311 1038 119
2326 1010 2370 1044 τὸς

1367 1062 1488 1094 Poma„
1504 1062 1613 1092 523495.)

1406 1165 1504 1195 Nobili
1518 1165 1643 1194 mulieri
1659 1165 1777 1200 Blance,
1791 1168 1859 1193 nate
1875 1164 1955 1193 clare
1968 1164 2111 1193 memorie
2124 1163 2279 1199 Ludovicz}
2296 1161 2373 1201 regis

1367 1220 1505 1256 Fronde,
1522 1219 1622 1257 vidue,
1640 1217 1785 1255 indulget
1801 1221 1835 1247 ut
1851 1216 1988 1247 claustra
2003 1216 2270 1247 monasteriorum
2285 1215 2372 1246 ordi·

1367 1273 1419 1302 nis
1434 1277 1561 1302 sanctae
1576 1271 1704 1307 Clarae,
1721 1279 1794 1301 cum
1810 1274 1946 1310 quatuor
1966 1270 2117 1300 fratribus
2132 1268 2256 1300 ordinis
2271 1268 2373 1300 mino-

1366 1335 1439 1356 rum
1456 1330 1487 1356 et
1506 1334 1558 1355 sex
1580 1325 1736 1355 matronis
1749 1348 1757 1362 ,
1774 1324 1954 1355 devotionis
1974 1332 2068 1354 causa
2084 1323 2210 1361 ingredi
2226 1322 2374 1362 quotiens

1367 1379 1396 1410 ei
1419 1379 1573 1418 placuerit
1597 1377 1714 1413 valeat,
1738 1377 1911 1407 dnmmodo
1932 1386 1990 1407 nec
2016 1377 2084 1415 ipsa
2104 1384 2162 1406 nec
2182 1376 2295 1406 fratres
2316 1384 2374 1407 neo

1367 1437 1532 1462 matronae
1548 1432 1580 1461 in
1598 1431 1766 1470 praedictis
1782 1430 1984 1461 monasteriis
1997 1430 2093 1460 edant
2106 1438 2164 1460 nec
2178 1433 2373 1468 pernoctent.

1409 1499 1423 1514 «
1442 1487 1485 1516 Ex
1505 1490 1555 1516 tue
1571 1485 1845 1524 magnitudinis..
1859 1501 1899 1507 —
1911 1485 1983 1514 Dat.
1997 1484 2081 1523 apud
2097 1484 2373 1520 Urbemveterem,

1368 1539 1476 1569 idibus
1492 1539 1683 1574 decembris,
1698 1547 1784 1569 anno
1801 1538 1903 1568 tertio.
1923 1549 1936 1564 n

1441 1733 1558 1763 3832
1863 1730 1990 1764 Orvieto,
2007 1730 2039 1758 18
2055 1730 2207 1758 decembre
2223 1729 2300 1758 1⁶:90.

1406 1795 1449 1821 De
1461 1794 1637 1822 indumentis
1652 1794 1858 1821 monachorum
1870 1794 2036 1821 monasterii
2048 1792 2146 1820 Sancti
2162 1791 2242 1820 Pauli
2254 1792 2288 1819 de
2300 1791 2378 1820 Urbe

1370 1844 1511 1872 emendis.
1532 1844 1614 1876 (Rae.
1632 1844 1675 1875 45,
1692 1852 1716 1870 c.
1735 1843 1796 1874 589,
1812 1843 1831 1870 s.
1852 1843 1899 1870 119
1916 1844 1963 1876 ro.)

1412 1946 1631 1984 Bartholomeo,
1647 1946 1748 1976 abbati
1763 1947 1942 1976 monasterii
1957 1946 2064 1976 Sancti
2079 1946 2170 1975 Pauli
2183 1945 2218 1975 de
2235 1944 2320 1983 Urbe,
2333 1953 2377 1975 or-

1371 2003 1455 2032 dinis
1470 2001 1505 2031 S.
1523 2001 1684 2030 Benedicti.
1704 2012 1718 2027 «
1739 2000 1782 2029 Ex
1801 2003 1854 2030 tua
1872 1999 2027 2030 relatione
2045 1999 2225 2038 accepimus
2242 1997 2327 2038 quod
2342 1998 2376 2028 in

1371 2054 1564 2085 monasterio
1581 2058 1632 2083 tuo
1648 2058 1694 2083 est
1709 2053 1894 2083 auctoritate
1910 2052 2082 2092 apostolica
2096 2052 2279 2082 ordinatum
2293 2049 2378 2090 quod
2414 2068 2418 2072 -

1370 2117 1427 2148 pro
1451 2107 1587 2146 singulis
1609 2107 1749 2137 brachiis
1769 2107 1868 2145 panni
1889 2106 1944 2146 qui
1967 2115 2022 2146 pro
2046 2105 2247 2136 indumentis
2268 2113 2377 2136 mona-

1371 2162 1505 2192 chorum
1525 2160 1600 2190 dicti
1617 2159 1804 2191 monasterii
1822 2165 1941 2190 emitur
1957 2159 2065 2190 decem
2081 2158 2175 2190 solidi
2189 2158 2378 2198 provenien-

1371 2216 1456 2246 sium
1472 2215 1589 2244 dentur
1605 2218 1634 2244 et
1650 2221 1716 2243 non
1734 2213 1827 2243 ultra.
1846 2213 1913 2256 Nps
1928 2213 2046 2252 itaque,
2063 2213 2126 2243 tuis
2141 2210 2379 2251 supplicationi·

1370 2269 1430 2300 hus
1447 2267 1604 2303 inclinati,
1620 2266 1704 2306 quod
1719 2266 1903 2305 hujusmodi
1919 2266 2028 2296 decem
2041 2265 2152 2296 solidis
2167 2265 2378 2304 superaddere

1370 2322 1449 2353 duos
1465 2321 1584 2352 solidos
1600 2320 1743 2359 ejusdem
1759 2324 1886 2350 monete
1899 2319 2005 2350 valeas
2024 2319 2152 2358 plenam
2169 2318 2226 2349 tibi
2240 2317 2378 2349 auctori-

1372 2379 1433 2406 tate
1452 2375 1647 2415 presentium
1664 2373 1829 2404 licentiam
1848 2373 2033 2412 elargimur.
2051 2373 2122 2403 Dat.
2142 2371 2226 2412 apud
2240 2371 2378 2403 Urbem-

1370 2433 1522 2466 veterem,
1539 2437 1579 2458 xv
1597 2426 1751 2458 kalendas
1766 2427 1923 2466 januarii,
1940 2434 2025 2456 anno
2043 2426 2144 2456 tertio.
2166 2438 2180 2453 »

1442 2622 1560 2651 3833

1408 2683 1657 2719 Archiepiscopus
1673 2682 1851 2709 Viennensis
1874 2686 1902 2708 et
1922 2683 1987 2717 ejus
2004 2681 2176 2716 suffraganei
2198 2688 2294 2708 coram
2310 2678 2377 2707 sede

1372 2733 1530 2769 apostolica
1545 2732 1679 2759 citantur.
1696 2731 1778 2765 (Rea.
1796 2732 1840 2766 45,
1857 2740 1883 2759 c.
1901 2731 1962 2763 590,
1977 2731 1996 2758 t’.
2015 2730 2065 2758 119
2079 2737 2121 2762 r⁰;
2137 2729 2254 2762 Poma..
2269 2727 2374 2762 23478.)

1859 2620 1987 2654 Orvieto,
2002 2619 2036 2646 ‘27
2055 2618 2210 2646 novembre
2229 2617 2307 2646 1290.

1414 2857 1434 2864 ..
1467 2836 1568 2865 abbati
1594 2835 1741 2864 secularis
1765 2833 1870 2864 Sancti
1899 2834 1982 2864 Petri
2007 2833 2188 2867 minensis,
2221 2854 2242 2861 ..
2267 2831 2376 2861 decano

1371 2889 1580 2927 Luydunensis
1595 2894 1621 2918 et
1637 2889 1740 2918 Jacobo
1759 2889 1889 2926 Ραραηὶ,
1907 2889 2053 2917 canonico
2065 2887 2210 2916 Insulam
2221 2908 2229 2923 ,
2245 2884 2376 2915 Gavalli-

1371 2943 1466 2972 censis
1483 2943 1620 2980 diocesis,
1637 2942 1843 2971 ecclesiarum.
1863 2952 1877 2968 ιι
1897 2940 1961 2971 Sua
1977 2939 2068 2971 nobis
2085 2938 2192 2969 dilecti
2218 2937 2278 2968 filii
2301 2935 2374 2967 uni-

1370 2995 1535 3026 versitates
1558 2995 1743 3032 hominum,
1771 2998 1834 3024 tam
1859 2993 2051 3024 clericorum
2080 3000 2177 3031 quam
2203 2990 2371 3024 laicorum.

1371 3053 1401 3079 et
1413 3048 1592 3087 singulares
1608 3057 1742 3088 persone
1761 3047 1898 3078 civitatis
1912 3046 2041 3077 Diensis
2057 3045 2210 3086 petitione
2219 3046 2374 3074 monstra-
