2477 3637
282 400 320 430 64
1030 391 1266 423 REGISTRES
1289 392 1343 422 DE
1366 389 1550 421 NICOLAS
1573 389 1628 419 IV.

284 466 586 499 Olor-imon(ensibus,
605 463 786 493 facultatem
804 460 947 491 concedit
962 458 1101 497 eligendi
1120 458 1181 488 sibi
1197 463 1227 488 et
1243 458 1287 488 sa-

283 519 394 549 miliae
410 528 485 548 suae
501 518 714 547 consessorem
732 514 927 545 saecularem
943 512 993 542 vel
1009 512 1206 550 religiosum.

325 584 339 600 ι
358 573 474 610 Magne
492 570 670 601 devotionis
690 570 859 599 affectus...
877 584 914 589 —
930 567 1002 596 Dat.
1021 566 1129 603 Reate,
1147 575 1164 594 x
1177 564 1289 595 kalen-

284 627 339 657 das
356 625 511 661 octobris,
528 633 614 654 anno
632 623 743 662 primo.
764 634 777 648 ν»

354 771 435 799 331

320 832 505 867 Privilegium
522 831 619 858 comiti
638 829 865 858 Claromontensi
882 831 910 855 et
925 828 1008 855 uxori
1024 829 1089 862 eJus
1106 834 1289 854 concessum.

283 881 365 915 (REO.
384 881 425 911 44,
443 889 468 908 c.
485 881 546 914 201,
564 881 582 907 f.
601 880 633 907 49
650 888 696 912 νος
714 879 780 906 Lar.
798 888 832 906 nu
848 878 946 912 Tuan,¹
964 877 986 911 I,
1004 877 1060 910 80.)

804 766 892 797 Rieu,
908 766 942 792 2⁶2
958 765 1123 801 septembre
1139 764 1216 792 1288.

324 971 433 1000 Dilecto
460 970 525 1007 filio
554 970 649 998 ‘nobili
682 969 747 997 υἷι-ο
777 969 910 1001 Roberm,
944 971 1014 995 nato
1041 967 1122 995 clare
1147 966 1291 994 memorie

284 1025 329 1061 L.,
349 1025 427 1063 reyis
447 1024 647 1058 Francorum,
667 1023 781 1058 comiti,
799 1026 823 1050 el
846 1022 948 1050 dilecte
967 1021 999 1049 ιή
1018 1019 1136 1049 Christo
1151 1017 1213 1056 filie
1229 1027 1288 1047 no-

285 1078 339 1107 bili
355 1078 479 1106 mulieri
497 1077 644 1112 Beati-ici,
664 1076 755 1105 umori
772 1076 855 1113 ejus,
875 1074 1020 1103 comitisse
1042 1072 1291 1102 Clarimontensi-

283 1131 354 1166 bus,
385 1129 527 1160 concedit
557 1132 591 1159 nt
618 1137 727 1159 eorum
756 1128 950 1163 consessores
976 1130 1046 1156 vota
1079 1126 1147 1164 jam
1176 1124 1215 1154 ab
1245 1124 1290 1154 eis

285 1183 418 1220 emissa,
436 1182 697 1213 Jerosoliniitano
714 1181 878 1211 dumtaxat
896 1184 1041 1218 excepto,
1059 1179 1180 1218 possint
1201 1186 1288 1208 com-

284 1241 426 1272 mutare,
444 1236 488 1272 ita
506 1240 609 1265 tamen
635 1234 718 1273 qnod
741 1234 834 1269 loeis,
857 1233 885 1262 si
905 1242 967 1272 qna
982 1233 1073 1270 juxta
1092 1235 1162 1261 vota
1180 1230 1292 1260 eadem

284 1290 413 1320 visitare
441 1293 641 1325 tenerentur,
670 1287 822 1326 quicquid
848 1285 1021 1324 expensuri
1050 1285 1185 1314 fuissent
1214 1283 1293 1313 illuc

284 1343 463 1373 accedendo
479 1342 678 1380 integraliter
697 1344 866 1371 teneantur
882 1339 1042 1369 exhibere.
1209 1372 1213 1377 ,

329 1408 342 1423 ι
360 1397 499 1426 Meretur
515 1395 692 1426 devotionis
705 1398 844 1424 vestre...
863 1408 901 1415 —
917 1392 989 1422 Dat.
1007 1395 1041 1422 ut
1056 1399 1162 1430 supra.
1179 1403 1192 1417 ι

355 1543 442 1571 332

318 1605 504 1640 Dispensatio
520 1604 653 1631 visitandi
672 1603 769 1630 limina
791 1602 1008 1637 apostolorum..
1019 1600 1100 1633 (Rao-
1118 1599 1166 1631 44,
1182 1607 1208 1626 c.
1224 1598 1290 1631 202,

283 1656 301 1682 f.
319 1656 349 1682 81
368 1662 410 1688 1·0;
428 1654 495 1681 Lar.
515 1663 549 1681 nn
564 1654 663 1684 Tuan..
682 1653 703 1684 1,
721 1652 777 1685 8¹.)

804 1539 894 1570 Rieu,
914 1538 945 1565 18
961 1537 1125 1573 septembre
1142 1536 1220 1564 1288.

331 1743 496 1775 Venerabili
511 1745 605 1780 fratri
618 1743 765 1776 Arrzalclo,
779 1742 911 1778 episcopo
927 1740 1066 1777 Aquensi.
1089 1738 1171 1768 Eum
1187 1737 1293 1767 absol-

283 1799 330 1828 vit
353 1809 370 1827 a
389 1800 571 1837 juramento
591 1795 743 1826 visitandi
762 1794 901 1832 singulis
917 1793 1060 1823 bienniis
1077 1791 1294 1831 apostolorum

284 1852 411 1881 limina.

328 1917 341 1933 «
355 1906 398 1934 Ex
416 1910 502 1943 parte
519 1910 609 1934 tua...
624 1920 664 1926 —
677 1903 746 1932 Dat.
764 1903 877 1938 Reate.
888 1910 958 1930 xiiii
974 1899 1128 1930 kalendas
1143 1898 1292 1935 octobris,

285 1968 370 1989 anno
386 1959 499 1998 primo.
520 1970 532 1984 »

356 2105 548 2133 333-334
802 2102 896 2133 Rieti,
913 2101 947 2127 2²3
963 2100 1126 2135 septembre
1145 2099 1221 2126 1288.

321 2168 531 2201 Indulgentiae.
549 2166 632 2199 (Rea.
653 2166 696 2195 44,
713 2173 738 2191 c.
756 2164 817 2195 203,
835 2164 853 2190 s.
872 2164 904 2191 49
920 2164 967 2196 r0.)

327 2252 432 2280 mles-to
456 2250 520 2287 filio
547 2272 567 2278 ..
594 2249 741 2286 magistro
766 2252 791 2277 et
816 2247 969 2284 fratribus
1000 2246 1161 2284 hospitatis
1188 2245 1295 2275 Sancti

285 2305 433 2335 Johannis
463 2303 713 2332 Jerosotimttaniss.
748 2300 987 2338 Indulgentiam
1021 2298 1167 2329 concedit
1198 2298 1295 2328 unius

286 2359 363 2389 anni
381 2362 409 2387 et
428 2355 641 2395 quadraginta
658 2355 784 2385 dierum
800 2353 949 2383 omnibus
967 2362 1039 2382 vere
1058 2352 1295 2391 poenitentibus

287 2415 318 2442 et
334 2410 488 2441 confessis
504 2409 559 2448 qui
575 2408 809 2447 praedictorum
826 2407 993 2445 capellam,
1011 2406 1106 2436 sitam
1124 2406 1157 2435 in
1174 2414 1296 2436 coeme-

287 2465 365 2496 terio
381 2463 533 2494 ecclesiae
550 2462 656 2492 Sancti
673 2461 799 2492 Nicolai
816 2461 854 2490 de
870 2462 989 2497 Accon,
1002 2460 1035 2489 in
1052 2460 1160 2490 Sancti
1175 2459 1310 2489 Johans

285 2519 339 2549 nis
355 2518 523 2556 Baptistae,
539 2517 653 2546 Beatae
672 2516 789 2545 Mariae
802 2514 941 2552 virginis
958 2519 987 2544 et
1002 2513 1111 2543 Sancti
1128 2512 1295 2542 Michaelis

285 2571 508 2602 festivitatibus
525 2569 726 2599 visitaverint
743 2569 921 2598 annuatim.

328 2638 341 2653 α
368 2625 455 2654 Licet
476 2624 503 2653 is
521 2624 597 2654 de...
617 2640 655 2644 —
681 2623 749 2652 Dat.
778 2623 895 2659 Reate,
918 2631 936 2651 x
961 2621 1114 2651 kalendas
1135 2620 1292 2658 octobris,

287 2687 373 2709 anno
390 2678 504 2717 primo.
523 2688 536 2703 r·

327 2733 365 2762 In
382 2742 408 2762 e.
427 2741 470 2761 m.
488 2731 608 2761 eisdem
624 2739 680 2769 pro
696 2738 806 2760 eorum
825 2729 956 2760 ecclesia
974 2728 1164 2759 Acconensi.

361 2878 447 2905 3:35

326 2939 509 2973 privilegium
528 2939 662 2965 fratribus
683 2939 832 2973 hospitalis
857 2939 887 2964 S.
908 2937 1052 2964 Jobannis
1070 2936 1295 2964 Jerosolimitani

804 2876 880 2902 Rieti
892 2896 899 2907 ,
916 2875 949 2901 ’22
967 2874 1129 2909 septembre
1149 2873 1223 2900 1288.

288 2996 471 3016 concessum.
488 2987 570 3017 ittae.
588 2988 630 3018 44,
648 2996 673 3014 c.
691 2988 751 3018 204,
770 2988 788 3013 f.
807 2988 839 3013 4¹.)
856 2990 903 3019 r0.)

328 3065 446 3093 Eisdem
470 3063 670 3101 privilegium
692 3063 837 3092 concedit.
858 3067 890 3092 nt
913 3063 1024 3092 fratres
1046 3062 1162 3100 ydonei
1185 3069 1294 3091 eorum

1371 457 1495 488 ordinis
1511 457 1544 485 in
1564 454 1739 485 sacerdotio
1754 453 1935 489 constituti,
1955 453 1988 482 in
2006 453 2154 483 domibus
2175 459 2285 482 eorum
2303 458 2378 481 con-

1373 510 1575 540 ventualibus
1595 509 1781 543 existentes,
1807 506 1862 545 qui
1882 506 1921 536 ad
1944 506 2003 536 hoc
2020 506 2059 536 de
2078 505 2214 536 consilio
2237 504 2379 543 priorum

1373 568 1404 594 et
1419 563 1626 592 discretorum
1644 561 1777 591 fratrum
1797 559 1964 590 domorum
1982 560 2124 598 ipsarum
2145 559 2263 588 fuerint
2280 558 2378 597 depu-

1375 617 1448 652 tati,
1476 615 1691 646 consessiones
1717 614 1850 643 fratrum
1875 621 2085 651 sororumque
2110 621 2241 642 suarum
2267 610 2380 641 audire

1373 669 1510 699 valeant.

1416 735 1429 749 α
1448 721 1625 760 Religionis
1640 725 1741 750 vestre
1758 723 1994 758 promeretur...
2010 736 2048 740 —
2068 719 2138 749 Dat.
2159 723 2192 748 ut
2213 726 2318 757 supra.
2338 729 2351 744 ι»

1446 895 1532 923 336
1895 892 1986 923 Rieu,
2003 891 2035 918 27
2052 892 2214 927 septembre
2230 891 2308 919 1288.

1411 958 1466 985 Pro
1488 958 1665 985 correctione
1689 957 1854 983 monasterii
1874 955 1904 982 S.
1932 955 2037 989 Angeli
2057 955 2090 981 de
2108 954 2280 982 Fontanellis
2299 956 2383 990 juxta

1374 1007 1541 1034 Tudertum.
1563 1006 1642 1039 [Rae.
1659 1007 1701 1037 44,
1718 1015 1742 1033 c.
1760 1006 1821 1039 205,
1842 1006 1859 1032 f.
1879 1006 1911 1032 49
1928 1008 1973 1036 ru.)

1422 1110 1587 1138 Venerabili
1608 1110 1704 1145 fratri
1729 1109 1771 1144 L.⁷
1795 1109 1927 1146 episcopo
1954 1107 2094 1142 Ostiensi,
2120 1106 2382 1137 commissionem

1375 1162 1506 1191 mandat
1525 1161 1703 1199 corrigendi
1729 1161 1779 1191 vel
1802 1161 1997 1190 reformandi
2024 1159 2254 1190 monasterium
2275 1159 2383 1190 Sancti

1376 1214 1493 1252 Angeli
1521 1214 1560 1244 de
1583 1214 1780 1245 Fontanellis
1803 1215 1894 1254 juxta
1914 1213 2112 1250 Tudertem,
2135 1213 2258 1243 ordinis
2280 1213 2384 1244 Vallis

1376 1267 1565 1297 Umbrosae.

1418 1332 1431 1346 α
1445 1320 1525 1350 Cum
1538 1320 1617 1350 olim
1630 1321 1747 1351 sicut...
1764 1338 1803 1343 -
1816 1321 1888 1350 Dat.
1905 1321 2013 1358 Reate,
2031 1330 2050 1350 v
2066 1320 2219 1351 kalendas
2234 1320 2383 1358 octobris,

1376 1382 1461 1403 anno
1479 1381 1593 1411 primo.
1615 1387 1627 1399 υ

1446 1546 1639 1575 33ῧ-340
1960 1547 2051 1578 Rieti,
2069 1547 2085 1573 2
2101 1546 2217 1573 octobre
2235 1545 2312 1574 1288.

1411 1610 1505 1645 Egeas
1521 1611 1685 1645 praeficitur
1701 1611 1840 1638 ecclesiae
1857 1610 1971 1637 Visensi
1987 1611 2015 1637 in
2031 1610 2211 1645 episcopum.
2230 1608 2313 1641 (Reo.
2336 1608 2382 1642 44,

1376 1669 1401 1687 c.
1417 1660 1484 1694 206,
1501 1660 1520 1686 f.
1538 1660 1571 1687 49
1587 1662 1637 1692 νο.)

1418 1764 1526 1792 Dilecto
1548 1763 1613 1807 filio
1632 1762 1727 1800 Eyee,
1751 1763 1839 1792 electo
1862 1763 1984 1802 Visensi.
2008 1762 2106 1798 Eum,
2134 1766 2209 1791 tunc
2228 1761 2386 1791 decanum

1376 1816 1528 1847 ecclesiae
1549 1815 1711 1852 Visensis,
1731 1815 1873 1854 praeficit
1899 1815 1933 1844 in
1955 1815 2137 1853 episcopum
2157 1814 2262 1844 eidem
2285 1813 2387 1844 eccle-

1377 1870 1441 1900 siae
1458 1878 1513 1908 per
1527 1869 1649 1899 obitum
1666 1868 1807 1898 Mathaei
1825 1869 1961 1898 vacanti.

1419 1936 1432 1951 «
1455 1923 1506 1953 Ad
1527 1923 1724 1953 universales
1744 1923 1912 1952 ecclesie...
1935 1939 1973 1944 —-
1995 1922 2065 1952 Dat.
2090 1922 2207 1959 Reate,
2230 1931 2262 1951 vr
2285 1929 2386 1952 nonas

1377 1978 1532 2014 octobris,
1550 1986 1636 2007 anno
1654 1976 1768 2015 primo.
1789 1989 1801 2003 n

1417 2031 1457 2060 In
1473 2040 1500 2060 e.
1518 2039 1562 2060 m.
1582 2053 1601 2060 ..
1620 2030 1739 2060 decano
1758 2033 1788 2060 et
1805 2029 1942 2068 capitulo
1964 2029 2115 2059 ecclesiae
2131 2029 2277 2059 Visensis
2292 2037 2385 2059 man-

1377 2085 1430 2115 dat
1446 2088 1604 2123 quatenus
1623 2084 1782 2123 praedicto
1800 2083 1898 2114 electo
1913 2083 2053 2113 debitam
2067 2083 2284 2113 obedientiam
2299 2082 2388 2114 exhi-

1377 2139 1482 2169 beant.

1417 2192 1455 2222 In
1471 2200 1498 2222 e.
1518 2201 1560 2221 m.
1580 2191 1664 2222 clero
1681 2191 1817 2221 civitatis
1834 2195 1863 2220 et
1882 2191 2034 2220 dioecesis
2052 2190 2210 2220 Visensis.

1418 2246 1455 2275 In
1475 2254 1501 2275 e.
1520 2254 1564 2274 m.
1582 2244 1697 2284 populo
1712 2245 1847 2275 civitatis
1864 2249 1893 2274 et
1908 2244 2062 2274 dioecesis
2082 2244 2239 2274 Visensis.

1448 2419 1530 2447 341
1537 2417 1640 2446 -3413

1414 2481 1532 2508 Gai-sias
1562 2481 1701 2508 ecclesiae
1730 2480 1907 2515 seguntinae
1937 2480 2102 2515 praeficitur
2143 2481 2172 2507 in
2206 2480 2385 2516 episcopum.

1379 2530 1462 2564 (Rae.
1474 2530 1518 2565 44,
1534 2538 1559 2557 c.
1576 2530 1638 2561 ⁴207,
1657 2530 1674 2556 f.
1695 2530 1728 2556 49
1749 2530 1801 2562 vo.)

1902 2417 1987 2447 ltieti,
2005 2417 2040 2444 ι29
2056 2417 2220 2452 septembre
2237 2417 2316 2445 1288.

1419 2634 1527 2663 Dilecto
1547 2634 1611 2670 filio
1634 2634 1783 2670 magistro
1802 2632 1922 2670 Gai-sie,
1940 2633 2053 2662 doctori
2073 2632 2260 2662 decretorum
2273 2656 2280 2669 ,
2301 2632 2387 2662 electo

1377 2687 1558 2725 Seyuntz'no.
1583 2686 1676 2723 Eum,
1693 2690 1767 2716 tunc
1783 2686 2047 2716 archidiaconum
2062 2685 2101 2715 de
2118 2685 2271 2724 Maj0rica
2286 2685 2322 2715 in
2341 2693 2386 2715 ec-

1379 2740 1475 2771 clesia
1506 2740 1718 2778 Legionensi‚
1744 2740 1941 2778 seguntinae
1967 2739 2117 2769 ecclesiae
2142 2739 2175 2769 in
2204 2739 2387 2778 episcopum

1379 2793 1532 2833 praeficit.
1548 2810 1585 2814 —-
1598 2793 1739 2822 Vacante
1753 2793 1930 2830 Seguntina
1945 2792 2077 2823 ecclesia
2093 2801 2148 2831 per
2162 2793 2285 2823 obitum
2301 2792 2388 2822 Gun-

1379 2846 1510 2882 disalvi,
1528 2846 1680 2876 ecclesiae
1707 2847 1850 2885 ejusdem
1866 2846 2042 2885 capitulum
2059 2845 2246 2882 intonsum,
2266 2845 2386 2885 episco-

1378 2909 1454 2939 pum
1471 2900 1689 2936 Cauriensem,
1702 2901 1734 2929 in
1749 2901 1932 2939 episcopum
1945 2900 2161 2937 Saguntinum
2173 2899 2386 2938 postulaverat

1379 2954 1433 2983 sed
1451 2954 1636 2992 hujusmodi
1652 2954 1837 2992 petitionem
1855 2963 1932 2992 papa
1949 2962 2012 2983 non
2030 2953 2211 2984 admiserat.

1425 3019 1436 3033 α
1462 3007 1641 3046 Apostolice
1665 3007 1893 3037 sollicitudinis
1917 3006 2098 3037 studium...
2117 2996 2245 3036 —'Dat.
2268 3005 2385 3043 Reate.

1380 3070 1414 3090 111
1434 3060 1587 3090 kalendas
1604 3060 1741 3090 octobris
1753 3084 1761 3097 ,
1778 3069 1863 3090 anno
1880 3061 1991 3099 primo.
2016 3073 2027 3084 2.
