2342 3652
940 333 1162 372 PREMIERE
1183 342 1340 372 ANNEE.
2149 346 2182 375 17

142 413 310 442 Venerabili
342 413 436 448 fratri
462 412 604 447 Nz'colao,
632 411 806 448 patriarche
831 409 1098 444 Jerosolimzsstano‚

95 475 190 506 quem
209 465 359 496 ecclesiae
376 465 676 500 ι1010501111111011110,
690 463 815 493 vacanti
830 471 885 501 per
905 462 1026 491 obitum
1045 462 1098 498 H..

94 519 131 548 in
144 518 356 558 patriarcham
373 518 533 556 praefecit,
551 517 668 555 cuique
685 516 821 555 palleum
838 523 894 552 per
906 514 949 543 M.
966 514 1100 544 Sanctae

95 572 218 601 Mariae
231 572 265 601 in
279 571 406 601 Porticu
418 575 447 600 et
457 571 493 600 B.
506 571 613 601 Sancti
626 569 748 600 Nicolai
762 569 795 597 in
806 567 938 597 Carcere
949 567 1100 597 Tulliano

95 624 244 655 diaconos
267 624 445 654 cardinales
463 624 608 654 exhiberi
629 623 723 658 fecit,
741 620 911 651 committit
932 620 1099 650 ecclesiam

94 679 332 714 Aeconensem,
363 687 457 716 quam
482 678 631 707 Urbanus
651 683 729 714 papa
749 674 834 708 1111,
856 682 956 711 quum
975 673 1013 702 de
1032 673 1100 711 ipsa

96 731 289 768 magistrum
315 730 513 761 Florentium
536 730 575 759 ad
595 727 814 758 Arelatensem
835 726 1001 755 ecclesiam
1025 730 1100 755 tunc

95 788 261 814 vacantem
279 784 452 821 transtulit,
474 782 670 822 patriarchae
681 779 952 816 Jerosolimitano,
966 780 1021 818 qui
1039 779 1100 808 erit

94 845 152 876 pro
168 841 318 876 tempore,
343 837 481 867 decrevit
493 833 764 868 committendam,
785 842 947 871 quamque
963 837 1096 871 postmo-

95 890 172 920 dum
192 891 286 920 etiam
303 890 476 927 Gregorius
493 889 524 918 X
539 888 641 926 primo
657 886 798 916 Thomae
815 890 846 915 et
866 886 1098 924 subsequenter

95 943 249 973 Nicolaus
266 944 315 973 ΙΙΙ
334 944 454 982 Helyae
471 940 668 981 patriarchis,
688 952 700 966 κ
718 944 809 978 prout
825 939 883 969 hec
902 940 935 968 in
954 944 1093 977 regestro

95 997 198 1035 ipsius
229 996 457 1035 predecessoris
482 994 581 1024 nostri
610 992 735 1022 Nicolai
767 992 893 1030 plenius
927 992 1096 1021 continen-

96 1053 185 1080 tur...
204 1051 443 1080 commiserunt.
465 1060 477 1074 n

139 1114 152 1129 α
172 1103 254 1132 Fons
271 1102 424 1141 sapientie
441 1101 609 1130 verbum...
622 1117 660 1121 —
674 1099 744 1128 Dat.
763 1100 874 1135 Rome,
889 1099 972 1137 apud
989 1099 1020 1128 S.
1039 1099 1097 1128 Pe-

96 1160 198 1192 trum,
217 1166 239 1186 11
258 1156 408 1185 kalendas
424 1154 520 1191 maii,
537 1161 621 1183 anno
638 1153 752 1191 primo.
775 1165 787 1179 n

136 1210 174 1239 In
192 1218 219 1239 e.
237 1218 280 1238 m.
297 1208 433 1247 capitulo
449 1207 597 1237 ecclesiae
612 1206 900 1236 Jerosolimitanae.
920 1207 1001 1236 Eum
1018 1207 1094 1237 hor-

96 1266 180 1292 tatur
197 1267 352 1302 quatenus
372 1261 474 1291 eidem
497 1260 695 1298 patriarchae
715 1259 854 1289 debitam
879 1259 1093 1290 obedientiam

95 1315 270 1354 impendat.

135 1368 174 1397 In
193 1377 219 1398 e.
237 1377 279 1397 m.
298 1367 433 1406 capitulo
450 1367 642 1396 Acconensi.

135 1421 173 1450 In
190 1430 216 1450 e.
234 1429 275 1449 m.
293 1420 375 1450 clero
390 1420 525 1449 civitatis
542 1424 573 1449 et
587 1419 741 1449 dioecesis
758 1420 965 1449 Acconensis.

135 1475 174 1504 In
190 1483 216 1503 e.
235 1483 278 1503 m.
295 1473 408 1512 populo
425 1473 565 1502 civitatis
582 1477 611 1502 et
626 1472 778 1502 dioecesis
796 1474 1002 1502 Acconensis.

134 1527 174 1557 In
190 1536 215 1556 e.
234 1535 275 1556 m.
294 1526 503 1564 suffraganeis
524 1526 675 1555 ecclesiae
690 1525 980 1556 Jerosolimitanae.

135 1581 174 1610 In
189 1589 216 1610 e.
234 1589 276 1610 m.
301 1603 320 1609 ..
344 1580 412 1617 regi
429 1579 546 1618 Cypri,
564 1584 598 1609 ut
619 1579 756 1609 eundem
774 1580 987 1618 patriarcham
1007 1581 1094 1619 regio

95 1633 199 1664 favore
214 1637 432 1672 prosequatur.

137 1697 152 1714 ιι
170 1686 288 1724 Regem
303 1690 463 1725 potentem
479 1686 672 1725 deponere...
688 1703 725 1708 —-
744 1687 813 1716 Dat.
836 1691 870 1717 ut
889 1696 993 1726 supra.
1014 1700 1026 1714 ι)

134 1739 173 1769 In
189 1748 215 1769 e.
231 1748 273 1769 m.
296 1761 315 1768 ..
334 1739 402 1777 regi
417 1739 600 1769 Armeniae.

134 1793 171 1822 In
188 1802 215 1823 e.
234 1815 255 1822 ..
274 1792 413 1832 principi
427 1793 640 1823 Antiocheno.

165 2005 290 2033 9395
583 2007 793 2038 Saint-Pierre,
812 2008 844 2034 30
860 2009 929 2035 avril
946 2009 1022 2036 1288.

130 2081 265 2109 Nicolaus
280 2083 416 2110 ecclesiae
436 2083 686 2111 Jerosolimitanae
708 2086 735 2111 in
760 2085 948 2119 patriarcham
966 2087 1096 2121 praefici—

96 2134 153 2157 tur.
170 2130 251 2163 (Rae.
269 2131 313 2165 44,
330 2140 354 2158 0.
372 2132 414 2164 50,
432 2133 450 2158 f.
470 2132 501 2159 13
518 2134 569 2165 v⁰.)

135 2267 253 2296 Dilectis
275 2267 346 2304 filiis
371 2289 389 2296 ..
420 2270 564 2308 maqistro
588 2275 612 2298 et
634 2270 784 2306 fratribus
803 2272 968 2309 Hospitalis
990 2268 1095 2302 Sancti.

94 2320 244 2349 Johannis
261 2314 508 2351 'Jerosolimz'tam
539 2322 667 2352 nuntiat
698 2323 885 2358 Nicolaum,
923 2329 996 2355 tunc
1021 2334 1095 2364 poe-

94 2373 318 2403 nitentiarium
335 2383 438 2411 suum,
454 2375 605 2405 ecclesiae
620 2376 898 2408 Jerosolimitanae
914 2379 947 2407 in
963 2380 1093 2417 patriar-

95 2426 188 2456 cham
205 2431 382 2464 promotum
398 2436 474 2457 esse.

137 2490 151 2506 α
170 2479 212 2509 Ut
230 2483 360 2516 exurgat
379 2480 499 2510 Deus...
520 2499 557 2503 —
574 2482 644 2512 Dat.
665 2487 820 2521 utsupra.
842 2495 854 2510 ³>

135 2532 174 2562 In
191 2542 217 2562 e.
238 2541 280 2561 m.
304 2555 324 2562 ..
346 2533 496 2570 magistro
522 2539 551 2564 et
574 2535 725 2565 fratribus
746 2537 858 2567 domus
876 2537 1009 2568 Sanctae
1026 2540 1095 2569 Ma-

95 2586 161 2615 riae
179 2579 446 2616 Theotonicorum
461 2587 479 2616 J
483 2588 800 2620 erosolirnitanorum.

134 2639 173 2669 In
189 2648 216 2669 e.
239 2648 282 2668 m.
303 2661 320 2668 ..
346 2640 498 2677 magistro
514 2646 543 2670 et
557 2642 707 2673 fratribus
722 2644 835 2674 domus
853 2646 987 2676 militiae
1004 2647 1095 2677 Tem-

94 2691 140 2732 pli
155 2693 363 2723 Acconensis.

94 2838 222 2870 fragment
234 2839 267 2863 de
281 2842 349 2864 cette
367 2840 450 2867 bullc.
471 2848 485 2863 a
508 2841 561 2871 pris
575 2842 612 2865 les
629 2844 754 2873 premiers
773 2848 840 2870 mots
859 2846 890 2870 de
914 2854 944 2871 ce
966 2847 1097 2879 fragment

94 2890 161 2915 pour
173 2884 211 2908 les
225 2885 350 2915 premiers
364 2888 431 2908 mots
443 2885 474 2909 de
489 2886 513 2908 la
526 2886 595 2909 bulle
607 2887 699 2913 meme.
716 2888 846 2920 Raynaldi
860 2891 921 2916 s'est
935 2894 1043 2924 trompd,
1058 2894 1096 2918 lui

94 2928 179 2958 aussi,
192 2936 224 2953 en
239 2932 365 2960 rangeant
380 2932 447 2954 cette
459 2929 534 2953 lettre
546 2931 629 2961 parmi
647 2931 685 2955 les
698 2933 816 2958 curiales.

1252 408 1414 436 96-100

1217 470 1260 497 De
1289 473 1407 506 pecunia
1432 472 1558 498 decimae
1583 473 1610 498 in
1634 471 1738 498 Tuscia
1760 475 1788 497 et
1811 471 1966 498 Mai-emma
1986 481 2036 506 pro
2053 474 2182 501 subsidio

1183 520 1263 553 regni
1281 520 1394 546 Siciliae
1410 521 1561 555 deputatae
1577 521 1704 547 collecta.
1723 520 1810 553 (Rae.
1829 521 1874 551 44,
1893 529 1917 547 c.
1935 520 1978 552 51,
1996 521 2014 547 f.
2035 522 2067 548 14
2084 523 2130 557 r0.)

1671 408 1880 440 Saint—Pierre,
1899 409 1931 436 30
1947 411 2016 436 avril
2034 411 2110 438 1288.

1222 636 1331 665 Dilecto
1355 637 1419 673 filio
1441 638 1587 673 maqistro
1602 637 1729 674 Symom'
1751 637 1785 665 de
1806 638 1901 673 Luca,
1927 638 2068 666 canonico
2086 638 2184 668 L'iche-

1181 687 1322 725 feldenss,
1341 690 1489 718 collectori
1505 691 1616 719 decime
1634 691 1666 718 ιῖη
1685 691 1789 718 Tuscia
1805 694 1830 718 et
1846 690 2011 718 Maremma
2027 699 2082 726 pro
2098 692 2184 728 reym'

1181 742 1286 771 Sicilie
1301 743 1435 771 subsidio
1450 743 1606 780 deputate,
1633 742 1800 771 confirmat
1817 742 1968 781 quasdam
1985 742 2105 772 litteras
2122 744 2151 773 ei
2166 753 2184 773 a

1181 794 1314 832 collegio
1345 795 1558 823 cardinalium
1586 800 1653 833 post
1679 795 1801 824 obitum
1831 796 1965 825 Honorii
1992 804 2090 834 papae
2118 797 2182 826 IIII

1182 847 1312 883 missas,
1332 857 1467 886 quarum
1488 852 1576 884 tenor
1595 848 1663 877 talis
1680 852 1746 877 est:

1222 911 1236 925 (ι
1262 900 1466 929 Miseratione
1486 900 1595 929 divina
1613 900 1748 938 episcopi
1773 922 1793 929 ..
1816 901 1980 938 presbyter
2005 906 2034 930 et
2056 902 2183 932 diaconi

1183 964 1196 979 n
1221 957 1418 982 sacrosancte
1448 953 1591 982 Romane
1616 953 1746 982 ecclesie
1772 953 1950 982 cardinales
1975 954 2088 984 dilecto
2116 955 2184 986 filio

1182 1017 1195 1031 n
1220 1006 1372 1043 magistro
1403 1005 1538 1044 Symoui
1565 1006 1602 1034 de
1627 1006 1727 1042 Luca,
1753 1006 1904 1036 canonico
1928 1007 2181 1045 Licheffildensi,

1183 1070 1195 1085 »
1217 1058 1376 1088 0011001011
1399 1058 1520 1088 decime
1546 1059 1578 1088 in
1605 1059 1718 1088 Tuscia
1743 1064 1772 1088 et
1801 1060 1978 1089 Mar-emma
2006 1070 2061 1099 pro
2090 1063 2181 1100 regni

1182 1124 1194 1139 ³>
1220 1112 1328 1142 Sicilie
1356 1112 1496 1142 subsidio
1519 1113 1682 1150 deputate,
1709 1113 1841 1142 salutem
1859 1114 1893 1142 in
1912 1114 2062 1144 Domino.

1221 1179 1234 1193 n
1259 1166 1340 1196 Cum
1356 1166 1481 1196 dilectis
1505 1167 1619 1196 filiis...
1645 1183 1684 1188 —
1702 1167 1771 1196 Dat.
1799 1167 1913 1204 Rome,
1933 1168 2015 1206 apud
2035 1168 2184 1199 Sanctam

1182 1231 1194 1246 ι)
1219 1219 1370 1249 Sabinam
1384 1243 1391 1257 ‚
1434 1230 1473 1249 xv
1512 1220 1664 1249 kalendas
1705 1220 1876 1257 februarii,
1923 1230 2008 1251 anno
2052 1223 2184 1252 Domini

1181 1285 1193 1299 n
1219 1273 1568 1309 M⁰CC⁰LXXXVIII⁰,
1590 1273 1762 1311 apostolica
1779 1274 1851 1303 sede
1868 1279 2010 1304 vacante.
2030 1287 2042 1302 η

1218 1327 1340 1362 Quibus
1366 1327 1481 1356 litteris
1510 1327 1648 1365 praefato
1677 1327 1812 1365 Syinoni
1835 1328 2006 1357 mandatur
2035 1333 2069 1358 ut
2098 1329 2183 1360 infra

1178 1389 1323 1409 mensem
1345 1389 1363 1409 a
1387 1380 1565 1418 receptione
1594 1381 1830 1418 praesentium,
1856 1381 1925 1410 sine
1950 1381 2016 1410 ulla
2038 1382 2183 1412 diminu-

1178 1434 1285 1469 tione,
1308 1434 1461 1471 quicquid
1486 1433 1524 1462 de
1548 1433 1726 1472 supradicta
1753 1434 1875 1463 decima
1902 1434 2017 1463 habeat
2043 1436 2185 1473 assignet

1182 1499 1194 1513 «1
1212 1487 1315 1516 Bindo
1332 1487 1443 1516 Glariti
1460 1490 1489 1515 et
1505 1486 1699 1516 Christoforo
1715 1487 1882 1516 Benedicti
1893 1487 1931 1516 de
1944 1487 2084 1516 filiorum
2096 1489 2182 1518 Bon—

1177 1540 1314 1578 signoris
1330 1544 1360 1569 et
1377 1540 1601 1569 Bonaventure
1620 1539 1812 1568 Bernardini
1829 1540 1867 1568 de
1887 1540 1991 1577 Senis7
2014 1542 2183 1579 Maynecto

1177 1593 1339 1632 Raynaldi
1360 1597 1390 1622 et
1413 1593 1588 1630 Bonisigne
1604 1592 1737 1622 Gerardi
1753 1592 1792 1622 de
1814 1593 1959 1622 Pulicum
1983 1598 2012 1623 et
2034 1595 2182 1624 1111111101-

1176 1648 1329 1681 tinorum,
1346 1647 1428 1676 ι111110
1444 1646 1673 1683 Bentevengne
1690 1651 1720 1675 et
1737 1646 1878 1676 Gerardo
1897 1647 2022 1676 Bosculi
2039 1647 2077 1676 de
2103 1649 2184 1678 Tbo-

1177 1701 1270 1730 masii
1294 1700 1422 1738 Spiliati
1458 1704 1487 1729 et
1518 1700 1593 1738 Lapi
1627 1700 1777 1736 Hugonis
1806 1699 1844 1729 de
1875 1700 2052 1737 Florentia,
2082 1702 2182 1740 Paga-

1177 1753 1261 1783 nello
1288 1752 1447 1782 Gnalaudi
1469 1755 1499 1781 et
1514 1751 1621 1781 Ghino
1642 1751 1809 1781 Cristofori
1829 1752 1867 1781 de
1891 1752 2118 1784 Riczardorum
2144 1755 2183 1785 de

1178 1808 1262 1836 Luca
1287 1806 1501 1843 societatibuS,
1527 1805 1739 1839 Senensibus‚
1767 1805 1961 1835 Florentinis
1988 1810 2018 1835 et
2045 1807 2184 1838 Lucanis

1176 1861 1316 1896 civibus,
1340 1868 1464 1889 camere
1482 1859 1566 1889 sedis
1582 1859 1751 1897 apostolice
1769 1860 1999 1889 mercatoribus
2012 1884 2019 1897 ‚
2037 1872 2049 1887 n
2067 1862 2184 1899 quibus

1177 1923 1232 1953 pro
1246 1914 1373 1952 negotio
1386 1914 1478 1951 regni
1493 1913 1624 1943 Siciliae
1639 1913 1763 1943 decima
1779 1914 1840 1943 fuit
1856 1922 2015 1944 concessa.

1219 1980 1232 1994 α
1257 1968 1413 1997 Tenorem
1433 1967 1645 2006 quarumdam
1666 1967 1885 1997 litterarum...
1912 1983 1947 1989 —
1968 1968 2039 1997 Dat.
2061 1968 2182 2006 Rome,

1177 2021 1260 2060 apud
1277 2021 1429 2050 Sanctum
1447 2020 1588 2056 Petrum,
1607 2030 1629 2049 11
1645 2019 1798 2049 kalendas
1814 2021 1891 2050 maii
1908 2044 1913 2056 ‚
1932 2029 2021 2050 anno
2037 2022 2151 2059 primo.
2170 2033 2182 2048 n

1668 2138 1879 2170 saint-Pteme,
1896 2139 1930 2166 ‘26
1946 2140 2015 2166 avril
2034 2141 2112 2167 1288.

1217 2203 1256 2232 In
1272 2212 1299 2232 e.
1315 2212 1359 2231 m.
1375 2226 1394 2231 ..
1411 2201 1555 2240 episcopo
1572 2201 1826 2230 Bethleemitano
1837 2224 1844 2237 ,
1868 2201 2026 2231 collectori
2041 2202 2184 2233 decimae

1177 2257 1212 2286 in
1240 2256 1403 2296 provincia
1430 2255 1627 2291 Ravennati,
1660 2255 1847 2291 Parmensi,
1876 2255 2001 2292 Regino
2030 2259 2060 2285 et
2085 2256 2183 2286 Muti—

1178 2310 1271 2340 nensi
1288 2309 1520 2348 episcopatibus
1536 2308 1688 2347 exceptis⁷
1710 2316 1834 2337 necnon
1853 2308 1887 2337 in
1911 2309 2053 2338 marchia
2075 2310 2182 2339 Anco-

1177 2365 1289 2394 nitana
1302 2368 1332 2393 et
1344 2363 1472 2393 civitate
1485 2367 1516 2391 et
1532 2362 1668 2392 dioecesi
1685 2361 1836 2392 Urbiuati
1855 2370 1890 2391 ac
1911 2362 2017 2391 Massa
2029 2362 2182 2393 Trabaria

1178 2426 1232 2456 pro
1248 2417 1341 2455 regni
1362 2416 1491 2446 Siciliae
1510 2415 1651 2445 subsidio
1674 2415 1856 2453 deputatae,
1873 2415 2041 2445 confirmat
2061 2415 2182 2446 litteras

1178 2471 1243 2500 eia
1263 2469 1480 2500 cardinalibus
1503 2469 1576 2499 sede
1603 2469 1772 2507 apostolica
1788 2473 1918 2498 vacante
1941 2468 2122 2505 mandatas,
2149 2473 2183 2498 ut

1179 2533 1282 2562 supra.
1308 2524 1379 2553 Dat.
1398 2523 1529 2559 Romae,
1547 2522 1629 2561 apud
1647 2522 1676 2552 S.
1699 2523 1846 2557 Petrum,
1867 2531 1898 2550 vr
1917 2521 2068 2551 kalendas
2084 2522 2181 2559 maii⁷

1179 2585 1264 2606 anno
1281 2576 1394 2615 primo.

1672 2679 1879 2711 Saint-Pierre‚
1896 2679 1929 2706 ‘26
1946 2680 2015 2706 avril
2032 2680 2109 2707 1288.

1218 2744 1256 2773 In
1275 2753 1302 2773 e.
1322 2753 1366 2772 m.
1391 2767 1410 2773 ..
1434 2743 1578 2782 episcopo
1601 2742 1823 2778 Ferentinato‚
1853 2740 2012 2772 collectori
2036 2742 2180 2773 decimae

1178 2798 1212 2826 in
1229 2796 1404 2835 Campania
1420 2801 1450 2826 et
1467 2796 1649 2831 Maritima,
1670 2803 1792 2824 necnon
1811 2794 1846 2823 in
1864 2795 2007 2833 partibus
2025 2795 2179 2825 Romanis

1179 2855 1209 2880 et
1227 2850 1377 2880 Sabiniae
1393 2858 1428 2879 ac
1444 2849 1654 2886 Penesfflna,
1677 2848 1871 2882 Tusculana,
1893 2848 2085 2885 Albanensi,
2103 2849 2181 2878 Por-

1181 2904 1304 2940 tuensi,
1331 2902 1501 2932 Tiburtina
1517 2906 1547 2931 et
1563 2902 1698 2931 Reatina
1712 2901 1894 2931 civitatibus
1917 2906 1947 2931 et
1965 2901 2161 2932 dioecesibus
2172 2926 2179 2939 ,

1178 2966 1234 2996 pro
1259 2957 1351 2995 regni
1374 2955 1504 2986 Siciliae
1527 2955 1669 2985 subsidio
1683 2955 1861 2993 deputatae.
1887 2955 1960 2985 Dat.
1980 2964 2011 2984 w
2027 2954 2181 2985 kalendas

1177 3010 1269 3041 maii.

2025 3074 2040 3100 3
