<?xml version="1.0" encoding="UTF-8"?>
<!DOCTYPE html PUBLIC "-//W3C//DTD XHTML 1.0 Transitional//EN"
    "http://www.w3.org/TR/xhtml1/DTD/xhtml1-transitional.dtd">
<html xmlns="http://www.w3.org/1999/xhtml" xml:lang="en" lang="en">
 <head>
  <title>
</title>
<meta http-equiv="Content-Type" content="text/html;charset=utf-8" />
  <meta name='ocr-system' content='tesseract 3.04.00' />
  <meta name='ocr-capabilities' content='ocr_page ocr_carea ocr_par ocr_line ocrx_word'/>
</head>
<body>
  <div class='ocr_page' id='page_1' title='image "./lesregistresdeni01romeuoft_0035.png"; bbox 0 0 2342 3652; ppageno 0'>
   <div class='ocr_carea' id='block_1_1' title="bbox 902 357 1303 396">
    <p class='ocr_par' dir='ltr' id='par_1_1' title="bbox 902 357 1303 396">
     <span class='ocr_line' id='line_1_1' title="bbox 902 357 1303 396; baseline 0.002 -1"><span class='ocrx_word' id='word_1_1' title='bbox 902 357 1123 396; x_wconf 78' lang='lat' dir='ltr'>PREMIERE</span> <span class='ocrx_word' id='word_1_2' title='bbox 1145 357 1303 396; x_wconf 73' lang='lat' dir='ltr'><strong>ANNEE.</strong></span> 
     </span>
    </p>
   </div>
   <div class='ocr_carea' id='block_1_2' title="bbox 131 431 988 466">
    <p class='ocr_par' dir='ltr' id='par_1_2' title="bbox 131 431 988 466">
     <span class='ocr_line' id='line_1_2' title="bbox 131 431 988 466; baseline -0.008 -2"><span class='ocrx_word' id='word_1_3' title='bbox 131 433 318 464; x_wconf 62' lang='lat' dir='ltr'>aaz-1139</span> <span class='ocrx_word' id='word_1_4' title='bbox 676 432 768 465; x_wconf 67' lang='lat' dir='ltr'>Rieu,</span> <span class='ocrx_word' id='word_1_5' title='bbox 788 432 893 466; x_wconf 80' lang='lat' dir='ltr'>14juin</span> <span class='ocrx_word' id='word_1_6' title='bbox 912 431 988 458; x_wconf 69' lang='lat'><strong>1288.</strong></span> 
     </span>
    </p>
   </div>
   <div class='ocr_carea' id='block_1_3' title="bbox 57 507 1061 592">
    <p class='ocr_par' dir='ltr' id='par_1_3' title="bbox 57 507 1061 592">
     <span class='ocr_line' id='line_1_3' title="bbox 93 507 1061 540; baseline -0.004 -3"><span class='ocrx_word' id='word_1_7' title='bbox 93 510 265 538; x_wconf 86' lang='lat' dir='ltr'>Guillelmus</span> <span class='ocrx_word' id='word_1_8' title='bbox 280 509 314 535; x_wconf 91' lang='lat' dir='ltr'>de</span> <span class='ocrx_word' id='word_1_9' title='bbox 331 508 361 535; x_wconf 86' lang='lat' dir='ltr'>S.</span> <span class='ocrx_word' id='word_1_10' title='bbox 377 507 395 534; x_wconf 89' lang='lat' dir='ltr'><strong>J</strong></span> <span class='ocrx_word' id='word_1_11' title='bbox 398 509 509 535; x_wconf 85' lang='lat' dir='ltr'>ohanne</span> <span class='ocrx_word' id='word_1_12' title='bbox 524 507 686 534; x_wconf 88' lang='lat' dir='ltr'>Nazarenae</span> <span class='ocrx_word' id='word_1_13' title='bbox 702 507 839 534; x_wconf 89' lang='lat' dir='ltr'>ecclesiae</span> <span class='ocrx_word' id='word_1_14' title='bbox 854 507 1017 540; x_wconf 84' lang='lat' dir='ltr'>praeficitur</span> <span class='ocrx_word' id='word_1_15' title='bbox 1032 508 1061 534; x_wconf 90' lang='lat' dir='ltr'>in</span> 
     </span>
     <span class='ocr_line' id='line_1_4' title="bbox 57 555 743 592; baseline -0.006 -7"><span class='ocrx_word' id='word_1_16' title='bbox 57 558 318 592; x_wconf 85' lang='lat' dir='ltr'>archiepiscopum.</span> <span class='ocrx_word' id='word_1_17' title='bbox 338 556 424 589; x_wconf 71' lang='lat' dir='ltr'>(Rea.</span> <span class='ocrx_word' id='word_1_18' title='bbox 441 556 485 585; x_wconf 80' lang='lat'>44,</span> <span class='ocrx_word' id='word_1_19' title='bbox 501 564 527 582; x_wconf 91' lang='lat' dir='ltr'>c.</span> <span class='ocrx_word' id='word_1_20' title='bbox 544 556 587 586; x_wconf 84' lang='lat'>84,</span> <span class='ocrx_word' id='word_1_21' title='bbox 604 555 622 581; x_wconf 89' lang='lat' dir='ltr'>f.</span> <span class='ocrx_word' id='word_1_22' title='bbox 641 555 672 582; x_wconf 70' lang='lat'>21</span> <span class='ocrx_word' id='word_1_23' title='bbox 691 556 743 588; x_wconf 72' lang='lat' dir='ltr'>vo.)</span> 
     </span>
    </p>
   </div>
   <div class='ocr_carea' id='block_1_4' title="bbox 50 663 1061 2135">
    <p class='ocr_par' dir='ltr' id='par_1_4' title="bbox 50 663 1061 2135">
     <span class='ocr_line' id='line_1_5' title="bbox 97 663 1060 702; baseline -0.001 -7"><span class='ocrx_word' id='word_1_24' title='bbox 97 668 205 696; x_wconf 80' lang='lat' dir='ltr'>Dilecto</span> <span class='ocrx_word' id='word_1_25' title='bbox 229 666 294 702; x_wconf 84' lang='lat' dir='ltr'>filio</span> <span class='ocrx_word' id='word_1_26' title='bbox 319 665 411 701; x_wconf 72' lang='lat' dir='ltr'>fratri</span> <span class='ocrx_word' id='word_1_27' title='bbox 439 666 598 694; x_wconf 78' lang='lat' dir='ltr'>Guillelmo</span> <span class='ocrx_word' id='word_1_28' title='bbox 621 665 654 693; x_wconf 81' lang='lat' dir='ltr'>de</span> <span class='ocrx_word' id='word_1_29' title='bbox 676 663 787 692; x_wconf 77' lang='lat' dir='ltr'>Sancto</span> <span class='ocrx_word' id='word_1_30' title='bbox 813 663 952 692; x_wconf 81' lang='lat' dir='ltr'>Johanne</span> <span class='ocrx_word' id='word_1_31' title='bbox 974 665 1060 694; x_wconf 79' lang='lat' dir='ltr'>electo</span> 
     </span>
     <span class='ocr_line' id='line_1_6' title="bbox 57 715 1060 750; baseline -0.004 0"><span class='ocrx_word' id='word_1_32' title='bbox 57 721 226 750; x_wconf 76' lang='lat' dir='ltr'>Nazarene.</span> <span class='ocrx_word' id='word_1_33' title='bbox 251 731 264 746; x_wconf 88' lang='lat'>«</span> <span class='ocrx_word' id='word_1_34' title='bbox 290 719 378 748; x_wconf 82' lang='lat' dir='ltr'><strong>Inter</strong></span> <span class='ocrx_word' id='word_1_35' title='bbox 405 717 636 748; x_wconf 84' lang='lat' dir='ltr'>sollicitudines</span> <span class='ocrx_word' id='word_1_36' title='bbox 659 715 775 746; x_wconf 90' lang='lat' dir='ltr'>alias...</span> <span class='ocrx_word' id='word_1_37' title='bbox 797 715 879 745; x_wconf 88' lang='lat' dir='ltr'>Sane</span> <span class='ocrx_word' id='word_1_38' title='bbox 895 716 1060 746; x_wconf 80' lang='lat' dir='ltr'>Nazarena</span> 
     </span>
     <span class='ocr_line' id='line_1_7' title="bbox 57 768 1061 809; baseline -0.004 -7"><span class='ocrx_word' id='word_1_39' title='bbox 57 771 189 802; x_wconf 89' lang='lat' dir='ltr'>ecclesia</span> <span class='ocrx_word' id='word_1_40' title='bbox 205 780 260 809; x_wconf 91' lang='lat' dir='ltr'>per</span> <span class='ocrx_word' id='word_1_41' title='bbox 270 771 393 801; x_wconf 91' lang='lat' dir='ltr'>obitum</span> <span class='ocrx_word' id='word_1_42' title='bbox 407 771 490 800; x_wconf 91' lang='lat' dir='ltr'>bone</span> <span class='ocrx_word' id='word_1_43' title='bbox 504 769 658 799; x_wconf 81' lang='lat' dir='ltr'>memorie</span> <span class='ocrx_word' id='word_1_44' title='bbox 670 768 776 797; x_wconf 77' lang='lat' dir='ltr'>fratris</span> <span class='ocrx_word' id='word_1_45' title='bbox 788 768 946 798; x_wconf 89' lang='lat' dir='ltr'>Guidonis</span> <span class='ocrx_word' id='word_1_46' title='bbox 962 770 991 798; x_wconf 91' lang='lat' dir='ltr'>N</span> <span class='ocrx_word' id='word_1_47' title='bbox 995 778 1061 799; x_wconf 81' lang='lat' dir='ltr'>aza-</span> 
     </span>
     <span class='ocr_line' id='line_1_8' title="bbox 56 821 1058 862; baseline -0.003 -8"><span class='ocrx_word' id='word_1_48' title='bbox 56 826 129 855; x_wconf 88' lang='lat' dir='ltr'>reni</span> <span class='ocrx_word' id='word_1_49' title='bbox 147 824 376 862; x_wconf 88' lang='lat' dir='ltr'>archiepiscopi</span> <span class='ocrx_word' id='word_1_50' title='bbox 397 823 547 853; x_wconf 87' lang='lat' dir='ltr'>destituta</span> <span class='ocrx_word' id='word_1_51' title='bbox 567 826 706 860; x_wconf 82' lang='lat' dir='ltr'>pastore,</span> <span class='ocrx_word' id='word_1_52' title='bbox 728 821 825 850; x_wconf 83' lang='lat' dir='ltr'>frater</span> <span class='ocrx_word' id='word_1_53' title='bbox 849 822 1058 859; x_wconf 86' lang='lat' dir='ltr'>Laurentius,</span> 
     </span>
     <span class='ocr_line' id='line_1_9' title="bbox 57 873 1059 915; baseline -0.002 -8"><span class='ocrx_word' id='word_1_54' title='bbox 57 886 142 908; x_wconf 92' lang='lat' dir='ltr'>unus</span> <span class='ocrx_word' id='word_1_55' title='bbox 163 886 200 907; x_wconf 84' lang='lat' dir='ltr'>ex</span> <span class='ocrx_word' id='word_1_56' title='bbox 220 877 382 906; x_wconf 86' lang='lat' dir='ltr'>canonicis</span> <span class='ocrx_word' id='word_1_57' title='bbox 407 876 549 915; x_wconf 91' lang='lat' dir='ltr'>ejusdem</span> <span class='ocrx_word' id='word_1_58' title='bbox 575 873 722 910; x_wconf 83' lang='lat' dir='ltr'>ecclesie,</span> <span class='ocrx_word' id='word_1_59' title='bbox 751 875 806 911; x_wconf 86' lang='lat' dir='ltr'>qui</span> <span class='ocrx_word' id='word_1_60' title='bbox 834 883 969 904; x_wconf 84' lang='lat' dir='ltr'>numero</span> <span class='ocrx_word' id='word_1_61' title='bbox 998 879 1059 905; x_wconf 90' lang='lat' dir='ltr'>tres</span> 
     </span>
     <span class='ocr_line' id='line_1_10' title="bbox 57 927 1058 967; baseline -0.003 -6"><span class='ocrx_word' id='word_1_62' title='bbox 57 935 149 962; x_wconf 90' lang='lat' dir='ltr'>erant</span> <span class='ocrx_word' id='word_1_63' title='bbox 169 931 333 960; x_wconf 82' lang='lat' dir='ltr'>dumtaxat</span> <span class='ocrx_word' id='word_1_64' title='bbox 347 954 354 966; x_wconf 95' lang='lat'>,</span> <span class='ocrx_word' id='word_1_65' title='bbox 371 930 456 960; x_wconf 90' lang='lat' dir='ltr'>solus</span> <span class='ocrx_word' id='word_1_66' title='bbox 471 929 509 958; x_wconf 86' lang='lat' dir='ltr'>ad</span> <span class='ocrx_word' id='word_1_67' title='bbox 525 928 710 957; x_wconf 84' lang='lat' dir='ltr'>electionem</span> <span class='ocrx_word' id='word_1_68' title='bbox 725 927 823 957; x_wconf 80' lang='lat' dir='ltr'>futuri</span> <span class='ocrx_word' id='word_1_69' title='bbox 839 929 971 966; x_wconf 85' lang='lat' dir='ltr'>pastoris</span> <span class='ocrx_word' id='word_1_70' title='bbox 986 938 1058 967; x_wconf 90' lang='lat' dir='ltr'>pro-</span> 
     </span>
     <span class='ocr_line' id='line_1_11' title="bbox 56 980 1058 1022; baseline -0.003 -8"><span class='ocrx_word' id='word_1_71' title='bbox 56 984 168 1014; x_wconf 85' lang='lat' dir='ltr'>cedere</span> <span class='ocrx_word' id='word_1_72' title='bbox 181 989 338 1022; x_wconf 83' lang='lat' dir='ltr'>satagens,</span> <span class='ocrx_word' id='word_1_73' title='bbox 354 981 570 1022; x_wconf 82' lang='lat' dir='ltr'>compromisit</span> <span class='ocrx_word' id='word_1_74' title='bbox 585 981 619 1009; x_wconf 92' lang='lat' dir='ltr'>in</span> <span class='ocrx_word' id='word_1_75' title='bbox 633 980 710 1009; x_wconf 91' lang='lat' dir='ltr'>duos</span> <span class='ocrx_word' id='word_1_76' title='bbox 726 981 782 1018; x_wconf 90' lang='lat' dir='ltr'>qui</span> <span class='ocrx_word' id='word_1_77' title='bbox 795 980 832 1009; x_wconf 89' lang='lat' dir='ltr'>de</span> <span class='ocrx_word' id='word_1_78' title='bbox 848 982 948 1020; x_wconf 85' lang='lat' dir='ltr'>ipsius</span> <span class='ocrx_word' id='word_1_79' title='bbox 959 982 1058 1011; x_wconf 88' lang='lat' dir='ltr'>eccle-</span> 
     </span>
     <span class='ocr_line' id='line_1_12' title="bbox 57 1033 1058 1075; baseline -0.003 -8"><span class='ocrx_word' id='word_1_80' title='bbox 57 1038 103 1067; x_wconf 87' lang='lat' dir='ltr'>sie</span> <span class='ocrx_word' id='word_1_81' title='bbox 115 1045 180 1067; x_wconf 92' lang='lat' dir='ltr'>non</span> <span class='ocrx_word' id='word_1_82' title='bbox 193 1041 286 1066; x_wconf 88' lang='lat' dir='ltr'>erant</span> <span class='ocrx_word' id='word_1_83' title='bbox 298 1035 443 1075; x_wconf 87' lang='lat' dir='ltr'>capitulo,</span> <span class='ocrx_word' id='word_1_84' title='bbox 455 1035 569 1073; x_wconf 89' lang='lat' dir='ltr'>quibus</span> <span class='ocrx_word' id='word_1_85' title='bbox 579 1033 717 1070; x_wconf 86' lang='lat' dir='ltr'>eligendi</span> <span class='ocrx_word' id='word_1_86' title='bbox 731 1038 887 1071; x_wconf 83' lang='lat' dir='ltr'>pastorem</span> <span class='ocrx_word' id='word_1_87' title='bbox 900 1035 932 1063; x_wconf 89' lang='lat' dir='ltr'>in</span> <span class='ocrx_word' id='word_1_88' title='bbox 947 1035 1058 1064; x_wconf 85' lang='lat' dir='ltr'>eadem</span> 
     </span>
     <span class='ocr_line' id='line_1_13' title="bbox 56 1086 1057 1126; baseline -0.003 -6"><span class='ocrx_word' id='word_1_89' title='bbox 56 1089 189 1120; x_wconf 89' lang='lat' dir='ltr'>ecclesia</span> <span class='ocrx_word' id='word_1_90' title='bbox 203 1098 239 1119; x_wconf 90' lang='lat' dir='ltr'>ea</span> <span class='ocrx_word' id='word_1_91' title='bbox 254 1090 323 1119; x_wconf 88' lang='lat' dir='ltr'>vice</span> <span class='ocrx_word' id='word_1_92' title='bbox 336 1088 447 1118; x_wconf 81' lang='lat' dir='ltr'>tribuit</span> <span class='ocrx_word' id='word_1_93' title='bbox 461 1090 657 1125; x_wconf 88' lang='lat' dir='ltr'>potestatem.</span> <span class='ocrx_word' id='word_1_94' title='bbox 673 1086 736 1121; x_wconf 88' lang='lat' dir='ltr'>Qui</span> <span class='ocrx_word' id='word_1_95' title='bbox 751 1087 935 1117; x_wconf 87' lang='lat' dir='ltr'>auctoritate</span> <span class='ocrx_word' id='word_1_96' title='bbox 949 1088 1057 1126; x_wconf 86' lang='lat' dir='ltr'>hujus-</span> 
     </span>
     <span class='ocr_line' id='line_1_14' title="bbox 55 1140 1055 1181; baseline -0.004 -7"><span class='ocrx_word' id='word_1_97' title='bbox 55 1143 143 1174; x_wconf 87' lang='lat' dir='ltr'>modi</span> <span class='ocrx_word' id='word_1_98' title='bbox 158 1143 376 1181; x_wconf 87' lang='lat' dir='ltr'>compromissi</span> <span class='ocrx_word' id='word_1_99' title='bbox 392 1146 421 1171; x_wconf 88' lang='lat' dir='ltr'>te</span> <span class='ocrx_word' id='word_1_100' title='bbox 433 1165 440 1178; x_wconf 94' lang='lat'>,</span> <span class='ocrx_word' id='word_1_101' title='bbox 460 1146 534 1170; x_wconf 83' lang='lat' dir='ltr'>tunc</span> <span class='ocrx_word' id='word_1_102' title='bbox 552 1140 683 1169; x_wconf 80' lang='lat' dir='ltr'>fratrem</span> <span class='ocrx_word' id='word_1_103' title='bbox 699 1140 812 1170; x_wconf 87' lang='lat' dir='ltr'>domus</span> <span class='ocrx_word' id='word_1_104' title='bbox 827 1141 943 1170; x_wconf 85' lang='lat' dir='ltr'>militie</span> <span class='ocrx_word' id='word_1_105' title='bbox 960 1142 1055 1170; x_wconf 86' lang='lat' dir='ltr'>Tem-</span> 
     </span>
     <span class='ocr_line' id='line_1_15' title="bbox 54 1193 1057 1235; baseline -0.002 -9"><span class='ocrx_word' id='word_1_106' title='bbox 54 1196 98 1235; x_wconf 86' lang='lat' dir='ltr'>pli</span> <span class='ocrx_word' id='word_1_107' title='bbox 117 1197 134 1226; x_wconf 84' lang='lat' dir='ltr'>J</span> <span class='ocrx_word' id='word_1_108' title='bbox 140 1195 392 1231; x_wconf 85' lang='lat' dir='ltr'>erosolimitani‚</span> <span class='ocrx_word' id='word_1_109' title='bbox 416 1195 447 1223; x_wconf 89' lang='lat' dir='ltr'>in</span> <span class='ocrx_word' id='word_1_110' title='bbox 469 1193 674 1223; x_wconf 85' lang='lat' dir='ltr'>Nazarenum</span> <span class='ocrx_word' id='word_1_111' title='bbox 696 1194 969 1233; x_wconf 88' lang='lat' dir='ltr'>archiepiscopum</span> <span class='ocrx_word' id='word_1_112' title='bbox 991 1194 1057 1224; x_wconf 89' lang='lat' dir='ltr'>ele-</span> 
     </span>
     <span class='ocr_line' id='line_1_16' title="bbox 56 1247 1058 1288; baseline -0.001 -9"><span class='ocrx_word' id='word_1_113' title='bbox 56 1254 184 1288; x_wconf 87' lang='lat' dir='ltr'>gerunt.</span> <span class='ocrx_word' id='word_1_114' title='bbox 197 1249 342 1287; x_wconf 86' lang='lat' dir='ltr'>Cumque</span> <span class='ocrx_word' id='word_1_115' title='bbox 355 1248 449 1277; x_wconf 85' lang='lat' dir='ltr'>frater</span> <span class='ocrx_word' id='word_1_116' title='bbox 462 1247 629 1282; x_wconf 90' lang='lat' dir='ltr'>Robertus‚</span> <span class='ocrx_word' id='word_1_117' title='bbox 642 1255 727 1276; x_wconf 84' lang='lat' dir='ltr'>unus</span> <span class='ocrx_word' id='word_1_118' title='bbox 740 1255 776 1276; x_wconf 87' lang='lat' dir='ltr'>ex</span> <span class='ocrx_word' id='word_1_119' title='bbox 788 1247 922 1286; x_wconf 89' lang='lat' dir='ltr'>reliquis</span> <span class='ocrx_word' id='word_1_120' title='bbox 935 1248 1058 1278; x_wconf 91' lang='lat' dir='ltr'>duobus</span> 
     </span>
     <span class='ocr_line' id='line_1_17' title="bbox 57 1298 1055 1341; baseline -0.002 -9"><span class='ocrx_word' id='word_1_121' title='bbox 57 1302 237 1339; x_wconf 90' lang='lat' dir='ltr'>canonicis,</span> <span class='ocrx_word' id='word_1_122' title='bbox 253 1304 377 1340; x_wconf 90' lang='lat' dir='ltr'>propter</span> <span class='ocrx_word' id='word_1_123' title='bbox 391 1300 450 1341; x_wconf 89' lang='lat' dir='ltr'>hoc</span> <span class='ocrx_word' id='word_1_124' title='bbox 465 1300 503 1328; x_wconf 90' lang='lat' dir='ltr'>ad</span> <span class='ocrx_word' id='word_1_125' title='bbox 525 1298 728 1337; x_wconf 84' lang='lat' dir='ltr'>apostolicam</span> <span class='ocrx_word' id='word_1_126' title='bbox 748 1300 855 1329; x_wconf 89' lang='lat' dir='ltr'>sedem</span> <span class='ocrx_word' id='word_1_127' title='bbox 875 1300 1055 1339; x_wconf 87' lang='lat' dir='ltr'>appellans,</span> 
     </span>
     <span class='ocr_line' id='line_1_18' title="bbox 54 1351 1057 1394; baseline -0.002 -8"><span class='ocrx_word' id='word_1_128' title='bbox 54 1365 149 1386; x_wconf 86' lang='lat' dir='ltr'>causa</span> <span class='ocrx_word' id='word_1_129' title='bbox 168 1354 385 1394; x_wconf 83' lang='lat' dir='ltr'>prosequende</span> <span class='ocrx_word' id='word_1_130' title='bbox 413 1351 634 1391; x_wconf 80' lang='lat' dir='ltr'>appellationis</span> <span class='ocrx_word' id='word_1_131' title='bbox 664 1353 851 1391; x_wconf 86' lang='lat' dir='ltr'>hujusmodi</span> <span class='ocrx_word' id='word_1_132' title='bbox 879 1354 918 1383; x_wconf 86' lang='lat' dir='ltr'>ad</span> <span class='ocrx_word' id='word_1_133' title='bbox 949 1354 1057 1384; x_wconf 89' lang='lat' dir='ltr'>sedem</span> 
     </span>
     <span class='ocr_line' id='line_1_19' title="bbox 53 1405 1056 1447; baseline -0.002 -8"><span class='ocrx_word' id='word_1_134' title='bbox 53 1411 155 1447; x_wconf 81' lang='lat' dir='ltr'>ipsam</span> <span class='ocrx_word' id='word_1_135' title='bbox 179 1407 356 1443; x_wconf 85' lang='lat' dir='ltr'>accederet,</span> <span class='ocrx_word' id='word_1_136' title='bbox 371 1407 439 1445; x_wconf 88' lang='lat' dir='ltr'>ipse</span> <span class='ocrx_word' id='word_1_137' title='bbox 461 1410 491 1434; x_wconf 87' lang='lat' dir='ltr'>et</span> <span class='ocrx_word' id='word_1_138' title='bbox 508 1406 604 1435; x_wconf 79' lang='lat' dir='ltr'>frater</span> <span class='ocrx_word' id='word_1_139' title='bbox 624 1405 782 1442; x_wconf 89' lang='lat' dir='ltr'>Ubertus,</span> <span class='ocrx_word' id='word_1_140' title='bbox 805 1415 915 1436; x_wconf 89' lang='lat' dir='ltr'>eornm</span> <span class='ocrx_word' id='word_1_141' title='bbox 942 1416 1056 1437; x_wconf 85' lang='lat' dir='ltr'>conca-</span> 
     </span>
     <span class='ocr_line' id='line_1_20' title="bbox 53 1459 1059 1498; baseline -0.002 -6"><span class='ocrx_word' id='word_1_142' title='bbox 53 1463 209 1497; x_wconf 89' lang='lat' dir='ltr'>nonicus,</span> <span class='ocrx_word' id='word_1_143' title='bbox 233 1464 308 1490; x_wconf 91' lang='lat' dir='ltr'>tunc</span> <span class='ocrx_word' id='word_1_144' title='bbox 331 1459 411 1489; x_wconf 90' lang='lat' dir='ltr'>citra</span> <span class='ocrx_word' id='word_1_145' title='bbox 430 1467 518 1488; x_wconf 87' lang='lat' dir='ltr'>mare</span> <span class='ocrx_word' id='word_1_146' title='bbox 540 1459 747 1495; x_wconf 86' lang='lat' dir='ltr'>constitutus,</span> <span class='ocrx_word' id='word_1_147' title='bbox 771 1461 1059 1498; x_wconf 86' lang='lat' dir='ltr'>compromiserunt</span> 
     </span>
     <span class='ocr_line' id='line_1_21' title="bbox 52 1511 1058 1553; baseline -0.001 -9"><span class='ocrx_word' id='word_1_148' title='bbox 52 1515 88 1544; x_wconf 91' lang='lat' dir='ltr'>in</span> <span class='ocrx_word' id='word_1_149' title='bbox 103 1513 273 1553; x_wconf 87' lang='lat' dir='ltr'>quemdam</span> <span class='ocrx_word' id='word_1_150' title='bbox 296 1511 416 1547; x_wconf 89' lang='lat' dir='ltr'>alium,</span> <span class='ocrx_word' id='word_1_151' title='bbox 442 1511 499 1549; x_wconf 88' lang='lat' dir='ltr'>qui</span> <span class='ocrx_word' id='word_1_152' title='bbox 525 1511 565 1540; x_wconf 91' lang='lat' dir='ltr'>de</span> <span class='ocrx_word' id='word_1_153' title='bbox 591 1519 701 1541; x_wconf 89' lang='lat' dir='ltr'>eorum</span> <span class='ocrx_word' id='word_1_154' title='bbox 727 1512 874 1542; x_wconf 89' lang='lat' dir='ltr'>similiter</span> <span class='ocrx_word' id='word_1_155' title='bbox 897 1522 960 1543; x_wconf 87' lang='lat' dir='ltr'>non</span> <span class='ocrx_word' id='word_1_156' title='bbox 991 1519 1058 1544; x_wconf 88' lang='lat' dir='ltr'>erat</span> 
     </span>
     <span class='ocr_line' id='line_1_22' title="bbox 53 1564 1053 1606; baseline -0.002 -9"><span class='ocrx_word' id='word_1_157' title='bbox 53 1566 199 1606; x_wconf 90' lang='lat' dir='ltr'>capitulo,</span> <span class='ocrx_word' id='word_1_158' title='bbox 218 1564 404 1604; x_wconf 88' lang='lat' dir='ltr'>providendi</span> <span class='ocrx_word' id='word_1_159' title='bbox 422 1564 460 1594; x_wconf 89' lang='lat' dir='ltr'>de</span> <span class='ocrx_word' id='word_1_160' title='bbox 475 1569 599 1602; x_wconf 82' lang='lat' dir='ltr'>pastore</span> <span class='ocrx_word' id='word_1_161' title='bbox 613 1565 715 1603; x_wconf 88' lang='lat' dir='ltr'>ipsius</span> <span class='ocrx_word' id='word_1_162' title='bbox 731 1565 861 1595; x_wconf 80' lang='lat' dir='ltr'>ecclesie</span> <span class='ocrx_word' id='word_1_163' title='bbox 877 1567 1053 1603; x_wconf 70' lang='lat' dir='ltr'>Nazarene,</span> 
     </span>
     <span class='ocr_line' id='line_1_23' title="bbox 53 1617 1056 1658; baseline 0 -8"><span class='ocrx_word' id='word_1_164' title='bbox 53 1627 202 1650; x_wconf 86' lang='lat' dir='ltr'>concessa</span> <span class='ocrx_word' id='word_1_165' title='bbox 217 1618 277 1648; x_wconf 90' lang='lat' dir='ltr'>sibi</span> <span class='ocrx_word' id='word_1_166' title='bbox 293 1617 391 1647; x_wconf 86' lang='lat' dir='ltr'>simili</span> <span class='ocrx_word' id='word_1_167' title='bbox 409 1622 571 1656; x_wconf 82' lang='lat' dir='ltr'>potestate,</span> <span class='ocrx_word' id='word_1_168' title='bbox 591 1619 683 1656; x_wconf 91' lang='lat' dir='ltr'>cujus</span> <span class='ocrx_word' id='word_1_169' title='bbox 698 1619 815 1648; x_wconf 82' lang='lat' dir='ltr'>virtute</span> <span class='ocrx_word' id='word_1_170' title='bbox 830 1620 897 1657; x_wconf 91' lang='lat' dir='ltr'>ipse</span> <span class='ocrx_word' id='word_1_171' title='bbox 912 1628 1056 1658; x_wconf 81' lang='lat' dir='ltr'>compro-</span> 
     </span>
     <span class='ocr_line' id='line_1_24' title="bbox 53 1670 1055 1710; baseline 0.001 -8"><span class='ocrx_word' id='word_1_172' title='bbox 53 1671 216 1702; x_wconf 86' lang='lat' dir='ltr'>missarius</span> <span class='ocrx_word' id='word_1_173' title='bbox 229 1671 432 1701; x_wconf 87' lang='lat' dir='ltr'>nominatum</span> <span class='ocrx_word' id='word_1_174' title='bbox 447 1670 576 1700; x_wconf 77' lang='lat' dir='ltr'>fratrem</span> <span class='ocrx_word' id='word_1_175' title='bbox 591 1670 764 1700; x_wconf 83' lang='lat' dir='ltr'>Robertum</span> <span class='ocrx_word' id='word_1_176' title='bbox 779 1671 918 1710; x_wconf 83' lang='lat' dir='ltr'>elegitin</span> <span class='ocrx_word' id='word_1_177' title='bbox 934 1673 1055 1703; x_wconf 86' lang='lat' dir='ltr'>archie-</span> 
     </span>
     <span class='ocr_line' id='line_1_25' title="bbox 52 1723 1055 1764; baseline 0.001 -10"><span class='ocrx_word' id='word_1_178' title='bbox 52 1726 213 1764; x_wconf 84' lang='lat' dir='ltr'>piscopum</span> <span class='ocrx_word' id='word_1_179' title='bbox 224 1724 437 1760; x_wconf 91' lang='lat' dir='ltr'>Nazarenum,</span> <span class='ocrx_word' id='word_1_180' title='bbox 447 1727 477 1753; x_wconf 83' lang='lat' dir='ltr'>et</span> <span class='ocrx_word' id='word_1_181' title='bbox 485 1723 687 1761; x_wconf 86' lang='lat' dir='ltr'>postmodum</span> <span class='ocrx_word' id='word_1_182' title='bbox 698 1724 782 1753; x_wconf 90' lang='lat' dir='ltr'>idem</span> <span class='ocrx_word' id='word_1_183' title='bbox 793 1725 889 1754; x_wconf 74' lang='lat' dir='ltr'>frater</span> <span class='ocrx_word' id='word_1_184' title='bbox 898 1725 1055 1755; x_wconf 87' lang='lat' dir='ltr'>Robertus</span> 
     </span>
     <span class='ocr_line' id='line_1_26' title="bbox 52 1776 1055 1817; baseline 0.001 -9"><span class='ocrx_word' id='word_1_185' title='bbox 52 1778 197 1808; x_wconf 86' lang='lat' dir='ltr'>electioni</span> <span class='ocrx_word' id='word_1_186' title='bbox 211 1777 250 1806; x_wconf 91' lang='lat' dir='ltr'>de</span> <span class='ocrx_word' id='word_1_187' title='bbox 266 1785 299 1806; x_wconf 90' lang='lat' dir='ltr'>se</span> <span class='ocrx_word' id='word_1_188' title='bbox 314 1777 394 1806; x_wconf 84' lang='lat' dir='ltr'>facte</span> <span class='ocrx_word' id='word_1_189' title='bbox 412 1776 617 1806; x_wconf 88' lang='lat' dir='ltr'>consentiens</span> <span class='ocrx_word' id='word_1_190' title='bbox 633 1781 663 1806; x_wconf 89' lang='lat' dir='ltr'>et</span> <span class='ocrx_word' id='word_1_191' title='bbox 676 1777 716 1806; x_wconf 89' lang='lat' dir='ltr'>ad</span> <span class='ocrx_word' id='word_1_192' title='bbox 734 1778 990 1816; x_wconf 87' lang='lat' dir='ltr'>persequendum</span> <span class='ocrx_word' id='word_1_193' title='bbox 1002 1780 1055 1817; x_wconf 87' lang='lat' dir='ltr'>jus</span> 
     </span>
     <span class='ocr_line' id='line_1_27' title="bbox 51 1829 1052 1869; baseline 0 -8"><span class='ocrx_word' id='word_1_194' title='bbox 51 1831 111 1861; x_wconf 87' lang='lat' dir='ltr'>sibi</span> <span class='ocrx_word' id='word_1_195' title='bbox 127 1834 308 1869; x_wconf 88' lang='lat' dir='ltr'>competens</span> <span class='ocrx_word' id='word_1_196' title='bbox 322 1831 358 1860; x_wconf 89' lang='lat' dir='ltr'>in</span> <span class='ocrx_word' id='word_1_197' title='bbox 373 1829 527 1860; x_wconf 86' lang='lat' dir='ltr'>electione</span> <span class='ocrx_word' id='word_1_198' title='bbox 549 1829 690 1868; x_wconf 90' lang='lat' dir='ltr'>predicta</span> <span class='ocrx_word' id='word_1_199' title='bbox 710 1831 749 1859; x_wconf 93' lang='lat' dir='ltr'>ad</span> <span class='ocrx_word' id='word_1_200' title='bbox 772 1831 980 1869; x_wconf 66' lang='lat' dir='ltr'>&#39;apostolicam</span> <span class='ocrx_word' id='word_1_201' title='bbox 1003 1841 1052 1861; x_wconf 93' lang='lat' dir='ltr'>se-</span> 
     </span>
     <span class='ocr_line' id='line_1_28' title="bbox 51 1883 1054 1924; baseline 0.001 -10"><span class='ocrx_word' id='word_1_202' title='bbox 51 1884 124 1915; x_wconf 89' lang='lat' dir='ltr'>dem</span> <span class='ocrx_word' id='word_1_203' title='bbox 146 1883 316 1920; x_wconf 84' lang='lat' dir='ltr'>accedens,</span> <span class='ocrx_word' id='word_1_204' title='bbox 341 1883 469 1913; x_wconf 91' lang='lat' dir='ltr'>tandem</span> <span class='ocrx_word' id='word_1_205' title='bbox 494 1884 613 1913; x_wconf 89' lang='lat' dir='ltr'>saniori</span> <span class='ocrx_word' id='word_1_206' title='bbox 630 1884 744 1913; x_wconf 91' lang='lat' dir='ltr'>ductus</span> <span class='ocrx_word' id='word_1_207' title='bbox 762 1884 911 1921; x_wconf 86' lang='lat' dir='ltr'>consilio,</span> <span class='ocrx_word' id='word_1_208' title='bbox 927 1886 1009 1924; x_wconf 88' lang='lat' dir='ltr'>juri,</span> <span class='ocrx_word' id='word_1_209' title='bbox 1028 1887 1054 1916; x_wconf 93' lang='lat' dir='ltr'>si</span> 
     </span>
     <span class='ocr_line' id='line_1_29' title="bbox 50 1936 1052 1977; baseline 0.001 -10"><span class='ocrx_word' id='word_1_210' title='bbox 50 1937 133 1977; x_wconf 89' lang='lat' dir='ltr'>quod</span> <span class='ocrx_word' id='word_1_211' title='bbox 149 1946 186 1967; x_wconf 85' lang='lat' dir='ltr'>ex</span> <span class='ocrx_word' id='word_1_212' title='bbox 201 1936 390 1976; x_wconf 90' lang='lat' dir='ltr'>hujusmodi</span> <span class='ocrx_word' id='word_1_213' title='bbox 401 1937 555 1966; x_wconf 81' lang='lat' dir='ltr'>electione</span> <span class='ocrx_word' id='word_1_214' title='bbox 568 1945 625 1966; x_wconf 88' lang='lat' dir='ltr'>sua</span> <span class='ocrx_word' id='word_1_215' title='bbox 639 1937 718 1966; x_wconf 84' lang='lat' dir='ltr'>forte</span> <span class='ocrx_word' id='word_1_216' title='bbox 734 1939 928 1976; x_wconf 85' lang='lat' dir='ltr'>competebat</span> <span class='ocrx_word' id='word_1_217' title='bbox 938 1939 1052 1976; x_wconf 84' lang='lat' dir='ltr'>eidem,</span> 
     </span>
     <span class='ocr_line' id='line_1_30' title="bbox 51 1990 1054 2029; baseline 0.002 -10"><span class='ocrx_word' id='word_1_218' title='bbox 51 1991 86 2020; x_wconf 91' lang='lat' dir='ltr'>in</span> <span class='ocrx_word' id='word_1_219' title='bbox 101 1990 216 2020; x_wconf 89' lang='lat' dir='ltr'>nostris</span> <span class='ocrx_word' id='word_1_220' title='bbox 229 1990 379 2020; x_wconf 87' lang='lat' dir='ltr'>manibus</span> <span class='ocrx_word' id='word_1_221' title='bbox 395 1995 505 2028; x_wconf 90' lang='lat' dir='ltr'>sponte</span> <span class='ocrx_word' id='word_1_222' title='bbox 522 1992 626 2019; x_wconf 87' lang='lat' dir='ltr'>cessit.</span> <span class='ocrx_word' id='word_1_223' title='bbox 645 1990 765 2020; x_wconf 91' lang='lat' dir='ltr'>Verum</span> <span class='ocrx_word' id='word_1_224' title='bbox 782 1999 850 2027; x_wconf 87' lang='lat' dir='ltr'>nos,</span> <span class='ocrx_word' id='word_1_225' title='bbox 868 1991 1054 2029; x_wconf 86' lang='lat' dir='ltr'>hujusmodi</span> 
     </span>
     <span class='ocr_line' id='line_1_31' title="bbox 51 2043 1054 2085; baseline 0 -11"><span class='ocrx_word' id='word_1_226' title='bbox 51 2043 192 2074; x_wconf 90' lang='lat' dir='ltr'>cessione</span> <span class='ocrx_word' id='word_1_227' title='bbox 206 2043 360 2080; x_wconf 87' lang='lat' dir='ltr'>admissa,</span> <span class='ocrx_word' id='word_1_228' title='bbox 379 2043 578 2085; x_wconf 89' lang='lat' dir='ltr'>attendentes</span> <span class='ocrx_word' id='word_1_229' title='bbox 601 2043 685 2081; x_wconf 89' lang='lat' dir='ltr'>quod</span> <span class='ocrx_word' id='word_1_230' title='bbox 703 2043 889 2082; x_wconf 79' lang='lat' dir='ltr'>hujusmodi</span> <span class='ocrx_word' id='word_1_231' title='bbox 907 2045 1054 2075; x_wconf 86' lang='lat' dir='ltr'>electioni</span> 
     </span>
     <span class='ocr_line' id='line_1_32' title="bbox 50 2095 1054 2135; baseline 0.002 -9"><span class='ocrx_word' id='word_1_232' title='bbox 50 2101 104 2126; x_wconf 88' lang='lat' dir='ltr'>tue</span> <span class='ocrx_word' id='word_1_233' title='bbox 125 2104 190 2126; x_wconf 87' lang='lat' dir='ltr'>non</span> <span class='ocrx_word' id='word_1_234' title='bbox 213 2104 418 2126; x_wconf 89' lang='lat' dir='ltr'>consenseras</span> <span class='ocrx_word' id='word_1_235' title='bbox 443 2096 528 2126; x_wconf 80' lang='lat' dir='ltr'>infra</span> <span class='ocrx_word' id='word_1_236' title='bbox 555 2102 678 2135; x_wconf 88' lang='lat' dir='ltr'>tempus</span> <span class='ocrx_word' id='word_1_237' title='bbox 697 2106 715 2126; x_wconf 93' lang='lat' dir='ltr'>a</span> <span class='ocrx_word' id='word_1_238' title='bbox 734 2098 807 2135; x_wconf 88' lang='lat' dir='ltr'>jure</span> <span class='ocrx_word' id='word_1_239' title='bbox 829 2095 1003 2135; x_wconf 70' lang='lat' dir='ltr'>statutum,</span> <span class='ocrx_word' id='word_1_240' title='bbox 1024 2103 1054 2128; x_wconf 91' lang='lat' dir='ltr'>et</span> 
     </span>
    </p>
   </div>
   <div class='ocr_carea' id='block_1_5' title="bbox 50 2149 1085 2190">
    <p class='ocr_par' dir='ltr' id='par_1_5' title="bbox 50 2149 1085 2190">
     <span class='ocr_line' id='line_1_33' title="bbox 50 2149 1085 2190; baseline 0.001 -10"><span class='ocrx_word' id='word_1_241' title='bbox 50 2149 136 2189; x_wconf 89' lang='lat' dir='ltr'>quod</span> <span class='ocrx_word' id='word_1_242' title='bbox 155 2158 211 2188; x_wconf 91' lang='lat' dir='ltr'>per</span> <span class='ocrx_word' id='word_1_243' title='bbox 227 2149 286 2179; x_wconf 89' lang='lat' dir='ltr'>hoc</span> <span class='ocrx_word' id='word_1_244' title='bbox 301 2150 358 2179; x_wconf 90' lang='lat' dir='ltr'>tibi</span> <span class='ocrx_word' id='word_1_245' title='bbox 373 2149 501 2180; x_wconf 91' lang='lat' dir='ltr'>nullum</span> <span class='ocrx_word' id='word_1_246' title='bbox 516 2151 569 2189; x_wconf 87' lang='lat' dir='ltr'>jus</span> <span class='ocrx_word' id='word_1_247' title='bbox 585 2151 783 2189; x_wconf 84' lang='lat' dir='ltr'>competebat</span> <span class='ocrx_word' id='word_1_248' title='bbox 800 2151 834 2180; x_wconf 90' lang='lat' dir='ltr'>in</span> <span class='ocrx_word' id='word_1_249' title='bbox 857 2150 931 2188; x_wconf 79' lang='lat' dir='ltr'>illa,</span> <span class='ocrx_word' id='word_1_250' title='bbox 953 2152 1054 2190; x_wconf 91' lang='lat' dir='ltr'>quod·</span> <span class='ocrx_word' id='word_1_251' title='bbox 1079 2170 1085 2176; x_wconf 91' lang='lat'>-</span> 
     </span>
    </p>
   </div>
   <div class='ocr_carea' id='block_1_6' title="bbox 49 2202 1054 2244">
    <p class='ocr_par' dir='ltr' id='par_1_6' title="bbox 49 2202 1054 2244">
     <span class='ocr_line' id='line_1_34' title="bbox 49 2202 1054 2244; baseline 0.002 -12"><span class='ocrx_word' id='word_1_252' title='bbox 49 2212 111 2242; x_wconf 90' lang='lat' dir='ltr'>que</span> <span class='ocrx_word' id='word_1_253' title='bbox 129 2203 229 2241; x_wconf 92' lang='lat' dir='ltr'>ipsius</span> <span class='ocrx_word' id='word_1_254' title='bbox 253 2202 382 2232; x_wconf 85' lang='lat' dir='ltr'>ecclesie</span> <span class='ocrx_word' id='word_1_255' title='bbox 398 2203 565 2233; x_wconf 90' lang='lat' dir='ltr'>Nazarene</span> <span class='ocrx_word' id='word_1_256' title='bbox 588 2205 726 2242; x_wconf 89' lang='lat' dir='ltr'>provisio</span> <span class='ocrx_word' id='word_1_257' title='bbox 741 2204 781 2233; x_wconf 88' lang='lat' dir='ltr'>ad</span> <span class='ocrx_word' id='word_1_258' title='bbox 802 2213 860 2234; x_wconf 90' lang='lat' dir='ltr'>nos</span> <span class='ocrx_word' id='word_1_259' title='bbox 876 2205 1054 2244; x_wconf 85' lang='lat' dir='ltr'>specialiter</span> 
     </span>
    </p>
   </div>
   <div class='ocr_carea' id='block_1_7' title="bbox 50 2255 1085 2294">
    <p class='ocr_par' dir='ltr' id='par_1_7' title="bbox 50 2255 1085 2294">
     <span class='ocr_line' id='line_1_35' title="bbox 50 2255 1085 2294; baseline 0.003 -9"><span class='ocrx_word' id='word_1_260' title='bbox 50 2256 109 2286; x_wconf 88' lang='lat' dir='ltr'>hac</span> <span class='ocrx_word' id='word_1_261' title='bbox 123 2255 191 2286; x_wconf 80' lang='lat' dir='ltr'>vice</span> <span class='ocrx_word' id='word_1_262' title='bbox 206 2256 345 2286; x_wconf 90' lang='lat' dir='ltr'>noscitur</span> <span class='ocrx_word' id='word_1_263' title='bbox 358 2257 554 2294; x_wconf 92' lang='lat' dir='ltr'>pertinere...</span> <span class='ocrx_word' id='word_1_264' title='bbox 570 2257 605 2286; x_wconf 91' lang='lat' dir='ltr'>in</span> <span class='ocrx_word' id='word_1_265' title='bbox 623 2262 651 2286; x_wconf 88' lang='lat' dir='ltr'>te</span> <span class='ocrx_word' id='word_1_266' title='bbox 669 2257 844 2287; x_wconf 78' lang='lat' dir='ltr'>direximus</span> <span class='ocrx_word' id='word_1_267' title='bbox 860 2258 967 2288; x_wconf 88' lang='lat' dir='ltr'>oculos</span> <span class='ocrx_word' id='word_1_268' title='bbox 981 2267 1053 2288; x_wconf 90' lang='lat' dir='ltr'>nos-</span> <span class='ocrx_word' id='word_1_269' title='bbox 1083 2267 1085 2269; x_wconf 78' lang='grc'><strong>’</strong></span> 
     </span>
    </p>
   </div>
   <div class='ocr_carea' id='block_1_8' title="bbox 45 2303 1054 2775">
    <p class='ocr_par' dir='ltr' id='par_1_8' title="bbox 48 2303 1054 2456">
     <span class='ocr_line' id='line_1_36' title="bbox 50 2303 1054 2347; baseline 0.004 -10"><span class='ocrx_word' id='word_1_270' title='bbox 50 2314 96 2338; x_wconf 83' lang='lat' dir='ltr'>tre</span> <span class='ocrx_word' id='word_1_271' title='bbox 114 2309 230 2338; x_wconf 83' lang='lat' dir='ltr'>mentis</span> <span class='ocrx_word' id='word_1_272' title='bbox 254 2312 346 2347; x_wconf 86' lang='lat' dir='ltr'>teque</span> <span class='ocrx_word' id='word_1_273' title='bbox 363 2309 423 2347; x_wconf 88' lang='lat' dir='ltr'>ipsi</span> <span class='ocrx_word' id='word_1_274' title='bbox 445 2303 574 2339; x_wconf 85' lang='lat' dir='ltr'>ecclesie</span> <span class='ocrx_word' id='word_1_275' title='bbox 588 2310 753 2339; x_wconf 88' lang='lat' dir='ltr'>Nazarene</span> <span class='ocrx_word' id='word_1_276' title='bbox 769 2310 808 2340; x_wconf 92' lang='lat' dir='ltr'>de</span> <span class='ocrx_word' id='word_1_277' title='bbox 823 2310 960 2340; x_wconf 80' lang='lat' dir='ltr'>fratrum</span> <span class='ocrx_word' id='word_1_278' title='bbox 979 2319 1054 2341; x_wconf 91' lang='lat' dir='ltr'>nos-</span> 
     </span>
     <span class='ocr_line' id='line_1_37' title="bbox 49 2363 1050 2403; baseline 0.003 -12"><span class='ocrx_word' id='word_1_279' title='bbox 49 2367 171 2392; x_wconf 89' lang='lat' dir='ltr'>trorum</span> <span class='ocrx_word' id='word_1_280' title='bbox 196 2370 354 2392; x_wconf 90' lang='lat' dir='ltr'>consensu</span> <span class='ocrx_word' id='word_1_281' title='bbox 378 2363 567 2401; x_wconf 75' lang='lat' dir='ltr'>prefecimus</span> <span class='ocrx_word' id='word_1_282' title='bbox 587 2364 622 2393; x_wconf 90' lang='lat' dir='ltr'>in</span> <span class='ocrx_word' id='word_1_283' title='bbox 646 2364 956 2403; x_wconf 89' lang='lat' dir='ltr'>archiepiscopum...</span> <span class='ocrx_word' id='word_1_284' title='bbox 978 2365 1050 2394; x_wconf 88' lang='lat' dir='ltr'>Dat.</span> 
     </span>
     <span class='ocr_line' id='line_1_38' title="bbox 48 2414 791 2456; baseline 0.003 -11"><span class='ocrx_word' id='word_1_285' title='bbox 48 2415 158 2453; x_wconf 84' lang='lat' dir='ltr'>Reate,</span> <span class='ocrx_word' id='word_1_286' title='bbox 176 2425 253 2445; x_wconf 78' lang='lat' dir='ltr'>xvni</span> <span class='ocrx_word' id='word_1_287' title='bbox 270 2414 424 2445; x_wconf 87' lang='lat' dir='ltr'>kalendas</span> <span class='ocrx_word' id='word_1_288' title='bbox 438 2416 527 2454; x_wconf 81' lang='lat' dir='ltr'>julii,</span> <span class='ocrx_word' id='word_1_289' title='bbox 543 2425 628 2447; x_wconf 88' lang='lat' dir='ltr'>anno</span> <span class='ocrx_word' id='word_1_290' title='bbox 644 2417 758 2456; x_wconf 91' lang='lat' dir='ltr'>primo.</span> <span class='ocrx_word' id='word_1_291' title='bbox 777 2429 791 2444; x_wconf 68' lang='grc' dir='ltr'>ι)</span> 
     </span>
    </p>

    <p class='ocr_par' dir='ltr' id='par_1_9' title="bbox 47 2468 1052 2564">
     <span class='ocr_line' id='line_1_39' title="bbox 88 2468 1052 2511; baseline 0.004 -13"><span class='ocrx_word' id='word_1_292' title='bbox 88 2470 128 2498; x_wconf 85' lang='grc'>111</span> <span class='ocrx_word' id='word_1_293' title='bbox 141 2478 168 2499; x_wconf 89' lang='lat' dir='ltr'>e.</span> <span class='ocrx_word' id='word_1_294' title='bbox 183 2478 227 2499; x_wconf 92' lang='lat' dir='ltr'>m.</span> <span class='ocrx_word' id='word_1_295' title='bbox 243 2468 380 2507; x_wconf 88' lang='lat' dir='ltr'>capitulo</span> <span class='ocrx_word' id='word_1_296' title='bbox 396 2470 542 2500; x_wconf 89' lang='lat' dir='ltr'>ecclesiae</span> <span class='ocrx_word' id='word_1_297' title='bbox 553 2471 737 2501; x_wconf 88' lang='lat' dir='ltr'>Nazarenae</span> <span class='ocrx_word' id='word_1_298' title='bbox 750 2472 881 2501; x_wconf 90' lang='lat' dir='ltr'>mandat</span> <span class='ocrx_word' id='word_1_299' title='bbox 894 2476 1052 2511; x_wconf 91' lang='lat' dir='ltr'>quatenus</span> 
     </span>
     <span class='ocr_line' id='line_1_40' title="bbox 47 2522 1050 2564; baseline 0.004 -12"><span class='ocrx_word' id='word_1_300' title='bbox 47 2523 208 2562; x_wconf 84' lang='lat' dir='ltr'>praedicto</span> <span class='ocrx_word' id='word_1_301' title='bbox 229 2522 465 2561; x_wconf 85' lang='lat' dir='ltr'>archiepiscopo</span> <span class='ocrx_word' id='word_1_302' title='bbox 480 2523 618 2554; x_wconf 86' lang='lat' dir='ltr'>debitam</span> <span class='ocrx_word' id='word_1_303' title='bbox 635 2524 851 2555; x_wconf 86' lang='lat' dir='ltr'>obedientiam</span> <span class='ocrx_word' id='word_1_304' title='bbox 867 2526 1050 2564; x_wconf 89' lang='lat' dir='ltr'>praebeant.</span> 
     </span>
    </p>

    <p class='ocr_par' dir='ltr' id='par_1_10' title="bbox 87 2575 936 2615">
     <span class='ocr_line' id='line_1_41' title="bbox 87 2575 936 2615; baseline 0.005 -10"><span class='ocrx_word' id='word_1_305' title='bbox 87 2577 126 2606; x_wconf 90' lang='lat' dir='ltr'>In</span> <span class='ocrx_word' id='word_1_306' title='bbox 143 2585 170 2606; x_wconf 94' lang='lat' dir='ltr'>e.</span> <span class='ocrx_word' id='word_1_307' title='bbox 187 2586 231 2606; x_wconf 90' lang='lat' dir='ltr'>m.</span> <span class='ocrx_word' id='word_1_308' title='bbox 249 2575 363 2615; x_wconf 89' lang='lat' dir='ltr'>populo</span> <span class='ocrx_word' id='word_1_309' title='bbox 378 2577 515 2607; x_wconf 83' lang='lat' dir='ltr'>civitatis</span> <span class='ocrx_word' id='word_1_310' title='bbox 531 2582 561 2607; x_wconf 88' lang='lat' dir='ltr'>et</span> <span class='ocrx_word' id='word_1_311' title='bbox 573 2578 724 2608; x_wconf 88' lang='lat' dir='ltr'>dioecesis</span> <span class='ocrx_word' id='word_1_312' title='bbox 741 2579 936 2609; x_wconf 89' lang='lat' dir='ltr'>Nazarenae.</span> 
     </span>
    </p>

    <p class='ocr_par' dir='ltr' id='par_1_11' title="bbox 87 2630 937 2662">
     <span class='ocr_line' id='line_1_42' title="bbox 87 2630 937 2662; baseline 0.002 -2"><span class='ocrx_word' id='word_1_313' title='bbox 87 2630 127 2660; x_wconf 92' lang='lat' dir='ltr'>In</span> <span class='ocrx_word' id='word_1_314' title='bbox 142 2639 169 2660; x_wconf 92' lang='lat' dir='ltr'>e.</span> <span class='ocrx_word' id='word_1_315' title='bbox 188 2639 230 2659; x_wconf 92' lang='lat' dir='ltr'>m.</span> <span class='ocrx_word' id='word_1_316' title='bbox 249 2630 406 2659; x_wconf 91' lang='lat' dir='ltr'>universis</span> <span class='ocrx_word' id='word_1_317' title='bbox 421 2630 563 2660; x_wconf 90' lang='lat' dir='ltr'>vassallis</span> <span class='ocrx_word' id='word_1_318' title='bbox 578 2631 728 2661; x_wconf 88' lang='lat' dir='ltr'>ecclesiae</span> <span class='ocrx_word' id='word_1_319' title='bbox 745 2632 937 2662; x_wconf 90' lang='lat' dir='ltr'>Nazarenae.</span> 
     </span>
    </p>

    <p class='ocr_par' dir='ltr' id='par_1_12' title="bbox 45 2683 1048 2775">
     <span class='ocr_line' id='line_1_43' title="bbox 87 2683 1048 2722; baseline 0.004 -10"><span class='ocrx_word' id='word_1_320' title='bbox 87 2684 126 2713; x_wconf 91' lang='lat' dir='ltr'>In</span> <span class='ocrx_word' id='word_1_321' title='bbox 144 2691 172 2712; x_wconf 92' lang='lat' dir='ltr'>e.</span> <span class='ocrx_word' id='word_1_322' title='bbox 197 2692 240 2712; x_wconf 91' lang='lat' dir='ltr'>m.</span> <span class='ocrx_word' id='word_1_323' title='bbox 267 2683 426 2712; x_wconf 91' lang='lat' dir='ltr'>universis</span> <span class='ocrx_word' id='word_1_324' title='bbox 440 2683 593 2722; x_wconf 88' lang='lat' dir='ltr'>episcopis</span> <span class='ocrx_word' id='word_1_325' title='bbox 609 2684 758 2715; x_wconf 88' lang='lat' dir='ltr'>ecclesiae</span> <span class='ocrx_word' id='word_1_326' title='bbox 779 2685 964 2716; x_wconf 88' lang='lat' dir='ltr'>Nazarenae</span> <span class='ocrx_word' id='word_1_327' title='bbox 983 2685 1048 2716; x_wconf 83' lang='lat' dir='ltr'>suf-</span> 
     </span>
     <span class='ocr_line' id='line_1_44' title="bbox 45 2736 216 2775; baseline -0.006 -9"><span class='ocrx_word' id='word_1_328' title='bbox 45 2736 216 2775; x_wconf 79' lang='lat' dir='ltr'>fraganeis.</span> 
     </span>
    </p>
   </div>
   <div class='ocr_carea' id='block_1_9' title="bbox 118 2901 975 2938">
    <p class='ocr_par' dir='ltr' id='par_1_13' title="bbox 118 2901 975 2938">
     <span class='ocr_line' id='line_1_45' title="bbox 118 2901 975 2938; baseline 0.005 -10"><span class='ocrx_word' id='word_1_329' title='bbox 118 2902 138 2929; x_wconf 81' lang='grc' dir='ltr'>ι</span> <span class='ocrx_word' id='word_1_330' title='bbox 147 2901 202 2928; x_wconf 73' lang='lat' dir='ltr'><em>w</em></span> <span class='ocrx_word' id='word_1_331' title='bbox 661 2902 752 2934; x_wconf 78' lang='lat' dir='ltr'>Rieti,</span> <span class='ocrx_word' id='word_1_332' title='bbox 771 2903 803 2930; x_wconf 82' lang='lat'>30</span> <span class='ocrx_word' id='word_1_333' title='bbox 814 2904 880 2938; x_wconf 84' lang='lat' dir='ltr'>juin</span> <span class='ocrx_word' id='word_1_334' title='bbox 897 2904 975 2932; x_wconf 79' lang='lat'><strong>1-288.</strong></span> 
     </span>
    </p>
   </div>
   <div class='ocr_carea' id='block_1_10' title="bbox 46 2976 1047 3059">
    <p class='ocr_par' dir='ltr' id='par_1_14' title="bbox 46 2976 1047 3059">
     <span class='ocr_line' id='line_1_46' title="bbox 81 2976 1047 3016; baseline 0.004 -13"><span class='ocrx_word' id='word_1_335' title='bbox 81 2976 230 3004; x_wconf 78' lang='lat' dir='ltr'>protector</span> <span class='ocrx_word' id='word_1_336' title='bbox 255 2977 441 3004; x_wconf 84' lang='lat' dir='ltr'>constituitur</span> <span class='ocrx_word' id='word_1_337' title='bbox 461 2977 570 3004; x_wconf 87' lang='lat' dir='ltr'>ordinis</span> <span class='ocrx_word' id='word_1_338' title='bbox 593 2977 796 3006; x_wconf 84' lang='lat' dir='ltr'>heremitarum</span> <span class='ocrx_word' id='word_1_339' title='bbox 823 2979 853 3007; x_wconf 89' lang='lat' dir='ltr'>S.</span> <span class='ocrx_word' id='word_1_340' title='bbox 876 2981 1047 3016; x_wconf 83' lang='lat' dir='ltr'>Augustini.</span> 
     </span>
     <span class='ocr_line' id='line_1_47' title="bbox 46 3025 452 3059; baseline 0.002 -7"><span class='ocrx_word' id='word_1_341' title='bbox 46 3025 129 3058; x_wconf 71' lang='lat' dir='ltr'>(Rea.</span> <span class='ocrx_word' id='word_1_342' title='bbox 146 3026 194 3058; x_wconf 72' lang='lat'>44,</span> <span class='ocrx_word' id='word_1_343' title='bbox 210 3034 236 3053; x_wconf 91' lang='lat' dir='ltr'>c.</span> <span class='ocrx_word' id='word_1_344' title='bbox 253 3026 300 3057; x_wconf 80' lang='lat'>85,</span> <span class='ocrx_word' id='word_1_345' title='bbox 318 3027 338 3053; x_wconf 85' lang='lat' dir='ltr'>f.</span> <span class='ocrx_word' id='word_1_346' title='bbox 354 3026 388 3053; x_wconf 76' lang='lat'>&#39;2&#39;2</span> <span class='ocrx_word' id='word_1_347' title='bbox 403 3027 452 3059; x_wconf 55' lang='grc' dir='ltr'>πθ.)</span> 
     </span>
    </p>
   </div>
   <div class='ocr_carea' id='block_1_11' title="bbox 2108 370 2144 398">
    <p class='ocr_par' dir='ltr' id='par_1_15' title="bbox 2108 370 2144 398">
     <span class='ocr_line' id='line_1_48' title="bbox 2108 370 2144 398; baseline 0 0"><span class='ocrx_word' id='word_1_348' title='bbox 2108 370 2144 398; x_wconf 76' lang='lat'>‘27</span> 
     </span>
    </p>
   </div>
   <div class='ocr_carea' id='block_1_12' title="bbox 1139 432 2146 788">
    <p class='ocr_par' dir='ltr' id='par_1_16' title="bbox 1142 432 2146 681">
     <span class='ocr_line' id='line_1_49' title="bbox 1189 432 2146 471; baseline 0.003 -10"><span class='ocrx_word' id='word_1_349' title='bbox 1189 433 1355 463; x_wconf 75' lang='lat' dir='ltr'>Venerabili</span> <span class='ocrx_word' id='word_1_350' title='bbox 1373 435 1468 470; x_wconf 80' lang='lat' dir='ltr'>fratri</span> <span class='ocrx_word' id='word_1_351' title='bbox 1490 434 1520 462; x_wconf 87' lang='grc' dir='ltr'>Β.</span> <span class='ocrx_word' id='word_1_352' title='bbox 1539 434 1670 471; x_wconf 78' lang='lat' dir='ltr'>episcopo</span> <span class='ocrx_word' id='word_1_353' title='bbox 1694 432 1859 462; x_wconf 78' lang='lat' dir='ltr'>Portuensi.</span> <span class='ocrx_word' id='word_1_354' title='bbox 1882 432 1962 462; x_wconf 89' lang='lat' dir='ltr'>Eum</span> <span class='ocrx_word' id='word_1_355' title='bbox 1983 434 2146 464; x_wconf 87' lang='lat' dir='ltr'>constituit</span> 
     </span>
     <span class='ocr_line' id='line_1_50' title="bbox 1142 484 2143 525; baseline 0.002 -11"><span class='ocrx_word' id='word_1_356' title='bbox 1142 490 1351 523; x_wconf 89' lang='lat' dir='ltr'>protectorem</span> <span class='ocrx_word' id='word_1_357' title='bbox 1369 486 1490 516; x_wconf 89' lang='lat' dir='ltr'>ordinis</span> <span class='ocrx_word' id='word_1_358' title='bbox 1505 486 1736 516; x_wconf 85' lang='lat' dir='ltr'>heremitarum</span> <span class='ocrx_word' id='word_1_359' title='bbox 1752 484 1783 515; x_wconf 87' lang='lat' dir='ltr'>S.</span> <span class='ocrx_word' id='word_1_360' title='bbox 1804 485 1997 523; x_wconf 79' lang='lat' dir='ltr'>Augustini,</span> <span class='ocrx_word' id='word_1_361' title='bbox 2015 490 2079 515; x_wconf 87' lang='lat' dir='ltr'>tam</span> <span class='ocrx_word' id='word_1_362' title='bbox 2096 487 2143 525; x_wconf 92' lang='lat' dir='ltr'>ip-</span> 
     </span>
     <span class='ocr_line' id='line_1_51' title="bbox 1143 538 2143 577; baseline 0.003 -11"><span class='ocrx_word' id='word_1_363' title='bbox 1143 538 1208 567; x_wconf 92' lang='lat' dir='ltr'>sius</span> <span class='ocrx_word' id='word_1_364' title='bbox 1224 538 1345 568; x_wconf 90' lang='lat' dir='ltr'>ordinis</span> <span class='ocrx_word' id='word_1_365' title='bbox 1363 548 1458 577; x_wconf 87' lang='lat' dir='ltr'>quam</span> <span class='ocrx_word' id='word_1_366' title='bbox 1477 547 1705 577; x_wconf 89' lang='lat' dir='ltr'>personarum,</span> <span class='ocrx_word' id='word_1_367' title='bbox 1722 538 1956 574; x_wconf 83' lang='lat' dir='ltr'>membrorum,</span> <span class='ocrx_word' id='word_1_368' title='bbox 1975 548 2047 568; x_wconf 90' lang='lat' dir='ltr'>cum</span> <span class='ocrx_word' id='word_1_369' title='bbox 2063 544 2143 569; x_wconf 88' lang='lat' dir='ltr'>statu</span> 
     </span>
     <span class='ocr_line' id='line_1_52' title="bbox 1143 589 2145 628; baseline 0.002 -10"><span class='ocrx_word' id='word_1_370' title='bbox 1143 589 1267 627; x_wconf 80' lang='lat' dir='ltr'>integro</span> <span class='ocrx_word' id='word_1_371' title='bbox 1283 590 1488 626; x_wconf 87' lang='lat' dir='ltr'>eorumdem,</span> <span class='ocrx_word' id='word_1_372' title='bbox 1506 599 1632 627; x_wconf 85' lang='lat' dir='ltr'>curam,</span> <span class='ocrx_word' id='word_1_373' title='bbox 1649 590 1933 628; x_wconf 80' lang='lat' dir='ltr'>gubernationem,</span> <span class='ocrx_word' id='word_1_374' title='bbox 1954 590 2098 628; x_wconf 85' lang='lat' dir='ltr'>regimen</span> <span class='ocrx_word' id='word_1_375' title='bbox 2117 596 2145 620; x_wconf 82' lang='lat' dir='ltr'>et</span> 
     </span>
     <span class='ocr_line' id='line_1_53' title="bbox 1144 642 1910 681; baseline 0.001 -10"><span class='ocrx_word' id='word_1_376' title='bbox 1144 642 1371 680; x_wconf 84' lang='lat' dir='ltr'>protectionem</span> <span class='ocrx_word' id='word_1_377' title='bbox 1388 643 1603 681; x_wconf 88' lang='lat' dir='ltr'>praesentium</span> <span class='ocrx_word' id='word_1_378' title='bbox 1624 644 1652 673; x_wconf 91' lang='lat' dir='ltr'>ei</span> <span class='ocrx_word' id='word_1_379' title='bbox 1668 643 1910 672; x_wconf 86' lang='lat' dir='ltr'>committentes.</span> 
     </span>
    </p>

    <p class='ocr_par' dir='ltr' id='par_1_17' title="bbox 1139 695 2145 788">
     <span class='ocr_line' id='line_1_54' title="bbox 1186 695 2145 732; baseline 0.002 -8"><span class='ocrx_word' id='word_1_380' title='bbox 1186 708 1199 721; x_wconf 74' lang='grc' dir='ltr'>α</span> <span class='ocrx_word' id='word_1_381' title='bbox 1216 696 1375 725; x_wconf 86' lang='lat' dir='ltr'>Immensi</span> <span class='ocrx_word' id='word_1_382' title='bbox 1390 695 1507 725; x_wconf 89' lang='lat' dir='ltr'>molem</span> <span class='ocrx_word' id='word_1_383' title='bbox 1524 697 1668 726; x_wconf 88' lang='lat' dir='ltr'>oneris...</span> <span class='ocrx_word' id='word_1_384' title='bbox 1682 713 1720 717; x_wconf 87' lang='lat'><strong>—</strong></span> <span class='ocrx_word' id='word_1_385' title='bbox 1736 696 1807 725; x_wconf 91' lang='lat' dir='ltr'>Dat.</span> <span class='ocrx_word' id='word_1_386' title='bbox 1828 696 1936 732; x_wconf 85' lang='lat' dir='ltr'>Reate,</span> <span class='ocrx_word' id='word_1_387' title='bbox 1955 706 1977 725; x_wconf 84' lang='lat'>11</span> <span class='ocrx_word' id='word_1_388' title='bbox 1993 696 2145 726; x_wconf 81' lang='lat' dir='ltr'>kalendas</span> 
     </span>
     <span class='ocr_line' id='line_1_55' title="bbox 1139 748 1490 788; baseline -0.003 -11"><span class='ocrx_word' id='word_1_389' title='bbox 1139 748 1225 788; x_wconf 88' lang='lat' dir='ltr'>julii,</span> <span class='ocrx_word' id='word_1_390' title='bbox 1243 757 1328 778; x_wconf 89' lang='lat' dir='ltr'>anno</span> <span class='ocrx_word' id='word_1_391' title='bbox 1344 749 1456 787; x_wconf 90' lang='lat' dir='ltr'>primo.</span> <span class='ocrx_word' id='word_1_392' title='bbox 1477 761 1490 775; x_wconf 66' lang='grc' dir='ltr'>ι)</span> 
     </span>
    </p>
   </div>
   <div class='ocr_carea' id='block_1_13' title="bbox 1215 920 2071 955">
    <p class='ocr_par' dir='ltr' id='par_1_18' title="bbox 1215 920 2071 955">
     <span class='ocr_line' id='line_1_56' title="bbox 1215 920 2071 955; baseline -0.002 -6"><span class='ocrx_word' id='word_1_393' title='bbox 1215 923 1234 949; x_wconf 84' lang='lat'><strong>1</strong></span> <span class='ocrx_word' id='word_1_394' title='bbox 1244 922 1294 949; x_wconf 67' lang='lat' dir='ltr'>ss</span> <span class='ocrx_word' id='word_1_395' title='bbox 1761 921 1850 952; x_wconf 76' lang='lat' dir='ltr'>Rieti,</span> <span class='ocrx_word' id='word_1_396' title='bbox 1873 921 1901 947; x_wconf 79' lang='lat' dir='ltr'>is</span> <span class='ocrx_word' id='word_1_397' title='bbox 1913 921 1977 955; x_wconf 87' lang='lat' dir='ltr'>juin</span> <span class='ocrx_word' id='word_1_398' title='bbox 1998 920 2071 948; x_wconf 73' lang='lat'>1-288.</span> 
     </span>
    </p>
   </div>
   <div class='ocr_carea' id='block_1_14' title="bbox 1140 982 2145 1071">
    <p class='ocr_par' dir='ltr' id='par_1_19' title="bbox 1140 982 2145 1071">
     <span class='ocr_line' id='line_1_57' title="bbox 1176 982 2145 1017; baseline -0.001 -7"><span class='ocrx_word' id='word_1_399' title='bbox 1176 983 1402 1010; x_wconf 82' lang='lat' dir='ltr'>Administrator</span> <span class='ocrx_word' id='word_1_400' title='bbox 1421 983 1609 1009; x_wconf 83' lang='lat' dir='ltr'>constituitur</span> <span class='ocrx_word' id='word_1_401' title='bbox 1631 983 1769 1009; x_wconf 86' lang='lat' dir='ltr'>eeclesiae</span> <span class='ocrx_word' id='word_1_402' title='bbox 1786 982 1838 1009; x_wconf 76' lang='lat' dir='ltr'>SS.</span> <span class='ocrx_word' id='word_1_403' title='bbox 1859 982 1941 1017; x_wconf 80' lang='lat' dir='ltr'>Sergi</span> <span class='ocrx_word' id='word_1_404' title='bbox 1956 986 1984 1009; x_wconf 87' lang='lat' dir='ltr'>et</span> <span class='ocrx_word' id='word_1_405' title='bbox 2006 983 2095 1009; x_wconf 82' lang='lat' dir='ltr'>Baebi</span> <span class='ocrx_word' id='word_1_406' title='bbox 2111 983 2145 1009; x_wconf 85' lang='lat' dir='ltr'>de</span> 
     </span>
     <span class='ocr_line' id='line_1_58' title="bbox 1140 1031 1645 1071; baseline 0 -12"><span class='ocrx_word' id='word_1_407' title='bbox 1140 1032 1229 1059; x_wconf 83' lang='lat' dir='ltr'>Urbe.</span> <span class='ocrx_word' id='word_1_408' title='bbox 1249 1032 1330 1065; x_wconf 58' lang='lat' dir='ltr'>(Rs-2.</span> <span class='ocrx_word' id='word_1_409' title='bbox 1350 1033 1393 1063; x_wconf 82' lang='lat'>44,</span> <span class='ocrx_word' id='word_1_410' title='bbox 1410 1040 1434 1058; x_wconf 87' lang='lat' dir='ltr'>e.</span> <span class='ocrx_word' id='word_1_411' title='bbox 1453 1032 1496 1063; x_wconf 78' lang='lat'>86,</span> <span class='ocrx_word' id='word_1_412' title='bbox 1514 1032 1532 1058; x_wconf 77' lang='lat' dir='ltr'>f.</span> <span class='ocrx_word' id='word_1_413' title='bbox 1549 1031 1582 1058; x_wconf 69' lang='lat'>‘22</span> <span class='ocrx_word' id='word_1_414' title='bbox 1598 1034 1645 1071; x_wconf 84' lang='lat'>1¹⁰.)</span> 
     </span>
    </p>
   </div>
   <div class='ocr_carea' id='block_1_15' title="bbox 1140 1134 2145 1439">
    <p class='ocr_par' dir='ltr' id='par_1_20' title="bbox 1140 1134 2145 1385">
     <span class='ocr_line' id='line_1_59' title="bbox 1179 1134 2144 1172; baseline -0.001 -8"><span class='ocrx_word' id='word_1_415' title='bbox 1179 1136 1290 1164; x_wconf 78' lang='lat' dir='ltr'>Dilecto</span> <span class='ocrx_word' id='word_1_416' title='bbox 1307 1135 1371 1171; x_wconf 76' lang='lat' dir='ltr'>silio</span> <span class='ocrx_word' id='word_1_417' title='bbox 1390 1136 1477 1164; x_wconf 77' lang='lat' dir='ltr'>Petro</span> <span class='ocrx_word' id='word_1_418' title='bbox 1493 1135 1528 1163; x_wconf 82' lang='lat' dir='ltr'>de</span> <span class='ocrx_word' id='word_1_419' title='bbox 1543 1134 1723 1172; x_wconf 76' lang='lat' dir='ltr'>Columpna,</span> <span class='ocrx_word' id='word_1_420' title='bbox 1741 1134 1895 1172; x_wconf 74' lang='lat' dir='ltr'>capellano</span> <span class='ocrx_word' id='word_1_421' title='bbox 1912 1139 2023 1163; x_wconf 71' lang='lat' dir='ltr'>nostro.</span> <span class='ocrx_word' id='word_1_422' title='bbox 2044 1134 2080 1163; x_wconf 88' lang='lat' dir='ltr'>Ei</span> <span class='ocrx_word' id='word_1_423' title='bbox 2095 1143 2144 1163; x_wconf 91' lang='lat' dir='ltr'>ec-</span> 
     </span>
     <span class='ocr_line' id='line_1_60' title="bbox 1140 1186 2145 1224; baseline -0.001 -7"><span class='ocrx_word' id='word_1_424' title='bbox 1140 1187 1272 1218; x_wconf 86' lang='lat' dir='ltr'>clesiam</span> <span class='ocrx_word' id='word_1_425' title='bbox 1287 1187 1474 1217; x_wconf 81' lang='lat' dir='ltr'>Sanctorum</span> <span class='ocrx_word' id='word_1_426' title='bbox 1493 1187 1583 1224; x_wconf 84' lang='lat' dir='ltr'>Sergi</span> <span class='ocrx_word' id='word_1_427' title='bbox 1597 1190 1626 1216; x_wconf 92' lang='lat' dir='ltr'>et</span> <span class='ocrx_word' id='word_1_428' title='bbox 1643 1187 1743 1216; x_wconf 80' lang='lat' dir='ltr'>Baebi</span> <span class='ocrx_word' id='word_1_429' title='bbox 1758 1186 1796 1216; x_wconf 93' lang='lat' dir='ltr'>de</span> <span class='ocrx_word' id='word_1_430' title='bbox 1817 1187 1914 1224; x_wconf 87' lang='lat' dir='ltr'>Urbe,</span> <span class='ocrx_word' id='word_1_431' title='bbox 1931 1191 2091 1216; x_wconf 86' lang='lat' dir='ltr'>carentem</span> <span class='ocrx_word' id='word_1_432' title='bbox 2106 1187 2145 1216; x_wconf 94' lang='lat' dir='ltr'>ad</span> 
     </span>
     <span class='ocr_line' id='line_1_61' title="bbox 1140 1239 2143 1280; baseline -0.001 -10"><span class='ocrx_word' id='word_1_433' title='bbox 1140 1249 1290 1280; x_wconf 83' lang='lat' dir='ltr'>praesens</span> <span class='ocrx_word' id='word_1_434' title='bbox 1311 1241 1435 1279; x_wconf 89' lang='lat' dir='ltr'>proprio</span> <span class='ocrx_word' id='word_1_435' title='bbox 1455 1239 1628 1277; x_wconf 85' lang='lat' dir='ltr'>cardinali,</span> <span class='ocrx_word' id='word_1_436' title='bbox 1651 1240 1684 1268; x_wconf 93' lang='grc'>111</span> <span class='ocrx_word' id='word_1_437' title='bbox 1702 1239 1920 1278; x_wconf 85' lang='lat' dir='ltr'>spiritualibus</span> <span class='ocrx_word' id='word_1_438' title='bbox 1939 1245 1967 1269; x_wconf 92' lang='lat' dir='ltr'>et</span> <span class='ocrx_word' id='word_1_439' title='bbox 1988 1245 2143 1278; x_wconf 86' lang='lat' dir='ltr'>tempora-</span> 
     </span>
     <span class='ocr_line' id='line_1_62' title="bbox 1140 1293 2145 1333; baseline -0.002 -9"><span class='ocrx_word' id='word_1_440' title='bbox 1140 1295 1223 1325; x_wconf 88' lang='lat' dir='ltr'>libus</span> <span class='ocrx_word' id='word_1_441' title='bbox 1244 1303 1345 1333; x_wconf 81' lang='lat' dir='ltr'>usqne</span> <span class='ocrx_word' id='word_1_442' title='bbox 1362 1294 1401 1323; x_wconf 84' lang='lat' dir='ltr'>ad</span> <span class='ocrx_word' id='word_1_443' title='bbox 1421 1293 1658 1332; x_wconf 86' lang='lat' dir='ltr'>beneplacitum</span> <span class='ocrx_word' id='word_1_444' title='bbox 1678 1293 1762 1322; x_wconf 84' lang='lat' dir='ltr'>sedis</span> <span class='ocrx_word' id='word_1_445' title='bbox 1778 1293 1977 1332; x_wconf 85' lang='lat' dir='ltr'>apostolicae,</span> <span class='ocrx_word' id='word_1_446' title='bbox 1994 1302 2145 1332; x_wconf 90' lang='lat' dir='ltr'>praesen-</span> 
     </span>
     <span class='ocr_line' id='line_1_63' title="bbox 1140 1347 1884 1385; baseline -0.003 -7"><span class='ocrx_word' id='word_1_447' title='bbox 1140 1349 1223 1378; x_wconf 85' lang='lat' dir='ltr'>tium</span> <span class='ocrx_word' id='word_1_448' title='bbox 1238 1348 1423 1378; x_wconf 86' lang='lat' dir='ltr'>auctoritate</span> <span class='ocrx_word' id='word_1_449' title='bbox 1441 1347 1685 1385; x_wconf 82' lang='lat' dir='ltr'>gubernandam</span> <span class='ocrx_word' id='word_1_450' title='bbox 1703 1347 1884 1377; x_wconf 89' lang='lat' dir='ltr'>committit.</span> 
     </span>
    </p>

    <p class='ocr_par' dir='ltr' id='par_1_21' title="bbox 1186 1399 2142 1439">
     <span class='ocr_line' id='line_1_64' title="bbox 1186 1399 2142 1439; baseline 0 -10"><span class='ocrx_word' id='word_1_451' title='bbox 1186 1415 1197 1428; x_wconf 82' lang='grc' dir='ltr'>ι</span> <span class='ocrx_word' id='word_1_452' title='bbox 1215 1402 1304 1431; x_wconf 88' lang='lat' dir='ltr'>Inter</span> <span class='ocrx_word' id='word_1_453' title='bbox 1319 1401 1381 1431; x_wconf 89' lang='lat' dir='ltr'>alia</span> <span class='ocrx_word' id='word_1_454' title='bbox 1399 1410 1499 1439; x_wconf 84' lang='lat' dir='ltr'>que...</span> <span class='ocrx_word' id='word_1_455' title='bbox 1516 1416 1555 1423; x_wconf 93' lang='lat'><strong>—</strong></span> <span class='ocrx_word' id='word_1_456' title='bbox 1571 1400 1641 1430; x_wconf 84' lang='lat' dir='ltr'>Dat.</span> <span class='ocrx_word' id='word_1_457' title='bbox 1660 1400 1773 1437; x_wconf 86' lang='lat' dir='ltr'>Reate,</span> <span class='ocrx_word' id='word_1_458' title='bbox 1791 1409 1861 1429; x_wconf 80' lang='lat' dir='ltr'>xnn</span> <span class='ocrx_word' id='word_1_459' title='bbox 1877 1399 2030 1429; x_wconf 86' lang='lat' dir='ltr'>kalendas</span> <span class='ocrx_word' id='word_1_460' title='bbox 2050 1399 2142 1439; x_wconf 89' lang='lat' dir='ltr'>julii,</span> 
     </span>
    </p>
   </div>
   <div class='ocr_carea' id='block_1_16' title="bbox 1139 1456 1389 1493">
    <p class='ocr_par' dir='ltr' id='par_1_22' title="bbox 1139 1456 1389 1493">
     <span class='ocr_line' id='line_1_65' title="bbox 1139 1456 1389 1493; baseline -0.008 -9"><span class='ocrx_word' id='word_1_461' title='bbox 1139 1463 1224 1484; x_wconf 91' lang='lat' dir='ltr'>anno</span> <span class='ocrx_word' id='word_1_462' title='bbox 1242 1456 1355 1493; x_wconf 88' lang='lat' dir='ltr'>primo.</span> <span class='ocrx_word' id='word_1_463' title='bbox 1377 1466 1389 1481; x_wconf 76' lang='lat' dir='ltr'><em>n</em></span> 
     </span>
    </p>
   </div>
   <div class='ocr_carea' id='block_1_17' title="bbox 1138 1641 2141 1785">
    <p class='ocr_par' dir='ltr' id='par_1_23' title="bbox 1138 1641 2141 1785">
     <span class='ocr_line' id='line_1_66' title="bbox 1212 1641 1295 1668; baseline 0 -1"><span class='ocrx_word' id='word_1_464' title='bbox 1212 1641 1231 1667; x_wconf 84' lang='lat'><strong>1</strong></span> <span class='ocrx_word' id='word_1_465' title='bbox 1241 1641 1295 1668; x_wconf 59' lang='grc' dir='ltr'>’ΞΕ</span> 
     </span>
     <span class='ocr_line' id='line_1_67' title="bbox 1173 1700 2141 1736; baseline -0.003 -7"><span class='ocrx_word' id='word_1_466' title='bbox 1173 1703 1282 1729; x_wconf 89' lang='lat' dir='ltr'>Electio</span> <span class='ocrx_word' id='word_1_467' title='bbox 1296 1702 1445 1728; x_wconf 79' lang='lat' dir='ltr'>Michaelis</span> <span class='ocrx_word' id='word_1_468' title='bbox 1456 1702 1484 1728; x_wconf 87' lang='lat' dir='ltr'>in</span> <span class='ocrx_word' id='word_1_469' title='bbox 1497 1701 1746 1736; x_wconf 74' lang='lat' dir='ltr'>pampilonensem</span> <span class='ocrx_word' id='word_1_470' title='bbox 1763 1701 1932 1735; x_wconf 85' lang='lat' dir='ltr'>episcopum</span> <span class='ocrx_word' id='word_1_471' title='bbox 1948 1700 2141 1727; x_wconf 79' lang='lat' dir='ltr'>confirmatur.</span> 
     </span>
     <span class='ocr_line' id='line_1_68' title="bbox 1138 1750 1542 1785; baseline -0.007 -7"><span class='ocrx_word' id='word_1_472' title='bbox 1138 1751 1220 1785; x_wconf 62' lang='lat' dir='ltr'>(Rae.</span> <span class='ocrx_word' id='word_1_473' title='bbox 1239 1752 1283 1782; x_wconf 72' lang='lat'>44,</span> <span class='ocrx_word' id='word_1_474' title='bbox 1301 1759 1325 1777; x_wconf 86' lang='lat' dir='ltr'>c.</span> <span class='ocrx_word' id='word_1_475' title='bbox 1343 1750 1387 1784; x_wconf 75' lang='lat'>87,</span> <span class='ocrx_word' id='word_1_476' title='bbox 1404 1750 1424 1776; x_wconf 84' lang='lat' dir='ltr'>f.</span> <span class='ocrx_word' id='word_1_477' title='bbox 1441 1750 1473 1776; x_wconf 69' lang='lat'>‘22</span> <span class='ocrx_word' id='word_1_478' title='bbox 1490 1751 1542 1782; x_wconf 83' lang='lat' dir='ltr'><strong>v0.)</strong></span> 
     </span>
    </p>
   </div>
   <div class='ocr_carea' id='block_1_18' title="bbox 1723 1638 2071 1673">
    <p class='ocr_par' dir='ltr' id='par_1_24' title="bbox 1723 1638 2071 1673">
     <span class='ocr_line' id='line_1_69' title="bbox 1723 1638 2071 1673; baseline 0.003 -8"><span class='ocrx_word' id='word_1_479' title='bbox 1723 1638 1817 1670; x_wconf 73' lang='lat' dir='ltr'>Rieu,</span> <span class='ocrx_word' id='word_1_480' title='bbox 1835 1639 1868 1665; x_wconf 73' lang='lat'>‘29</span> <span class='ocrx_word' id='word_1_481' title='bbox 1881 1639 1975 1673; x_wconf 76' lang='lat' dir='ltr'>juillet</span> <span class='ocrx_word' id='word_1_482' title='bbox 1996 1639 2071 1666; x_wconf 70' lang='lat'>1288.</span> 
     </span>
    </p>
   </div>
   <div class='ocr_carea' id='block_1_19' title="bbox 1130 1852 2143 3065">
    <p class='ocr_par' dir='ltr' id='par_1_25' title="bbox 1130 1852 2143 3065">
     <span class='ocr_line' id='line_1_70' title="bbox 1183 1852 2143 1892; baseline -0.004 -8"><span class='ocrx_word' id='word_1_483' title='bbox 1183 1855 1405 1884; x_wconf 76' lang='lat' dir='ltr'>l&#39;encrabilibus</span> <span class='ocrx_word' id='word_1_484' title='bbox 1420 1855 1570 1890; x_wconf 76' lang='lat' dir='ltr'>fratribus</span> <span class='ocrx_word' id='word_1_485' title='bbox 1595 1875 1615 1882; x_wconf 91' lang='lat'>..</span> <span class='ocrx_word' id='word_1_486' title='bbox 1637 1853 1783 1892; x_wconf 75' lang='lat' dir='ltr'>Buryensi</span> <span class='ocrx_word' id='word_1_487' title='bbox 1798 1856 1823 1881; x_wconf 80' lang='lat' dir='ltr'>et</span> <span class='ocrx_word' id='word_1_488' title='bbox 1843 1875 1862 1881; x_wconf 88' lang='lat'>..</span> <span class='ocrx_word' id='word_1_489' title='bbox 1882 1852 2100 1889; x_wconf 71' lang='lat' dir='ltr'>Calayztritatto</span> <span class='ocrx_word' id='word_1_490' title='bbox 2117 1857 2143 1881; x_wconf 79' lang='lat' dir='ltr'>et</span> 
     </span>
     <span class='ocr_line' id='line_1_71' title="bbox 1139 1903 2142 1945; baseline -0.004 -7"><span class='ocrx_word' id='word_1_491' title='bbox 1139 1909 1318 1938; x_wconf 68' lang='lat' dir='ltr'>Celeiatensi</span> <span class='ocrx_word' id='word_1_492' title='bbox 1330 1907 1473 1945; x_wconf 76' lang='lat' dir='ltr'>episeopis</span> <span class='ocrx_word' id='word_1_493' title='bbox 1486 1905 1617 1935; x_wconf 85' lang='lat' dir='ltr'>mandat</span> <span class='ocrx_word' id='word_1_494' title='bbox 1627 1909 1783 1943; x_wconf 88' lang='lat' dir='ltr'>quatenus</span> <span class='ocrx_word' id='word_1_495' title='bbox 1800 1904 1986 1934; x_wconf 83' lang='lat' dir='ltr'>electionem</span> <span class='ocrx_word' id='word_1_496' title='bbox 2000 1903 2142 1934; x_wconf 79' lang='lat' dir='ltr'>Michae—</span> 
     </span>
     <span class='ocr_line' id='line_1_72' title="bbox 1137 1958 2143 1997; baseline -0.005 -6"><span class='ocrx_word' id='word_1_497' title='bbox 1137 1962 1177 1992; x_wconf 90' lang='lat' dir='ltr'>lis</span> <span class='ocrx_word' id='word_1_498' title='bbox 1193 1962 1226 1990; x_wconf 91' lang='lat' dir='ltr'>in</span> <span class='ocrx_word' id='word_1_499' title='bbox 1245 1961 1395 1991; x_wconf 84' lang='lat' dir='ltr'>ecclesiae</span> <span class='ocrx_word' id='word_1_500' title='bbox 1412 1959 1670 1997; x_wconf 87' lang='lat' dir='ltr'>Pampilonensis</span> <span class='ocrx_word' id='word_1_501' title='bbox 1685 1959 1866 1997; x_wconf 84' lang='lat' dir='ltr'>episcopum</span> <span class='ocrx_word' id='word_1_502' title='bbox 1884 1958 2091 1993; x_wconf 84' lang='lat' dir='ltr'>confirment,</span> <span class='ocrx_word' id='word_1_503' title='bbox 2108 1965 2143 1986; x_wconf 91' lang='lat' dir='ltr'>ac</span> 
     </span>
     <span class='ocr_line' id='line_1_73' title="bbox 1136 2012 2143 2052; baseline -0.005 -7"><span class='ocrx_word' id='word_1_504' title='bbox 1136 2015 1216 2045; x_wconf 87' lang='lat' dir='ltr'>alter</span> <span class='ocrx_word' id='word_1_505' title='bbox 1242 2023 1351 2044; x_wconf 88' lang='lat' dir='ltr'>eorum</span> <span class='ocrx_word' id='word_1_506' title='bbox 1382 2013 1488 2052; x_wconf 89' lang='lat' dir='ltr'>ipsum</span> <span class='ocrx_word' id='word_1_507' title='bbox 1516 2012 1652 2042; x_wconf 87' lang='lat' dir='ltr'>electum</span> <span class='ocrx_word' id='word_1_508' title='bbox 1680 2013 1715 2041; x_wconf 91' lang='lat' dir='ltr'>in</span> <span class='ocrx_word' id='word_1_509' title='bbox 1744 2012 1986 2050; x_wconf 62' lang='lat' dir='ltr'>presbyterum,</span> <span class='ocrx_word' id='word_1_510' title='bbox 2019 2012 2143 2040; x_wconf 87' lang='lat' dir='ltr'>statutis</span> 
     </span>
     <span class='ocr_line' id='line_1_74' title="bbox 1138 2065 2143 2108; baseline -0.006 -9"><span class='ocrx_word' id='word_1_511' title='bbox 1138 2068 1344 2108; x_wconf 82' lang='lat' dir='ltr'>temporibus,</span> <span class='ocrx_word' id='word_1_512' title='bbox 1361 2067 1485 2097; x_wconf 86' lang='lat' dir='ltr'>studeat</span> <span class='ocrx_word' id='word_1_513' title='bbox 1501 2066 1649 2096; x_wconf 86' lang='lat' dir='ltr'>ordinare</span> <span class='ocrx_word' id='word_1_514' title='bbox 1665 2070 1694 2094; x_wconf 91' lang='lat' dir='ltr'>et</span> <span class='ocrx_word' id='word_1_515' title='bbox 1710 2070 1876 2104; x_wconf 89' lang='lat' dir='ltr'>postquam</span> <span class='ocrx_word' id='word_1_516' title='bbox 1893 2074 1966 2094; x_wconf 90' lang='lat' dir='ltr'>eum</span> <span class='ocrx_word' id='word_1_517' title='bbox 1981 2065 2021 2093; x_wconf 91' lang='lat' dir='ltr'>ad</span> <span class='ocrx_word' id='word_1_518' title='bbox 2038 2074 2143 2094; x_wconf 88' lang='lat' dir='ltr'>sacer-</span> 
     </span>
     <span class='ocr_line' id='line_1_75' title="bbox 1136 2116 2143 2159; baseline -0.006 -7"><span class='ocrx_word' id='word_1_519' title='bbox 1136 2122 1258 2152; x_wconf 87' lang='lat' dir='ltr'>dotium</span> <span class='ocrx_word' id='word_1_520' title='bbox 1283 2121 1410 2151; x_wconf 69' lang='lat' dir='ltr'>duxerit</span> <span class='ocrx_word' id='word_1_521' title='bbox 1433 2119 1706 2159; x_wconf 86' lang='lat' dir='ltr'>promovendum,</span> <span class='ocrx_word' id='word_1_522' title='bbox 1732 2118 1839 2147; x_wconf 85' lang='lat' dir='ltr'>ascitis</span> <span class='ocrx_word' id='word_1_523' title='bbox 1864 2118 1924 2147; x_wconf 91' lang='lat' dir='ltr'>sibi</span> <span class='ocrx_word' id='word_1_524' title='bbox 1947 2117 2070 2147; x_wconf 92' lang='lat' dir='ltr'>duobus</span> <span class='ocrx_word' id='word_1_525' title='bbox 2092 2116 2143 2146; x_wconf 85' lang='lat' dir='ltr'>vel</span> 
     </span>
     <span class='ocr_line' id='line_1_76' title="bbox 1136 2170 2141 2213; baseline -0.007 -8"><span class='ocrx_word' id='word_1_526' title='bbox 1136 2176 1237 2205; x_wconf 87' lang='lat' dir='ltr'>tribus</span> <span class='ocrx_word' id='word_1_527' title='bbox 1254 2175 1423 2213; x_wconf 84' lang='lat' dir='ltr'>episcopis,</span> <span class='ocrx_word' id='word_1_528' title='bbox 1441 2173 1545 2203; x_wconf 92' lang='lat' dir='ltr'>eidem</span> <span class='ocrx_word' id='word_1_529' title='bbox 1560 2172 1658 2202; x_wconf 90' lang='lat' dir='ltr'>electo</span> <span class='ocrx_word' id='word_1_530' title='bbox 1680 2180 1799 2201; x_wconf 87' lang='lat' dir='ltr'>munus</span> <span class='ocrx_word' id='word_1_531' title='bbox 1817 2170 2063 2200; x_wconf 78' lang='lat' dir='ltr'>consecrationis</span> <span class='ocrx_word' id='word_1_532' title='bbox 2081 2171 2141 2199; x_wconf 91' lang='lat' dir='ltr'>im-</span> 
     </span>
     <span class='ocr_line' id='line_1_77' title="bbox 1135 2224 2139 2268; baseline -0.006 -9"><span class='ocrx_word' id='word_1_533' title='bbox 1135 2230 1263 2268; x_wconf 86' lang='lat' dir='ltr'>pendat.</span> <span class='ocrx_word' id='word_1_534' title='bbox 1274 2229 1395 2258; x_wconf 85' lang='lat' dir='ltr'>—Post</span> <span class='ocrx_word' id='word_1_535' title='bbox 1405 2227 1528 2257; x_wconf 88' lang='lat' dir='ltr'>obitum</span> <span class='ocrx_word' id='word_1_536' title='bbox 1540 2225 1707 2256; x_wconf 80' lang='lat' dir='ltr'>Michaelis</span> <span class='ocrx_word' id='word_1_537' title='bbox 1719 2225 1978 2263; x_wconf 85' lang='lat' dir='ltr'>Pampilonensis</span> <span class='ocrx_word' id='word_1_538' title='bbox 1991 2224 2139 2262; x_wconf 79' lang='lat' dir='ltr'>episcopi,</span> 
     </span>
     <span class='ocr_line' id='line_1_78' title="bbox 1135 2277 2139 2322; baseline -0.007 -9"><span class='ocrx_word' id='word_1_539' title='bbox 1135 2283 1310 2322; x_wconf 88' lang='lat' dir='ltr'>capitulum</span> <span class='ocrx_word' id='word_1_540' title='bbox 1326 2281 1476 2311; x_wconf 87' lang='lat' dir='ltr'>ecclesiae</span> <span class='ocrx_word' id='word_1_541' title='bbox 1489 2281 1565 2310; x_wconf 87' lang='lat' dir='ltr'>Pam</span> <span class='ocrx_word' id='word_1_542' title='bbox 1572 2279 1759 2318; x_wconf 86' lang='lat' dir='ltr'>pilonensis,</span> <span class='ocrx_word' id='word_1_543' title='bbox 1771 2278 1893 2308; x_wconf 88' lang='lat' dir='ltr'>ordinis</span> <span class='ocrx_word' id='word_1_544' title='bbox 1906 2278 1937 2308; x_wconf 80' lang='lat' dir='ltr'>S.</span> <span class='ocrx_word' id='word_1_545' title='bbox 1951 2277 2139 2315; x_wconf 78' lang='lat' dir='ltr'>Augustini,</span> 
     </span>
     <span class='ocr_line' id='line_1_79' title="bbox 1136 2330 2139 2374; baseline -0.008 -8"><span class='ocrx_word' id='word_1_546' title='bbox 1136 2336 1319 2374; x_wconf 81' lang='lat' dir='ltr'>elegeratin</span> <span class='ocrx_word' id='word_1_547' title='bbox 1333 2333 1613 2373; x_wconf 76' lang='lat' dir='ltr'>pampilonensem</span> <span class='ocrx_word' id='word_1_548' title='bbox 1630 2332 1812 2370; x_wconf 89' lang='lat' dir='ltr'>episcopum</span> <span class='ocrx_word' id='word_1_549' title='bbox 1830 2330 2023 2360; x_wconf 84' lang='lat' dir='ltr'>Michaelem</span> <span class='ocrx_word' id='word_1_550' title='bbox 2041 2330 2139 2366; x_wconf 83' lang='lat' dir='ltr'>Petri,</span> 
     </span>
     <span class='ocr_line' id='line_1_80' title="bbox 1135 2382 2140 2426; baseline -0.009 -6"><span class='ocrx_word' id='word_1_551' title='bbox 1135 2390 1398 2420; x_wconf 88' lang='lat' dir='ltr'>archidiaconum</span> <span class='ocrx_word' id='word_1_552' title='bbox 1421 2387 1567 2426; x_wconf 85' lang='lat' dir='ltr'>ejusdem</span> <span class='ocrx_word' id='word_1_553' title='bbox 1582 2385 1752 2421; x_wconf 88' lang='lat' dir='ltr'>ecclesiae,</span> <span class='ocrx_word' id='word_1_554' title='bbox 1770 2386 1804 2414; x_wconf 89' lang='lat' dir='ltr'>iu</span> <span class='ocrx_word' id='word_1_555' title='bbox 1824 2384 2010 2413; x_wconf 85' lang='lat' dir='ltr'>diaconatus</span> <span class='ocrx_word' id='word_1_556' title='bbox 2028 2382 2140 2413; x_wconf 87' lang='lat' dir='ltr'>ordine</span> 
     </span>
     <span class='ocr_line' id='line_1_81' title="bbox 1134 2435 2139 2480; baseline -0.009 -7"><span class='ocrx_word' id='word_1_557' title='bbox 1134 2443 1354 2478; x_wconf 87' lang='lat' dir='ltr'>coustitutum,</span> <span class='ocrx_word' id='word_1_558' title='bbox 1371 2441 1426 2480; x_wconf 88' lang='lat' dir='ltr'>qui</span> <span class='ocrx_word' id='word_1_559' title='bbox 1446 2449 1500 2479; x_wconf 90' lang='lat' dir='ltr'>per</span> <span class='ocrx_word' id='word_1_560' title='bbox 1517 2439 1645 2477; x_wconf 83' lang='lat' dir='ltr'>triginta</span> <span class='ocrx_word' id='word_1_561' title='bbox 1662 2447 1764 2468; x_wconf 89' lang='lat' dir='ltr'>annos</span> <span class='ocrx_word' id='word_1_562' title='bbox 1780 2442 1810 2467; x_wconf 91' lang='lat' dir='ltr'>et</span> <span class='ocrx_word' id='word_1_563' title='bbox 1825 2436 1963 2476; x_wconf 88' lang='lat' dir='ltr'>amplius</span> <span class='ocrx_word' id='word_1_564' title='bbox 1978 2437 2012 2466; x_wconf 91' lang='lat' dir='ltr'>in</span> <span class='ocrx_word' id='word_1_565' title='bbox 2029 2435 2139 2466; x_wconf 86' lang='lat' dir='ltr'>eadem</span> 
     </span>
     <span class='ocr_line' id='line_1_82' title="bbox 1134 2489 2140 2535; baseline -0.01 -7"><span class='ocrx_word' id='word_1_566' title='bbox 1134 2497 1266 2528; x_wconf 88' lang='lat' dir='ltr'>ecclesia</span> <span class='ocrx_word' id='word_1_567' title='bbox 1282 2496 1340 2527; x_wconf 90' lang='lat' dir='ltr'>sub</span> <span class='ocrx_word' id='word_1_568' title='bbox 1357 2495 1507 2535; x_wconf 88' lang='lat' dir='ltr'>praedicti</span> <span class='ocrx_word' id='word_1_569' title='bbox 1522 2493 1644 2524; x_wconf 82' lang='lat' dir='ltr'>ordinis</span> <span class='ocrx_word' id='word_1_570' title='bbox 1661 2491 1863 2522; x_wconf 82' lang='lat' dir='ltr'>observantia</span> <span class='ocrx_word' id='word_1_571' title='bbox 1886 2491 1958 2527; x_wconf 79' lang='lat' dir='ltr'>fuit,</span> <span class='ocrx_word' id='word_1_572' title='bbox 1978 2490 2031 2519; x_wconf 91' lang='lat' dir='ltr'>sed</span> <span class='ocrx_word' id='word_1_573' title='bbox 2047 2489 2140 2519; x_wconf 90' lang='lat' dir='ltr'>dubi—</span> 
     </span>
     <span class='ocr_line' id='line_1_83' title="bbox 1134 2542 2137 2588; baseline -0.012 -6"><span class='ocrx_word' id='word_1_574' title='bbox 1134 2552 1219 2582; x_wconf 88' lang='lat' dir='ltr'>tabat</span> <span class='ocrx_word' id='word_1_575' title='bbox 1242 2551 1362 2580; x_wconf 91' lang='lat' dir='ltr'>dictum</span> <span class='ocrx_word' id='word_1_576' title='bbox 1383 2547 1577 2588; x_wconf 85' lang='lat' dir='ltr'>capitulum,</span> <span class='ocrx_word' id='word_1_577' title='bbox 1598 2558 1610 2573; x_wconf 71' lang='lat'>&lt;1</span> <span class='ocrx_word' id='word_1_578' title='bbox 1630 2550 1756 2585; x_wconf 89' lang='lat' dir='ltr'>propter</span> <span class='ocrx_word' id='word_1_579' title='bbox 1780 2545 1902 2574; x_wconf 88' lang='lat' dir='ltr'>bonum</span> <span class='ocrx_word' id='word_1_580' title='bbox 1924 2542 2137 2578; x_wconf 88' lang='lat' dir='ltr'>conscientie,</span> 
     </span>
     <span class='ocr_line' id='line_1_84' title="bbox 1132 2596 2139 2644; baseline -0.011 -9"><span class='ocrx_word' id='word_1_581' title='bbox 1132 2606 1252 2644; x_wconf 90' lang='lat' dir='ltr'>absque</span> <span class='ocrx_word' id='word_1_582' title='bbox 1266 2603 1398 2633; x_wconf 88' lang='lat' dir='ltr'>licentia</span> <span class='ocrx_word' id='word_1_583' title='bbox 1413 2602 1497 2644; x_wconf 79' lang='lat' dir='ltr'>sedis</span> <span class='ocrx_word' id='word_1_584' title='bbox 1508 2599 1687 2640; x_wconf 83' lang='lat' dir='ltr'>apostolice,</span> <span class='ocrx_word' id='word_1_585' title='bbox 1702 2608 1719 2628; x_wconf 92' lang='lat' dir='ltr'>a</span> <span class='ocrx_word' id='word_1_586' title='bbox 1733 2597 1872 2637; x_wconf 87' lang='lat' dir='ltr'>capitulo</span> <span class='ocrx_word' id='word_1_587' title='bbox 1883 2596 2013 2627; x_wconf 88' lang='lat' dir='ltr'>ecclesie</span> <span class='ocrx_word' id='word_1_588' title='bbox 2029 2596 2139 2625; x_wconf 89' lang='lat' dir='ltr'>Terra-</span> 
     </span>
     <span class='ocr_line' id='line_1_85' title="bbox 1133 2648 2138 2694; baseline -0.012 -6"><span class='ocrx_word' id='word_1_589' title='bbox 1133 2658 1280 2689; x_wconf 89' lang='lat' dir='ltr'>conensis</span> <span class='ocrx_word' id='word_1_590' title='bbox 1296 2657 1335 2686; x_wconf 88' lang='lat' dir='ltr'>ad</span> <span class='ocrx_word' id='word_1_591' title='bbox 1358 2664 1488 2694; x_wconf 90' lang='lat' dir='ltr'>presens</span> <span class='ocrx_word' id='word_1_592' title='bbox 1507 2658 1630 2693; x_wconf 90' lang='lat' dir='ltr'>pastore</span> <span class='ocrx_word' id='word_1_593' title='bbox 1652 2651 1807 2688; x_wconf 87' lang='lat' dir='ltr'>carentis,</span> <span class='ocrx_word' id='word_1_594' title='bbox 1828 2650 1879 2680; x_wconf 90' lang='lat' dir='ltr'>cui</span> <span class='ocrx_word' id='word_1_595' title='bbox 1903 2649 1988 2678; x_wconf 87' lang='lat' dir='ltr'>dicta</span> <span class='ocrx_word' id='word_1_596' title='bbox 2007 2648 2138 2687; x_wconf 85' lang='lat' dir='ltr'>Pampi-</span> 
     </span>
     <span class='ocr_line' id='line_1_86' title="bbox 1132 2703 2138 2744; baseline -0.011 -3"><span class='ocrx_word' id='word_1_597' title='bbox 1132 2711 1275 2742; x_wconf 88' lang='lat' dir='ltr'>lonensis</span> <span class='ocrx_word' id='word_1_598' title='bbox 1299 2709 1433 2739; x_wconf 89' lang='lat' dir='ltr'>ecclesia</span> <span class='ocrx_word' id='word_1_599' title='bbox 1462 2712 1507 2737; x_wconf 88' lang='lat' dir='ltr'>est</span> <span class='ocrx_word' id='word_1_600' title='bbox 1533 2704 1761 2744; x_wconf 81' lang='lat' dir='ltr'>metropolitico</span> <span class='ocrx_word' id='word_1_601' title='bbox 1786 2703 1924 2741; x_wconf 88' lang='lat' dir='ltr'>subjecta</span> <span class='ocrx_word' id='word_1_602' title='bbox 1944 2703 2033 2740; x_wconf 74' lang='lat' dir='ltr'>Jure‚</span> <span class='ocrx_word' id='word_1_603' title='bbox 2049 2710 2138 2731; x_wconf 90' lang='lat' dir='ltr'>occa-</span> 
     </span>
     <span class='ocr_line' id='line_1_87' title="bbox 1132 2754 2136 2798; baseline -0.012 -3"><span class='ocrx_word' id='word_1_604' title='bbox 1132 2766 1221 2795; x_wconf 89' lang='lat' dir='ltr'>sione</span> <span class='ocrx_word' id='word_1_605' title='bbox 1232 2762 1394 2793; x_wconf 88' lang='lat' dir='ltr'>interdicti</span> <span class='ocrx_word' id='word_1_606' title='bbox 1407 2761 1458 2791; x_wconf 91' lang='lat' dir='ltr'>cni</span> <span class='ocrx_word' id='word_1_607' title='bbox 1469 2768 1606 2798; x_wconf 87' lang='lat' dir='ltr'>regnum</span> <span class='ocrx_word' id='word_1_608' title='bbox 1619 2757 1779 2795; x_wconf 83' lang='lat' dir='ltr'>Aragonie</span> <span class='ocrx_word' id='word_1_609' title='bbox 1794 2765 1829 2786; x_wconf 89' lang='lat' dir='ltr'>ac</span> <span class='ocrx_word' id='word_1_610' title='bbox 1841 2760 1923 2785; x_wconf 85' lang='lat' dir='ltr'>terra</span> <span class='ocrx_word' id='word_1_611' title='bbox 1939 2754 2136 2790; x_wconf 83' lang='lat' dir='ltr'>Cathalonie,</span> 
     </span>
     <span class='ocr_line' id='line_1_88' title="bbox 1132 2809 2137 2857; baseline -0.012 -9"><span class='ocrx_word' id='word_1_612' title='bbox 1132 2819 1170 2849; x_wconf 91' lang='lat' dir='ltr'>de</span> <span class='ocrx_word' id='word_1_613' title='bbox 1187 2826 1250 2857; x_wconf 86' lang='lat' dir='ltr'>qua</span> <span class='ocrx_word' id='word_1_614' title='bbox 1271 2816 1381 2846; x_wconf 87' lang='lat' dir='ltr'>civitas</span> <span class='ocrx_word' id='word_1_615' title='bbox 1403 2811 1647 2844; x_wconf 88' lang='lat' dir='ltr'>Terraconensis</span> <span class='ocrx_word' id='word_1_616' title='bbox 1666 2810 1791 2846; x_wconf 79' lang='lat' dir='ltr'>existit,</span> <span class='ocrx_word' id='word_1_617' title='bbox 1808 2809 1993 2839; x_wconf 88' lang='lat' dir='ltr'>auctoritate</span> <span class='ocrx_word' id='word_1_618' title='bbox 2013 2812 2137 2846; x_wconf 90' lang='lat' dir='ltr'>aposto-</span> 
     </span>
     <span class='ocr_line' id='line_1_89' title="bbox 1131 2863 2138 2908; baseline -0.013 -6"><span class='ocrx_word' id='word_1_619' title='bbox 1131 2872 1194 2902; x_wconf 85' lang='lat' dir='ltr'>lica</span> <span class='ocrx_word' id='word_1_620' title='bbox 1211 2871 1277 2901; x_wconf 85' lang='lat' dir='ltr'>fore</span> <span class='ocrx_word' id='word_1_621' title='bbox 1293 2868 1454 2908; x_wconf 89' lang='lat' dir='ltr'>supposita</span> <span class='ocrx_word' id='word_1_622' title='bbox 1470 2866 1692 2900; x_wconf 89' lang='lat' dir='ltr'>dinoscuntur,</span> <span class='ocrx_word' id='word_1_623' title='bbox 1710 2867 1741 2893; x_wconf 89' lang='lat' dir='ltr'>et</span> <span class='ocrx_word' id='word_1_624' title='bbox 1756 2863 1853 2893; x_wconf 87' lang='lat' dir='ltr'>etiam</span> <span class='ocrx_word' id='word_1_625' title='bbox 1868 2865 1996 2901; x_wconf 88' lang='lat' dir='ltr'>propter</span> <span class='ocrx_word' id='word_1_626' title='bbox 2011 2869 2138 2899; x_wconf 86' lang='lat' dir='ltr'>guerra-</span> 
     </span>
     <span class='ocr_line' id='line_1_90' title="bbox 1131 2913 2138 2957; baseline -0.014 -1"><span class='ocrx_word' id='word_1_627' title='bbox 1131 2935 1205 2956; x_wconf 87' lang='lat' dir='ltr'>rum</span> <span class='ocrx_word' id='word_1_628' title='bbox 1228 2922 1415 2954; x_wconf 79' lang='lat' dir='ltr'>discrimina</span> <span class='ocrx_word' id='word_1_629' title='bbox 1439 2921 1474 2950; x_wconf 90' lang='lat' dir='ltr'>in</span> <span class='ocrx_word' id='word_1_630' title='bbox 1499 2919 1562 2949; x_wconf 85' lang='lat' dir='ltr'>illis</span> <span class='ocrx_word' id='word_1_631' title='bbox 1587 2917 1729 2957; x_wconf 89' lang='lat' dir='ltr'>partibus</span> <span class='ocrx_word' id='word_1_632' title='bbox 1753 2915 1998 2954; x_wconf 84' lang='lat' dir='ltr'>ingruentium,</span> <span class='ocrx_word' id='word_1_633' title='bbox 2024 2913 2138 2943; x_wconf 88' lang='lat' dir='ltr'>merito</span> 
     </span>
     <span class='ocr_line' id='line_1_91' title="bbox 1131 2967 2136 3009; baseline -0.014 0"><span class='ocrx_word' id='word_1_634' title='bbox 1131 2977 1339 3009; x_wconf 85' lang='lat' dir='ltr'>formidantes</span> <span class='ocrx_word' id='word_1_635' title='bbox 1356 2973 1634 3005; x_wconf 83' lang='lat' dir='ltr'>confirmationem</span> <span class='ocrx_word' id='word_1_636' title='bbox 1649 2970 1816 3000; x_wconf 87' lang='lat' dir='ltr'>electionis</span> <span class='ocrx_word' id='word_1_637' title='bbox 1831 2967 2016 3007; x_wconf 89' lang='lat' dir='ltr'>hujusmodi</span> <span class='ocrx_word' id='word_1_638' title='bbox 2030 2971 2136 3005; x_wconf 89' lang='lat' dir='ltr'>postu-</span> 
     </span>
     <span class='ocr_line' id='line_1_92' title="bbox 1130 3021 2134 3065; baseline -0.015 -2"><span class='ocrx_word' id='word_1_639' title='bbox 1130 3033 1207 3064; x_wconf 87' lang='lat' dir='ltr'>lare.</span> <span class='ocrx_word' id='word_1_640' title='bbox 1225 3029 1435 3061; x_wconf 86' lang='lat' dir='ltr'>Attendentes</span> <span class='ocrx_word' id='word_1_641' title='bbox 1455 3027 1586 3065; x_wconf 90' lang='lat' dir='ltr'>insuper</span> <span class='ocrx_word' id='word_1_642' title='bbox 1601 3024 1685 3063; x_wconf 79' lang='lat' dir='ltr'>quod</span> <span class='ocrx_word' id='word_1_643' title='bbox 1704 3024 1806 3054; x_wconf 87' lang='lat' dir='ltr'>dictus</span> <span class='ocrx_word' id='word_1_644' title='bbox 1823 3022 1940 3053; x_wconf 88' lang='lat' dir='ltr'>electus</span> <span class='ocrx_word' id='word_1_645' title='bbox 1960 3021 1999 3051; x_wconf 91' lang='lat' dir='ltr'>ob</span> <span class='ocrx_word' id='word_1_646' title='bbox 2014 3028 2134 3058; x_wconf 86' lang='lat' dir='ltr'>expen—</span> 
     </span>
    </p>
   </div>
  </div>
 </body>
</html>
