2477 3637
197 379 254 410 308
526 375 531 379 ’
942 373 1177 404 REGISTRES
1201 373 1254 403 DE
1277 372 1461 403 NICOLAS
1486 372 1540 402 lv.

201 454 264 485 quo
280 444 386 483 plures
401 443 485 473 filios
501 447 531 472 et
548 441 630 471 filias
648 444 863 479 procrearunt,
882 448 1046 470 remanere
1064 440 1200 470 valeant.

239 511 252 526 ι
273 497 418 536 Exposita
436 504 541 526 coram
563 494 689 524 nobis...
709 509 750 516 —
771 493 841 524 Dat.
862 493 982 529 Rome,
999 493 1082 531 apud
1102 493 1201 523 Sanc-

197 556 260 582 tam
272 551 405 580 Mariam
419 549 583 587 Majorem,
603 546 696 576 nonis
709 545 903 582 novembris,
917 554 1004 576 anno
1019 546 1170 576 secundo.
1186 557 1199 572 ι

269 709 383 738 1626
451 705 812 739 Sainte-Marie-Majeure,
833 705 862 732 1⁶2
880 705 1035 732 novembre
1050 705 1128 732 1289.

231 771 274 798 Ad
306 770 549 797 constructionem
579 767 825 795 Claromontensis
854 767 1003 795 ecclesiae.
1034 767 1117 799 (Rau.
1149 768 1178 795 44
1190 788 1198 801 ,

194 830 218 848 c.
237 821 296 852 588,
315 821 332 847 f.
350 820 401 847 ‘245
419 825 464 849 v⁰;
482 818 547 846 Lm.
568 827 601 845 ou
615 817 714 849 Tuam,
732 817 781 848 II.)

240 924 404 953 Venerabili
421 924 550 959 fratri..
568 923 700 959 episcopo
717 926 742 950 et
758 921 874 950 dilectis
889 920 964 957 filiis
983 920 1117 958 capitulo
1136 920 1199 949 Cla-

193 977 436 1007 romaricensibus
458 978 627 1014 proventus
650 978 679 1004 et
702 974 823 1004 fructus
850 973 946 1013 primi
971 973 1049 1002 anui
1079 972 1200 1003 henefi-

193 1031 315 1061 ciorum
333 1029 616 1059 ecclesiasticorum
634 1027 827 1058 secularium
843 1035 924 1065 quae
938 1035 1037 1065 usque
1048 1026 1086 1055 ad
1103 1026 1199 1064 quin-

195 1083 376 1123 quennium
413 1083 445 1112 in
484 1081 739 1112 Claromontensi
777 1080 912 1110 dioecesi
950 1079 1121 1115 vacabunt,
1161 1078 1200 1108 ad

194 1136 464 1167 constructionem
492 1134 644 1165 ecclesiae
669 1134 941 1164 Claromontensis
957 1132 1198 1168 convertendos,

194 1189 346 1220 concedit.

240 1255 252 1269 ι
275 1242 447 1280 Consurgit
468 1241 501 1270 iu
521 1241 649 1271 nobis...
670 1257 708 1262 -—
725 1240 794 1269 Dat.
816 1240 932 1275 Rome,
952 1238 1036 1277 apud
1052 1239 1200 1268 Sanctam

196 1297 330 1326 Mariam
358 1296 511 1333 Major-em
526 1319 532 1331 ,
547 1296 575 1332 {11
598 1295 670 1323 idus
690 1293 887 1328 novembris,
908 1301 994 1322 anno
1013 1292 1163 1322 secundo.
1185 1303 1199 1318 »

265 1455 377 1484 ¹62⁸?
461 1452 819 1486 Salute-Marie—Majeure,
838 1452 870 1478 12
882 1451 1036 1478 novembre
1051 1451 1129 1478 1289.

229 1517 270 1544 Do
291 1517 391 1543 eodem
414 1517 538 1550 negotio.
557 1516 639 1547 (Rea.
658 1516 707 1546 44,
725 1523 750 1542 c.
769 1515 848 1546 5882,
868 1516 886 1541 f.
904 1515 956 1542 245
972 1520 1010 1545 v0,
1028 1522 1062 1540 en
1080 1515 1200 1548 margo.)

234 1622 267 1650 In
290 1630 313 1650 e.
338 1630 378 1649 m.
400 1620 517 1649 dilectis
532 1619 606 1656 filiis
626 1642 644 1647 ..
662 1619 763 1648 abbati
782 1618 929 1648 secularis
950 1618 984 1647 de
1003 1618 1119 1646 Ariona
1134 1620 1163 1646 et
1179 1639 1200 1647 ..

192 1675 303 1704 decano
325 1674 359 1703 cte
375 1672 547 1708 Hermenco,
568 1672 822 1701 Claromontensis
838 1672 975 1707 diocesis,
994 1680 1028 1700 ar
1047 1694 1065 1699 ..
1084 1672 1203 1700 cantori

193 1727 373 1756 Morinensis
390 1727 584 1755 ecclesiaram
600 1725 731 1755 mandat
745 1728 904 1763 quatenus
921 1723 1048 1754 eosdem
1067 1723 1200 1761 fructus,

193 1780 337 1810 redditus
353 1784 382 1809 et
397 1783 571 1818 proventus
583 1778 731 1817 praefatis
746 1778 892 1816 episcopo
904 1781 934 1807 et
945 1777 1081 1816 capitulo
1089 1777 1202 1806 minis-

194 1834 269 1863 trari
286 1833 415 1863 saciant.
1128 1859 1130 1861 .

234 1899 246 1914 a
264 1886 435 1924 Consurgit
451 1886 483 1915 in
503 1885 630 1915 nobis...
657 1902 696 1908 —
717 1885 786 1914 Dat.
809 1884 929 1921 Rome,
951 1884 1035 1923 apud
1052 1884 1201 1914 Sanctam

195 1940 329 1969 Mariam
353 1940 522 1977 Majorem,
547 1948 565 1967 11
590 1938 660 1967 idus
682 1938 882 1974 novembris,
901 1946 986 1967 anno
1010 1937 1161 1968 secundo.
1186 1949 1199 1963 n

267 2099 380 2127 ¹⁶28
756 2097 847 2126 Rieti.
867 2097 898 2123 15
918 2096 1034 2123 octobre
1052 2096 1129 2123 1289.

229 2160 413 2195 Dispensatio
444 2168 531 2194 super
561 2159 674 2186 defectu
707 2159 853 2185 natalium.
886 2159 968 2192 (Rue.
1001 2159 1048 2190 44,
1078 2167 1103 2185 c.
1130 2159 1201 2190 589,

193 2210 212 2236 f.
230 2209 281 2236 246
298 2211 345 2241 rss.)

234 2312 355 2341 Cinlltz'o
378 2313 504 2340 Romani
532 2311 648 2340 Cinthz'i
678 2312 711 2340 de
739 2312 829 2340 Pinea
843 2335 849 2346 ,
871 2312 1015 2340 canonico
1038 2311 1200 2348 Capua-no,

193 2374 329 2404 quocum
353 2366 419 2403 jam
446 2365 485 2393 ab
507 2365 648 2395 Honorio
667 2365 734 2394 IIII
759 2365 979 2402 dispensatum
999 2368 1044 2393 est
1064 2369 1114 2399 nt,
1139 2373 1199 2393 nou

194 2419 338 2449 obstante
355 2419 477 2448 defectu
499 2418 654 2448 natalium
673 2427 768 2457 quem
787 2418 921 2457 patitur,
944 2427 960 2448 e
983 2417 1084 2447 soluto
1109 2422 1202 2447 natus

195 2471 354 2507 etsoluta,
371 2471 410 2501 ad
428 2480 540 2501 omnes
556 2471 686 2501 ordines
703 2471 881 2510 promoveri
899 2475 928 2500 et
942 2470 1134 2500 beneficium
1148 2471 1202 2501 ob-

197 2525 297 2555 tinere
319 2525 450 2561 valeret,
474 2524 622 2562 indulget
638 2529 671 2554 ut
693 2529 894 2563 personatum
915 2524 963 2554 vel
987 2524 1178 2562 dignitatem
1193 2547 1200 2561 ,

194 2584 322 2616 excepta
344 2579 500 2615 (lignitate
523 2578 705 2617 episcopali,
726 2578 863 2617 recipere
881 2578 993 2607 valeat.

238 2644 250 2657 (ι
271 2632 392 2661 Meritis
413 2636 463 2660 tue
479 2631 693 2662 devotionis...
711 2648 749 2653 —
766 2632 837 2661 Dat.
858 2632 972 2668 Reate,
992 2631 1098 2661 idibus
1116 2635 1201 2661 octo-

196 2685 260 2714 bris
272 2708 278 2719 ,
296 2694 382 2715 anno
398 2685 548 2714 secundo.
570 2698 582 2709 n

269 2846 287 2871 ¹
296 2845 381 2872 (329

235 2905 415 2940 Dispensatio
445 2916 533 2941 super
563 2907 675 2934 defectu
709 2908 854 2934 natalium.
887 2907 969 2939 (ltro.
998 2908 1044 2937 44,
1075 2916 1099 2933 c.
1131 2908 1201 2937 591),

198 2954 215 2979 s.
234 2956 282 2980 2¹40
307 2958 350 2983 1¹⁰.)

766 2845 850 2875 Rieu,
874 2846 901 2871 15
916 2845 1033 2871 octobre
1055 2845 1130 2871 1289.

239 3073 258 3078 ..
281 3051 378 3078 abbati
408 3054 582 3080 manasterii
608 3053 800 3081 Clarenrrllis.
828 3054 1033 3081 cisterciensis
1062 3053 1201 3087 ordinis,

1285 439 1514 469 mediolanensis
1534 439 1671 476 diocesis,
1689 439 1859 468 committit
1875 444 2033 478 qnatenus
2047 449 2121 472 cum
2135 443 2285 482 Antonio,

1285 492 1484 531 presbytero,
1503 492 1647 531 ejusdem
1665 493 1848 522 monasterii
1871 493 2027 523 monacho
2040 519 2047 532 ,
2065 495 2227 534 dispenset
2241 501 2285 534 ut,

1285 553 1347 575 non
1371 545 1516 575 obstante
1537 545 1661 575 defectu
1688 545 1844 575 natalium
1869 554 1965 585 quem
1985 547 2116 586 patitur,
2139 557 2156 579 e
2176 548 2289 583 clerico

1284 598 1317 628 in
1336 599 1514 629 minoribus
1529 599 1698 629 ordinibus
1714 599 1884 629 constituto
1899 604 1991 630 natus
2007 604 2037 630 et
2051 602 2235 641 conjugata,
2252 604 2288 636 in

1283 642 1436 690 susceptis
1447 651 1615 682 ordinibus
1632 652 1818 682 ministrare
1833 657 1864 682 et
1874 652 1912 682 ad
1923 652 2218 686 administrationes
2233 665 2288 689 seu

1282 704 1387 735 officia
1403 705 1522 735 ordinis
1536 705 1585 735 sui
1601 705 1721 734 assumi
1741 705 1853 734 valeat.

1324 771 1338 785 «
1356 758 1526 796 Regularis
1542 757 1666 787 ordinis
1682 758 1949 796 professoribus..
1964 776 2003 781 —
2015 759 2086 790 Dat.
2105 764 2138 790 ut
2153 769 2258 800 supra.
2272 773 2286 790 ι
2332 794 2336 802 Ι

1355 931 1471 960 1630

1318 994 1525 1030 Indulgentiae.
1541 995 1624 1028 (Rau.
1643 995 1692 1027 44,
1710 1003 1736 1022 c.
1751 996 1818 1030 591,
1839 996 1857 1022 s.
1874 995 1926 1024 246
1943 996 1990 1030 ΓΟ.)

1563 931 1920 967 Sainte-Mane-Majeure,
1937 933 1953 959 6
1971 933 2123 960 novembre
2141 933 2218 962 1290.

1329 1098 1549 1127 Venerabilibus
1561 1099 1710 1135 fratribus
1728 1120 1748 1127 ..
1763 1099 1894 1136 episcopo
1910 1104 1935 1128 et
1948 1099 2066 1128 dilectis
2076 1099 2151 1136 filiis
2159 1101 2291 1138 capitulo

1290 1152 1458 1180 Ver-alanis.
1479 1150 1720 1189 Indulgentiam
1739 1151 1834 1181 unius
1855 1151 1933 1180 anui
1951 1156 1980 1181 et
1998 1151 2057 1181 XL
2071 1151 2200 1187 dierum
2216 1161 2292 1184 con-

1284 1203 1365 1234 cedit
1388 1204 1433 1233 eis
1451 1203 1507 1243 qui
1531 1204 1761 1242 praedictorum
1784 1203 1972 1242 ecclesiam,
1991 1204 2123 1244 apostoli
2144 1205 2293 1238 Andreae
2307 1229 2323 1258 3

1285 1257 1415 1287 nomine
1433 1257 1636 1295 insignitam,
1654 1258 1687 1287 in
1702 1261 1884 1288 sanctorum
1901 1257 2062 1296 Andreae,
2078 1257 2177 1289 Blasii
2189 1262 2221 1289 et
2233 1258 2317 1294 Dea.

1283 1310 1392 1339 metrii
1405 1314 1435 1340 et
1450 1310 1558 1340 beatae
1575 1311 1694 1340 Mariae
1706 1311 1828 1347 Jacobi,
1843 1319 1978 1350 quorum
1990 1320 2121 1350 corpora
2133 1311 2170 1342 in
2182 1311 2307 1345 eadem2

1284 1362 1416 1393 ecclesia
1439 1364 1661 1402 requiescunt,
1678 1364 1902 1394 festivitatibus
1923 1365 2136 1395 visitaverint.

1326 1429 1339 1443 α
1366 1416 1590 1456 Apostolorum
1613 1417 1716 1455 gloria
1742 1418 1864 1449 inter...
1894 1435 1933 1440 —
1962 1418 2034 1448 Dat.
2059 1412 2181 1457 Rome,
2211 1418 2308 1459 apud:

1284 1470 1433 1501 Sanctam
1458 1471 1593 1501 Mariam
1617 1472 1788 1510 Maiorem,
1808 1481 1865 1501 vni
1886 1472 1959 1502 idus
1982 1472 2165 1503 novembris
2178 1494 2187 1510 ,
2206 1481 2293 1504 anno
2302 1478 2323 1507 ἢ

1284 1524 1435 1555 secundo.
1459 1538 1470 1550 »

1323 1700 1342 1727 Ι
1350 1699 1434 1728 631
1443 1700 1479 1727 -Ι
1489 1699 1575 1728 (332
1615 1698 1978 1734 Sainte-Marie-Majeure,
1989 1699 2004 1726 5
2016 1698 2171 1726 novembre
2183 1697 2262 1727 1289.
2270 1725 2279 1733 ,

1320 1761 1506 1796 Dispensatio
1523 1762 1707 1789 matrimonii.
1728 1762 1810 1794 (Rae.
1827 1763 1870 1796 44,
1887 1771 1912 1789 c.
1930 1761 1990 1793 592,
2008 1762 2028 1789 f.
2044 1762 2096 1790 246
2113 1764 2157 1794 1¹⁰.)

1330 1866 1495 1895 Venerabili
1513 1866 1608 1900 fratri
1625 1888 1645 1895 ..
1663 1867 1796 1904 episcopo
1811 1866 1986 1895 Florentino
2001 1865 2174 1896 committit
2187 1868 2295 1905 quate-

1285 1927 1345 1948 nus
1364 1928 1437 1948 cum
1455 1918 1563 1948 Ghino
1575 1942 1582 1954 ,
1600 1922 1673 1948 nato
1690 1918 1851 1957 quondam
1868 1918 2022 1948 Carinani
2040 1918 2079 1948 de
2102 1917 2295 1956 Villanova,

1285 1976 1315 2001 et
1339 1971 1439 2002 nobili
1465 1971 1601 2001 muliere
1626 1971 1766 2007 Talana,
1797 1975 1871 2001 nata
1895 1971 2058 2010 quondam
2087 1971 2187 2001 Bindi
2214 1971 2311 2011 Basa,

1284 2025 1392 2055 chiere
1404 2049 1411 2061 ‚
1435 2025 1558 2055 civibus
1579 2025 1790 2061 Florentinis,
1808 2025 1973 2064 dispenset
1989 2030 2024 2055 ut
2038 2025 2073 2055 in
2089 2024 2294 2057 matrimonio

1285 2078 1368 2117 quod
1389 2078 1485 2116 olim,
1502 2078 1687 2116 ignorantes
1708 2082 1820 2116 quarto
1841 2078 2131 2115 consanguinitatis
2146 2078 2246 2117 gradu
2261 2086 2312 2109 se.

1284 2132 1472 2171 conjunctos
1487 2140 1567 2168 esse,
1582 2131 1621 2161 ad
1633 2131 1788 2161 sedandas
1805 2132 1960 2162 {uimitias
1978 2133 2062 2162 inter
2079 2132 2295 2170 progenitores

1284 2190 1383 2221 ortas,
1402 2189 1648 2221 contraxerunt,
1669 2190 1699 2214 et
1719 2185 1754 2214 in
1775 2193 1837 2223 quo
1856 2185 1977 2224 prolem
1998 2189 2227 2224 procrearunt,
2243 2191 2307 2215 rest

1284 2247 1416 2268 manere
1431 2237 1568 2269 valeant.
2303 2245 2309 2270 ἴ

1326 2304 1340 2318 (ι
1358 2291 1589 2329 Significarunt
1608 2291 1700 2321 nobis
1717 2291 1892 2321 dilectus...
1915 2309 1952 2313 ν-
1976 2292 2047 2322 Dat.
2070 2292 2192 2328 Rome,
2210 2290 2308 2330 apud!

1284 2344 1434 2374 Sanctam
1455 2345 1590 2374 Mariam
1611 2345 1782 2383 Major-em,
1802 2345 1896 2375 nonis
1921 2345 2121 2382 novembris,
2137 2353 2224 2376 anno
2243 2353 2293 2376 se-

1285 2398 1400 2428 cundo.
1421 2410 1433 2424 n

1326 2452 1362 2480 Iu
1381 2460 1407 2480 e.
1430 2460 1471 2481 m.
1489 2451 1605 2480 eidem.
1626 2451 1766 2481 Eandem
1786 2451 2060 2490 dispensationem
2079 2451 2224 2482 concedit
2236 2447 2302 2490 pro'

1287 2505 1426 2542 Danim,
1448 2509 1521 2534 nato
1540 2504 1635 2535 Bindi
1654 2505 1844 2542 Baschiere,
1862 2510 1892 2535 et
1907 2505 2022 2542 Telda,
2041 2509 2115 2535 nata
2131 2503 2293 2545 quondam
2315 2494 2317 2498 Α

1286 2558 1437 2589 Car-inani
1455 2559 1493 2588 de
1510 2558 1689 2595 villanova,
1707 2559 1763 2598 qui
1782 2559 1882 2589 filiam
1901 2562 2117 2598 procrearunt.

1361 2733 1380 2760 Ι
1387 2733 1475 2760 633

1323 2795 1473 2829 Margarita
1496 2795 1530 2820 dc
1553 2794 1700 2821 Montibus
1717 2796 1890 2821 monasterio
1918 2794 2035 2821 Farensi
2051 2794 2196 2821 abbatissa
2210 2799 2295 2829 prae-

1287 2845 1390 2871 ficitur.
1408 2844 1490 2877 (stt-:o-
1507 2845 1554 2873 44,
1572 2852 1597 2870 c.
1615 2844 1676 2875 593,
1693 2844 1712 2870 s.
1730 2844 1780 2871 ‘246
1798 2846 1849 2876 νο.)

1560 2732 1923 2767 Sainte-Marie-Mnjeure,
1941 2732 1957 2758 9
1973 2731 2128 2758 novembre
2145 2730 2221 2758 1289.

1328 2947 1432 2975 Dileclr
1453 2948 1481 2975 sn
1508 2947 1628 2976 Christo
1652 2947 1716 2983 filie
1737 2947 1922 2984 illarqarete,
1950 2947 2092 2976 abbatisse
2114 2943 2292 2975 monasterii
2312 2950 2319 2973 ·,
2355 2935 2358 2939 ’

1287 3001 1424 3029 Farensis
1437 3022 1444 3035 ,
1460 2999 1578 3028 ordinis
1594 3000 1698 3029 Sancti
1713 3001 1875 3037 Benedicti,
1888 3000 2044 3029 Meldensis
2059 2999 2193 3028 diocesis.
2217 3009 2231 3024 α
2249 2995 2298 3026 Ea.-

1286 3062 1347 3091 que
1361 3052 1485 3090 judicio
1501 3056 1559 3081 etc.
1579 3061 1681 3090 usque
1697 3053 1903 3083 communiri.
1923 3054 2007 3082 Sane
2029 3051 2136 3090 petitio
2159 3054 2212 3080 tua
2234 3056 2292 3079 no·
2326 3048 2330 3050 ’
