2342 3652
924 351 1157 391 Tnoisn'sMn
1179 351 1335 393 ANNnn.
2115 363 2172 393 495

84 427 323 466 Indulgentiam
343 427 438 456 unius
455 426 532 456 anni
556 430 586 456 et
608 436 645 456 xi.
669 427 794 457 dierum
811 427 955 457 concedit
970 428 1015 457 eis
1031 427 1087 466 qui

83 482 247 514 ecclesiam
272 481 406 510 fratrum
429 481 591 510 minorum
615 481 872 519 Grayacensem,
899 482 1088 511 Bisuntinae

85 535 250 571 dioecesis,
272 535 304 563 in
331 533 484 563 honorem
510 533 592 563 beati
618 534 781 563 Francisci
803 539 1031 570 constructam,
1052 534 1086 563 in

84 587 227 628 ejusdem
245 587 362 622 sancti,
385 586 417 616 S.
437 586 570 615 Antonii
588 591 618 616 et
634 591 760 616 sanctae
781 587 891 616 Clarae
908 586 1087 617 festivitati-

85 643 142 672 bus
157 645 187 671 et
204 650 258 680 per
272 645 340 671 octo
356 640 425 670 dies
440 644 609 679 sequentes
626 641 836 671 visitaverint.

125 707 138 722 ι
157 693 238 724 Cum
253 693 292 722 ad
308 693 556 731 promerenda...
569 710 607 715 —
624 694 695 723 Dat.
712 694 795 732 apud
811 695 1087 731 Urbemveterem,

87 757 120 778 nt
135 746 287 777 kalendas
304 746 443 783 augusti,
460 755 547 776 anno
568 747 666 776 tertio.
687 759 700 772 υ

124 801 162 830 In
185 809 212 829 e.
238 809 280 829 m.
305 799 443 836 eisdem,
469 807 525 837 pro
546 799 721 829 cathedrali
747 800 879 829 ecclesia
902 799 1088 830 Claromon-

87 853 183 889 tensi,
202 853 235 882 in
251 853 406 882 honorem
422 852 531 882 beatae
550 853 672 882 Mariae
692 857 722 882 et
739 853 904 883 beatorum
926 853 1042 882 Vitalis
1060 855 1091 881 et

87 906 251 946 Agricolae
269 910 458 937 constructa.
478 906 549 935 Dat.
568 911 601 935 ut
619 915 723 945 supra.

126 960 164 990 ln
180 969 206 990 e.
225 969 267 989 m.
283 959 414 994 eisdem,
429 968 484 998 pro
497 958 629 989 ecclesia
645 959 779 989 fratrum
794 959 956 989 minorum
970 960 1008 989 de
1025 960 1090 989 Lis-

87 1014 221 1050 sordem,
236 1013 450 1043 Lausauensis
464 1013 628 1043 dioecesis.

127 1079 140 1095 ι
162 1067 248 1097 Licet
265 1067 293 1097 is
309 1067 385 1098 de...
403 1083 442 1089 -
460 1066 531 1096 Dat.
548 1071 584 1096 ut
602 1076 707 1105 supra.
728 1078 741 1093 n
758 1066 909 1105 (Pomm,
927 1066 1050 1106 23344).

683 1166 810 1197 Orviet0,
828 1168 842 1194 8
858 1168 925 1193 aout
942 1168 1019 1195 1290.

124 1237 163 1267 In
181 1246 207 1266 e.
228 1246 272 1266 m.
297 1236 435 1272 eisdem,
453 1245 508 1275 pro
533 1236 708 1266 cathedrali
732 1237 864 1267 ecclesia
885 1238 1088 1268 Toruacensi.

127 1301 141 1317 «
157 1289 229 1320 Vite
252 1290 435 1329 perempnis
460 1289 600 1328 gloria...
618 1307 656 1310 —
679 1290 749 1319 Dat.
774 1291 856 1329 apud
882 1291 1091 1322 Urbemvete-

87 1351 164 1381 rem,
181 1352 212 1373 vt
228 1343 301 1373 idus
318 1343 457 1381 augusti,
475 1351 560 1373 anno
579 1343 681 1373 tertio.
704 1355 716 1369 n

640 1438 768 1472 Orviet0‚
786 1439 819 1465 ‘23
834 1439 925 1473 juillet¹
942 1439 1021 1466 1290.

127 1508 165 1537 In
182 1516 209 1537 e.
226 1516 271 1537 m.
291 1507 429 1543 eisdem,
448 1516 503 1546 pro
520 1507 652 1537 ecclesia
668 1508 776 1537 Sancti
794 1508 962 1538 Saturnini
979 1509 1017 1538 de
1035 1509 1094 1538 La-

89 1561 194 1599 begia‚
214 1560 415 1591 Tholosanae
431 1561 597 1591 dioecesis.
619 1561 690 1591 Dat.
708 1561 791 1600 apud
814 1562 1092 1598 Urbemveterem,

89 1623 107 1644 x
121 1613 273 1644 kalendas
289 1614 430 1652 augusti,
444 1623 530 1644 anno
547 1614 648 1644 tertio.

640 1707 772 1741 Orvieto,
790 1708 822 1735 ε26
836 1709 930 1743 J'uillet
948 1709 1023 1736 1290.

130 1777 168 1807 In
185 1785 212 1806 e.
230 1785 273 1806 m.
289 1776 422 1813 eisdem,
439 1785 493 1815 pro
507 1776 639 1806 ecclesia
652 1799 672 1806 ..
686 1777 863 1807 abbatissae
878 1782 908 1807 et
921 1782 1096 1808 conventus

92 1830 274 1860 monasterii
292 1830 407 1859 Beatae
424 1830 544 1859 Mariae
560 1829 599 1859 de
616 1829 739 1868 Regula
757 1830 1005 1862 Lemovicensis.
1024 1832 1094 1861 Dat.

88 1883 171 1922 apud
190 1883 471 1919 Urbemveterem,
488 1892 533 1912 vn
554 1882 708 1912 kalendas
731 1884 873 1921 augusti,
889 1893 974 1914 anno
994 1885 1094 1914 tertio.

129 1937 168 1966 In
184 1945 211 1966 e.
233 1945 276 1965 m.
294 1936 431 1973 eisdem,
449 1945 504 1975 pro
523 1936 655 1966 ecclesia
673 1937 781 1966 Sancti
798 1938 926 1973 Aredii,
948 1938 1096 1968 Lemovi—

88 1990 193 2020 censis
210 1989 373 2020 dioecesis.
391 1990 463 2019 Dat.
482 1995 517 2020 ut
532 1999 626 2029 supra
641 1990 701 2028 (En
717 1991 845 2030 marqe).

638 2090 764 2121 Orvieto,
785 2092 816 2118 15
833 2092 928 2126 juillet
945 2092 1022 2118 1290.

129 2161 168 2190 ln
184 2169 212 2190 e.
230 2169 273 2190 m.
291 2160 424 2197 eisdem,
443 2169 499 2198 pro
515 2160 647 2190 ecclesia
663 2184 682 2191 ..
696 2161 865 2198 guardiani
878 2167 907 2191 et
920 2166 1097 2192 conventus

90 2213 222 2244 fratrum
245 2213 410 2243 minorum
432 2214 742 2250 Mediolanensium,
762 2214 795 2243 in
819 2224 881 2252 qua
903 2219 996 2253 caput
1014 2215 1097 2245 beati
1122 2230 1124 2232 v

91 2267 255 2298 Barnabae
273 2266 406 2306 apostoli
423 2272 454 2297 et
469 2276 599 2306 corpora
616 2271 797 2297 sanctorum
816 2269 947 2298 Martini
964 2273 993 2298 et
1011 2268 1096 2304 Gaii,

89 2320 400 2359 archiepiscoporum
437 2320 727 2351 Mediolanensium
740 2344 748 2358 ,
776 2322 992 2360 requiescunt.
1025 2323 1095 2352 Dat.

89 2373 172 2413 apud
189 2374 463 2408 Urhemveterem,
482 2374 588 2404 idibus
603 2373 688 2412 julii,
705 2383 791 2405 anno
808 2375 899 2405 tertio
914 2375 1031 2414 (ibid).

130 2427 168 2457 In
182 2437 210 2458 e.
225 2436 269 2457 m.
284 2427 417 2464 eisdem,
433 2435 490 2466 pro
506 2426 638 2457 ecclesia
651 2449 670 2457 ..
690 2428 860 2465 guardiani
877 2433 906 2457 et
921 2433 1098 2459 conventus

91 2480 224 2511 fratrum
239 2481 403 2511 minorum
426 2480 692 2511 Vercellensium.
718 2481 789 2511 Dat.
812 2485 846 2511 ut
865 2491 959 2520 supra
979 2481 1096 2521 (lizia).

644 2581 772 2614 Orvieto,
791 2582 823 2609 18
836 2583 931 2617 juillet
948 2582 1024 2610 1290.

129 2651 167 2681 In
183 2660 210 2681 e.
230 2660 272 2681 m.
295 2650 432 2688 eisdem,
452 2659 508 2690 pro
525 2650 657 2680 ecclesia
676 2673 695 2681 ..
716 2652 884 2689 guardiani
908 2654 937 2681 et
963 2652 1096 2682 fratrum

92 2704 254 2735 minorum
282 2704 564 2734 Recanatensium.
599 2704 671 2733 Dat.
703 2704 787 2743 apud
815 2705 1095 2740 Urbemveterem,

92 2766 132 2787 xv
150 2757 304 2788 kalendas
319 2757 464 2795 augusti,
483 2766 570 2787 anno
587 2757 679 2787 tertio
695 2757 802 2796 (Ibz'd.;
821 2758 957 2793 Pomm,
976 2757 1096 2796 23325).

645 2858 772 2891 Orvieto,
791 2859 821 2885 31
837 2859 931 2893 juillet
948 2858 1025 2886 1‘290.

131 2929 170 2959 In
185 2938 212 2959 e.
230 2938 274 2959 m.
289 2929 423 2966 eisdem,
440 2937 497 2968 pro
513 2928 645 2958 ecclesia
662 2928 798 2957 fratrum
815 2928 978 2957 minorum
996 2927 1097 2956 Anco-

93 2982 211 3012 nitana.
238 2983 309 3012 Dat.
334 2982 419 3021 apud
444 2981 725 3017 Urhemveterem,
743 2990 764 3010 11
783 2980 936 3010 kalendas
953 2979 1096 3017 augusti,

90 3043 176 3066 anno
191 3036 292 3066 tertio.

1241 427 1456 457 3002-301
1468 430 1487 456 Ι

1205 488 1353 515 Johannes
1368 490 1456 517 abbas
1472 491 1644 517 monasterio
1656 490 1753 517 Sancti
1769 490 1900 525 Dionysii
1916 492 1944 517 in
1960 491 2078 517 Francia
2092 499 2174 526 prae-

1170 538 1275 565 ficitur.
1294 539 1375 572 (Rae.
1393 540 1437 570 45,
1454 548 1477 566 c.
1495 540 1554 570 32‘2,
1572 541 1591 566 f.
1609 540 1641 567 6²2
1659 544 1704 572 ro.)

1727 428 1853 462 Orvieto,
1870 429 1901 456 30
1914 429 2008 463 juillet
2025 429 2101 456 1290.

1211 641 1320 670 Dilecto
1339 642 1401 678 filio
1419 644 1510 678 fratri
1524 643 1676 678 ιῙοΙιαηηῐ,
1694 645 1780 672 electo
1799 645 1979 672 monasteris
1994 644 2097 674 Sancti
2113 646 2175 673 Aa·

1171 695 1259 723 doeni
1282 696 1541 734 Rothomayensis,
1566 698 1681 725 ordinis
1704 697 1735 725 S.
1764 697 1923 726 Benedicti.
1949 697 2087 726 Vacante
2106 705 2173 727 mo-

1172 748 1315 780 nasterio,
1333 748 1441 777 Sancti
1467 749 1613 778 Andoeni
1634 749 1883 786 Rothomagensi
1901 759 1954 787 per
1970 754 2104 779 mortem
2120 750 2175 779 Jo-

1172 800 1308 836 hannis,
1336 806 1511 830 conventus
1527 801 1604 831 duas
1621 801 1810 839 electiones,
1827 803 1958 832 alteram
1977 804 2123 833 videlicet
2138 804 2176 833 de

1172 853 1295 882 Thoma
1320 853 1357 882 de
1388 854 1531 883 Brueriis
1559 858 1589 883 et
1612 854 1744 884 alteram
1769 855 1807 884 de
1831 856 1992 894 quondam
2023 858 2175 893 Roberto,

1172 906 1338 935 monachis
1361 907 1504 944 ejusdem
1530 908 1732 944 monasterii,
1760 908 1912 938 feceruut.
1939 910 2005 939 Hoc
2026 919 2099 940 vero
2122 919 2175 940 ne-

1173 960 1256 996 gotio
1273 959 1312 987 ad
1335 960 1440 989 sedem
1463 960 1665 998 apostolicam
1688 960 1836 990 devoluto
1856 965 1885 991 et
1911 963 1965 998 B.‚
1990 963 2097 993 Sancti
2122 964 2178 993 Ni-

1173 1011 1253 1041 colai
1278 1012 1311 1040 in
1338 1012 1471 1042 Carcere
1493 1013 1643 1043 Tulliano
1671 1014 1843 1050 cardinali,
1870 1015 2012 1045 auditore
2038 1017 2178 1054 partibus

1174 1073 1333 1101 concesso,
1353 1071 1420 1104 post
1435 1066 1560 1105 aliquos
1579 1076 1740 1105 processus
1758 1068 1914 1097 Robertns
1930 1073 2074 1100 mortuus
2090 1074 2136 1099 est
2151 1074 2180 1100 et

1174 1118 1313 1149 Thomas
1329 1120 1393 1157 juri
1416 1128 1472 1149 suo
1494 1121 1701 1149 renuntiavit.
1722 1121 1826 1156 Quare
1847 1130 1933 1151 nunc
1956 1131 2033 1161 papa
2055 1123 2177 1152 Johan-

1174 1180 1266 1208 nem,
1291 1172 1429 1210 priorem
1452 1173 1636 1202 monasterii
1662 1173 1769 1203 Sancti
1797 1174 1945 1213 Dionysii
1970 1175 2004 1204 in
2028 1176 2178 1206 Francia.

1174 1226 1367 1255 monasterio
1385 1225 1493 1255 Sancti
1519 1226 1665 1255 Andoeni
1686 1226 1831 1256 abbatem
1849 1228 1999 1265 praeficit.

1218 1290 1231 1304 ι(
1253 1278 1302 1308 Ad
1322 1279 1512 1309 universalis
1535 1279 1704 1311 ecclesie...
1723 1297 1761 1300 —
1779 1280 1850 1310 Dat.
1870 1280 1953 1319 apud
1970 1281 2180 1311 Urbemvete-

1176 1340 1255 1366 rem,
1274 1341 1306 1360 111
1326 1331 1480 1361 kalendas
1497 1333 1635 1370 augusti,
1653 1342 1738 1363 anno
1755 1333 1857 1363 tertio.
1879 1345 1891 1360 n

1217 1384 1255 1413 In
1275 1393 1302 1413 e.
1319 1393 1361 1413 m.
1385 1386 1556 1415 conventui
1578 1386 1765 1415 monasterii
1788 1386 1896 1416 Sancti
1919 1386 2068 1416 Andoeni
2091 1396 2181 1416 man-

1177 1437 1230 1466 dat
1247 1442 1404 1475 quatenus
1423 1439 1580 1476 praedicto
1591 1439 1697 1468 abbati
1711 1439 1849 1468 debitam
1863 1440 2077 1469 obedientiam
2092 1449 2182 1478 prae-

1177 1491 1282 1520 beant.

1219 1545 1256 1573 In
1274 1554 1300 1573 e.
1318 1554 1361 1575 m.
1380 1546 1539 1575 universis
1557 1545 1700 1575 vassallis
1718 1546 1860 1585 ejusdem
1878 1547 2076 1576 monasterii.

1219 1597 1258 1626 In
1284 1607 1311 1627 e.
1340 1607 1382 1627 m.
1409 1620 1428 1627 ..
1455 1598 1691 1636 archiepiscopo
1717 1598 1967 1636 Rothomagensi
1995 1599 2125 1628 mandat
2151 1603 2184 1627 ut

1180 1650 1282 1680 eidem
1299 1651 1403 1680 abbati
1422 1661 1540 1681 munus
1558 1652 1804 1681 consecrationis
1821 1652 1994 1690 impendat.

1221 1704 1257 1733 In
1274 1713 1301 1732 e.
1320 1713 1362 1733 m.
1386 1726 1406 1732 ..
1426 1714 1530 1741 regem
1556 1704 1706 1733 Franciae
1729 1708 1817 1741 rogat
1842 1709 1875 1733 ut
1898 1705 2000 1734 eidem
2020 1705 2125 1734 abbati
2141 1705 2184 1734 fa-

1179 1765 1288 1786 vorem
1307 1766 1399 1785 suum
1418 1757 1574 1794 praebeat.

1222 1822 1235 1836 «
1253 1810 1408 1839 Numinis
1425 1810 1555 1848 superni
1572 1810 1789 1848 benignitas...
1806 1827 1844 1831 —
1861 1811 1931 1839 Dat.
1951 1816 1984 1840 ut
1998 1820 2103 1849 supra.
2122 1824 2132 1835 n

1251 1969 1371 1997 3012

1215 2031 1258 2057 Ne
1275 2033 1447 2058 monasterio
1466 2032 1501 2057 de
1517 2031 1726 2066 Montemajori,
1747 2033 1923 2058 Arelatensis
1938 2032 2091 2064 dioecesis,
2105 2041 2183 2067 prae—

1177 2080 1286 2115 judicio
1303 2081 1339 2107 sit
1354 2081 1474 2107 facultas
1490 2081 1659 2115 quaestandi
1681 2081 1818 2107 fratribus
1838 2082 1988 2116 hospitalis
2009 2081 2106 2108 Sancti
2123 2081 2185 2107 An-

1180 2129 1250 2155 tonii
1266 2137 1414 2156 concessa.
1433 2129 1515 2162 (Hes.
1533 2130 1574 2160 45,
1593 2138 1618 2155 ς,
1637 2129 1697 2159 3ῗ3,
1715 2130 1733 2155 f.
1750 2130 1782 2156 62
1800 2132 1851 2162 vo.)

1735 1969 1861 2000 Orvieto,
1880 1970 1910 1995 14
1924 1970 2017 2004 juillet
2037 1970 2111 1997 1290.

1222 2254 1242 2260 ..
1268 2231 1369 2260 abbati
1393 2237 1420 2260 et
1437 2234 1600 2261 conventui
1628 2233 1805 2261 monasterii
1827 2233 1861 2261 de
1882 2233 2108 2270 „ammineum-i,
2135 2242 2184 2262 or-

1179 2286 1263 2314 dinis
1277 2286 1308 2315 S.
1327 2286 1488 2322 Benedicti,
1506 2285 1692 2315 Arelatensis
1707 2286 1843 2322 diocesis,
1860 2287 1898 2315 acl
1916 2295 2076 2316 romanam
2092 2288 2182 2316 eccle-

1178 2339 1257 2368 siam
1275 2339 1360 2368 nullo
1380 2339 1476 2367 medio
1492 2340 1687 2376 pertinentis,
1705 2349 1739 2369 ac
1757 2363 1775 2369 ..
1793 2341 1892 2377 priori
1911 2341 2067 2377 prioratus
2081 2341 2185 2370 Sancti

1178 2392 1315 2427 Antonii,
1336 2391 1428 2421 eidem
1446 2394 1629 2421 monasterio
1652 2394 1824 2421 immediate
1841 2393 1986 2429 sabjecta,
2012 2394 2185 2423 Viennensis

1179 2445 1313 2474 diocesis.
1342 2457 1355 2471 ιι
1381 2445 1510 2474 Dudum
1533 2445 1573 2474 ad
1591 2445 1789 2474 audientiam
1809 2450 1947 2475 nostram
1964 2446 2082 2483 perlato
2102 2446 2185 2484 quod

1179 2497 1329 2527 nonnulli
1344 2498 1528 2537 iniquitatis
1545 2498 1616 2535 filii,
1630 2498 1770 2528 dicentes
1787 2508 1819 2527 se
1836 2499 1946 2527 fratres
1964 2498 2078 2528 Militie
2094 2499 2185 2528 Tem—

1179 2551 1235 2590 pli,
1251 2551 1425 2590 Hospitalis
1442 2551 1550 2581 Sancti
1565 2551 1724 2582 Johannis
1736 2551 1985 2581 Jerosolimitani
2002 2557 2032 2581 et
2048 2552 2184 2582 aliorum

1178 2605 1378 2634 diversorum
1394 2604 1562 2641 ordinum,
1580 2604 1748 2634 domorum
1767 2605 1826 2634 Dei
1842 2609 1870 2634 et
1887 2605 2108 2643 hospitalium,
2126 2614 2182 2635 no-

1179 2658 1266 2687 mine
1282 2657 1418 2696 Templi,
1439 2657 1622 2696 Hospitalis,
1640 2657 1807 2687 domorum
1824 2659 1853 2687 et
1866 2658 2016 2687 ordinum
2032 2658 2184 2696 predicto-

1178 2718 1262 2744 rum,
1278 2708 1481 2745 elemosinas,
1494 2709 1597 2747 legata
1609 2714 1638 2739 et
1653 2709 1840 2739 maleablata
1853 2710 1974 2740 incerta
1989 2715 2018 2740 et
2031 2719 2092 2749 que
2106 2710 2184 2741 alias

1180 2763 1303 2792 ratione
1321 2763 1542 2801 predicationis
1564 2763 1666 2793 crucis
1685 2763 1792 2792 offerri
1815 2764 2018 2801 contingebat
2034 2764 2069 2793 in
2087 2765 2184 2795 Terre

1179 2815 1294 2846 Sancte
1319 2816 1500 2846 subsidium
1522 2816 1736 2846 convertenda
1761 2821 1865 2855 petere
1889 2826 1925 2846 ac
1947 2817 2096 2855 colligere
2121 2818 2184 2847 mi-

1179 2870 1267 2898 nime
1290 2869 1519 2905 formidabant,
1542 2878 1578 2899 ea
1597 2869 1630 2898 in
1653 2878 1727 2899 usus
1750 2869 1891 2907 proprios
1913 2873 2029 2899 temere
2050 2879 2183 2900 conver-

1181 2923 1290 2958 tendo,
1309 2931 1365 2952 nos
1383 2922 1543 2952 universis
1562 2927 1592 2952 et
1614 2922 1750 2960 singulis
1774 2923 1933 2960 religiosis
1952 2928 1981 2953 et
2000 2924 2182 2962 ordinibus,

1180 2975 1387 3014 hospitalium
1418 2979 1448 3005 et
1476 2975 1644 3005 domorum
1681 2975 1737 3004 Dei
1768 2975 1928 3013 magistris
1957 2979 1986 3006 et
2016 2976 2182 3015 fratribus,

1180 3030 1410 3068 cujuscumque
1429 3029 1532 3058 forent
1547 3028 1742 3059 conditionis
1761 3028 1810 3058 vel
1825 3029 1958 3066 ordinis,
1974 3035 2104 3069 questus
2119 3040 2185 3062 om-
