2477 3637
198 361 254 392 336
948 349 1182 382 REGISTRES
1205 350 1260 380 DE
1281 349 1458 380 NICOLAS
1482 350 1538 379 lv.

198 427 253 466 qui
276 424 430 464 capellam
459 422 571 452 domus
595 420 652 450 Dei
673 419 790 449 Beatae
810 418 930 448 Mariae
953 416 1146 447 Parisiensis
1169 416 1204 445 in

198 481 307 510 beatae
327 478 446 508 Mariae
463 473 690 505 festivitatibus
706 477 736 501 et
760 472 793 501 in
811 470 1033 502 anniversario
1047 469 1100 499 die
1115 468 1204 499 dedi-

198 532 333 563 cationis
348 529 490 569 ejusdem
511 526 650 566 capellae
666 525 876 555 visitaverint.

240 598 254 612 «
273 586 360 614 Licet
375 587 558 612 sanctorum
573 580 758 610 omnium...
782 594 822 600 —
846 578 920 608 Dat.
940 582 974 608 ut
999 585 1095 616 supra
1117 588 1130 603 n
1147 576 1205 615 (En

198 637 324 678 mar-qe).

786 685 873 719 Rieu,
890 685 904 711 7
921 684 1038 711 octobre
1056 683 1134 710 1289.

241 753 278 782 ln
291 761 317 782 e.
336 761 378 781 rn.
394 750 526 781 eisdem.
540 748 681 779 Eandem
694 747 929 786 indulgentiam
942 745 1140 777 concediteis
1151 745 1206 784 qui

199 806 396 844 collegiatam
411 804 578 834 ecelesiam
595 802 774 840 Antwerpi.
787 800 1027 832 Cameracensis
1041 799 1205 835 dioecesis,

202 861 315 890 Beatae
334 859 454 889 Mariae
471 856 621 888 vocabulo
638 856 828 893 insignitam
843 880 849 892 ‚
864 855 895 884 iu
912 854 1054 893 ejusdem
1072 853 1207 891 virginis

199 912 424 943 festivitatibus
439 912 517 941 etin
533 908 755 940 anniversario
771 908 822 938 die
837 907 1046 938 dedicationis
1063 906 1206 945 ejusdem

201 967 354 997 ecclesiae
371 965 581 995 visitaverint.
601 963 671 993 Dat.
694 963 810 999 Reate,
832 962 926 992 nouis
949 961 1103 996 octobris,
1120 968 1207 991 anno

201 1021 341 1051 secundo
355 1020 412 1060 (Eu
432 1018 558 1058 marqe).

241 1178 493 1210 ¹826-1849
515 1175 867 1210 Sainte-Marie-Majeure,
879 1175 912 1202 ‘27
926 1174 1080 1201 novembre
1095 1173 1170 1201 1289.

239 1243 446 1278 Indulgentiae.
462 1241 544 1274 (Rsc.
563 1239 593 1266 44
605 1261 612 1274 ,
629 1248 656 1266 c.
673 1238 734 1269 688.
752 1238 770 1264 s.
788 1238 839 1264 265
855 1239 907 1270 vo.)

245 1346 397 1376 Universis
416 1343 529 1373 Christi
546 1342 684 1379 fidelibus
706 1344 856 1378 presentes
876 1339 994 1368 litteras
1015 1338 1207 1376 inspecturis.

204 1398 441 1435 Indulgentiam
461 1396 557 1425 unius
575 1394 653 1424 anni
679 1398 709 1423 et
727 1402 764 1422 xi.
783 1393 909 1422 dierum
925 1391 1070 1422 concedit
1088 1391 1135 1421 eis
1153 1391 1209 1429 qui

202 1451 370 1482 ecclesiam
398 1451 532 1479 Sanctae
559 1447 704 1478 Nutricis
727 1446 923 1476 Remensem
948 1445 983 1474 in
1010 1444 1090 1474 sesto
1111 1443 1209 1483 hujus

201 1511 328 1535 sauctae
354 1508 385 1534 et
408 1504 441 1533 iu
459 1500 682 1532 anniversario
704 1500 755 1529 die
772 1499 982 1529 dedicationis
997 1498 1142 1538 ejusdem
1158 1505 1208 1528 ec-

201 1559 315 1589 clesiae
330 1556 541 1587 visitaverint.

242 1625 256 1639 «
274 1612 346 1642 Vite
362 1610 544 1649 perempnis
558 1608 696 1647 gloria...
714 1624 752 1629 --
770 1607 840 1636 Dat.
860 1610 895 1636 ut
912 1615 1018 1645 supra.
1040 1618 1054 1633 n

243 1666 280 1695 In
296 1674 324 1695 e.
342 1673 385 1693 m.
404 1672 459 1702 pro
475 1662 606 1693 ecelesia
627 1661 736 1691 Sancti
753 1659 937 1690 Frambaldi
960 1659 1207 1689 Silvanectensi.

243 1720 281 1749 Iu
302 1728 330 1748 e.
352 1727 394 1747 m.
413 1725 468 1755 pro
486 1715 618 1746 ecclesia
634 1714 744 1745 Sancti
760 1713 907 1744 Gervasii
923 1713 958 1742 in
978 1712 1097 1743 Gravia
1114 1712 1208 1742 Pari-

202 1773 311 1803 siensi.

243 1828 280 1857 Iu
300 1836 329 1857 e.
349 1835 393 1855 ni.
414 1834 466 1864 pro
492 1823 624 1854 ecclesia
649 1822 832 1852 monasterii
854 1821 962 1851 Sancti
984 1820 1124 1858 Remigii
1147 1820 1210 1850 Re·

204 1881 334 1916 meusis‚
350 1878 473 1909 ordinis
485 1877 517 1908 S.
534 1876 706 1907 Benedicti.

246 1936 281 1964 ln
299 1944 326 1963 e.
345 1943 388 1962 m.
412 1941 468 1971 pro
489 1931 623 1961 ecclesia
643 1930 751 1960 Sancti
767 1928 932 1959 Vincentii
952 1927 1206 1964 Silvanectensi‚

203 1988 326 2020 ordinis
342 1987 374 2017 S.
393 1985 579 2025 Augustini.

246 2043 280 2071 lu
296 2051 323 2071 e.
339 2050 384 2070 m.
404 2048 459 2079 pro
476 2038 607 2069 ecclesia
623 2038 813 2067 Sanctorum
830 2035 999 2075 Tymothei
1014 2040 1043 2065 et
1058 2034 1212 2074 Apoliua-

203 2096 250 2126 ris
266 2094 429 2125 Reineusi.

247 2150 282 2178 lu
299 2159 327 2178 e.
346 2157 388 2177 m.
406 2155 461 2186 pro
476 2145 608 2176 ecclesia
623 2144 806 2174 monasterii
823 2143 930 2173 Sancti
948 2143 1087 2180 Remigii
1111 2142 1211 2172 Silva-

205 2202 364 2232 necteusis
379 2224 385 2236 ‚
402 2200 524 2230 ordinis
539 2199 570 2229 S.
591 2197 766 2228 Benedicti.
916 2187 919 2189 ’

247 2257 282 2285 lu
301 2264 329 2286 e.
347 2264 390 2283 m.
410 2262 464 2292 pro
481 2252 613 2283 ecclesia
629 2251 738 2282 Sancti
755 2249 871 2288 Reguli
887 2249 1133 2280 Silvanectensi.

247 2311 283 2339 In
306 2319 334 2338 e.
356 2317 400 2337 m.
427 2316 481 2346 pro
503 2306 636 2337 ecclesia
659 2305 844 2335 monasterii
867 2304 975 2335 Sancti
1001 2304 1121 2333 Nicasii
1150 2303 1211 2333 Re-

205 2363 344 2398 mensis,
361 2361 483 2391 ordinis
501 2360 534 2390 S.
555 2358 729 2389 Benedicti.

246 2417 282 2446 Iu
300 2426 328 2446 e.
347 2425 390 2444 m.
410 2423 465 2453 pro
481 2413 612 2443 ecclesia
627 2412 813 2442 monasterii
830 2412 939 2442 Sancti
957 2411 1106 2449 Maglorii
1121 2411 1212 2441 Pari-

206 2470 340 2507 siensis,
357 2468 479 2498 ordinis
495 2467 528 2498 S.
546 2466 720 2496 Benedicti.

247 2524 284 2553 Iu
304 2532 330 2553 e.
351 2532 394 2553 m.
412 2530 466 2561 pro
478 2520 597 2559 capella
612 2520 728 2550 Beatae
740 2519 861 2549 Mariae
876 2519 971 2548 castri
989 2518 1027 2548 de
1048 2519 1212 2555 Varenna,

208 2576 378 2607 ltemensis
395 2574 558 2605 dioecesis.

459 2653 827 2688 Sainte—Marie-MaJeure.
848 2653 879 2679 10
894 2653 1045 2680 decembre
1064 2652 1140 2680 1289.

248 2720 284 2749 Iu
307 2728 334 2749 e.
353 2727 395 2748 m.
417 2726 472 2757 pro
495 2717 627 2747 ecclesia
644 2739 664 2746 ..
681 2716 859 2746 abbatissae
875 2720 905 2745 et
922 2724 1067 2746 sororum
1086 2723 1212 2746 monas-

211 2772 279 2801 terii
312 2771 505 2809 Brugeusis‚
536 2770 659 2799 ordinis
688 2770 823 2800 Sanctae
844 2768 972 2804 Clarae.
1003 2769 1214 2799 Tornacensis

208 2825 372 2855 dioecesis.
389 2825 459 2855 Dat.
479 2825 610 2860 Romae,
627 2824 709 2862 apud
725 2824 873 2853 Sanctam
892 2822 1025 2852 Mariam
1044 2823 1214 2861 Majorem,

211 2888 254 2908 nu
275 2879 346 2908 idus
361 2878 554 2913 decembris,
571 2886 658 2908 anno
676 2877 815 2907 secundo
829 2876 982 2916 (Porum,
1000 2876 1123 2915 23136).

466 2958 824 2993 sainte-Marie-Majeure.
845 2958 875 2985 18
892 2957 1047 2984 novembre
1064 2957 1142 2985 1289.

253 3023 286 3052 Iu
305 3031 332 3052 e.
351 3031 392 3051 m.
419 3030 472 3059 pro
489 3021 678 3059 parrochiali
696 3020 830 3051 ecclesia
852 3020 961 3050 Sancti
988 3020 1137 3050 Andreae
1153 3020 1212 3050 Lo-

1287 415 1431 445 dovensi.
1454 415 1524 444 Dat.
1544 415 1684 450 Romae,
1703 415 1785 454 apud
1803 415 1951 446 Sanctam
1971 417 2108 447 Mariam
2127 417 2291 456 Maiorem.

1287 478 1354 498 xun
1370 468 1524 499 kalendas
1540 468 1733 505 decembris,
1750 477 1836 499 anuo
1851 470 2003 501 secundo.

1564 548 1925 584 Sainte-Marie-Majeure,
1944 551 1959 577 5
1975 550 2127 578 decembre
2143 551 2222 579 1289.

1329 612 1365 641 Iu
1385 620 1413 640 e.
1433 619 1476 640 m.
1496 619 1551 649 pro
1567 611 1700 641 ecclesia
1717 611 1824 642 Sancti
1843 612 2028 652 Gengulphi
2044 612 2201 643 Tullensi.
2220 613 2292 644 Dat.

1289 665 1412 695 Romae
1426 688 1432 700 ,
1451 668 1485 693 ut
1500 673 1613 703 supra,
1635 665 1728 694 uouis
1742 665 1935 703 decembris,
1952 674 2039 696 anno
2053 666 2204 697 secundo.

1538 745 1889 781 Sainte-Marie-Majeure
1902 767 1908 778 ,
1926 746 1957 774 13
1973 747 2124 774 decembre
2145 747 2222 776 1289.

1330 809 1368 838 In
1384 818 1411 838 e.
1433 817 1476 837 m.
1494 816 1548 847 pro
1565 807 1698 838 ecclesia
1717 808 1804 838 Beati
1825 808 1948 839 Nicolai
1974 808 2198 840 Ulixboneusi.
2222 787 2307 841 Data
2328 814 2339 825 ·'
2358 804 2363 816 ⁹

1291 862 1411 892 Romae
1423 885 1431 899 ,
1449 862 1532 901 apud
1551 862 1699 892 Sanctam
1715 862 1849 891 Mariam
1867 862 2036 901 Majorem,
2054 861 2161 892 idibus
2173 862 2296 894 docem-

1291 915 1372 952 bris,
1389 924 1476 946 auuo
1490 915 1641 946 secundo.

1553 995 1913 1030 Sainte-Marie·Majetu-e,
1929 995 1964 1023 28
1979 996 2131 1023 decembre
2147 996 2226 1024 1289.
2270 994 2274 997 ’

1330 1059 1367 1089 In
1385 1068 1413 1090 e.
1431 1067 1473 1088 m.
1488 1067 1543 1098 pro
1559 1058 1691 1088 ecclesia
1710 1058 1816 1088 Sancti
1834 1058 1959 1088 Nicolai
1972 1058 2010 1088 de
2028 1058 2181 1089 Vascellis
2197 1059 2296 1091 Vitor-

1290 1113 1406 1142 biensi.
1427 1112 1568 1142 Eandem
1584 1112 1819 1149 indulgentiam
1842 1111 1986 1142 concedit
2005 1112 2050 1142 eis
2065 1112 2122 1152 qui
2142 1111 2228 1144 banc
2246 1121 2296 1144 ec·
2342 1108 2347 1117 '

1291 1165 1419 1196 clesiam
1436 1166 1470 1195 in
1495 1165 1597 1195 sancti
1620 1164 1742 1195 Nicolai
1765 1169 1796 1194 et
1813 1164 2030 1195 translationis
2047 1165 2192 1205 ejusdem
2210 1165 2298 1196 festi-

1292 1219 1444 1249 vitatibus
1471 1223 1502 1248 et
1530 1219 1564 1248 in
1588 1218 1809 1248 anniversario
1832 1218 1885 1248 die
1911 1218 2120 1249 dedicationis
2147 1218 2298 1250 ecclesiae

1291 1273 1504 1302 visitaverint.
1522 1272 1592 1302 Dat.
1614 1272 1751 1309 Rornae,
1767 1272 1852 1311 apud
1876 1272 2026 1302 Sanctam
2047 1273 2182 1303 Mariam
2200 1273 2300 1313 Majo-

1292 1335 1372 1362 rem,
1392 1336 1411 1355 v
1428 1325 1581 1356 kalendas
1595 1325 1759 1364 januarii,
1778 1334 1865 1355 anno
1884 1325 2038 1356 secundo.

1566 1406 1914 1441 Sainte-Marie-MaJ'eure.
1936 1406 1965 1433 13
1982 1406 2133 1434 decembre
2150 1405 2228 1435 1289.

1332 1470 1370 1499 Iu
1385 1479 1412 1500 e.
1430 1478 1474 1499 m.
1493 1492 1513 1499 ..
1533 1469 1809 1508 archipresbytero
1824 1474 1854 1499 et
1869 1468 2008 1507 capitulo
2023 1467 2178 1499 ecclesiae
2197 1468 2299 1500 Sanc-

1293 1530 1342 1555 tae
1367 1523 1513 1562 Agatbae
1539 1532 1634 1561 super
1661 1522 1821 1553 Suburam
1844 1522 1883 1552 de
1909 1523 2008 1553 Urbe.
2031 1521 2173 1552 Eandem
2190 1521 2299 1553 indul-

1293 1578 1435 1617 gentiam
1459 1577 1604 1607 coucedit
1625 1577 1670 1606 eis
1688 1576 1743 1615 qui
1770 1576 1854 1606 hauc
1875 1575 2060 1613 ecclesiam,
2083 1576 2119 1606 in
2143 1575 2300 1607 honorem
2327 1616 2330 1617 ⁷

1293 1636 1421 1662 sanctae
1454 1632 1575 1668 Agatae
1606 1634 1636 1659 et
1663 1629 1762 1659 sancti
1792 1628 1975 1659 Sebastiaui
2003 1633 2238 1666 constructam,
2263 1629 2299 1660 in

1293 1684 1479 1717 eorumdem
1505 1687 1686 1713 sanctorum
1714 1682 1937 1713 festivitatibus
1964 1686 1995 1712 et
2017 1683 2051 1712 in
2076 1682 2300 1714 anniversario

1293 1740 1344 1770 die
1369 1738 1583 1768 dedicationis
1608 1737 1676 1775 ejus
1705 1736 1917 1766 visitaverint.
1950 1736 2021 1766 Dat.
2051 1736 2188 1772 Romae,
2214 1735 2320 1776 apud,

1293 1793 1444 1824 Sanctam
1467 1791 1602 1821 Mariam
1621 1790 1775 1829 Majorem
1788 1813 1795 1826 ‚
1812 1789 1920 1819 idibus
1935 1789 2132 1826 decembris,
2149 1799 2235 1822 anno
2250 1799 2298 1821 se-

1292 1847 1409 1878 cundo.

1577 1910 1930 1945 Sainte-Marie-Majeure,
1948 1910 1964 1937 9
1980 1910 2134 1937 decembre
2150 1910 2226 1939 1289.

1334 1978 1371 2008 In
1388 1986 1414 2006 e.
1441 1985 1484 2004 1n.
1506 1973 1665 2004 universis
1690 1972 1810 2003 Christi
1834 1972 1983 2002 fidelibus
2006 1976 2064 2002 etc.
2086 1971 2228 2003 Eandem
2247 1972 2300 2003 in·
2327 1974 2334 1981 '

1292 2030 1491 2069 dulgentiam
1519 2027 1663 2058 concedit
1687 2027 1734 2057 eis
1761 2026 1819 2065 qui
1846 2025 2012 2055 ecclesiam
2039 2025 2154 2056 Beatae
2180 2025 2300 2058 Mariae

1292 2086 1331 2116 de
1353 2083 1520 2118 Gratiaco,
1552 2081 1764 2110 Bituricensis
1791 2080 1960 2114 dioecesis,
1988 2079 2021 2108 in
2047 2079 2157 2110 beatae
2179 2079 2300 2110 Mariae

1295 2138 1518 2181 festivitatibus
1536 2142 1566 2168 et
1590 2138 1622 2166 iu
1643 2136 1830 2166 anniversio
1853 2135 1906 2165 die
1927 2135 2135 2166 dedicationis
2153 2135 2300 2167 visitave-
2321 2159 2325 2163 .

1294 2195 1370 2226 rint,
1399 2193 1468 2223 Dat.
1499 2192 1635 2225 Romae,
1661 2190 1745 2228 apud
1773 2191 1922 2219 sanctam
1953 2188 2090 2218 Mariam
2123 2188 2300 2228 Majorem,
2330 2199 2339 2219 υ

1293 2248 1388 2279 vidus
1404 2245 1580 2277 decembris
1591 2269 1599 2284 ,
1614 2252 1701 2273 anuo
1716 2242 1865 2273 secundo.
2341 2227 2346 2235 ⁴

1550 2336 1912 2370 Sainte-Marie-Majeure‚
1934 2337 1964 2363 13
1980 2336 2133 2364 decembre
2152 2337 2229 2365 1289.

1336 2405 1374 2435 In
1397 2413 1424 2434 e.
1450 2412 1493 2433 m.
1519 2401 1652 2431 eisdem.
1679 2400 1818 2430 Eandem
1835 2399 2072 2438 indulgentiam
2091 2400 2237 2431 concedit
2254 2400 2301 2432 eis
2322 2391 2331 2402 ‘

1295 2461 1350 2500 qui
1363 2457 1529 2489 ecclesiam
1548 2478 1567 2485 ..
1585 2455 1697 2494 prioris
1714 2459 1744 2484 et.
1756 2454 1891 2483 fratrum
1908 2453 2032 2484 ordinis
2048 2454 2300 2493 praedicatorum
2339 2462 2341 2467 ·
2380 2458 2382 2462 ’

1298 2514 1460 2543 Lucanam
1478 2511 1510 2540 in
1525 2510 1634 2539 beatae
1648 2508 1780 2544 Mariae,
1794 2508 1826 2537 in
1841 2507 1932 2547 cujus
1949 2507 2104 2538 bonorem
2121 2510 2300 2539 constructa
2326 2527 2336 2534 .-

1296 2571 1353 2603 est,
1371 2564 1594 2596 festivitatibus
1610 2562 1825 2592 visitaverint.

1338 2633 1352 2647 «
1384 2619 1574 2650 Sanctorum
1597 2616 1718 2646 meritis
1743 2615 1892 2645 inclita...
1919 2631 1958 2637 —
1980 2614 2052 2646 Dat.
2073 2615 2192 2652 Rome,
2218 2602 2308 2655 apud.
2331 2638 2336 2653 ‚.

1297 2675 1446 2706 Sanctam
1464 2671 1598 2701 Mariam
1617 2666 1771 2708 Majo'rem
1784 2692 1792 2706 ,
1811 2668 1917 2699 idibus
1932 2668 2109 2699 decembris
2121 2692 2128 2706 ‚
2144 2677 2230 2700 anno
2251 2676 2302 2709 se·¹

1296 2727 1410 2760 cundo.
1432 2737 1446 2752 »

1598 2788 1962 2823 Sainte-Marie-MaJ'em-e.
1977 2789 2005 2815 11
2022 2789 2136 2823 janvier
2153 2787 2231 2817 1290.

1337 2858 1375 2888 ln
1397 2865 1424 2885 e.
1446 2863 1490 2884 m.
1517 2853 1651 2884 eisdem.
1676 2851 1915 2890 Indulgentiam
1932 2855 2062 2881 centum
2083 2851 2208 2882 dierum
2224 2859 2302 2882 con·

1297 2911 1382 2942 cedit
1403 2909 1449 2939 eis
1471 2907 1525 2946 qui
1551 2906 1717 2936 ecclesiam
1742 2905 1851 2935 Sancti
1877 2905 1962 2934 Petri
1987 2903 2119 2943 apostoli
2142 2903 2182 2934 de
2206 2903 2301 2936 Ulmo
2366 2938 2370 2948 ¹

1299 2962 1534 2995 Viterbiensem
1555 2960 1587 2989 iu
1605 2960 1636 2989 S.
1657 2959 1742 2989 Petri
1767 2957 1992 2988 festivitatibus
2014 2957 2097 2987 etin
2114 2958 2302 2988 anniversa-

1298 3019 1344 3048 rio
1360 3016 1411 3047 die
1428 3013 1638 3045 dedicationis
1657 3011 1869 3042 visitaverint.
2349 2999 2365 3013 ³*
