2342 3652
934 362 1161 402 DEUXIEME
1184 360 1340 400 ANNnE.

89 442 128 471 de
136 441 270 471 Brintou
281 440 359 469 etde
368 440 572 478 Hyrecestre,
582 437 810 466 Dunelmeusis
820 441 849 466 et
862 436 1093 467 Lincolniensis

89 493 295 528 dioecesium,
313 492 488 521 ministrari
505 491 622 520 saciant
637 490 823 525 Guillelmo,
840 490 983 528 episcopo
999 490 1093 519 Imla-

89 547 193 583 censi,
207 546 258 576 cui
276 546 437 575 Honorius
458 553 535 584 papa
546 566 555 580 ‚
571 548 696 582 propter
711 547 926 582 paupertatem
945 548 975 572 et
990 543 1094 572 debita

90 599 238 631 ecclesiae
271 598 481 635 Inilacensis,
504 597 679 635 praedictas
703 596 869 633 ecclesias,
897 606 975 635 quas
1000 596 1092 626 Guil-

90 652 203 683 lelmus
218 651 427 690 promotionis
453 659 530 679 suae
554 654 694 688 tempore
716 649 912 688 possidebat,
940 649 978 678 ad
1005 649 1093 678 bien-

90 706 181 736 nium
197 710 227 734 et
243 704 393 734 Nicolaus
411 703 450 732 ad
468 703 605 732 alterum
624 703 792 732 biennium
809 703 992 733 reservavit.

129 770 142 785 ι
160 757 298 788 Grandis
316 757 447 786 aflectus
467 764 601 795 quem...
620 773 658 776 —
675 756 747 785 Dat.
765 756 877 790 Rome,
894 755 978 793 apud
998 754 1092 784 Sanc-

90 816 152 842 tam
163 811 297 841 Mariam
315 810 482 848 Majorem,
495 819 516 838 ιι
536 817 637 839 nonas
650 808 804 847 januarii,
815 816 901 838 anno
915 808 1064 837 secundo.
1078 818 1091 833 ι

128 981 376 1011 issa-188⁸?
393 980 745 1014 Sainte-Marie-Majeui-e‚
760 980 794 1006 ‘25
812 979 964 1005 novembre
980 978 1054 1005 1289.

122 1044 249 1072 Licentia
264 1043 397 1070 testandi.
414 1043 497 1076 (Rea.
515 1043 558 1074 44,
575 1051 600 1069 c.
618 1043 679 1076 704,
699 1042 717 1068 f.
735 1042 786 1069 ‘269
803 1044 847 1073 νο.)

132 1147 297 1176 Venerabili
313 1146 409 1181 fratri
423 1145 465 1184 J.‚
482 1146 615 1182 episcopo
636 1144 813 1173 Tusculano.

132 1211 145 1227 c
159 1199 319 1236 Quoniam
335 1198 518 1236 fragilitatis
534 1198 715 1228 humane...
732 1215 769 1218 —
786 1198 857 1227 Dat.
880 1197 991 1233 Rome,
1008 1195 1092 1235 apud

88 1252 236 1284 Sanctam
250 1251 384 1281 Mariam
400 1252 567 1290 Majoi-em,
581 1260 627 1280 vn
641 1250 793 1280 kalendas
806 1250 994 1286 decembris,
1007 1258 1093 1279 anno

87 1305 236 1336 secundo.
252 1317 265 1332 ι

405 1357 775 1392 Sainte-Marie-MaJ'eure,
793 1359 808 1385 9
825 1358 926 1384 sevrier
943 1358 1020 1385 1290.

128 1422 166 1451 In
184 1430 210 1451 e.
236 1430 279 1450 m.
299 1420 464 1457 Johanni,
491 1420 572 1450 tituli
597 1421 730 1450 Sanctae
750 1419 887 1450 Ceciliae
909 1420 1093 1459 presbytero

87 1473 257 1506 cardinali.
272 1474 345 1504 Dat.
360 1474 491 1509 Romae,
506 1473 588 1512 apud
605 1474 754 1504 Sanctam
769 1474 905 1503 Mariam
924 1474 1090 1512 Maj0rem,

89 1539 108 1559 v
123 1528 194 1559 idus
209 1527 374 1563 februarii.
393 1537 479 1558 anno
495 1528 645 1558 secundo.

161 1701 275 1730 1888

125 1764 256 1791 Facultas
271 1764 438 1791 abso!vendi
458 1764 493 1790 ab
509 1765 816 1803 excommunicationis
832 1764 984 1790 sententia.
1006 1763 1089 1797 (Reo.

87 1814 135 1848 44,
150 1822 177 1840 c.
193 1814 259 1841 705.
277 1814 296 1841 f.
312 1813 365 1841 ‘269
380 1820 421 1846 r⁰;
438 1813 506 1840 Lar.
522 1822 557 1841 nn
571 1813 673 1842 Tuan..
692 1813 734 1844 II,
753 1814 827 1847 347.)

347 1700 706 1736 Sainte-Marie—Majeure,
726 1702 756 1728 18
773 1701 924 1727 decembre
944 1701 1019 1728 1289.

127 1938 148 1946 ..
163 1915 264 1945 abbati
281 1916 460 1945 monasterii
479 1917 688 1952 Fiscanensis,
705 1917 744 1945 ad
758 1925 921 1945 romanam
938 1917 1090 1946 ecclesiam

50 1991 55 1998 .
85 1970 170 1999 nullo
184 1970 282 1999 medio
297 1970 476 2007 pertinentis
487 1992 495 2006 ,
509 1970 629 1998 ordinis
644 1969 674 2000 S.
693 1970 854 2005 Benedicti,
869 1970 1090 2006 Ilothomayen-

83 2023 127 2052 sis
141 2023 276 2058 diocesis,
293 2021 458 2051 licentiam
475 2022 622 2052 concedit
639 2021 841 2058 absolvendi,
859 2023 892 2051 in
910 2022 984 2051 locis
1002 2032 1089 2061 prae-

86 2074 163 2105 dicti
178 2075 364 2105 monasterii
377 2075 598 2115 jurisdictioni
615 2075 764 2114 subjectis
776 2099 784 2112 ‚
801 2084 853 2106 eos
876 2076 929 2114 qui
947 2084 1002 2114 pro
1022 2077 1089 2106 vio-

86 2127 173 2158 lenta
209 2128 381 2167 injectione
415 2137 573 2158 manuum
607 2128 640 2157 iu
680 2137 831 2166 personas
862 2128 1091 2158 ecclesiasticas

88 2182 424 2212 excommunicationis
441 2191 497 2211 seu
505 2182 634 2211 tentiam
651 2182 856 2212 incurrerint.

129 2247 142 2261 ι
173 2235 350 2273 Religionis
377 2234 542 2264 honestate
571 2236 672 2265 vite...
700 2250 740 2257 -—
766 2235 837 2264 Dat.
863 2235 981 2265 Rome.
1008 2235 1092 2274 apud
1122 2234 1125 2237 ’

89 2287 236 2318 Sanctam
255 2288 392 2318 Mariam
412 2288 565 2326 Majorem
582 2312 587 2323 ,
612 2297 652 2317 xv
667 2287 820 2316 kalendas
836 2288 987 2326 januarii,
1007 2296 1092 2318 anno

66 2331 75 2337 ‘
90 2342 238 2372 secundo.
260 2354 274 2369 ι

162 2515 182 2543 1
189 2514 275 2543 889

125 2575 251 2603 Licentia
279 2577 461 2612 permutandi
492 2577 692 2611 possessiones
728 2577 967 2602 monasteriorum
996 2575 1092 2602 Sancti

91 2623 218 2660 Spiritus
233 2626 268 2652 de
284 2625 404 2660 Magella
420 2630 448 2652 et
462 2625 497 2652 de
514 2625 649 2652 Pulsauo.
662 2625 746 2659 (Res.
762 2625 806 2659 44,
825 2634 850 2652 c.
868 2625 927 2655 706,
945 2625 963 2650 s.
977 2624 1026 2652 269
1043 2626 1093 2657 vo.)

349 2514 709 2549 Sainte-Marie-Majeure,
730 2515 757 2540 17
775 2514 925 2540 decembre
945 2514 1019 2541 1289,

135 2727 301 2757 Venerabili
317 2729 413 2764 fratri
439 2751 459 2757 ..
479 2728 612 2766 episcopo
630 2729 821 2763 Penestrino,
842 2728 1001 2764 apostolice
1017 2728 1094 2756 sedis

92 2780 196 2818 legato,
208 2780 336 2810 mandat
346 2785 504 2819 quatenus
516 2804 535 2812 ..
548 2782 716 2811 abbatibus
726 2781 975 2811 etcouveutibus
985 2781 1093 2811 Sancti

91 2833 226 2872 Spiritus
241 2834 280 2869 de
297 2834 451 2872 Magella,
469 2834 663 2872 Theadnae,
681 2839 711 2864 et
727 2834 766 2864 de
782 2834 934 2871 Pulsano,
952 2834 1092 2873 Siponti-

93 2894 152 2917 nae
167 2886 361 2918 dioecesium
373 2912 380 2923 ,
400 2888 685 2924 monasteriorum,
702 2888 740 2917 ad
753 2897 915 2917 romanam
927 2888 1092 2918 ecclesiam

93 2939 182 2970 nullo
204 2941 308 2970 medio
325 2941 569 2979 pertinentium,
588 2941 711 2971 ordinis
727 2941 759 2971 S.
780 2941 954 2978 Benedicti,
969 2951 1094 2980 permu-

95 2993 244 3024 tationem
262 2995 398 3024 faciendi
419 2995 580 3025 licentiam
598 2995 758 3024 concedat.
779 2994 897 3024 scilicet
916 3000 949 3024 ut
968 3004 1094 3025 monas-

95 3047 208 3076 terium
227 3047 265 3077 de
284 3047 467 3084 Valleboua‚
488 3048 639 3086 praedicti
656 3048 797 3077 ordinis,
817 3047 990 3077 Theatiuae
1005 3048 1093 3077 dioe-

2117 372 2169 401 341

1174 436 1272 471 cesis,
1299 437 1491 466 monasterio
1521 438 1559 467 de
1591 437 1731 467 Pulsano
1761 437 1951 475 subjectum,
1984 438 2174 467 monasterio

1175 488 1206 518 S.
1225 488 1362 526 Spiritus
1379 490 1576 528 subjiciatur,
1590 495 1619 520 et
1632 491 1860 519 monasterium
1876 489 1983 519 Sancti
2002 491 2172 523 Antonini,

1174 541 1257 579 Capo
1271 542 1371 577 Jovis,
1389 543 1530 580 ejusdem
1547 544 1679 579 ordinis,
1694 543 1864 573 valvensis
1880 544 2042 578 dioecesis,
2055 544 2174 582 subjec-

1175 599 1254 631 tum,
1272 596 1462 625 monasterio
1480 596 1588 626 Sancti
1605 597 1753 636 SpirituS,
1773 597 1963 626 monasterio
1980 597 2019 626 de
2037 597 2175 626 Pulsauo

1148 671 1150 673 ,
1174 647 1371 685 subjiciatur.

1216 712 1229 726 α
1253 702 1520 738 Significaverunt
1538 703 1629 732 nobis
1644 703 1789 732 dilecti...
1807 720 1844 725 —
1862 703 1932 733 Dat.
1959 703 2073 737 Rome,
2092 704 2173 742 apud

1175 753 1321 783 Sanctam
1343 755 1477 784 Mariam
1499 756 1668 794 Maiorem,
1687 766 1737 791 xw
1756 756 2071 794 kalendasjauuarii.
2089 766 2174 786 anno

1174 807 1322 837 secundo.
1345 820 1357 833 n

1249 1033 1269 1059 1
1277 1033 1365 1061 890

1210 1096 1394 1131 Dispensatio
1411 1096 1593 1123 matrimonii.
1614 1096 1694 1128 (Rea.
1714 1097 1756 1129 44,
1774 1105 1799 1123 c.
1817 1097 1879 1129 707,
1897 1097 1915 1122 f.
1933 1096 1984 1123 269
2003 1097 2053 1129 ψ’.)

1427 1032 1792 1067 Sainte—Marie-Majeure,
1814 1033 1842 1059 18
1859 1033 2009 1058 decembre
2027 1032 2104 1059 1289.

1221 1200 1387 1228 Venerabili
1415 1200 1509 1235 fratri
1538 1221 1557 1227 ..
1589 1200 1720 1236 episcopo
1743 1199 1980 1228 -Haberslaclensi
2009 1199 2180 1228 committit

1173 1257 1330 1291 quatenus
1354 1261 1426 1282 cum
1445 1252 1545 1282 nobili
1566 1252 1635 1282 viro
1653 1252 1792 1287 Octoue,
1819 1252 1933 1281 comite
1952 1252 2125 1281 Aschariae
2144 1260 2179 1281 ac

1174 1306 1317 1345 principe
1340 1306 1529 1341 Inanehalt,
1554 1310 1584 1336 et
1606 1306 1705 1335 nobili
1732 1306 1865 1335 muliere
1892 1305 2087 1342 Hedewige,
2107 1314 2178 1342 ger-

1174 1369 1269 1390 mana
1289 1361 1379 1390 ducis
1397 1359 1605 1394 Urezlauiae,
1625 1359 1904 1389 Halberstadeusis
1925 1358 2094 1394 dioecesis,
2112 1359 2177 1388 dis-

1174 1420 1285 1452 penset
1304 1419 1337 1443 ut
1361 1415 1394 1443 in
1417 1413 1621 1443 matrimonio
1644 1414 1727 1451 quod
1750 1412 1845 1448 olim,
1865 1413 2000 1441 scientes
2016 1412 2178 1450 quondam

1176 1468 1367 1502 Hinricum,
1393 1468 1608 1505 lantgravium
1626 1467 1804 1504 Turingae,
1827 1467 1961 1504 priorem
1987 1466 2091 1494 virum
2113 1466 2178 1494 He-

1175 1521 1321 1559 dewigis,
1351 1522 1385 1550 in
1415 1526 1528 1559 quarta
1551 1519 1838 1557 consanguinitatis
1864 1519 1948 1548 linea
1969 1518 2081 1549 Octoui
2105 1518 2176 1547 atti-

1174 1576 1295 1611 nuisse,
1315 1579 1553 1609 contraxerunt,
1570 1574 1647 1603 etin
1663 1582 1725 1611 quo
1742 1573 1847 1611 plures
1864 1572 1945 1601 [ilios
1962 1576 1991 1601 et
2008 1571 2088 1600 [ilias
2105 1579 2174 1609 pro-

1174 1634 1333 1659 crearunt.
1352 1637 1516 1657 remanere
1532 1627 1668 1657 valeant.

1215 1696 1229 1710 «
1248 1682 1396 1712 Exhibita
1413 1681 1504 1711 nobis
1523 1680 1666 1710 dilecti...
1690 1696 1730 1702 —
1747 1680 1815 1708 Dat.
1838 1681 1956 1714 Rome,
1973 1678 2055 1716 apud
2075 1679 2176 1708 Sanc-

1175 1741 1237 1766 tam
1261 1737 1395 1766 Mariam
1422 1736 1591 1772 Maiorem.
1615 1743 1653 1762 xv
1674 1733 1825 1763 kalendas
1843 1734 2000 1771 januarii,
2026 1741 2110 1761 anuo
2133 1741 2176 1760 se-

1173 1790 1288 1821 cundo.
1309 1803 1321 1815 n

1247 2018 1357 2047 1891

1208 2081 1394 2108 Bonacursus
1410 2090 1441 2106 sc
1458 2080 1590 2114 hospitali
1607 2078 1705 2105 Sancti
1721 2077 1867 2108 Parem-ini
1893 2077 1927 2102 de
1953 2076 2074 2111 Alpibus
2097 2075 2178 2102 abdi-

1173 2134 1228 2157 cat.
1246 2130 1330 2164 (Rea.
1347 2130 1390 2161 44,
1407 2137 1433 2155 c.
1449 2129 1510 2157 708.
1528 2128 1546 2154 f.
1564 2128 1616 2155 ‘269
1630 2129 1683 2158 vo.)

1443 2016 1796 2050 Sainte-Marie-Majeure,
1816 2015 1843 2040 l']
1860 2014 2010 2040 decembre
2031 2013 2105 2039 1289.

1215 2263 1234 2269 ..
1252 2239 1352 2269 abbati
1371 2239 1547 2267 manasserii
1563 2238 1596 2265 de
1615 2237 1739 2271 Gumno,
1759 2236 1876 2263 Lucane
1888 2234 2020 2269 diocesis,
2039 2255 2059 2262 ..
2075 2234 2177 2271 priori

1174 2294 1353 2324 Sanctorum
1379 2291 1527 2320 Jolmmzis
1543 2295 1568 2319 et
1592 2291 1753 2327 llepornle,
1776 2297 1809 2317 ac
1829 2311 1847 2316 ..
1870 2288 2043 2324 wardiam
2060 2287 2178 2314 ordinis

1174 2350 1309 2385 fratrum
1333 2347 1488 2374 minorum
1515 2344 1652 2373 Lucanis.
1680 2342 1808 2371 Dudum
1832 2340 2063 2379 exponentibus
2085 2338 2178 2368 Atde-

1174 2401 1308 2435 brando,
1345 2398 1543 2437 presbytero,
1578 2395 1784 2426 Geminiano.
1817 2394 2010 2423 Parmesano
2044 2397 2073 2421 et
2106 2392 2178 2420 aliis

1178 2454 1328 2483 fratribus
1356 2450 1522 2489 hospitalis
1550 2449 1661 2478 Sancti
1692 2447 1860 2484 Peregrini
1892 2447 1930 2475 de
1962 2446 2113 2483 Alpibrm,
2139 2444 2176 2472 ad

1177 2515 1343 2539 romanam
1372 2504 1539 2534 ecclesiam
1565 2502 1652 2532 nullo
1678 2501 1782 2530 medio
1806 2500 2012 2538 pertinentis,
2035 2499 2177 2527 Lucanae

1176 2557 1435 2597 dioecesis.quod
1452 2557 1667 2589 Bonncursus,
1682 2554 1789 2590 abbas,
1801 2552 1964 2591 hospitalis
1977 2552 2056 2581 bona
2068 2550 2178 2588 dilapi-

1175 2615 1281 2649 daret,
1307 2620 1386 2651 papa
1405 2610 1573 2649 praedictis
1591 2608 1709 2643 abbati,
1729 2607 1827 2645 priori
1843 2612 1870 2635 et
1890 2605 2065 2643 guardiauo
2086 2611 2176 2632 uian-

1176 2669 1260 2699 davit
1277 2671 1310 2695 ut
1325 2666 1364 2695 de
1381 2665 1439 2694 hoc
1455 2663 1676 2701 inquirerent;
1696 2665 1771 2690 tuuc
1792 2661 1991 2689 Bouacursus
2005 2667 2037 2687 se
2054 2657 2178 2686 abdica-

1176 2721 1282 2753 tur'um
1292 2718 1448 2757 regimine
1457 2715 1620 2754 hospitalis
1630 2714 1799 2753 proposuit.
1809 2714 1913 2749 Quare
1924 2721 2000 2750 papa
2009 2710 2177 2749 praedictis

1177 2775 1306 2806 mandat
1323 2777 1355 2802 ut
1372 2772 1454 2800 lianc
1476 2768 1708 2799 abdicationem
1729 2767 1893 2805 recipiunt,
1907 2765 2006 2794 alium
2025 2769 2177 2793 rectorem

1176 2828 1251 2866 eligi
1264 2827 1383 2856 saciant
1397 2828 1427 2853 et
1440 2830 1639 2853 oeconomum
1653 2830 1706 2850 seu
1723 2823 1968 2858 procuratorem,
1981 2817 2035 2856 qui
2048 2817 2176 2846 interim

1176 2884 1256 2913 bona
1274 2876 1439 2918 hospitalis
1459 2879 1621 2914 procuret,
1639 2874 1843 2903 constituant.

1218 2948 1230 2962 α
1258 2930 1494 2971 Exponentibus
1518 2928 1607 2958 nobis
1632 2927 1791 2956 dudum...
1809 2941 1848 2948 -
1864 2926 1933 2955 Dat.
1962 2925 2073 2959 Rome,
2094 2923 2178 2962 apud

1175 2991 1324 3021 Sanctam
1353 2983 1487 3013 Mariam
1515 2981 1685 3019 Majorem,
1714 2989 1732 3008 u
1759 2979 1832 3021 idus
1863 2977 2061 3014 decembris,
2089 2985 2176 3006 anno

1176 3040 1325 3074 secundo.
1343 3052 1355 3063 ι»
