2477 3637
270 394 308 424 84
1020 388 1255 418 REGISTRES
1278 389 1332 418 DE
1356 386 1539 417 MCOLAS
1563 386 1618 416 IV.

341 460 429 489 436

307 523 349 551 De
366 522 486 549 decimis
502 519 684 548 redimendis.
707 517 790 552 (Rso.
809 517 854 549 44,
873 525 899 543 c.
920 516 988 548 270,
1006 516 1025 542 s.
1046 516 1080 544 63
1097 523 1141 549 v⁰3
1160 515 1226 543 Lm.
1244 524 1279 544 nu

270 573 370 605 Tuan,
388 571 409 603 Ι,
432 571 503 598 11ῗ.)

573 455 932 489 Sainte-Mffl·ie-tt1ajeure,
944 454 978 480 ‘22
995 454 1111 480 octobre
1129 454 1205 481 1283.

312 661 428 691 Eisdem
447 659 616 689 confirmat
633 656 873 686 concessionem
891 663 909 684 a
927 654 1028 684 bonae
1047 654 1221 684 memoriae
1233 654 1277 691 J.‚

271 713 507 751 archiepiscopo
539 709 720 740 Turonensi
735 733 740 744 ,
768 709 801 738 in
831 707 925 747 plena
947 707 1089 746 synodo,
1121 711 1280 737 rectorum

273 767 480 797 ecclesiarum
502 763 639 794 civitatis
663 767 693 793 et
714 762 868 792 dioecesis
892 761 1090 791 Turonensis
1112 760 1280 791 accedente

272 827 429 850 consensu
444 842 450 854 ,
469 817 516 847 eis
532 817 648 846 factam
663 840 669 852 ‚
686 819 721 845 ut
735 814 775 844 de
792 814 956 845 novalium
977 814 1111 844 decimis
1124 838 1131 850 ‚
1149 822 1227 852 quas
1245 813 1280 842 in

272 872 382 903 eadem
407 869 543 901 dioecesi
566 869 604 899 de
629 868 783 898 laicorum
805 867 956 897 manibus
976 866 1204 906 recuperarint,
1221 866 1280 895 ha·-

274 926 367 956 heant
378 924 456 954 duas
473 927 587 962 partes,
607 922 699 951 tertia
710 920 906 960 presbyteris
922 919 1129 950 ecclesiarum
1144 920 1178 949 in
1197 928 1279 958 qua-

274 987 344 1008 rum
361 976 536 1016 parrochiis
551 975 731 1006 consistunt
744 974 846 1004 dictae
857 974 999 1003 decimae
1018 976 1216 1002 remanente.
1231 972 1280 1001 Ne

274 1037 379 1063 tamen
397 1031 475 1061 haec
493 1029 697 1060 confirmatio
712 1027 839 1058 extendi
857 1027 960 1057 valeat
979 1026 1018 1056 ad
1035 1026 1183 1056 ecclesias
1199 1035 1280 1065 quae

272 1084 423 1116 ecclesiae
443 1082 552 1114 Sancti
572 1081 703 1112 Martini
719 1081 913 1117 Turonensi,
933 1080 971 1109 ad
989 1088 1156 1110 romanam
1178 1079 1280 1109 eccle-

273 1138 354 1169 siam
374 1136 464 1167 nullo
480 1136 588 1166 medio
607 1135 792 1174 pertinenti,
809 1133 996 1164 immediate
1011 1132 1237 1172 subjiciuntur.

315 1204 328 1219 α
344 1191 447 1222 Justis
464 1189 640 1230 petentium
655 1188 859 1219 desideriis...
878 1205 916 1209 —
930 1187 1001 1217 Dat.
1021 1190 1055 1216 ut
1070 1194 1175 1225 supra.
1196 1198 1209 1212 »

343 1337 429 1365 43⁰²

307 1399 516 1433 Indulgentiae.
536 1397 619 1430 (Res.
637 1396 680 1428 44,
699 1404 725 1423 c.
741 1396 804 1429 271,
822 1396 839 1422 f.
860 1395 893 1422 63
910 1396 962 1427 vo.)

580 1333 943 1367 Sainte-Marie-MaJeure,
957 1332 988 1359 13
1001 1332 1115 1366 janvier
1132 1331 1210 1358 1289.

1042 1428 1056 1442 Ο

316 1525 335 1531 ..
358 1501 498 1530 abbatie!
514 1499 676 1529 conventui
692 1498 872 1527 monasterii
892 1497 997 1526 Sancti
1015 1497 1175 1526 Laurentii
1196 1501 1283 1526 θέειν-α

272 1564 375 1586 muros
397 1554 491 1592 Urbis,
509 1554 630 1583 ordinis
644 1553 749 1582 Sancti
769 1552 929 1581 Benedicti.
949 1549 1188 1588 Indulgentiam
1204 1558 1282 1579 con-

272 1609 354 1640 cedit
374 1608 471 1638 unius
493 1607 572 1637 anni
595 1609 625 1636 et
649 1605 860 1644 quadraginta
884 1603 1010 1634 dierum
1034 1603 1185 1634 omnibus
1210 1611 1284 1632 vere

273 1662 510 1703 poenitentibus
534 1664 564 1690 et
588 1659 743 1690 confessis
766 1658 822 1697 qui
848 1657 987 1695 singulis
1011 1657 1124 1687 diebus
1152 1656 1283 1695 majoris

272 1714 536 1756 quadragesimae
567 1712 734 1743 ecclesiam
764 1711 940 1751 supradicti
967 1710 1153 1741 monasterii
1187 1709 1284 1739 aunis

274 1768 409 1807 singuiis
425 1767 537 1797 devote
556 1766 726 1796 visitarint.

316 1835 330 1849 α
355 1822 465 1852 Levita
486 1820 680 1850 Laurentius
703 1820 898 1850 bonorum...
921 1835 960 1841 —
977 1819 1049 1848 Dat.
1076 1819 1175 1848 Rome
1200 1818 1285 1857 apud

274 1875 424 1906 Sanctam
438 1874 574 1904 Mariam
587 1874 754 1913 Majorem,
768 1872 1032 1913 idibusjanuarii,
1047 1880 1132 1902 anno
1141 1871 1256 1910 primo.
1267 1884 1279 1898 ν

344 2020 536 2050 438-439

311 2083 496 2119 Dispensatio
514 2081 696 2108 residentiae.
716 2081 798 2114 (Rae.
817 2081 865 2115 44,
881 2089 907 2107 c.
927 2080 993 2114 27⁶2,
1010 2081 1029 2107 f.
1050 2080 1084 2107 64
1105 2086 1143 2112 r⁰;
1161 2079 1228 2106 Lar.
1250 2089 1285 2107 nn

274 2133 371 2164 Tflsn„
389 2131 410 2163 Ι,
432 2131 504 2164 113.)

800 2018 888 2051 Ricti,
904 2018 938 2045 ‘22
954 2018 1117 2053 septembre
1136 2018 1212 2045 1288.

316 2235 414 2265 Nobili
434 2235 499 2263 viro
521 2233 660 2269 Roberto,
682 2233 784 2262 comiti
802 2232 1058 2268 Claromontensi‚
1081 2231 1227 2269 indulget
1250 2235 1287 2261 ut

277 2298 331 2320 sex
349 2287 455 2318 clerici
475 2287 545 2326 ejus
563 2286 726 2325 obsequiis
749 2286 935 2316 insistentes
950 2294 1006 2324 per
1021 2285 1285 2324 quinquennium

277 2342 410 2377 fructus,
425 2340 568 2370 redditus
581 2343 791 2379 etproventus
803 2338 1033 2369 beneficiorum
1045 2347 1175 2368 suorum
1187 2337 1286 2368 eccle-

277 2395 478 2426 siasticorum
503 2393 628 2431 integre
644 2393 804 2432 percipere
826 2392 953 2423 valeant
975 2401 1011 2423 ac
1033 2392 1059 2422 si
1076 2391 1286 2431 personaliter

277 2450 311 2479 in
327 2447 470 2479 ecclesiis
487 2447 676 2477 residerent.

319 2514 333 2529 «
350 2501 452 2532 Habet
466 2500 501 2530 in
518 2500 648 2531 nobis...
665 2517 704 2522 —
722 2500 791 2530 Dat.
811 2500 920 2536 Reate,
937 2509 955 2529 x
971 2499 1123 2530 kalendas
1136 2500 1284 2537 octobris,

277 2564 363 2586 anno
379 2555 494 2594 primo.
516 2565 529 2581 ι»

318 2610 356 2639 In
375 2617 402 2638 e.
421 2617 463 2637 m.
485 2630 503 2637 ..
519 2607 626 2637 abbati
643 2607 828 2637 monasterii
845 2606 955 2637 Sancti
976 2607 1114 2637 Dionisii
1135 2607 1169 2636 in
1189 2607 1286 2637 Fran-

278 2663 339 2700 cia,
356 2661 549 2692 Parisiensis
565 2660 732 2697 dioecesis,
750 2660 881 2690 mandat
897 2664 1055 2699 quatenus
1069 2661 1197 2691 eosdem
1215 2670 1286 2700 pro-

279 2717 393 2747 ventus
412 2719 442 2745 et
458 2714 602 2745 redditus
619 2713 739 2744 eisdem
757 2713 880 2744 clericis
899 2714 1077 2744 ministrari
1093 2714 1200 2744 saciat.

349 2860 439 2888 440
796 2860 888 2894 Rieu,
905 2860 939 2888 22
955 2860 1119 2896 septembre
1139 2861 1214 2888 1288.

317 2922 524 2956 indulgentiae.
542 2922 626 2956 (Res.
643 2923 675 2949 44
691 2945 695 2954 ,
712 2931 738 2949 c.
754 2922 824 2956 273,
841 2923 861 2950 f.
879 2923 912 2951 64
929 2930 974 2956 1¹⁰3
991 2923 1057 2950 Lar.
1075 2932 1110 2951 nu
1128 2923 1236 2955 Tanta,
1253 2923 1283 2956 Ι,

282 2972 355 3004 ¹15.)

324 3060 431 3089 Dilecto
447 3060 510 3096 filio
531 3059 625 3089 nobili
646 3061 713 3089 viro
729 3061 848 3090 Roberto
863 3084 869 3098 ,
889 3066 961 3090 nato
978 3061 1058 3090 clare
1075 3062 1219 3091 memorio
1239 3063 1284 3101 L.‚

1362 455 1440 492 reyis
1456 454 1642 483 Francorum
1656 475 1664 489 ,
1685 453 1809 488 comiti,
1831 457 1856 482 et
1872 453 1976 482 dilecte
1996 454 2029 482 in
2053 452 2171 482 Christo
2191 453 2254 490 filie
2272 453 2368 483 nobili

1364 508 1487 538 mulieri
1511 507 1658 542 Beati-iri,
1680 506 1772 535 uxori
1788 505 1869 542 ejus,
1887 507 2037 535 comitisse
2060 505 2366 537 Claromontensibus.

1363 559 1602 598 Indulgentiam
1633 559 1742 588 decem
1771 558 1896 588 dierum
1926 558 2065 595 eisdem,
2100 558 2366 598 quandocumque

1362 613 1629 653 praedicationem
1655 612 1816 648 audirint,
1838 612 1989 642 omnibus
2007 612 2063 651 qui
2088 612 2193 642 eidem
2211 612 2368 651 praedica-

1363 667 1442 697 tioni
1460 666 1624 697 adfuerint
1640 670 1670 696 et
1687 665 1899 704 praedicatori
1918 665 2074 695 concedit.

1403 733 1416 748 a
1444 721 1582 750 Meretur
1598 719 1777 750 devotionis
1796 723 1936 749 vestre...
1953 735 1993 741 —
2008 719 2081 749 Dat.
2099 723 2133 749 ut
2148 728 2254 758 supra.
2275 731 2287 746 n

2138 791 2143 811 l

1432 908 1515 935 441

1398 969 1584 1005 Dispensatio
1601 969 1733 996 visitandi
1749 969 1846 996 limina
1861 968 2068 1004 apostolorum.
2086 968 2168 1004 (Rea.
2188 969 2220 996 44
2231 990 2239 1003 ,
2255 976 2282 996 e.
2298 968 2368 1001 274,

1363 1018 1382 1044 f.
1404 1018 1436 1045 64
1453 1026 1492 1050 νος
1510 1018 1576 1045 Lm.
1595 1028 1629 1046 nn
1645 1019 1743 1052 Tnmn,
1760 1018 1782 1051 I,
1802 1018 1873 1051 116.)

1674 905 2026 940 Sainte-Marie-Majeure,
2041 906 2077 933 20
2089 906 2202 941 janvier
2220 905 2298 934 1288.

1410 1121 1575 1150 Venerabili
1589 1122 1684 1158 fratri
1704 1122 1823 1151 Gallero
1835 1145 1842 1158 ,
1863 1121 1996 1158 episeopo
2015 1121 2195 1150 pictavensi.
2216 1119 2297 1150 Eum
2313 1119 2369 1150 ah-

1363 1171 1459 1202 solvit
1484 1181 1502 1202 a
1523 1174 1707 1211 Jnramento
1739 1172 1890 1202 visitandi
1918 1171 2056 1210 singulis
2089 1172 2229 1202 bienniis
2255 1170 2371 1202 limina

1363 1225 1589 1264 apostolorum.

1406 1290 1419 1305 κ
1442 1279 1485 1308 Ex
1506 1283 1593 1318 parte
1613 1283 1702 1309 tua...
1725 1296 1763 1300 —
1785 1279 1854 1309 Dat.
1881 1279 2002 1315 Rome,
2024 1277 2108 1317 apud
2134 1277 2286 1308 Sanctam
2302 1277 2370 1307 Ma-

1365 1331 1446 1362 riam
1465 1332 1631 1371 Majorem,
1647 1342 1704 1362 xm
1722 1332 1874 1362 kalendas
1892 1331 2058 1367 februarii,
2076 1339 2162 1362 anno
2179 1331 2292 1371 primo.
2309 1343 2321 1357 ι

1435 1519 1523 1547 442

1401 1580 1600 1615 Senogaliensi
1617 1581 1753 1615 episcopo
1772 1580 1914 1607 licentiam
1932 1580 2064 1607 concedit
2075 1579 2216 1606 alienandi
2233 1579 2371 1615 quasdam

1365 1630 1569 1666 possessiones
1584 1629 1618 1656 ad
1634 1638 1762 1656 mensam
1785 1629 1876 1664 ipsius
1897 1633 2072 1664 spectantes.
2095 1628 2175 1662 (Rae.
2194 1628 2226 1656 44
2239 1650 2245 1661 ,
2261 1636 2287 1655 0.
2304 1627 2371 1662 275,

1365 1680 1383 1707 f.
1401 1679 1434 1706 64
1447 1680 1494 1712 νο.)

1667 1517 2029 1553 Sainte-Marie-Majeure,
2050 1519 2078 1545 14
2092 1518 2207 1553 janvier
2223 1517 2303 1546 1‘289.

1411 1782 1635 1811 Venerabilibus
1650 1782 1800 1818 fratribus
1815 1805 1835 1811 ..
1849 1782 2009 1810 Porticensi
2025 1787 2051 1811 et
2070 1803 2088 1810 ..
2107 1782 2283 1810 Penestrino
2299 1781 2373 1818 epis-

1365 1836 1454 1872 copis.
1472 1857 1491 1864 ..
1506 1833 1744 1872 Senogaliensis
1759 1833 1924 1872 episcopus
1941 1836 1971 1863 et
1988 1833 2179 1863 universitas
2197 1833 2319 1863 Roccae
2334 1832 2373 1863 de

1365 1888 1526 1924 Contrata,
1544 1886 1782 1925 Senogaliensis
1799 1886 1965 1924 dioecesis,
1985 1886 2171 1925 quaestione
2188 1886 2273 1915 inter
2288 1885 2374 1924 ipsos

1366 1951 1460 1981 super
1476 1941 1614 1972 Peticuli
1629 1945 1658 1971 et
1675 1940 1823 1971 Montalis
1835 1940 1945 1970 castris
1964 1940 2124 1976 suscitata,
2141 1947 2223 1977 quae
2238 1943 2373 1978 utraque

1366 1996 1508 2034 ipsarum
1524 1994 1664 2033 partium
1679 1994 1717 2024 ad
1733 2003 1766 2025 se
1780 1998 1921 2034 spectare
1934 2003 1970 2024 ac
1990 1994 2022 2023 in
2035 1993 2153 2033 quibus
2166 1992 2373 2032 temporalem

1363 2048 1623 2088 jurisdictionem
1643 2047 1682 2078 ad
1704 2057 1737 2078 se
1760 2048 1918 2087 pertinere
1940 2047 2082 2083 dicebat,
2101 2047 2185 2076 inter
2206 2055 2240 2076 se
2261 2050 2372 2077 tracta-

1367 2106 1483 2132 verunt
1496 2106 1530 2132 ut
1543 2106 1736 2132 memoratus
1750 2101 1914 2140 episcopus
1928 2100 1997 2131 loca
2013 2100 2172 2131 dictorum
2185 2104 2372 2138 castrorum,

1368 2165 1449 2196 quae
1478 2154 1616 2185 totaliter
1642 2155 1802 2185 destructa
1826 2159 1933 2191 erant,
1960 2158 1990 2184 et
2018 2163 2130 2184 eorum
2157 2153 2320 2184 districtus
2344 2157 2374 2184 et

1365 2209 1622 2249 jurisdictionem
1644 2207 1850 2247 temporalem
1872 2207 1975 2237 eidem
1998 2206 2201 2237 universitati
2222 2206 2374 2237 venderet

1368 2271 1423 2302 pro
1436 2267 1521 2292 certa
1533 2261 1687 2301 pecuniae
1697 2261 1885 2300 quantitate,
1898 2265 1927 2291 et
1938 2260 2022 2300 quod
2035 2260 2186 2290 homines
2198 2263 2374 2290 castrorum

1368 2316 1524 2355 ipsorum,
1542 2323 1679 2354 quorum
1697 2314 1804 2353 plures
1820 2315 1852 2344 in
1869 2314 1980 2344 eadem
2000 2314 2103 2344 Rocca
2118 2315 2186 2353 jam
2201 2322 2257 2353 per
2271 2321 2374 2344 annos

1367 2369 1578 2409 quadraginta
1598 2372 1628 2398 et
1651 2367 1788 2406 amplius
1811 2367 1995 2397 habitarant
2020 2371 2142 2397 etcum
2165 2366 2375 2397 universitate

1368 2423 1609 2453 contribuerant
1633 2421 1667 2450 in
1696 2421 1812 2459 talliis,
1837 2420 1976 2451 collectis
1999 2425 2029 2451 et
2052 2420 2127 2451 aliis
2152 2420 2310 2458 servitiis,
2335 2419 2374 2450 ab

1368 2476 1522 2515 episcopi,
1557 2475 1609 2513 cui
1643 2474 1764 2513 singuli
1797 2483 1906 2505 eorum
1935 2473 2140 2504 medietatem
2169 2481 2301 2504 suorum
2317 2473 2372 2503 bo-

1369 2539 1485 2560 norum
1522 2529 1726 2566 exhiberent,
1761 2528 1985 2567 jurisdictione
2024 2526 2190 2567 temporali
2227 2535 2373 2557 remane-

1368 2588 1440 2613 rent
1455 2583 1628 2612 immunes.
1647 2582 1749 2621 Super
1764 2582 1880 2621 quibus
1900 2581 2113 2621 inquisitione
2131 2580 2171 2611 ad
2187 2579 2375 2610 mandatum

1369 2637 1452 2667 sedis
1475 2635 1664 2675 apostolicae
1690 2636 1787 2672 sacta,
1817 2658 1836 2665 ..
1866 2635 1982 2665 Esinus
2011 2638 2041 2664 et
2068 2632 2375 2665 Forosinfroniensis

1369 2689 1506 2729 episcopi
1524 2689 1718 2719 invenerunt
1735 2689 1819 2728 quod
1845 2687 2086 2727 Senogaliensis
2112 2687 2203 2717 sedes
2224 2695 2279 2726 per
2294 2694 2374 2726 qua-

1369 2743 1516 2781 draginta
1534 2750 1693 2772 annorum
1710 2742 1849 2781 spatium
1868 2741 1906 2771 de
1925 2741 2008 2772 dicto
2028 2744 2130 2771 castro
2146 2739 2283 2770 Peticuli
2300 2738 2375 2770 nul-

1368 2797 1436 2827 lum
1456 2800 1504 2826 est
1524 2796 1728 2826 commodum
1747 2800 1908 2832 assecuta3
1933 2794 2018 2834 quod
2036 2794 2074 2824 de
2094 2797 2196 2824 castro
2211 2792 2374 2829 Montalis,
2407 2821 2410 2827 ,

1370 2850 1538 2884 destructo,
1559 2849 1675 2879 refecto
1690 2859 1726 2879 ac
1744 2849 1884 2888 exposito
1900 2848 2040 2879 finaliter
2058 2846 2230 2878 vastationi
2249 2845 2375 2877 habita-

1370 2908 1487 2940 torum,
1507 2912 1596 2942 passa
1615 2907 1660 2933 est
1677 2903 1837 2933 molestias
1853 2902 2061 2933 multimodas
2075 2912 2081 2939 ;
2099 2905 2129 2932 et
2145 2900 2273 2931 tandem
2289 2898 2389 2939 quod,

1370 2957 1408 2986 de
1420 2956 1645 2996 jurisdictione
1657 2961 1833 2987 castrorum
1846 2960 1875 2987 et
1891 2956 2063 2987 hominum
2078 2954 2311 2994 praedictorum
2322 2952 2375 2983 vix

1370 3013 1497 3040 centum
1531 3009 1629 3040 libras
1661 3010 1859 3040 Ravennatis
1888 3013 2036 3040 monetae
2068 3007 2230 3047 percipere
2261 3009 2371 3046 potest.

1369 3064 1584 3100 Quamobrem
1602 3087 1622 3093 ..
1642 3065 1810 3095 Portuensi
1824 3068 1855 3094 et
1870 3063 2060 3094 I’enestrino
2074 3061 2230 3102 episcopis
2245 3059 2376 3091 mandat
