2342 3652
942 368 1168 409 DnnmeE
1184 377 1340 407 ANNEE.
2123 381 2180 413 335

100 454 160 484 que
182 445 285 474 dictus
309 445 490 483 episcopus,
507 448 576 482 post
601 443 735 473 Honorii
758 447 908 479 mortem,
925 443 964 472 ad
990 444 1097 473 sedem

98 497 298 536 apostolicam
320 506 438 526 munus
461 495 709 526 consecrationis
729 500 759 524 et
781 496 920 534 palleum
944 496 1097 534 petiturus

99 550 249 586 venisset,
263 549 411 579 nonnulli
425 558 462 578 ex
473 548 635 578 canonicis
647 548 921 586 Compostellanis,
936 549 1011 578 huic
1023 549 1097 587 peti-

103 604 179 633 tioni
188 612 221 632 se
230 607 436 641 opponentes,
449 610 553 631 coram
566 601 639 630 sede
649 600 818 639 apostolica
830 605 1093 640 comparuerunt;

99 657 152 686 sed
169 655 319 685 Nicolaus
337 664 425 693 papa,
445 663 508 684 non
525 653 713 683 diffiniendo
729 662 823 692 super
839 654 884 683 eis
899 662 979 692 quae
995 663 1013 682 a
1029 663 1098 692 par-

98 710 180 739 tibus
197 709 354 747 proposita
371 708 470 744 fuere,
492 716 610 736 munus
626 707 892 743 consecrationis,
914 706 1051 744 palleum
1068 711 1097 736 et

97 762 325 801 possessionem
347 762 505 799 integram
519 761 554 799 jti
562 761 645 789 rium
664 764 694 788 et
716 760 874 789 bonorum
889 759 1097 797 archiepisco-

96 816 216 856 palium
242 815 396 845 Roderico
415 814 511 843 tribui
529 812 792 851 adversariosque
815 814 883 851 ejus
906 812 945 841 ad
969 821 1096 841 accusa-

96 870 225 903 tionem,
243 868 269 897 si
281 867 451 903 voluerint,
467 866 592 896 admitti
605 866 711 905 jussit.

140 935 152 949 ι
169 921 255 952 Olim
277 921 376 950 felicis
398 919 665 950 recordationis...
684 935 723 940 —
737 919 808 948 Dat.
829 919 947 954 Reate.
965 928 1019 948 xm
1039 919 1096 948 ka-

95 975 204 1006 lendas
219 974 355 1004 octobris
371 998 377 1009 ,
397 981 482 1003 anno
500 973 650 1002 secundo.
671 985 684 998 η

165 1153 282 1183 1818

127 1216 311 1251 Dispensatio
328 1215 512 1242 matrimonii.
529 1214 614 1249 (Reg.
632 1214 675 1247 44,
694 1222 719 1240 c.
737 1214 798 1248 684,
814 1214 833 1240 f.
851 1214 902 1240 264
921 1216 972 1244 vo.)

345 1152 712 1186 Salute-MariffiMaJeure,
730 1152 761 1179 13
777 1152 929 1178 decembre
948 1152 1023 1179 1289.

137 1318 303 1348 Venerabili
314 1317 410 1354 fratri
421 1340 441 1346 ..
459 1319 590 1355 episcopo
603 1318 745 1346 Alatrino
755 1317 925 1346 committit
938 1321 1096 1355 quatenus

93 1380 167 1402 cum
184 1371 290 1400 Blasio
308 1371 395 1400 Petri
418 1375 448 1399 et
472 1370 583 1400 Palma
606 1369 728 1400 Nicolai
754 1370 792 1399 de
813 1370 905 1405 Vico,
931 1369 1096 1399 Alatrinae

93 1424 260 1459 dioecesis,
286 1423 448 1462 dispenset
466 1428 500 1453 nt
524 1423 766 1453 matrimonium
792 1423 875 1461 quod
892 1422 981 1458 olim,
1002 1423 1095 1460 igno-

44 1491 48 1494 ·
93 1481 199 1508 rantes
216 1486 250 1506 se
264 1481 376 1516 quarto
391 1477 677 1514 consanguinitatis
691 1477 790 1514 gradu
807 1477 992 1513 conjunctos
1008 1485 1094 1512 esse,

92 1534 333 1566 contraxerunt,
350 1534 380 1558 et
396 1530 428 1558 in
447 1538 508 1568 quo
524 1530 630 1568 plures
647 1529 730 1559 filios
748 1534 951 1566 procrearunt
966 1553 971 1564 ,
990 1537 1095 1558 rema·

92 1592 166 1614 nere
182 1583 318 1613 valeant.

131 1649 146 1665 «
167 1637 315 1667 Exhibita
336 1637 426 1666 nobis
443 1637 588 1666 dilecti...
606 1654 644 1657 —
662 1637 732 1666 Dat.
752 1636 870 1670 Rome.
896 1635 980 1674 apud
996 1635 1095 1665 Sanc-

92 1694 154 1720 tam
185 1690 320 1719 Mariam
354 1691 525 1729 Majorem,
556 1689 664 1719 idibus
697 1689 875 1718 decembris
892 1713 898 1725 ,
931 1697 1016 1718 anno
1046 1697 1095 1718 se-

90 1744 204 1775 cundo.
225 1756 238 1771 r»

159 1931 275 1960 1819

121 1993 248 2020 Licentia
263 1993 403 2020 alienandi
416 1993 490 2019 bona
506 1993 624 2019 fratrum
642 1991 837 2023 Poenitentiae
852 1991 924 2018 Jesu
936 1991 1043 2019 Christi
1058 1993 1093 2018 de

87 2041 266 2077 perpiniano.
287 2042 369 2069 (Rae.
386 2042 430 2072 44,
447 2049 473 2068 c.
491 2041 552 2075 685,
568 2041 588 2067 s.
606 2041 656 2068 -265
671 2048 710 2071 r⁰;
728 2040 793 2067 Lip.
813 2050 848 2068 nn
858 2041 956 2074 Tutzis,
969 2040 1005 2071 ΙΙ,
1020 2041 1092 2073 338.)

349 1930 711 1964 Sainte-Marie-MaJeure,
730 1931 760 1956 10
774 1930 926 1956 decembre
944 1930 1020 1957 1289.

129 2143 298 2173 Venerabili
316 2144 412 2180 fratri
434 2166 454 2172 ..
479 2145 613 2181 episcopo
636 2143 768 2173 Elnerisi.
792 2155 805 2169 α
832 2143 981 2172 Exhibita
1003 2143 1092 2172 nobis

86 2196 273 2227 dilectorum
297 2196 437 2226 filiorum
457 2219 477 2226 ..
494 2196 609 2234 prioris
625 2200 655 2226 et
669 2196 803 2225 fratrum
820 2196 1000 2226 Penitentie
1015 2196 1092 2225 Jesu

86 2249 207 2280 Christi
221 2249 261 2279 dc
278 2249 483 2288 Pet-piniano,
499 2249 647 2278 Eluensis
662 2249 809 2284 diocesis,
825 2249 932 2287 petitio
949 2249 1091 2278 contine-

87 2304 140 2334 bat
154 2303 238 2343 quod
254 2303 333 2341 ipsi,
350 2306 424 2331 ante
445 2301 683 2331 revocationem
701 2301 751 2331 sui
767 2302 906 2337 ordinis,
924 2311 942 2331 a
958 2302 1092 2331 diversis

87 2345 308 2392 creditoribus}
323 2363 419 2384 causa
429 2355 556 2384 emendi
574 2354 737 2393 quandam
752 2359 868 2384 terram
885 2360 971 2384 extra
987 2354 1092 2384 locum

89 2418 197 2440 eorum
213 2409 345 2446 positam
360 2431 366 2442 ,
385 2412 415 2437 et
430 2415 485 2445 pro
502 2407 694 2446 quibusdam
709 2415 820 2437 eorum
838 2408 1090 2443 necessitatibuS,

89 2462 250 2502 quandam
276 2462 409 2500 pecunie
433 2470 593 2490 summam
622 2464 733 2490 mutuo
756 2465 953 2499 receperunt.
987 2461 1091 2497 Quare

89 2516 184 2547 nobis.
195 2515 362 2545 humiliter
377 2514 597 2553 supplicarunt
613 2519 656 2550 ut,
671 2523 743 2544 cum
760 2514 820 2552 ipsi
837 2514 876 2543 ab
892 2514 1011 2544 eisdem
1024 2523 1091 2543 cre-

88 2569 241 2600 dimrihus
255 2568 474 2606 multipliciter
490 2576 584 2605 super
604 2567 714 2596 eadem
734 2567 867 2606 pecnnia
882 2567 1090 2606 impetantur,

88 2631 148 2653 nec
163 2622 302 2652 habeant
319 2621 402 2651 unde
415 2621 626 2650 creditoribus
643 2621 764 2659 possint
779 2621 959 2650 satisfacere
980 2630 1091 2659 supra-

87 2675 191 2713 dictis,
209 2674 372 2714 providere
383 2675 416 2703 in
430 2674 488 2703 hac
506 2678 591 2712 parte
605 2673 854 2703 misericorditer
869 2674 1087 2711 dignaremur.

89 2728 156 2759 Nos
169 2729 292 2767 itaque,
313 2728 499 2757 eorumdem
519 2727 632 2765 prioris
648 2732 677 2756 et
693 2727 828 2756 fratrum
849 2726 1089 2765 supplicationi-

88 2781 146 2812 bus
163 2781 320 2816 inclinati,
336 2781 526 2810 fraternitati
545 2785 607 2816 tue,
625 2781 663 2809 de
680 2788 743 2818 qua
759 2780 886 2818 plenam
904 2780 937 2808 iu
954 2781 1090 2810 Domino

89 2833 232 2864 fidutiam
252 2833 409 2872 gerimus,
428 2834 587 2863 vendendi
604 2834 778 2872 predictam
799 2838 916 2862 terram
941 2838 971 2863 et
989 2834 1089 2872 ipsius

89 2888 226 2926 pretium
236 2887 270 2916 in
282 2887 474 2916 solutionem
485 2887 663 2917 debitorum
676 2887 861 2925 hujusmodi
873 2887 1088 2923 convertendi,

90 2949 153 2971 non
168 2941 311 2971 obstante
330 2941 556 2970 constitutione
579 2941 678 2970 felicis
698 2940 925 2969 recordationis
943 2940 1089 2978 Gregorii

89 3002 167 3032 pape
180 2994 223 3031 X,
245 2994 476 3032 predecessoris
498 2995 614 3028 nostri,
638 2994 721 3022 edita
743 2994 774 3022 in
799 2993 941 3030 generali
955 2994 1089 3024 concilio

91 3047 308 3085 Lugdunensi‚
326 3047 460 3076 liberam
476 3047 661 3076 auctoritate
678 3047 871 3084 presvunum
884 3047 1088 3077 concedimus

1176 443 1367 473 facultatem.
1390 445 1544 476 Volumus
1562 451 1667 476 tamen
1684 452 1717 477 ut
1733 447 1916 484 residuum,
1934 448 1960 476 si
1976 448 2060 485 quod
2078 448 2180 477 fuerit

1178 495 1216 524 de
1232 497 1365 533 pecunia
1380 506 1476 535 quam
1492 499 1567 528 inde
1585 500 1754 538 receperis,
1767 500 1879 529 debitis
1892 500 2040 538 predictis
2057 500 2179 536 solutis,

1178 550 1310 579 nomine
1333 555 1439 580 nostro
1458 556 1487 581 et
1513 552 1644 582 ecclesie
1666 562 1815 589 romane,
1841 553 1978 591 deponas
2004 562 2099 590 penes
2120 552 2179 582 ali-

1178 610 1272 639 quos,
1291 603 1329 631 de
1344 604 1459 642 quibus
1478 605 1532 634 tibi
1549 605 1706 635 videbitur
1721 606 1885 645 expedire,
1910 611 1940 635 et
1955 615 2048 645 super
2066 606 2178 644 hujus-

1178 655 1263 684 modi
1279 655 1418 693 deposito
1438 658 1505 686 fieri
1525 658 1620 688 facias
1637 659 1801 697 publ‘tcutn
1818 660 2083 694 instrumentum,
2097 659 2180 697 quod

1179 707 1269 737 nobis
1296 710 1478 746 quantotius
1504 711 1628 740 mittere
1654 720 1717 741 non
1748 717 1928 750 postponas.
1956 712 2026 741 Dat.
2059 713 2177 748 Rome,

1178 761 1260 799 apud
1282 761 1429 791 Sanctam
1452 763 1588 793 Mariam
1616 765 1786 802 Maiorem,
1814 775 1860 795 1111
1888 766 1959 795 idus
1986 766 2177 800 decembris,

1179 822 1264 844 anno
1281 816 1428 845 secundo.
1452 828 1464 841 ι»

1253 972 1368 1001 1820

1214 1034 1357 1060 Alienatio
1378 1035 1598 1069 possessionum
1615 1034 1789 1061 Urbevetani
1807 1036 2002 1070 episcopatus.
2029 1037 2110 1069 (Rae.
2133 1038 2179 1069 44,

1178 1090 1204 1108 c.
1222 1083 1283 1112 686,
1300 1083 1319 1109 f.
1338 1083 1387 1109 *265
1404 1086 1449 1113 νο.)

1455 973 1815 1008 Sainte-Marie-Majeure‚
1833 975 1848 1001 5
1865 975 2015 1001 decembre
2034 976 2108 1003 1289.

1219 1208 1240 1216 ..
1266 1187 1366 1215 abbati
1390 1187 1555 1214 monasteri?
1579 1186 1684 1215 Sancti
1705 1186 1808 1215 Severi
1830 1195 1923 1223 prope
1950 1187 2179 1216 Urbemveterem

1178 1239 1308 1268 mandat
1331 1243 1488 1276 qnatenus
1504 1239 1648 1277 episcopo
1670 1239 1874 1270 Urbevetano
1895 1239 2057 1269 licentiam
2073 1248 2183 1269 conce-

1178 1293 1231 1322 dat
1255 1293 1398 1321 mutandi
1423 1292 1471 1321 vel
1494 1292 1655 1322 vendendi
1678 1293 1831 1331 quasdam
1860 1293 2074 1331 possessiones
2099 1293 2183 1322 sedis

1178 1345 1375 1384 episcopalis.

1220 1412 1233 1425 α
1258 1399 1374 1429 Petitio
1401 1399 1591 1428 venerabilis
1619 1399 1761 1428 fratris...
1790 1417 1829 1420 —
1855 1400 1923 1429 Dat.
1955 1400 2075 1436 Rome⁷
2099 1400 2182 1438 apud

1178 1453 1326 1483 Sanctam
1349 1453 1484 1482 Mariam
1504 1453 1657 1491 Majorem
1672 1477 1680 1492 ‚
1697 1453 1791 1482 nonis
1810 1452 1987 1482 decembris
2001 1475 2008 1488 ,
2031 1461 2116 1483 anno
2132 1462 2182 1482 se-

1178 1507 1292 1536 cundo.
1315 1518 1328 1532 »

1213 1715 1339 1741 Licentia
1356 1715 1506 1741 exercendi
1524 1723 1574 1749 per
1588 1715 1659 1741 ulios
1672 1716 1722 1747 jus
1735 1714 1916 1741 visitationis.
1932 1714 2013 1747 (lise.
2026 1715 2068 1748 44,
2080 1723 2104 1740 c.
2118 1716 2178 1747 (Μ,

1176 1764 1195 1791 f.
1213 1764 1263 1791 ‘265
1281 1770 1321 1795 r⁰;
1340 1764 1405 1790 Lat).
1419 1773 1452 1790 nc
1468 1763 1564 1794 Tuam,
1582 1763 1620 1794 ΙΙ,
1638 1764 1709 1790 3:39.»

1441 1651 1798 1686 sainte-Marie-Majeure‚
1815 1652 1847 1678 -23
1864 1652 2014 1678 decembre
2032 1652 2109 1679 1289.

1216 1867 1409 1902 Forzanerio,
1435 1866 1649 1895 archidiacono
1673 1867 1705 1895 de
1725 1866 1808 1894 Ultra
1832 1866 1980 1894 Dordonia
2004 1867 2037 1894 in
2061 1866 2178 1894 ecclesia

1175 1920 1415 1956 Fen—aqom'censt

1217 1986 1230 1999 α
1257 1973 1466 2010 Exigentibus
1492 1978 1544 2002 tue
1563 1972 1778 2002 devotionis...
1802 1987 1841 1995 -
1864 1972 1934 2001 Dat.
1958 1972 2077 2006 Rome⁷
2097 1972 2179 2010 apud

1176 2026 1325 2056 Sanctam
1351 2027 1483 2055 Mariam
1510 2027 1678 2065 Majorem.
1704 2035 1721 2054 x
1740 2025 1893 2055 kalendas
1910 2025 2069 2064 Januarii.
2095 2034 2179 2055 anno

1175 2079 1327 2110 secundo.
1352 2093 1362 2104 v

1214 2233 1463 2262 1822-1825
1488 2231 1844 2266 Salate-Marie-Majeure‚
1854 2232 1886 2257 ‘27
1900 2232 2053 2257 novembre
2066 2231 2142 2257 1289.

1210 2294 1418 2327 Indulgentiae.
1437 2293 1518 2327 (Rs-fi.
1537 2294 1579 2324 44,
1597 2302 1621 2319 c.
1641 2294 1701 2323 638,
1720 2294 1738 2319 f.
1757 2293 1806 2319 265
1825 2300 1868 2319 r⁰.t

1218 2397 1372 2426 Universis
1388 2395 1501 2424 Christi
1523 2395 1659 2431 fidelibus
1680 2400 1830 2432 presentes
1854 2396 1970 2424 litteras
1989 2396 2173 2432 inspecturis.

1175 2448 1415 2486 Indulgentiam
1434 2448 1530 2476 nnius
1547 2448 1627 2476 anni
1644 2452 1674 2477 et
1699 2457 1736 2476 xi.
1759 2447 1883 2476 dierum
1902 2447 2045 2477 ‹·0ucedit
2062 2448 2107 2477 eis
2123 2449 2176 2485 qui

1175 2502 1388 2533 cathedralem
1418 2501 1583 2530 ecclesiam
1614 2501 1728 2530 Beatae
1755 2502 1873 2530 Mariae
1900 2502 2115 2530 Parisiensem
2142 2502 2175 2530 in

1174 2557 1282 2586 beatae
1307 2555 1425 2584 Mariae
1443 2558 1472 2583 et
1493 2554 1524 2584 S.
1542 2554 1700 2584 Jobannis
1721 2555 1879 2592 Baptistae
1904 2554 2124 2583 festivitatibus
2148 2559 2178 2583 et

1174 2611 1207 2639 in
1231 2608 1453 2638 anniversario
1471 2607 1522 2636 die
1544 2607 1754 2636 dedicationis
1770 2608 1911 2645 ejusdem
1929 2607 2078 2637 ecclesiae
2100 2607 2175 2636 visi-

1175 2662 1319 2692 tavei-int.

1216 2728 1229 2742 κ
1248 2715 1345 2751 Virga
1361 2713 1586 2742 venustissima
1602 2718 1668 2742 ets..
1687 2729 1725 2734 -
1743 2713 1812 2741 Dat.
1838 2713 1958 2747 Rome,
1976 2712 2059 2750 apud
2078 2712 2175 2742 Sanc-

1175 2775 1238 2798 tam
1260 2766 1393 2796 Mariam
1413 2766 1585 2804 Majorem,
1603 2775 1621 2793 v
1639 2766 1789 2795 kalendas
1805 2765 2000 2802 decembris,
2020 2774 2105 2795 anno
2127 2774 2176 2795 se-

1174 2822 1287 2852 cundo.
1308 2832 1320 2846 »

1214 2876 1252 2904 In
1269 2883 1294 2903 e.
1317 2881 1359 2901 m.
1378 2880 1432 2910 pro
1448 2871 1619 2901 cathedrali
1644 2871 1774 2901 ecclesia
1796 2872 1908 2901 Beatae
1928 2872 2046 2902 Mariae
2071 2871 2177 2901 Silva-

1175 2927 1325 2959 nectensi.

1417 2977 1780 3012 Sainte-Marie-Majeure‚
1799 2978 1831 3004 ⁵37
1851 2978 2006 3005 novembre
2026 2978 2102 3006 1‘289.

1215 3044 1252 3072 Iu
1276 3052 1302 3070 e.
1328 3031 1370 3069 m.
1394 3039 1524 3069 eisdem.
1553 3039 1691 3069 Eandem
1718 3040 1953 3077 indulgentiam
1970 3041 2114 3070 concedit
2131 3042 2176 3072 eis
