2342 3652
911 370 1164 416 QUATRIE‘lME
1187 367 1344 407 ANNEE.
2116 376 2171 405 647

79 448 214 478 nasterii
230 448 449 484 Sublacensis,
469 447 622 487 praedicti
638 446 777 483 ordinis,
794 445 983 476 Tiburtinae
1000 445 1086 475 dioe-

80 501 178 536 cesis,
211 502 355 531 abbatem
386 501 580 531 monasterio
616 501 724 530 Sancti
761 500 877 538 Angeli
913 500 947 529 in
986 500 1088 529 Massa

81 555 275 591 Narniensi,
295 555 419 584 ordinis
436 555 467 584 S.
489 555 650 584 Benedicti
668 578 674 590 ,
692 555 815 584 vacanti
836 562 890 592 per
910 552 1089 582 translatio-

83 616 158 638 nem
178 608 263 638 Petri
279 608 318 637 ad
339 608 568 637 monasterium
588 607 695 637 Sancti
714 607 860 637 Andreae
876 607 914 636 de
930 607 1088 642 Ponzano,

84 661 236 700 praedicti
246 661 379 697 ordinis⁷
393 661 539 691 Civitatis
550 661 748 690 Castellanae
760 661 924 697 dioecesis,
938 660 1088 698 praeficit.

125 726 139 741 «
157 714 306 743 Debitum
317 714 413 743 officii
429 714 566 743 nostri...
578 730 617 736 —
633 714 702 743 Dat.
719 713 801 752 apud
818 714 1088 749 Urbemveterem,

82 776 103 796 v
119 766 272 796 kalendas
289 767 408 803 martii,
426 775 511 796 anno
529 771 652 804 quarto.
673 778 686 793 »

124 820 163 849 Iu
180 829 207 850 e.
226 829 269 849 m.
290 820 461 850 conventui
480 820 666 849 monasterii
685 820 792 850 Sancti
806 820 921 858 Angeli
938 821 971 850 in
989 821 1094 849 Massa

86 873 279 903 Narniensis
300 873 430 902 mandat
449 876 481 902 ut
501 872 605 902 eidem
624 873 764 903 Tliomae
783 873 923 903 debitam
943 873 1092 903 obedien--

84 927 165 958 tiam
181 927 338 966 praebeat.

157 1099 277 1128 4454

124 1161 311 1197 Dispensatio
333 1168 420 1195 super
442 1160 601 1195 pluralitate
622 1159 837 1186 beneficiorum.
855 1159 937 1193 (Rea.
956 1160 1003 1190 46,
1021 1168 1046 1187 c.
1063 1160 1094 1193 9,

85 1212 106 1239 ἰ.
122 1211 139 1239 2
156 1213 202 1243 r0.)

632 1098 758 1126 tin-vieto.
775 1098 807 1125 ‘27
826 1099 928 1124 fevi-ier
947 1099 1022 1125 1291.

127 1313 262 1343 ¹Iohanni
279 1313 311 1342 de
327 1312 526 1345 Raclz'swellis.
544 1312 656 1340 rectori
674 1312 790 1340 ecclesie
805 1311 838 1340 cte
853 1312 962 1349 Austy,
980 1311 1095 1340 Londo-

85 1367 204 1397 niensis
219 1367 354 1396 diocesis.
371 1364 453 1395 Cum
471 1373 524 1400 eo,
543 1364 599 1403 qui
616 1364 764 1393 ecclesias
780 1363 821 1393 de
845 1365 950 1402 iusty,
972 1363 1097 1393 Londo-

90 1420 234 1456 niensis,
265 1424 296 1448 et
323 1419 362 1448 de
391 1418 582 1448 Gotlierston
594 1440 602 1453 ‚
634 1417 852 1447 Norwicensis
881 1417 1095 1453 dioecesium,

36 1508 41 1513 Α
89 1473 224 1503 insimul
241 1473 310 1502 sine
327 1472 564 1511 dispensatione
585 1470 744 1507 detinuit,
764 1480 872 1500 earum
891 1471 1010 1500 fructus
1027 1480 1097 1508 per-

88 1527 230 1566 cipiens,
253 1526 416 1564 dispensat
440 1529 493 1562 ut,
519 1524 654 1553 dimissa
676 1523 775 1553 altera
797 1524 1026 1562 praedictarum
1049 1533 1099 1553 ec-

86 1579 278 1615 clesiarum,
304 1578 435 1607 alteram
460 1578 596 1608 retinere
620 1582 649 1606 et
673 1586 772 1606 unum
797 1577 883 1606 aliud
909 1577 1099 1606 beneficium

92 1632 341 1663 ecclesiasticum
369 1631 510 1670 recipere
536 1631 658 1666 valeat·‚
689 1630 862 1659 dummodo
885 1630 922 1659 de
947 1630 1100 1659 fructibus

89 1694 129 1716 -ex
158 1685 325 1723 praedictis
351 1684 491 1714 ecclesiis
513 1684 581 1723 jam
607 1683 761 1722 perceptis
789 1692 962 1720 congruam
991 1683 1102 1721 portio—

94 1748 181 1775 nem,
199 1740 288 1777 juxta
305 1739 475 1768 arbitrium
495 1738 569 1768 boni
589 1737 662 1773 viri,
682 1737 714 1765 in
734 1736 916 1766 evidentem
934 1737 1101 1766 utilitatem

94 1792 327 1831 praedictarum
345 1791 550 1821 ecclesiarum
567 1794 741 1820 convertat.

138 1858 150 1872 ιι
169 1845 283 1875 Merita
301 1850 351 1874 tue
370 1844 571 1883 probitatis...
586 1861 624 1864 —
641 1844 712 1873 Dat.
728 1842 810 1882 apud
826 1843 1101 1879 Urbemveterem,

93 1908 129 1929 111
146 1899 299 1929 kalendas
317 1898 431 1934 martii,
451 1906 535 1927 anno
554 1902 676 1936 quarto.
699 1909 710 1921 ι»

166 2071 287 2099 4455
639 2068 767 2103 Orvieto,
784 2069 817 2095 ί27
834 2068 935 2094 fevi-ier
958 2068 1032 2094 1291.

131 2133 314 2168 Dispensatio
331 2141 418 2168 super
435 2132 594 2165 pluralitate
610 2131 827 2158 beneficiorum.
850 2130 931 2163 (Rau.
949 2130 996 2161 46,
1011 2138 1035 2156 e.
1056 2130 1103 2162 lo,

96 2183 117 2210 f.
133 2183 148 2210 ‘2
168 2183 215 2216 νο.)

137 2285 277 2322 Mayz'stro
300 2284 420 2315 Roberto
445 2285 478 2314 cle
504 2285 634 2321 Betvero,
658 2284 766 2313 rectori
788 2283 904 2313 ecclesie
925 2283 958 2312 cle
981 2283 1104 2318 Mostou,

97 2339 315 2368 Lincolnienst‘s
330 2339 464 2368 diocesis.
482 2337 562 2367 Cum
578 2346 614 2367 eo
629 2337 791 2376 dispensat
808 2341 853 2372 ut,
872 2339 993 2375 praeter
1007 2335 1105 2365 eccle-

98 2391 180 2421 siam
198 2391 236 2421 de
253 2391 376 2421 Moston
389 2414 397 2429 ,
419 2399 529 2420 curam
550 2391 740 2426 habentem,
765 2399 865 2420 unum
885 2389 971 2419 aliud
989 2388 1107 2418 benefi-

95 2445 185 2474 cium
202 2444 451 2474 ecclesiasticum
472 2444 610 2482 recipere
626 2448 657 2473 et
672 2443 809 2473 retinere
826 2442 937 2472 valeat.

141 2509 154 2523 «
172 2497 336 2527 Virtutum
354 2497 468 2526 merita
487 2496 641 2535 quibus...
662 2508 676 2523 »

169 2677 286 2705 4456

136 2738 326 2773 Indulgentia.
344 2738 427 2771 (nm.
446 2739 489 2772 46,
507 2746 532 2764 c.
554 2739 592 2769 ll,
611 2738 630 2764 f.
648 2738 662 2763 2
678 2739 725 2770 ro.)

643 2674 770 2708 Orvieto‚
788 2674 821 2700 ‘24
837 2673 940 2700 fevi-ier
960 2672 1036 2699 1291.

146 2841 298 2870 Untuersz‘s
320 2840 432 2869 Christi
454 2840 590 2876 fidelibus
607 2843 758 2876 presentes
777 2839 892 2867 litteras
915 2838 1107 2874 inspecturis.

102 2893 343 2931 Indulgentiam
368 2893 463 2922 unius
482 2892 559 2921 anni
579 2896 609 2921 et
629 2901 666 2920 xx.
690 2891 815 2920 dierum
838 2890 983 2920 concedit
1004 2890 1108 2928 poeni-

105 2947 245 2977 tentibus
258 2951 288 2976 et
301 2945 454 2976 confessis
470 2945 525 2983 qui
539 2944 703 2974 ecclesiam
722 2944 828 2973 Sancti
847 2943 958 2972 Basilii
976 2943 1008 2972 in
1030 2943 1110 2971 Bru-

104 3001 163 3038 gis,
179 2999 390 3029 Tornacensis
408 2998 572 3037 dioecesis,
586 2998 625 3027 ad
640 3006 748 3036 quam,
763 2997 796 3026 in
812 2997 1024 3026 reverentiam
1041 3005 1111 3025 san-

101 3053 216 3091 guinis
243 3052 394 3092 preciosi,
422 3051 459 3082 de
484 3060 546 3090 quo
574 3049 763 3080 miraculose
792 3049 902 3079 haberi
932 3049 1048 3079 dicitur
1076 3049 1111 3077 in

1171 443 1280 473 eadem
1305 443 1451 480 ecclesia,
1472 444 1561 473 tertia
1581 443 1631 472 die
1651 442 1809 472 dominica
1831 446 1896 480 post
1920 442 2033 470 festum
2055 442 2171 471 Resur-

1171 497 1320 527 rectionis
1333 497 1523 530 dominicae,
1539 497 1633 525 annis
1648 495 1793 533 singulis,
1813 504 1874 524 non
1892 495 2014 525 modica
2029 495 2172 524 fidelium

1171 551 1302 580 confluit
1321 550 1489 580 multitudo
1501 573 1508 587 ,
1527 550 1725 579 visitaverint
1741 550 1773 579 in
1792 549 1901 579 eadem
1918 549 1970 578 die
1986 553 2016 579 et
2032 558 2085 587 per
2106 552 2174 578 octo

1171 605 1239 634 dies
1262 609 1447 642 sequentes,
1472 608 1501 633 et
1525 603 1715 642 processioni
1734 602 1868 632 solemni
1891 611 1972 640 quae
1993 601 2103 632 eadem
2125 601 2174 631 die

1172 657 1254 686 circa
1271 657 1376 686 villam
1398 657 1594 694 Brugensem
1612 656 1789 686 celebratur
1805 655 2019 684 interfuerint.

1215 723 1227 738 «
1248 711 1311 740 Etsi
1328 711 1449 740 cunctis
1465 709 1644 740 ecelesiis...
1659 727 1697 730 —
1711 710 1780 738 Dat.
1795 708 1879 747 apud
1897 708 2173 746 Urbemveterem,

1174 774 1204 793 Vl
1222 763 1373 793 kalendas
1393 764 1510 797 martii.
1527 771 1611 793 anno
1630 767 1752 801 quarto.
1774 775 1785 788 n

1245 934 1496 963 4452-4460
1758 932 1885 963 Orvieto,
1903 932 1917 958 3
1937 940 2011 958 mars
2031 931 2106 958 1291.

1211 997 1419 1031 Indulgentiae.
1437 996 1520 1029 (lieo.
1538 994 1581 1029 46,
1598 1003 1623 1021 c.
1642 996 1696 1028 112,
1713 995 1732 1021 f.
1750 995 1766 1022 2
1781 996 1831 1027 v0.)

1219 1099 1371 1128 Universis
1391 1098 1501 1127 Christi
1522 1097 1661 1134 fidelibus
1678 1101 1828 1134 presentes
1851 1096 1967 1125 litteras
1990 1096 2177 1132 inspecturis.

1176 1151 1415 1189 Indulgentiam
1438 1150 1533 1179 unius
1552 1149 1631 1178 anni
1650 1154 1680 1179 et
1702 1159 1739 1178 xc
1761 1149 1886 1178 dierum
1908 1147 2052 1178 concedit
2070 1148 2180 1186 poeni-

1178 1205 1318 1235 tentibus
1330 1209 1360 1234 et
1373 1204 1525 1233 confessis
1538 1203 1591 1241 qui
1606 1202 1773 1232 ecclesiam
1790 1202 1903 1232 Beatae
1915 1202 2035 1231 Mariae
2047 1201 2181 1239 virginis

1177 1259 1306 1288 claustri
1320 1258 1505 1288 Uticensem
1523 1256 1556 1285 in
1573 1261 1710 1294 quatuor
1724 1255 1868 1293 ejusdem
1882 1255 2016 1292 virginis
2030 1254 2181 1284 festivita-

1179 1312 1271 1349 tibus,
1291 1320 1345 1350 per
1359 1315 1428 1340 octo
1447 1310 1514 1339 dies
1533 1313 1703 1347 sequentes
1719 1312 1749 1338 et
1765 1309 1798 1337 in
1815 1308 2034 1338 anniversario
2054 1307 2105 1337 die
2126 1307 2182 1336 de-

1178 1364 1344 1394 dicationis
1361 1363 1503 1402 ejusdem
1521 1361 1673 1392 ecclesiae
1691 1361 1903 1391 visitaverint.

1221 1431 1232 1445 u
1247 1418 1345 1455 Virga
1357 1416 1583 1446 venustissima
1596 1420 1663 1446 et...
1676 1431 1715 1437 —
1728 1416 1797 1445 Dat.
1811 1415 1895 1453 apud
1908 1414 2182 1450 Urbemveterem‚

1180 1481 1198 1500 v
1215 1479 1315 1501 nonas
1332 1469 1449 1504 martii,
1467 1477 1552 1498 anno
1572 1472 1693 1507 quarto.
1715 1480 1729 1495 »

1722 1548 1849 1579 Owieto,
1866 1547 1901 1574 ‘28
1916 1548 2019 1575 sevrier
2036 1548 2113 1574 1291.

1222 1615 1259 1644 In
1274 1624 1301 1644 e.
1316 1623 1360 1643 m.
1379 1613 1512 1649 eisdem,
1530 1621 1584 1651 pro
1600 1611 1732 1642 ecclesia
1748 1612 1861 1641 Beatae
1875 1611 1994 1640 Mariae
2007 1611 2044 1640 de
2057 1611 2185 1647 Caucis,

1182 1668 1344 1698 Uticensis
1362 1666 1530 1700 dioecesis,
1555 1666 1588 1695 in
1611 1665 1719 1695 beatae
1740 1665 1856 1694 Mariae
1875 1664 2113 1698 festivitatibus,
2134 1672 2187 1701 per

1183 1725 1251 1751 octo
1272 1721 1340 1750 dies
1366 1725 1533 1758 sequentes
1558 1723 1589 1748 et
1609 1719 1642 1747 in
1664 1718 1885 1747 anniversario
1905 1717 1956 1746 die
1980 1717 2187 1746 dedicationis

1184 1775 1327 1813 ejusdem
1344 1773 1506 1803 ecclesiae.

1226 1839 1239 1854 α
1260 1828 1339 1857 Loca
1357 1831 1538 1856 sanctorum
1555 1825 1739 1855 omnium...
1758 1841 1794 1845 —
1812 1824 1883 1853 Dat.
1905 1823 1990 1862 apud
2013 1823 2188 1852 Urbemve-

1186 1885 1296 1917 terem,
1315 1890 1337 1910 11
1353 1879 1506 1909 kalendas
1522 1879 1640 1914 martii,
1658 1887 1743 1908 anno
1762 1882 1884 1916 quarto.
1905 1889 1918 1903 »

1226 1934 1263 1964 In
1282 1944 1309 1964 e.
1332 1943 1375 1963 m.
1396 1933 1533 1969 eisdem,
1553 1941 1608 1971 pro
1626 1931 1758 1962 ecclesia
1781 1931 1890 1961 Sancti
1911 1930 2066 1968 Stephani
2087 1933 2191 1968 proto-

1186 1987 1337 2026 martyris
1360 1986 1524 2023 Uticensi,
1542 1985 1577 2014 in
1594 1984 1818 2015 festivitatibus
1837 1984 1980 2022 eJusdem
1997 1983 2116 2018 sancti,
2138 1991 2192 2020 per

1185 2044 1252 2071 octo
1274 2040 1341 2070 dies
1364 2042 1532 2078 sequentes
1557 2042 1586 2068 et
1608 2039 1641 2067 in
1666 2037 1886 2067 anniversario
1909 2036 1961 2066 die
1984 2035 2192 2066 dedicationis

1186 2094 1329 2133 ejusdem
1348 2093 1507 2123 ecclesiae.
1530 2092 1602 2122 Dat.
1621 2096 1773 2130 utsupra.

1730 2170 1857 2205 Orvieto,
1874 2170 1905 2196 27
1922 2170 2026 2196 fevi-ier
2044 2169 2121 2197 1291.

1230 2237 1267 2266 In
1284 2245 1312 2266 e.
1329 2244 1373 2265 m.
1394 2235 1525 2271 eisdem,
1545 2243 1600 2272 pro
1615 2233 1747 2264 ecclesia
1764 2234 1870 2263 Sancti
1888 2233 1975 2263 Petri
1993 2232 2125 2271 apostoli
2141 2241 2194 2261 ex-

1189 2294 1236 2319 tra
1253 2297 1361 2319 muros
1377 2288 1514 2318 civitatis
1532 2287 1705 2323 Uticensis,
1724 2287 1756 2316 in
1777 2287 1912 2324 singulis
1931 2285 2075 2325 ejusdem
2093 2284 2194 2315 sancti

1188 2342 1411 2372 festivitatibus
1429 2346 1458 2371 et
1477 2332 1530 2379 per
1546 2345 1613 2370 octo
1632 2340 1699 2370 dies
1716 2345 1895 2378 sequentes.

1231 2408 1244 2423 α
1269 2395 1426 2434 Splendor
1442 2399 1571 2433 paterne
1587 2394 1724 2432 glorie...
1742 2411 1780 2414 —
1797 2394 1867 2423 Dat.
1886 2392 1969 2431 apud
1987 2393 2195 2422 Urbemvete-

1190 2459 1270 2486 rem,
1291 2459 1325 2478 111
1342 2448 1494 2478 kalendas
1510 2448 1629 2485 martii,
1647 2456 1732 2478 anno
1751 2451 1874 2486 quarto.
1892 2458 1905 2473 1>

1262 2615 1511 2644 4481-4423
1737 2613 1864 2647 Orvieto,
1880 2613 1913 2639 25
1930 2612 2030 2638 fevrier
2048 2611 2124 2638 1291.

1228 2677 1434 2712 Indulgentiae.
1453 2677 1535 2710 (Rm.
1553 2676 1596 2707 46,
1613 2684 1638 2703 c.
1658 2676 1712 2706 11³,
1730 2675 1748 2701 f.
1765 2676 1781 2702 ‘2
1798 2676 1849 2707 νῦ.)

1235 2780 1384 2809 Universis
1407 2780 1520 2808 Christi
1542 2779 1678 2816 fidelibus
1699 2783 1848 2816 presentes
1865 2777 1982 2806 litteras
2006 2778 2195 2815 inspecturis.

1194 2833 1432 2870 Indulgentiam
1450 2832 1548 2862 unius
1564 2832 1642 2861 anni
1661 2835 1690 2860 et
1714 2841 1750 2860 xr.
1773 2831 1897 2859 dierum
1916 2830 2061 2859 concedit
2085 2830 2198 2868 poeni-

1195 2887 1332 2917 tentibus
1348 2892 1377 2915 et
1393 2886 1545 2916 confessis
1566 2885 1621 2923 qui
1639 2884 1792 2923 capellam
1816 2883 2001 2913 monasterii
2025 2883 2062 2912 de
2083 2883 2198 2913 Sancto

1195 2941 1336 2975 Urbano,
1354 2939 1476 2969 ordinis
1495 2939 1525 2968 S.
1548 2938 1723 2974 Benedicti,
1744 2937 2012 2967 Cathalaunensis
2028 2937 2196 2973 dioecesis,

1195 2994 1229 3022 in
1245 2993 1399 3022 honorem
1415 2993 1523 3022 beatae
1539 2992 1658 3021 Mariae
1676 2991 1811 3028 virginis
1826 2995 2050 3025 constructam.
2069 2991 2101 3020 in
2118 2991 2199 3029 ejus-

1194 3047 1266 3076 dem
1288 3046 1424 3083 virginis
1447 3050 1477 3075 et
1500 3045 1530 3075 S.
1555 3045 1676 3075 Urbani
1702 3044 1942 3080 festivitatibus,
1966 3052 2019 3082 per
2041 3049 2108 3073 octo
2132 3044 2199 3072 dies
