2342 3652
31 0 55 37 „J

934 359 1166 400 TROISIEME
1188 357 1344 397 ANNEE.
2130 363 2185 392 547

165 445 282 474 3523
620 440 746 471 Orvieto,
768 440 797 465 10
814 438 930 465 octobre
952 436 1027 463 1‘290.

131 508 175 535 De
190 505 376 534 translatione
399 504 550 538 cujusdam
575 504 718 538 prioratus
740 502 812 528 infra
832 501 939 527 murale
959 500 1045 526 castri
1066 498 1101 524 de

98 556 221 585 Sablolio
244 554 291 581 siti
316 554 344 579 in
367 553 542 579 antemurale
564 557 590 578 et
614 551 828 578 constructione
848 550 987 576 ecclcsiae
1005 556 1101 583 parro-

97 605 196 634 chialis
210 604 239 630 in
254 603 319 629 villa
334 601 465 635 ejusdcm
476 600 573 627 castri.
587 600 669 633 (Rau.
683 600 727 633 45,
744 608 769 625 e.
784 599 844 630 489,
859 599 876 625 f.
894 599 927 626 99
945 600 995 630 v0.)

143 704 309 736 Venerabili
327 704 421 740 fratri
439 724 459 731 ..
479 703 702 739 archiepiscopo
724 701 902 730 Turonense'.
922 712 936 726 u
955 699 1103 737 Exposita

100 759 192 791 nobis
207 758 394 788 dilectorum
419 755 561 785 filiorum
587 777 605 783 Δ.
625 754 747 784 abbatis
767 753 898 790 Major-is
918 753 1103 783 monasterii

101 811 313 846 Turonensis,
337 809 376 839 ad
396 817 562 838 romanam
583 807 748 838 ecclesiam
770 806 858 836 nullo
881 806 984 836 medio
1008 805 1104 845 perti—

101 864 225 901 nentis,
242 863 365 894 ordinis
385 862 418 892 S.
440 861 622 897 Benedicti,
640 865 669 890 et
687 860 804 890 nobilis
823 861 883 889 viri
905 859 1048 889 Mauritii
1067 859 1105 888 de

101 917 258 949 Credonio
278 921 308 946 et
322 915 360 945 de
377 913 529 950 Sablolio,
547 912 800 943 Cenomanensis
817 917 846 942 et
862 912 1105 950 Andegavensis

101 971 249 1004 diocesis,
268 972 444 999 castrorum
460 967 583 997 domini
598 967 707 1005 petitio
722 966 905 1005 continebat
920 966 1003 1004 quod
1022 966 1106 994 infra

100 1023 223 1058 murale
250 1022 351 1061 ipsius
376 1021 471 1051 castri
497 1020 536 1050 de
553 1020 692 1050 Sablolio
717 1024 763 1049 est
784 1019 913 1057 qnidam
933 1020 1104 1057 prioratus,

101 1076 260 1116 subjectus
292 1074 488 1105 monasterio
518 1073 713 1111 supradicto,
742 1077 771 1102 et
800 1073 884 1102 infra
909 1071 1106 1102 antemurale

101 1129 195 1161 castri
211 1129 324 1168 prefati
341 1127 547 1166 parrochialis
564 1127 707 1156 consistit
723 1126 864 1161 ecclesia,
880 1126 933 1155 tibi
951 1129 1106 1164 metropo-

100 1183 187 1214 litico
198 1182 272 1221 jure
287 1181 441 1219 subjecta,
459 1180 498 1209 ad
517 1188 614 1217 quam
630 1179 831 1218 parrochiani
847 1179 948 1217 ipsius
964 1178 1106 1214 ecclesie,

101 1239 226 1275 propter
240 1234 301 1265 loci
315 1234 502 1264 distantiam
514 1237 544 1262 et
558 1231 777 1261 difficultatem
791 1233 966 1270 ingressus,
979 1232 1108 1262 comode

101 1287 250 1319 accedere
268 1292 439 1325 nequeunt
459 1295 514 1325 pro
534 1285 704 1315 audiendis
722 1285 842 1314 ibidem
860 1285 979 1314 divinis
997 1285 1109 1314 officiis

103 1345 134 1372 et
154 1340 346 1380 recipiendis
372 1339 592 1370 ecclesiasticis
616 1338 843 1374 sacramentis;
867 1347 938 1367 cum
960 1343 1066 1367 autem
1088 1361 1107 1367 ..

102 1395 188 1434 prior
211 1394 312 1433 ipsius
336 1393 497 1432 prioratus
522 1392 562 1422 ad
588 1392 740 1430 prefatam
760 1391 925 1421 ecclesiam
948 1392 1053 1430 cupiat
1077 1400 1109 1420 se

104 1447 291 1484 transferre,
309 1446 478 1485 dictusque
494 1444 612 1475 nobilis
628 1445 662 1474 in
680 1444 757 1474 villa
775 1445 850 1474 dicti
867 1445 976 1480 castri,
992 1445 1026 1473 in
1043 1443 1110 1474 loco

103 1501 229 1532 decenti
240 1505 432 1538 etcongruo,
443 1498 674 1538 parrochialem
686 1498 851 1528 ecclesiam
866 1502 1109 1536 competentem,

104 1563 176 1585 cum
190 1553 376 1585 decentibus
389 1552 706 1590 domibus,edificare
720 1552 1003 1590 proponat,p1-esati
1014 1551 1111 1581 abbas

105 1612 135 1638 et
149 1607 266 1638 nobilis
283 1607 376 1637 nobis
396 1606 564 1636 humiliter
582 1605 801 1644 supplicarunt
818 1610 865 1639 ut,
885 1614 956 1634 cnm
979 1614 1110 1634 venera-

103 1661 177 1692 bilis
204 1661 300 1690 frater
325 1664 434 1690 noster
457 1683 476 1689 ..
499 1659 751 1689 Cenomanensis
772 1658 938 1696 episcopus
961 1659 1001 1687 sit
1024 1659 1051 1688 ei
1075 1668 1110 1688 ex

103 1719 187 1745 certa
217 1714 341 1743 ratione
373 1717 560 1751 suspectus,
593 1712 650 1741 tibi
678 1711 816 1741 scribere
844 1720 1029 1741 curaremus
1059 1716 1109 1747 nt,

104 1768 212 1799 eodem
234 1767 334 1797 nobili
355 1767 494 1796 faciente
512 1766 596 1804 quod
619 1766 721 1802 offert,
740 1766 843 1795 eidem
860 1765 959 1804 priori
977 1766 1110 1796 transfe-

104 1821 195 1851 rendi
214 1829 246 1851 se
264 1829 300 1850 ac
325 1820 447 1850 dictum
470 1820 662 1858 prioratum,
683 1828 756 1849 cum
773 1819 913 1857 juribus,
934 1818 1112 1857 privilegiis

80 1877 82 1879 '
106 1879 136 1905 et
151 1873 367 1904 munimentis
383 1874 449 1903 suis
462 1897 469 1911 ,
487 1873 524 1903 ad
541 1872 710 1903 ecclesiam
730 1876 950 1907 memoratam,
967 1872 1112 1910 dictoque

107 1927 207 1958 nobili
232 1927 404 1967 predictam
435 1926 667 1965 parrochialem
695 1925 862 1955 ecclesiam
890 1925 994 1954 taliter
1021 1934 1112 1955 cons-

107 1981 254 2017 truendi,
286 1981 313 2010 si
343 1981 492 2019 expedire
518 1980 636 2010 videris
667 1984 698 2010 et
727 1988 836 2010 eorum
864 1979 982 2017 quibus
1012 1983 1114 2017 posset

107 2035 220 2066 exinde
245 2034 459 2074 prejudicium
480 2034 627 2072 generari
647 2033 686 2063 ad
709 2032 741 2062 id
763 2041 912 2062 assensus
932 2032 1111 2068 accederet,

105 2087 269 2118 licentiam
288 2087 468 2118 exhiberes.
485 2087 551 2116 Nos
570 2087 694 2125 itaque,
715 2086 837 2115 abbatis
854 2090 883 2115 et
900 2085 1016 2115 nobilis
1040 2094 1112 2124 pre-

106 2141 261 2172 dictorum
282 2141 428 2179 precibus
446 2139 615 2176 inclinati,
640 2138 830 2168 fraternitati
847 2143 898 2168 tue
920 2147 1068 2175 rogamus
1084 2142 1114 2166 et

105 2195 271 2226 hortamur
283 2197 404 2223 attente
421 2193 584 2232 quatinus,
602 2201 658 2231 pro
674 2197 782 2222 nostra
797 2196 826 2221 et
841 2191 1010 2230 apostolice
1029 2191 1113 2220 sedis

105 2247 304 2283 reverentia,
333 2246 493 2285 prefatum
525 2246 724 2284 episcopum,
753 2245 843 2283 juxta
874 2244 979 2274 datam
1011 2244 1065 2273 tibi
1096 2253 1113 2273 a

107 2301 245 2333 Domino
265 2301 420 2339 gratiam,
441 2299 595 2330 inducere
615 2299 742 2329 studeas
769 2298 941 2336 diligenter
964 2303 998 2328 ut
1020 2307 1114 2337 super

105 2354 292 2394 hujusmodi
320 2353 463 2391 negotio,
484 2353 569 2391 quod
595 2352 684 2391 pium
710 2356 740 2381 et
763 2355 926 2390 acceptum
954 2351 1020 2380 Deo
1047 2359 1114 2380 esse

107 2408 260 2444 creditur,
288 2415 456 2437 assensum
478 2415 572 2436 suum
592 2405 777 2436 benivolum
801 2410 830 2435 et
851 2405 1046 2442 benignum,
1064 2413 1115 2433 su-

107 2461 190 2492 blato
210 2460 381 2500 cujuslibet
401 2459 564 2489 dilationis
586 2459 690 2494 obice,
708 2459 881 2496 largiatur,
900 2463 996 2496 tuque
1020 2457 1064 2486 sic
1088 2461 1115 2486 te

107 2514 141 2544 in
163 2514 222 2544 hoc
243 2514 413 2544 efficaciter
435 2513 554 2543 habere
580 2521 730 2551 procures
756 2515 788 2541 ut
816 2512 930 2541 exinde
957 2510 1115 2549 premium

109 2567 313 2606 consequaris
328 2576 346 2597 a
362 2567 502 2596 Domino
522 2571 552 2595 et
567 2575 584 2595 a
600 2566 692 2596 nobis
713 2566 810 2603 digne
829 2564 1115 2594 commendationis

110 2619 239 2650 titulum
264 2620 428 2650 merearis.
461 2619 532 2648 Dat.
561 2619 645 2658 apud
674 2619 958 2654 Urbemveterem,
982 2627 1013 2646 vx
1044 2616 1116 2646 idus

111 2673 256 2710 octobris,
272 2681 358 2702 anno
378 2672 478 2702 tertio.
507 2684 520 2698 »

181 2831 305 2859 3524

147 2891 304 2919 Concessio
321 2892 462 2919 beneficii.
479 2892 562 2922 (Hac.
582 2892 624 2923 45,
642 2899 667 2917 c.
685 2891 746 2924 490,
763 2891 782 2916 f.
800 2891 832 2918 99
848 2891 900 2922 v0.)

591 2829 723 2861 Orvieto,
741 2829 773 2856 30
788 2829 951 2864 septembre
971 2828 1046 2854 1290.

155 2996 330 3026 Theoderico
348 2996 382 3024 de
399 2982 515 3031 Altena,
532 2993 679 3032 preposito
700 2994 816 3023 ecclesie
831 2994 934 3023 Sancti
952 2994 1122 3023 San-acoris

118 3048 330 3086 Trajectensz‘s,
349 3048 504 3086 capellano
527 3053 642 3081 nostro,
661 3046 806 3084 indulget
826 3051 873 3080 ut,
892 3051 1014 3085 praeter
1031 3054 1122 3084 prae-

1184 434 1357 472 posituram
1375 442 1465 463 suam
1481 434 1514 462 in
1531 432 1661 462 ecclesia
1678 432 1785 461 Sancti
1802 430 1973 461 Salvator-is
1989 429 2186 467 Trajectensi

1184 495 1219 516 ac
1241 486 1437 525 praebendas
1459 486 1492 515 in
1519 485 1687 516 Leodiensi
1709 489 1738 514 et
1758 483 1952 522 Trajectensi
1972 481 2128 518 ecclesiis,
2150 481 2188 511 de

1185 549 1321 578 quarum
1357 539 1561 578 proventibus
1592 539 1681 577 juxta
1717 545 1869 576 personae
1900 544 1974 565 suae
2009 538 2125 564 statum
2159 538 2190 564 et

1187 597 1287 622 terrae
1313 592 1575 623 consuetudinem
1596 590 1760 621 commode
1784 589 1954 619 sustentari
1983 596 2045 618 non
2072 591 2186 626 potest,

1185 646 1317 675 unicum
1335 645 1422 675 aliud
1436 645 1626 675 beneficium
1645 643 1785 681 recipere
1801 642 1913 671 valeat.
2109 631 2112 633 ⁵

1228 710 1240 724 ιι
1265 697 1446 737 Apostolice
1468 697 1551 727 sedis
1567 697 1787 734 benignitas...
1806 712 1843 716 —
1861 695 1931 724 Dat.
1950 694 2032 733 apud
2051 694 2188 723 Urbem-

1187 756 1335 787 veterem,
1353 761 1374 780 11
1391 751 1543 780 kalendas
1559 750 1704 784 octobris,
1720 757 1805 779 anno
1820 749 1919 777 tertio.
1943 760 1955 773 u

1258 936 1380 964 3525
1717 933 1844 967 Orviet0‚
1863 933 1894 959 19
1910 932 2026 959 octobre
2044 932 2120 958 1‘290.

1223 997 1338 1023 Mandat
1355 1000 1385 1023 ut
1406 995 1554 1023 sororibus
1570 995 1673 1021 domus
1698 994 1819 1020 Sanctae
1837 994 2026 1027 Margharitae
2046 993 2080 1018 de
2097 992 2194 1019 Gratia

1188 1047 1222 1072 de
1238 1045 1323 1072 Costa
1335 1045 1502 1075 Granarolii,
1518 1052 1605 1078 prope
1615 1043 1748 1074 Januam,
1762 1043 1814 1069 adh
1821 1051 1855 1069 uc
1867 1042 1935 1069 nulli
1948 1042 2061 1076 regulae
2073 1041 2195 1067 adstric-

1188 1097 1234 1128 tis,
1252 1094 1321 1121 ordo
1346 1094 1466 1119 Sanctae
1482 1092 1578 1119 Clarae
1594 1092 1776 1118 concedatur.
1800 1091 1882 1124 (ΗΕΘ.
1900 1091 1942 1121 45,
1956 1100 1982 1117 c.
1997 1091 2056 1121 491,
2070 1090 2088 1116 f.
2103 1091 2135 1117 99
2148 1097 2192 1122 v⁰;

1189 1145 1307 1176 Poma,
1323 1143 1430 1173 23438.)

1232 1269 1251 1276 ..
1269 1246 1441 1285 patriarche
1456 1245 1651 1280 Antiocheno,
1668 1244 1918 1273 administratori
1933 1243 2050 1272 ecclesie
2063 1242 2197 1271 Jannen—

1189 1302 1242 1331 sis.

1233 1366 1246 1380 «
1272 1354 1315 1383 Ex
1332 1357 1419 1391 parte
1434 1352 1659 1381 dilectarum...
1674 1367 1713 1371 -—
1736 1350 1806 1378 Dat.
1821 1348 1904 1387 apud
1921 1348 2195 1384 Urbemveterem,

1193 1417 1258 1436 31111
1276 1406 1428 1436 kalendas
1445 1404 1639 1439 novembris,
1656 1411 1742 1433 anno
1761 1403 1860 1432 tertio.
1883 1414 1896 1428 n

1264 1592 1381 1622 352ss

1230 1655 1271 1682 De
1301 1653 1480 1681 restitutione
1510 1653 1649 1678 bonorum
1679 1651 1818 1677 ecclesiae
1839 1649 1996 1684 Ispalensis
2020 1648 2054 1674 ab
2079 1648 2199 1674 ecclesia

1193 1704 1424 1739 Compostellana
1440 1704 1656 1736 occupatorum.
1673 1700 1756 1733 (Rea.
1774 1700 1815 1730 45,
1834 1707 1857 1725 c.
1878 1698 1939 1729 492,
1956 1698 1974 1724 f.
1993 1697 2026 1724 99
2043 1698 2093 1729 νο.)

1666 1588 1797 1619 Orvieto‚
1820 1589 1851 1615 13
1869 1587 2032 1622 septembre
2050 1586 2126 1613 1990.

1237 1830 1255 1835 ..
1274 1807 1383 1835 decano
1401 1805 1542 1834 Tadensz's
1558 1808 1583 1832 et
1600 1825 1619 1831 ..
1638 1802 1853 1831 archidiacono
1869 1802 1901 1829 de
1918 1800 2010 1829 Canto
2026 1800 2060 1828 in
2074 1799 2201 1827 Bracho-

1196 1861 1277 1890 rensi
1295 1869 1328 1888 ac
1347 1859 1481 1888 Jolzamzt
1500 1858 1598 1891 Petri,
1621 1856 1765 1885 canonico
1788 1855 1977 1891 Leyz‘onensis
1994 1854 2200 1887 ecclesiarum,

1195 1914 1233 1943 de
1255 1911 1484 1950 archiepiscopi
1503 1909 1675 1948 ispalensis
1701 1912 1730 1937 et
1758 1907 1909 1937 ecclesiae
1926 1905 2202 1944 Compostellanae

1196 1969 1435 2005 procuratorum
1468 1971 1617 1998 assensu,
1643 1961 1773 1991 mandat
1807 1964 1861 1997 ut,
1885 1959 1924 1989 ad
1948 1959 2109 1989 civitatem
2138 1958 2202 1987 Tu-

1195 2020 1325 2049 densem
1356 2017 1471 2047 vocatis
1507 2016 1562 2054 qui
1598 2015 1719 2044 fuerint
1747 2012 1898 2049 vocandi,
1935 2012 1973 2042 de
2003 2010 2203 2050 privilegiis,

1193 2072 1337 2112 juribus,
1357 2069 1637 2109 jurisdictionibus
1660 2071 1689 2096 et
1711 2066 1869 2095 limitibus
1894 2064 2049 2095 dioecesis
2072 2069 2101 2094 et
2128 2072 2202 2102 pro-

1195 2126 1316 2156 vintiae
1336 2133 1417 2163 quae
1438 2122 1610 2161 Ispalensis
1630 2119 1763 2150 ecclesia
1783 2123 1857 2148 ante
1878 2119 2127 2148 Sarracenorum
2146 2116 2203 2146 do-

1196 2179 1334 2209 minium
1360 2177 1509 2212 habebat,
1533 2179 1563 2204 et
1585 2182 1721 2213 quorum
1744 2172 1861 2207 multa,
1883 2171 2018 2201 durante
2044 2169 2204 2209 praedicto

1196 2232 1355 2266 dominio,
1384 2229 1515 2260 ecclesia
1541 2225 1797 2266 Compostellana
1820 2224 1999 2263 occupavit,
2026 2231 2081 2262 per
2106 2222 2205 2252 libros

1196 2286 1360 2324 antiquos,
1391 2283 1509 2312 famam
1545 2285 1574 2310 et
1605 2280 1667 2309 alia
1698 2287 1843 2318 quaeque
1878 2275 2099 2311 admonicula‚
2131 2283 2205 2304 cum

1196 2343 1321 2378 propter
1344 2336 1588 2366 diuturnitatem
1612 2333 1760 2370 temporis
1777 2340 1813 2360 ex
1834 2330 1965 2360 testibus
1984 2329 2095 2359 notitia
2116 2336 2205 2366 prae-

1196 2392 1369 2421 missorum
1389 2389 1498 2419 haberi
1524 2396 1586 2417 non
1613 2385 1729 2425 possit,
1745 2384 1930 2423 inquirant,
1947 2382 2086 2421 praefixo
2104 2381 2204 2419 parti-

1197 2446 1255 2475 bus
1272 2444 1408 2474 termino
1422 2439 1633 2481 peremptorio
1649 2447 1710 2477 quo
1726 2447 1779 2476 per
1793 2446 1825 2466 se
1842 2436 1892 2466 vel
1912 2445 1967 2474 per
1986 2438 2205 2474 procuratores

1197 2507 1303 2528 coram
1327 2496 1399 2525 sede
1420 2493 1590 2533 apostolica
1615 2495 1833 2530 compareant,
1857 2489 1971 2519 facturi
1996 2493 2026 2518 et
2049 2487 2205 2526 recepturi

1198 2560 1292 2590 super
1312 2548 1494 2589 praemissis
1511 2546 1593 2586 quod
1606 2546 1730 2585 justitia
1749 2544 1906 2574 suadebit.

1241 2614 1255 2633 <t
1281 2602 1427 2632 Exhibita
1446 2600 1538 2630 nobis
1554 2597 1783 2628 venerabilis...
1806 2614 1844 2618 -
1870 2596 1939 2625 Dat.
1964 2594 2046 2633 apud
2070 2594 2206 2624 Urbem-

1200 2662 1350 2691 veterem‚
1370 2655 1475 2684 idibus
1491 2652 1690 2691 septembris,
1708 2658 1793 2680 anno
1811 2649 1912 2679 tertio.
1933 2660 1946 2675 ν

1272 2826 1524 2857 3527-3530
1684 2822 1811 2854 Orvieto,
1830 2820 1861 2846 16
1880 2818 2042 2854 septembre
2061 2817 2137 2844 1‘290.

1238 2892 1380 2919 Henricus
1397 2889 1535 2916 ecclesiae
1550 2886 1697 2921 Clugiensi
1710 2885 1864 2919 episcopus
1880 2880 2053 2917 praeficitur.
2071 2879 2152 2912 (Rae.
2165 2879 2207 2910 45,

1204 2952 1229 2970 c.
1246 2942 1307 2975 493,
1326 2941 1344 2966 f.
1365 2940 1413 2965 100
1429 2940 1477 2970 ro.)

1246 3045 1354 3073 Dilecto
1370 3043 1433 3079 filio
1450 3041 1544 3077 fratri
1560 3039 1700 3073 Henrico,
1715 3037 1800 3065 electo
1817 3034 1980 3071 Gtuqiensi.
2001 3032 2125 3061 Mortuo
2140 3030 2209 3060 Ste-
