2477 3637
694 669 875 714 INCIPIT
906 667 1204 712 REGESTRUM
1233 665 1557 710 LITTERARUM

241 893 489 957 PRIMI
538 889 755 954 ANNI
807 886 1130 950 DOMINI
1183 883 1544 948 NICOLAI
1597 881 1822 945 PAPE
1875 883 2009 944 IIII

162 1457 182 1484 1
636 1450 754 1484 Latran,
770 1450 804 1478 ‘23
819 1451 924 1477 fevi-ier
942 1450 1017 1477 1288.

122 1518 244 1545 Litterae
259 1515 294 1542 de
309 1514 499 1550 promotione.
525 1513 657 1546 (Ancmv.
675 1512 784 1544 Via-ric„
801 1514 900 1546 Reqest.
919 1513 966 1544 44,
984 1522 1044 1548 cap.
1065 1514 1090 1544 1,

87 1567 135 1594 fol.
154 1566 166 1593 1
184 1572 222 1598 1¹⁰5
245 1564 406 1594 Ponam,
423 1564 523 1596 Reqest.
540 1560 645 1594 Pontis.
663 1563 790 1592 Romam,
808 1567 839 1588 n⁰
855 1561 970 1593 22604.)

128 1667 266 1698 Nicotaus
282 1667 452 1704 episcopus,
475 1673 580 1694 servus
598 1673 757 1694 servorum
779 1665 845 1699 Dei,
868 1664 1092 1693 venerabilibus

87 1719 260 1760 fratribus„
281 1720 503 1757 archiepiscopo
526 1718 690 1748 Senonensi
704 1718 826 1755 ejusque
841 1717 1044 1755 suffraganeis
1059 1726 1092 1746 ac

89 1774 203 1805 dilectis
216 1771 289 1810 filiis
304 1772 470 1807 abbatibus,
486 1772 654 1809 prioribus,
668 1771 904 1806 archidiaconis,
920 1771 1090 1807 prepositis,

88 1826 353 1865 archipresbyteris
368 1829 395 1853 et
414 1825 551 1854 aliarum
569 1824 762 1853 ecclesiarum
776 1824 906 1862 prelatis
925 1832 980 1861 per
999 1823 1091 1852 Seno-

87 1888 206 1911 ne‘nsem
219 1879 413 1918 provinciam
426 1877 606 1913 constitum,
623 1877 752 1906 salutem
765 1881 791 1905 et
803 1877 998 1915 apostolicam
1012 1876 1092 1904 bene-

89 1933 258 1963 dictionem.
285 1942 299 1958 «
317 1930 446 1961 Judicia
462 1930 522 1960 Dei
543 1930 678 1968 abyssus
695 1929 812 1965 multa,
839 1928 923 1959 nulli
949 1937 1094 1967 compre-

87 1984 274 2021 hensibilia,
293 1983 376 2014 nulli
392 1987 475 2013 nota.
495 1983 573 2019 Quis
591 1983 680 2012 enim
696 1983 784 2012 novit
798 1982 858 2012 celi
873 1982 1019 2012 ordinem
1034 2006 1040 2018 ,
1059 1985 1093 2011 ut

88 2046 298 2077 supernarum
312 2036 563 2075 dispositionum,
570 2035 675 2065 videat
688 2035 972 2074 predestinationes
988 2034 1092 2065 occul-

90 2091 158 2120 tas?
176 2092 241 2120 Aut
264 2090 335 2129 quis
357 2098 477 2128 ponere
496 2093 596 2127 potest
618 2089 776 2118 rationem
795 2089 863 2128 ejus
886 2089 920 2118 in
941 2092 1040 2125 terra,
1061 2091 1095 2117 ut

88 2148 162 2173 ante
183 2143 325 2173 humana
349 2142 442 2173 corda
466 2141 580 2171 talium
605 2146 797 2171 secretorum
823 2150 933 2172 causas
955 2142 1092 2181 aperiat,

88 2196 139 2226 vel
155 2204 364 2235 supernorum
378 2195 574 2234 judiciorum
590 2194 732 2224 misteria
748 2195 979 2225 considerando
993 2195 1094 2225 discu-

90 2250 164 2286 tiat,
190 2250 432 2288 manifestatque
454 2248 639 2287 loquendo?
664 2249 731 2278 Hec
754 2249 864 2287 utique
886 2249 920 2278 in
948 2248 1007 2279 hac
1032 2249 1095 2278 vita

91 2303 212 2341 positus
241 2302 343 2332 facere
371 2301 482 2331 nullus
508 2306 619 2340 potest.
647 2303 732 2331 Ante
759 2301 924 2331 hominem
954 2310 1095 2340 namque

90 2363 185 2385 carne
204 2354 434 2384 circumdatum
457 2354 546 2384 labor
566 2358 614 2384 est
635 2355 695 2384 ista
716 2363 923 2392 cognoscere,
943 2355 1043 2385 donec
1061 2357 1094 2385 in

89 2407 222 2438 Domini
240 2408 455 2437 sanctuarium
467 2430 476 2445 ‚
492 2408 527 2437 in
548 2417 611 2446 quo
628 2412 703 2438 sunt
723 2409 832 2438 omnia
850 2408 982 2439 consilia
1001 2418 1096 2447 super

90 2460 174 2491 filios
195 2460 381 2497 hominum,
410 2461 567 2499 ergastulo
593 2462 731 2500 corporis
755 2462 917 2492 absolutus
940 2462 1094 2499 introeat,

89 2514 200 2553 ibique
216 2521 280 2542 non
300 2512 403 2542 solum
422 2515 582 2551 presentia
593 2537 602 2552 ‚
623 2515 678 2544 sed
697 2515 792 2545 etiam
809 2515 983 2545 novissima
999 2515 1095 2544 intel-

89 2566 168 2605 ligat
183 2571 213 2596 et
227 2569 404 2604 cognoscat.
428 2566 552 2597 Horum
566 2567 697 2606 quidem
713 2568 934 2604 consideratio,
950 2568 1097 2598 miranda

81 2620 247 2649 mimirum
262 2643 268 2656 ,
286 2618 440 2657 stupenda
454 2620 571 2657 pariter
587 2625 618 2651 et
634 2622 815 2659 tremenda⁷
831 2631 888 2652 nos
905 2632 963 2653 nec
978 2623 1095 2653 imme-

90 2673 151 2703 rito
172 2672 384 2702 admiratione
413 2671 560 2703 sollicitat
586 2679 792 2714 mentemque
818 2680 959 2705 nostram
988 2677 1096 2714 inges-

90 2726 177 2756 tione
192 2725 330 2764 stuporis
346 2725 473 2755 hebetat
489 2728 690 2767 concutitque
707 2729 831 2759 timore.

130 2778 290 2808 Miramur
305 2777 441 2814 etenim,
464 2786 528 2808 non
543 2779 661 2819 absque
683 2781 804 2811 timoris
821 2782 1045 2821 magnitudine
1062 2792 1098 2813 ac

92 2831 238 2867 terroris,
255 2839 318 2869 qua
341 2831 444 2860 divini
465 2831 673 2870 dispositione
691 2835 822 2873 judicii,
841 2836 932 2865 nobis
957 2845 1022 2866 non
1045 2836 1098 2866 in-

93 2883 189 2921 digne
222 2884 389 2921 terribilis,
417 2889 526 2915 contra
548 2885 684 2916 electum
709 2892 739 2918 et
761 2889 924 2919 firmatum
949 2894 1095 2920 nostrum

92 2936 202 2966 salutis
229 2937 495 2976 contemplatione
523 2940 736 2978 propositum,
765 2943 880 2972 totiens
908 2948 938 2973 et
965 2943 1096 2973 demum

93 2992 212 3018 tantam
235 2990 494 3021 immutationem
517 2993 673 3031 receperit
694 2998 792 3025 status
807 3000 923 3026 noster.
946 2996 1096 3035 Elegera-

233 3055 306 3083 Rae.
328 3056 451 3084 Niconss
471 3057 522 3085 IV.

1175 1457 1248 1478 mus
1264 1456 1404 1485 namque
1420 1446 1460 1476 ab
1474 1446 1567 1482 olim,
1585 1450 1751 1485 postquam
1769 1445 1809 1474 ad
1832 1444 1892 1473 hoc
1910 1443 2001 1472 nohis
2019 1443 2177 1474 Dominus

1175 1501 1285 1530 tribuit
1312 1499 1538 1534 intellectum,
1568 1499 1681 1539 abJ‘ecti
1710 1508 1777 1529 esse
1803 1499 1837 1528 in
1863 1497 1956 1527 domo
1987 1496 2120 1527 Domini
2149 1502 2179 1528 et

1174 1558 1282 1583 sancte
1309 1552 1567 1591 contemplationi
1590 1553 1731 1582 vacando
1754 1551 1863 1582 sedere
1886 1551 1926 1580 ad
1948 1550 2042 1589 pedes
2060 1550 2175 1589 ipsius,

1175 1607 1315 1637 audituri
1331 1606 1426 1635 verba
1443 1605 1541 1635 celica
1559 1614 1632 1635 cum
1649 1606 1750 1635 Maria
1762 1628 1770 1641 ‚
1787 1613 1860 1634 curn
1878 1603 1932 1633 illa
1950 1608 2072 1642 partem
2084 1626 2092 1639 ‚
2113 1608 2177 1634 tes-

1176 1660 1309 1689 timonio
1339 1659 1439 1698 ipsius
1468 1658 1601 1688 Domini
1616 1683 1623 1695 ,
1654 1658 1807 1696 optimam
1835 1656 1988 1694 eligentes
2003 1680 2009 1691 ,
2043 1665 2082 1685 ne
2116 1657 2177 1686 im-

1174 1712 1275 1752 pliciti
1311 1712 1425 1742 mundi
1455 1711 1637 1741 turbinibus
1673 1719 1746 1740 cum
1777 1709 1903 1739 Martha
1932 1718 2006 1746 erga
2040 1709 2179 1747 plurima

1175 1766 1388 1796 turbaremur.
1406 1765 1538 1803 Propter
1561 1764 1644 1803 quod
1668 1773 1686 1793 a
1710 1768 1817 1794 nostre
1840 1762 2018 1802 juventutis
2034 1762 2180 1801 auspitiis

1174 1820 1320 1850 ordinem
1335 1819 1471 1848 fratrum
1488 1818 1652 1848 minorum
1667 1818 1859 1847 intravimus
1874 1841 1879 1852 ,
1899 1820 1934 1846 ut
1949 1816 1982 1845 in
1999 1815 2180 1846 humilitate

1175 1874 1304 1912 spiritus
1324 1872 1391 1902 Deo
1410 1871 1535 1910 spiritui
1558 1872 1770 1907 serviremus,
1788 1879 1861 1900 cum
1887 1873 1972 1898 tante
1994 1868 2180 1907 abjectionis

1175 1931 1205 1957 et
1221 1926 1412 1966 paupertatis
1429 1924 1656 1964 professoribus
1672 1932 1825 1962 pauperes
1841 1926 1871 1952 et
1885 1922 2010 1961 abjecti.
2030 1922 2181 1960 Dumque

1175 1988 1230 2019 per
1245 1979 1303 2008 hec
1321 1978 1359 2008 ad
1379 1977 1527 2007 Rachelis
1545 1977 1719 2007 obtinenda
1742 1976 1898 2006 consortia
1916 1975 2016 2005 solido
2036 1974 2181 2004 inhiare-

1175 2043 1248 2064 mus
1274 2033 1448 2072 proposito,
1476 2031 1579 2071 plenis
1608 2031 1841 2069 suspiraremus
1865 2029 2050 2063 affectibus,
2080 2029 2182 2067 Lyam

1174 2087 1269 2126 lippis
1286 2085 1403 2116 occulis
1424 2084 1607 2123 experimur
1631 2083 1723 2114 nobis
1747 2083 1919 2122 expositam
1943 2090 1997 2121 pro
2020 2080 2180 2115 Rachele‚

1177 2141 1318 2180 primum
1333 2140 1368 2169 in
1388 2140 1456 2177 ipso
1480 2138 1575 2168 etiam
1597 2137 1710 2167 ordine
1732 2137 1916 2174 frequenter
1937 2135 2027 2164 nobis
2045 2134 2183 2172 predicte

1176 2194 1274 2233 partis
1299 2192 1480 2230 integritate
1501 2191 1643 2229 direpta3
1661 2192 1691 2219 et
1706 2198 1742 2218 ea
1759 2188 1960 2227 postmodum
1980 2196 2033 2225 per
2049 2195 2182 2225 occupa-

1178 2249 1280 2278 tiones
1301 2247 1459 2281 diversas,
1486 2253 1565 2283 quas
1590 2243 1764 2273 habuimus
1789 2250 1917 2272 necesse
1943 2241 2064 2275 subire,
2093 2240 2184 2281 quasi

1177 2309 1306 2340 prorsus
1322 2299 1479 2337 adempta.
1498 2297 1649 2335 Occupati
1666 2304 1805 2334 namque
1819 2295 1938 2324 suimus
1952 2303 1986 2323 ex
2006 2293 2184 2323 obedientie

1178 2355 1282 2385 debito
1297 2353 1332 2382 in
1347 2352 1443 2382 variis
1459 2350 1651 2380 ministeriis
1668 2348 1875 2378 dictiordinis
1886 2351 1916 2377 et
1931 2347 2061 2376 demum
2076 2346 2110 2375 in
2127 2345 2183 2375 mi-

1178 2408 1270 2438 nistri
1286 2405 1446 2445 generalis
1460 2404 1574 2440 officio,
1586 2411 1649 2442 que
1662 2410 1726 2431 non
1743 2401 1863 2439 absque
1877 2399 2042 2429 laboriosis
2057 2398 2184 2436 inquie-

1180 2461 1345 2492 tudinibus
1361 2459 1517 2497 gessimus
1532 2457 1567 2486 in
1583 2455 1704 2486 eodem.

1219 2514 1456 2551 Subsequenter
1471 2510 1511 2540 ad
1527 2509 1718 2547 dignitatern
1737 2506 1952 2536 cardinalatus
1968 2505 2000 2533 in
2018 2503 2183 2534 sacerdotii

1179 2567 1280 2607 gradu
1301 2575 1355 2605 per
1376 2563 1580 2603 apostolicam
1608 2561 1716 2592 sedem
1738 2559 1909 2597 assumpti,
1938 2557 2015 2587 duni
2039 2557 2185 2586 absentes

1180 2627 1210 2652 et
1224 2621 1319 2652 inscii
1334 2618 1455 2657 aliquid
1476 2617 1514 2647 de
1536 2616 1595 2645 hoc
1615 2615 1684 2652 agi,
1701 2611 1902 2643 reformande
1917 2610 2085 2640 concordie
2102 2611 2186 2640 inter

1179 2676 1262 2706 clare
1279 2673 1433 2703 memorie
1452 2670 1638 2708 Philippum
1659 2667 1854 2696 Francorum
1872 2668 1902 2693 et
1920 2664 1958 2692 A.
1977 2663 2119 2702 Yspanie
2135 2671 2185 2692 re-

1180 2737 1234 2767 ges
1253 2727 1292 2756 de
1314 2724 1464 2755 mandato
1489 2722 1572 2752 sedis
1594 2719 1694 2758 ipsius
1719 2718 1753 2747 in
1774 2716 2022 2747 ultramontanis
2045 2715 2186 2754 partibus

1181 2788 1368 2812 vacaremus
1384 2787 1390 2808 :
1409 2776 1526 2806 deinde
1541 2772 1670 2813 prefecti
1685 2779 1796 2801 sumus
1812 2779 1868 2808 per
1883 2769 1990 2799 sedem
2004 2768 2138 2798 eandem
2152 2769 2186 2798 in

1181 2835 1363 2873 episcopum
1382 2829 1514 2860 ecclesie
1532 2825 1732 2856 Penestrine.
1756 2822 1938 2853 Novissime
1961 2815 2035 2851 vero
2053 2822 2186 2872 fratrum

1183 2891 1365 2919 nostrorum
1382 2884 1535 2914 electione
1552 2878 1700 2910 concordi
1717 2876 1818 2907 vocati
1842 2880 1872 2905 et
1895 2876 2047 2905 instantia
2069 2875 2187 2912 impor-

1183 2947 1258 2972 tuna
1276 2939 1370 2970 coacti
1391 2937 1430 2967 ad
1452 2934 1570 2965 summi
1585 2931 1777 2972 apostatatus
1794 2929 1950 2959 sarcinam
1966 2928 2166 2957 subeundam
2177 2950 2184 2961 ,

1180 2998 1273 3035 prout
1288 2992 1384 3022 series
1405 2987 1582 3027 subscripta
1600 2984 1764 3021 describit,
1784 2986 1819 3012 ut
1834 2981 1968 3020 proinde
1985 2989 2039 3010 vos
2059 2980 2187 3009 illarum

2033 3046 2041 3071 1
