2477 3637
202 341 259 371 460
949 335 1187 367 REGISTRES
1208 335 1263 366 DE
1285 335 1469 366 NICOLAS
1492 336 1548 366 IV.

202 407 353 436 duximus
371 404 590 435 absolvendos.
621 404 688 433 Dat.
719 404 835 439 Rome,
854 402 937 441 apud
963 402 1112 433 Sanctam
1139 402 1205 432 Ma-

200 460 283 490 riam
302 459 452 498 Majorem
464 481 471 494 ,
488 467 506 487 v
522 457 595 487 idus
614 457 708 492 maii,
727 464 812 486 anno
828 456 929 486 tertio.
952 467 967 483 »

271 602 387 631 275!
798 600 930 636 Orvieto,
948 601 963 627 5
975 601 1040 636 juin
1058 600 1136 628 1290.

237 663 419 699 Dispensatio
437 663 620 689 matrimonii.
638 662 722 696 (Rae.
739 663 786 693 45,
804 670 830 689 c.
848 663 910 698 ζ217,
927 663 946 690 f.
965 663 998 690 38
1014 666 1063 694 νο.)

241 775 261 782 ..
279 751 499 789 archiepiscopo
519 751 659 781 Toletano
674 751 848 781 committit
862 756 1020 791 quatenus
1036 760 1111 782 cum
1126 751 1209 782 San-

199 806 246 836 cio
273 805 431 835 Fernandi
461 809 491 835 et
516 804 656 841 Mentia,
691 809 764 834 nata
790 805 903 835 Didaci
929 806 1015 835 Petri
1039 805 1115 836 dicti
1139 806 1210 836 Ma-

199 860 318 895 cbuca,
338 858 462 889 civibus
482 857 688 898 Tholetanis,
712 858 873 897 dispenset
891 863 925 888 ut
946 859 980 888 in
1006 859 1211 890 matrimonio

198 912 274 943 olim
305 912 344 941 ab
374 913 468 950 ipsis,
499 912 722 949 ignorantibus
746 921 779 941 se
806 913 896 942 tertio
920 912 1210 950 consanguinitatis

198 966 299 1005 gradu
317 966 504 1005 conjunctos
523 974 606 1002 esse,
624 970 785 996 contracto
804 975 970 996 remanere
990 966 1124 1004 possint.

241 1032 255 1047 «
284 1019 431 1049 Exliibita
454 1019 543 1048 nobis
569 1010 717 1048 dilecti...
737 1037 775 1041 —
800 1020 872 1049 Dat.
893 1019 976 1059 apud
1000 1019 1209 1050 Urbemvete-

199 1081 287 1109 rem,
308 1072 403 1102 nonis
418 1072 504 1111 junii
517 1094 525 1108 ,
544 1080 630 1103 anno
651 1073 752 1103 tertio.
774 1084 787 1099 n

272 1218 393 1247 2258

235 1279 354 1307 Collatio
366 1280 497 1307 beneficii
509 1284 536 1306 et
547 1280 725 1315 dispensatio
737 1288 825 1315 super
836 1280 949 1306 defectu
965 1281 1111 1307 natalium.
1125 1280 1209 1315 (Rae.

200 1330 247 1360 45.
265 1337 290 1356 c.
307 1330 369 1362 ς218,
387 1330 406 1356 f.
425 1330 456 1356 38
472 1325 516 1362 νοξ
536 1329 602 1356 Lar.
623 1338 655 1356 nu
672 1328 778 1362 Taele,
796 1328 848 1362 ΙΙΙ,
868 1330 939 1362 159.)

785 1216 912 1248 Orvieto.
932 1217 961 1244 14
976 1218 1041 1252 J'uin
1059 1217 1137 1244 1290.

241 1419 360 1448 Dilectis
378 1419 454 1455 filiis
475 1440 496 1447 ..
514 1418 652 1447 Hanonte
670 1419 704 1447 in
720 1418 840 1448 ecclesia
858 1417 1069 1460 Cavmeracensi
1088 1427 1123 1448 ac
1142 1427 1210 1448 ma·

199 1474 295 1510 pistro
319 1472 453 1501 Jolmnnt
481 1472 514 1500 de
538 1472 661 1508 Insula,
682 1472 836 1501 Leodiensi
859 1472 1102 1508 archidiaconis,
1127 1480 1161 1501 ac
1188 1493 1208 1502 ..

199 1524 381 1555 cancellario
398 1526 514 1554 ecclesie
541 1524 734 1554 Tornocensis
758 1524 889 1554 mandat
906 1530 1064 1563 quatenus
1090 1525 1210 1563 magis-

201 1582 285 1607 trum
305 1577 471 1607 Hellinuxn
488 1578 527 1607 de
545 1577 718 1616 Hyelemes
734 1577 767 1606 in
785 1577 919 1607 ecclesia
932 1577 1040 1607 Sancti
1056 1578 1143 1607 Petri
1159 1579 1211 1608 In—

201 1631 323 1661 sulensi
350 1631 542 1660 canonicum
570 1631 669 1669 recipi
700 1631 818 1661 saciant
847 1635 876 1661 et
905 1632 933 1661 ei
965 1631 1004 1661 de
1031 1632 1212 1670 praebenda

199 1684 405 1723 provideant,
422 1693 486 1714 non
504 1684 702 1714 obstantibus
719 1685 841 1714 defectu
858 1684 1014 1714 natalium
1030 1694 1126 1724 quem
1143 1686 1212 1724 ipse

201 1737 351 1768 Hellinus
369 1738 502 1776 patitur,
520 1738 560 1767 de
576 1738 678 1768 soluto
695 1738 823 1776 genitus
840 1744 867 1768 el
886 1738 999 1774 soluta,
1016 1743 1046 1768 et
1060 1740 1212 1770 mandato

200 1791 339 1830 capitulo
356 1791 464 1821 Sancti
480 1792 563 1820 Petri
578 1792 617 1821 ab
630 1791 801 1830 apostolica
818 1792 892 1822 sede
910 1792 990 1822 facto
1010 1801 1051 1822 ne
1069 1792 1211 1831 aliquem

203 1844 266 1874 nisi
285 1844 323 1874 de
342 1844 484 1882 legitimo
502 1845 708 1875 matrimonio
728 1849 839 1875 natum
856 1845 997 1884 recipere
1016 1850 1129 1884 posset.

243 1910 255 1924 ιι
279 1898 394 1928 Petilio
412 1897 520 1927 dilecti
540 1898 640 1929 filii...
664 1916 702 1920 —
726 1899 797 1930 Dat.
821 1899 905 1938 apud
925 1899 1189 1930 Urbemveterem
1204 1925 1211 1938 ,

200 1960 274 1981 xvin
293 1951 447 1981 kalendas
459 1951 553 1989 julii,
570 1960 656 1981 anno
673 1951 775 1982 tertio.
796 1964 809 1979 ⁷>

273 2097 392 2125 2⁸25ss
786 2097 912 2129 Orvieto,
932 2099 963 2126 17
977 2100 1042 2134 juin
1060 2099 1138 2131 1290.

236 2158 387 2194 Exemptio
403 2159 542 2186 decimae.
559 2159 642 2193 (Rae.
661 2161 703 2193 45,
720 2168 746 2187 c.
764 2160 824 2196 219,
842 2161 861 2188 f.
879 2161 912 2189 39
928 2164 975 2194 ro.)

245 2271 263 2276 .,
286 2249 433 2285 mayz'stro
456 2255 482 2278 ec
499 2249 648 2285 fratribus
665 2250 824 2287 hospitalis
844 2250 952 2281 Sancte
977 2253 1071 2282 Mar-ie
1094 2254 1128 2283 de
1156 2253 1212 2282 Ur-

202 2301 338 2330 beveteri.
369 2301 498 2331 inhibet
527 2311 566 2331 ne
595 2302 667 2341 quis
692 2311 745 2333 eos
777 2303 815 2332 de
847 2304 939 2334 bonis
964 2314 1046 2344 quae
1072 2307 1106 2336 in
1133 2316 1212 2337 usus

200 2353 406 2384 infirmorum
437 2359 467 2383 et
493 2364 669 2394 pauperum
695 2361 926 2387 convertuntur
952 2358 990 2388 ad
1020 2359 1212 2391 solutionem

201 2406 344 2437 decimae
363 2408 492 2445 negotio
509 2409 601 2446 regni
617 2409 746 2439 Siciliae
759 2403 927 2448 deputatae
941 2412 1121 2451 compellat.
1135 2414 1212 2444 Sen-

202 2460 318 2490 tentias
334 2469 460 2499 quoque
477 2462 713 2501 suspensionis,
733 2463 893 2505 interdicti
909 2468 939 2495 et
956 2467 1213 2497 excommunica-

202 2513 311 2550 tionis,
323 2514 442 2553 siquae
457 2519 584 2554 propter
600 2516 683 2546 hanc
694 2517 851 2547 decimam
866 2519 899 2548 iu
915 2527 966 2549 eos
982 2519 1063 2550 latae
1079 2521 1213 2559 fuerint,

200 2566 306 2596 irritas
325 2567 477 2597 decernit.

244 2632 258 2647 «
284 2621 397 2651 Pietati
422 2623 618 2652 conveniens
639 2626 706 2653 et...
734 2641 774 2647 —
798 2625 869 2655 Dat.
893 2627 978 2666 apud
1002 2627 1212 2660 Urbemvete-

203 2682 268 2703 rem
283 2697 291 2711 ‚
308 2684 348 2704 xv
364 2674 517 2705 kalendas
530 2676 608 2715 julii
621 2700 629 2714 ,
647 2686 732 2708 anno
749 2679 851 2710 tertio.
871 2692 884 2707 D

257 2819 510 2851 aveo-2265
809 2825 936 2861 Orvieto,
953 2827 985 2854 22
998 2829 1062 2863 juin
1080 2830 1159 2858 1290.

241 2874 412 2903 Guitletmus
425 2877 553 2912 Reginae
564 2880 706 2907 ecclesiae
717 2882 875 2917 episcopus
885 2884 1059 2918 praeficitur.
1072 2885 1156 2919 (Rae.
1167 2887 1212 2920 45.

203 2932 229 2950 6.
247 2925 308 2956 220,
327 2927 345 2952 s.
364 2928 396 2954 39
414 2936 454 2960 r⁰;
476 2929 591 2964 Pomm,
611 2931 718 2966 ι23294.)

246 3013 353 3044 Dilecto
368 3017 432 3052 sitio
447 3020 542 3053 fratri
558 3018 730 3059 Guiltelmo,
742 3023 829 3053 electo
847 3025 970 3062 Reqino.
989 3025 1129 3056 Vacante
1148 3027 1212 3058 Re·

1290 402 1367 440 gina
1383 402 1517 432 ecclesia
1533 411 1588 441 per
1602 401 1724 432 obitum
1741 400 1927 438 Guillelmi,
1946 401 2028 431 duae
2045 401 2232 440 electiones,
2249 402 2297 433 al·
2464 393 2477 424 ὼ

1292 459 1357 484 tera
1372 455 1520 485 videlicet
1534 454 1573 485 de
1587 454 1750 494 quondam
1762 454 1930 485 Fraucisco
1945 454 1984 484 de
1998 453 2146 493 Fullano,
2160 455 2296 494 Regino,
2463 454 2477 478 ⁰2

1290 506 1388 536 altera
1409 505 1447 536 de
1464 505 1626 545 quondam
1645 505 1816 536 Theodisio
1832 505 1871 536 de
1887 505 2003 543 Flisco,
2023 505 2232 536 Lauduuensi
2247 515 2299 537 ca-
2360 543 2362 546 >
2462 499 2477 530 tit

1291 560 1429 597 nonicis,
1446 559 1478 589 iu
1498 559 1657 590 discordia
1673 559 1848 589 celebratae
1864 559 2006 598 fuerunt,
2019 567 2156 599 quarum
2172 559 2299 599 negotio
2344 550 2361 586 ,ὅ
2462 561 2477 594 qt

1290 613 1329 643 ad
1346 613 1452 644 sedem
1466 612 1671 652 apostolicam
1685 612 1833 643 devoluto
1846 616 1876 642 et
1884 620 1979 642 causa
1992 620 2098 642 coram
2109 612 2130 642 J
2135 635 2156 650 .,
2166 612 2300 645 Sanctae
2461 614 2477 648 pn

1292 667 1415 698 Mariae
1430 667 1465 696 in
1482 667 1542 696 Via
1560 666 1625 696 lata
1639 666 1774 697 diacono
1792 665 1954 697 cardinale
1971 665 2143 705 pendente,
2161 666 2299 697 Theodi-
2330 663 2332 667 '
2461 666 2477 691 (Η

1291 721 1359 751 sius
1376 724 1405 751 et
1421 720 1537 751 deiude
1558 719 1746 750 Franciscus
1761 719 1881 750 mortui
1900 723 1986 750 sunt.
2001 718 2224 749 Provisionem
2239 718 2301 758 igi-
2315 717 2322 725 '
2461 722 2477 745 m]

1294 780 1344 805 tur
1369 774 1513 813 ejusdem
1542 772 1693 803 ecclesiae
1714 781 1791 811 papa
1815 771 1880 802 sibi
1901 772 2092 809 reservavit,
2110 776 2141 802 et
2164 780 2252 803 nunc
2272 772 2302 804 ei
2460 776 2477 799 n

1291 827 1505 858 Guillelmum
1519 851 1526 864 ‚
1543 826 1691 857 ordinem
1710 826 1844 856 fratrum
1861 825 2026 855 minorum
2047 825 2225 865 professum
2236 848 2246 864 ,
2266 826 2301 857 in
2459 822 2476 853 lt

1291 882 1395 912 officio
1413 880 1680 920 poenitentiariae
1700 888 1798 919 papae
1823 878 2027 910 laudabiliter
2041 879 2301 919 comprobatum,
2328 910 2334 913 ,

1292 935 1477 974 episcopum
1494 933 1646 973 praeficit.

1335 1002 1348 1016 «
1367 989 1454 1019 Inter
1471 988 1559 1018 varia
1576 988 1849 1026 innumeraque...
1870 1002 1910 1009 —
1929 986 2001 1016 Dat.
2022 985 2106 1025 apud
2125 985 2301 1016 Urhemve-

1293 1048 1408 1079 terem,
1428 1051 1446 1071 x
1464 1041 1617 1071 kalendas
1631 1040 1722 1079 julii,
1740 1048 1826 1071 anno
1845 1040 1945 1070 tertio.
1971 1055 1982 1065 ιι
2299 1035 2304 1039 ”
2467 1072 2477 1080 Γ

1334 1097 1371 1126 In
1392 1106 1418 1126 e.
1437 1104 1480 1125 m.
1503 1094 1642 1133 capitulo
1661 1093 1813 1124 ccclesiae
1837 1093 1980 1131 Reginae
1999 1091 2130 1122 mandat
2145 1097 2302 1131 quatenus
2328 1123 2331 1125 ,
2457 1080 2477 1150 ὲ

1293 1150 1399 1180 eidem
1416 1148 1592 1179 Guillelmo
1607 1148 1749 1178 debitam
1764 1147 1980 1177 obedientiam
1999 1146 2156 1186 praebeat.

1333 1204 1371 1233 In
1389 1213 1416 1233 e.
1435 1213 1478 1234 m.
1497 1202 1581 1233 clero
1596 1202 1733 1232 civitatis
1751 1204 1781 1230 et
1796 1200 1949 1230 dioecesis
1965 1200 2119 1238 Reginae.
2468 1227 2476 1256 Σ

1335 1257 1372 1287 In
1389 1266 1416 1288 e.
1435 1265 1477 1286 m.
1498 1255 1611 1295 populo
1629 1255 1765 1293 Regino.

1333 1311 1372 1340 In
1389 1320 1416 1340 e.
1434 1319 1477 1339 m.
1497 1309 1656 1339 universis
1675 1308 1827 1339 ecclesiae
1844 1307 1989 1345 Reginae
2006 1305 2150 1336 vassallis
2172 1305 2304 1337 mandat
2468 1293 2473 1307 ¹

1292 1367 1450 1403 quatenus
1477 1362 1580 1392 eidem
1607 1362 1705 1391 electo
1729 1360 1821 1391 solita
1845 1359 2007 1390 fidelitatis
2029 1360 2251 1398 juramentum
2273 1361 2304 1389 et

1292 1418 1422 1448 servitia
1439 1416 1624 1447 exhibeant.

1333 1472 1371 1501 In
1389 1480 1416 1500 e.
1435 1479 1477 1499 m.
1497 1492 1518 1499 ..
1537 1468 1716 1499 marchioni
1734 1467 1870 1497 Estensi.

1335 1536 1348 1551 α
1367 1523 1513 1555 Occurrit
1528 1522 1619 1553 nobis
1635 1522 1711 1553 de...
1727 1538 1767 1545 —
1782 1521 1854 1551 Dat.
1873 1525 1906 1550 ut
1921 1528 2026 1559 supra.
2047 1531 2061 1546 »
2466 1532 2477 1560 ὓ

2455 1583 2477 1611 [ii

1347 1684 1594 1713 zvssss-zvvi
1868 1679 1995 1712 Orvieto,
2014 1679 2137 1714 3Jui11et
2152 1678 2231 1706 1290.
2470 1711 2477 1716 Δ,

1330 1747 1372 1774 De
1389 1747 1488 1773 eodeni
1509 1745 1634 1780 negotio.
1652 1745 1734 1779 (Res.
1759 1744 1810 1778 45,
1827 1752 1853 1771 c.
1869 1743 1931 1777 2²21,
1949 1743 1967 1770 f.
1985 1742 2018 1770 39
2033 1747 2074 1776 r⁰;
2092 1750 2129 1769 en
2148 1743 2268 1778 merge.)
2456 1741 2477 1771 1³31

1579 1786 1581 1791 ’
2455 1795 2477 1835 ts,

1333 1851 1474 1880 Nicotaus
1494 1855 1546 1879 etc.
1578 1849 1753 1878 Venerabili
1770 1848 1866 1884 fratri
1894 1844 2071 1883 Gnc'llelmo,
2098 1846 2230 1883 episcopo
2252 1845 2324 1875 Re-·
2455 1850 2477 1889 μή

1293 1905 1377 1942 pino,
1395 1905 1522 1932 salutem
1541 1907 1606 1938 eto,
1620 1914 1633 1928 «
1652 1902 1740 1931 Inter
1755 1900 1842 1930 varia
1858 1904 1929 1935 etc„
1944 1903 1977 1929 ut
1993 1907 2099 1937 supra,
2120 1905 2222 1937 usque
2234 1905 2306 1936 pos·
2455 1913 2477 1944 m

1294 1958 1409 1988 sidere.
1430 1957 1502 1987 Dat.
1521 1955 1605 1994 apud
1630 1955 1911 1990 Urbemveterem‚
1936 1963 1955 1982 v
1979 1960 2080 1982 nonas
2099 1950 2195 1991 julii,
2218 1959 2314 1982 anno>
2455 1959 2477 1988 „m

1295 2011 1399 2041 terlio.
1420 2022 1433 2037 n
2455 2021 2477 2052 qm

1337 2076 1351 2091 «
1376 2064 1414 2093 In
1431 2072 1456 2092 e.
1477 2071 1518 2091 m.
1538 2085 1557 2091 ..
1575 2060 1800 2091 archidiacono
1812 2084 1819 2097 ,
1838 2083 1858 2091 ..
1878 2058 2155 2098 archipresbytero
2171 2062 2203 2088 et
2219 2057 2304 2098 capi·
2470 2078 2475 2093 ,

1295 2117 1362 2147 tulo
1387 2116 1519 2146 ecclesie
1551 2115 1692 2152 Regine,
1712 2117 1842 2152 excepto
1857 2112 1942 2152 quod
1961 2111 2016 2142 ubi
2043 2111 2161 2142 dicitur
2186 2110 2304 2141 electus
2455 2119 2477 2150 η

1295 2171 1389 2200 debet
1404 2169 1470 2199 dici
1490 2168 1667 2207 episcopus.
1687 2179 1700 2193 a

1337 2224 1374 2253 ln
1395 2232 1422 2252 e.
1441 2231 1484 2252 m.
1504 2221 1589 2251 clero
1606 2220 1745 2251 civitatis
1762 2223 1791 2249 et
1806 2219 1962 2250 dioecesis
1980 2217 2134 2257 Reginae.

1337 2278 1375 2307 In
1394 2286 1422 2307 e.
1440 2286 1483 2306 m.
1503 2275 1618 2315 populo
1636 2274 1769 2312 Regino.

1336 2327 1374 2356 In
1394 2336 1420 2356 e.
1439 2334 1481 2355 m.
1501 2324 1660 2355 universis
1676 2322 1827 2353 ecclesiae
1846 2322 1989 2360 Reginae
2005 2320 2161 2352 vassallis.

1336 2380 1374 2409 In
1390 2388 1416 2409 e.
1432 2388 1476 2408 ni.
1496 2377 1593 2408 nobili
1609 2377 1674 2407 viro
1689 2399 1709 2406 ..
1727 2375 1906 2406 marchioni
1922 2374 2061 2406 Estensi.
2457 2371 2477 2435 ¹ll

2462 2422 2477 2449 l*

1368 2539 1486 2568 22¹2ss
1654 2535 2012 2570 Sainte—Marie-Majeure,
2029 2535 2044 2562 7
2061 2541 2138 2561 mars
2153 2533 2231 2562 ¹290.
2472 2541 2477 2571 ί

1332 2602 1363 2629 ln
1379 2601 1543 2629 subsidium
1559 2599 1662 2627 Terrae
1679 2599 1809 2626 Sanctae.
1828 2598 1912 2632 (Rae.
1929 2598 1979 2630 45,
1997 2605 2022 2625 c.
2039 2597 2116 2632 2212,
2131 2597 2150 2624 f.
2167 2597 2200 2625 39
2216 2597 2268 2631 νῦ.)
2458 2594 2477 2624 lli

2458 2656 2477 2686 a

1334 2705 1431 2737 Nobili
1447 2705 1573 2734 mulieri
1589 2704 1695 2733 Blance
1705 2727 1712 2740 ,
1731 2702 1793 2740 filie
1804 2703 1885 2732 ctare
1897 2702 2041 2731 memorie
2058 2700 2211 2738 Ludovioi,
2224 2699 2313 2740 reqis'
2459 2707 2477 2739 iat

1295 2761 1504 2795 Francorum,
1526 2759 1627 2787 relicte
1647 2757 1801 2795 quondam
1819 2755 1990 2791 Fet-randi,
2009 2755 2205 2793 prtmoqeniti
2223 2754 2306 2785 clare
2460 2763 2477 2792 {tt

1295 2812 1438 2842 memorie
1452 2812 1587 2848 susensi,
1606 2812 1687 2849 reyis
1702 2809 1835 2845 Castelle,
1852 2809 1953 2838 vidue.
1973 2819 1987 2835 «
2006 2807 2104 2844 Cum,
2122 2807 2204 2838 sicut
2217 2814 2305 2838 asse·
2461 2811 2477 2839 tt

1295 2867 1360 2903 ris,
1379 2865 1446 2896 zelo
1462 2865 1538 2895 fidei
1560 2874 1596 2895 ac
1619 2864 1796 2894 devotionis
1818 2862 1968 2898 inducta,
1990 2860 2153 2900 quandam
2170 2859 2302 2900 pecunie
2461 2872 2477 2902 p

1296 2928 1456 2951 summam
1469 2918 1507 2948 de
1518 2917 1655 2957 propriis
1667 2916 1770 2954 bonis,
1782 2915 1959 2946 secundum
1971 2913 2163 2945 confessoris
2174 2913 2221 2944 tui
2231 2920 2303 2944 con·-
2462 2918 2477 2948 η’

1295 2973 1416 3010 silium,
1429 2981 1585 3012 proponas
1602 2971 1636 3001 in
1653 2971 1750 3001 Terre
1763 2971 1878 3001 Sancte
1889 2968 2070 3000 subsidium
2079 2975 2221 3007 erogare,
2230 2973 2318 3005 nos‚‚--

1295 3027 1497 3057 devotionem
1521 3030 1608 3056 tuam
1625 3025 1732 3063 dignis
1754 3024 1788 3054 in
1808 3022 1945 3054 Domino
1965 3021 2115 3052 laudibus
2137 3023 2316 3052 comment
2463 3024 2477 3055 it
