2477 3637
312 378 368 407 49ss
1056 372 1291 403 REGISTRES
1314 372 1368 402 DE
1391 371 1575 401 NICOLAS
1598 372 1654 403 IV.

315 446 364 474 uis
380 445 564 474 exercitium
582 443 808 472 interdicentes
820 441 965 476 omnino,
981 439 1122 478 quelibet
1138 439 1318 478 privilegia,

313 498 527 535 indulgentias
544 502 573 525 et
590 496 726 529 litteras,
746 495 976 533 cujuscumque
994 493 1113 522 tenoris
1129 493 1318 528 existerent,

313 552 356 581 eis
380 552 419 580 al)
442 550 610 589 apostolica
635 549 706 578 sede
732 547 779 577 vel
801 548 869 585 ejus
896 547 1007 584 legatis
1023 551 1077 575 aut
1098 545 1170 575 aliis
1187 545 1319 584 quibus-

312 613 448 642 cumque
469 612 616 632 concessa
638 601 739 640 quoad
763 605 911 639 questum
932 599 1117 638 hujusmodi
1137 598 1318 628 faciendum

311 666 365 696 per
377 661 499 686 nostras
516 664 642 693 prorsus
656 654 776 682 litteras
791 653 941 682 duximus
959 651 1135 681 revocanda
1148 660 1183 681 ac
1199 650 1319 680 nullius

311 710 510 739 decrevimus
535 708 667 737 existere
690 707 866 743 tirmitatis,
892 705 1052 735 universis
1074 704 1319 743 archiepiscopis

311 767 339 792 et
355 762 508 801 episcopis
524 770 558 790 ac
574 761 645 790 aliis
661 760 867 790 ecclesiarum
886 758 1026 797 prelatis,
1041 757 1196 796 exemptis
1210 760 1239 786 et
1253 765 1318 787 non

311 816 473 853 exemptis,
492 814 603 843 dantes
621 823 673 852 per
691 819 812 842 nostras
830 812 994 841 littei-asin
1009 811 1125 841 virtute
1138 810 1318 840 obedientie

310 868 484 897 districtius
506 868 537 896 in
557 867 709 905 preceptis
733 871 766 896 ut
782 875 892 895 eornm
911 865 1046 904 quilibet
1065 865 1099 893 in
1117 863 1317 899 civitatibus,

310 921 486 951 diocesibus
503 926 533 950 et
549 921 623 950 locis
639 920 698 949 sibi
717 919 868 958 subjectis
884 924 1047 958 questui-es
1061 927 1115 947 seu
1133 918 1244 946 fratres
1261 917 1317 946 hu-

306 975 448 1013 jusmodi
465 974 502 1004 ad
520 974 735 1012 colligendum
753 973 955 1008 elemosinas,
972 972 1074 1010 legata
1086 975 1115 1000 et
1129 970 1317 1001 maleablata

310 1028 447 1066 predicta
471 1036 675 1066 nequaquam
692 1027 896 1056 admitterent
911 1051 916 1062 ‚
937 1034 1040 1064 neque
1057 1025 1278 1064 permitterent
1299 1033 1317 1054 a

310 1081 443 1110 subditis
462 1089 571 1110 eornm
591 1080 733 1115 admitti,
754 1080 814 1109 nisi
838 1084 905 1118 post
923 1078 1111 1116 hujusmodi
1129 1077 1316 1117 prohibitio-

310 1143 382 1163 nem
402 1139 540 1163 nostram
558 1133 745 1163 mandatum
765 1142 860 1172 super
877 1132 935 1162 hoc
951 1132 990 1161 ab
1006 1131 1116 1161 eadem
1139 1131 1213 1161 sede
1232 1132 1316 1170 ipsos

310 1188 420 1217 fratres
439 1187 554 1217 habere
573 1187 771 1225 contingeret
791 1185 932 1224 spetiale.
962 1185 1080 1215 Verum
1101 1185 1224 1215 dilectis
1241 1185 1316 1214 filiis

311 1263 330 1269 ..
349 1240 500 1277 magistro
522 1244 551 1269 et
572 1240 722 1269 fratribus
741 1239 903 1278 hospitalis
921 1238 1029 1268 Sancti
1046 1238 1198 1275 Antonii,
1215 1238 1316 1268 Vien-

310 1293 419 1322 nensis
429 1292 576 1327 diocesis,
590 1292 835 1330 suggerentibus
850 1292 939 1321 nobis
953 1291 1036 1330 quod
1052 1299 1217 1330 nunquam
1232 1291 1316 1330 quod

308 1346 402 1375 Terre
424 1346 538 1375 Sancte
559 1346 698 1384 predicte
721 1345 864 1375 subsidio
883 1346 1068 1384 deputatum
1087 1345 1199 1375 suisset
1216 1345 1315 1384 petie-

309 1403 379 1427 rant
398 1399 568 1435 hactenus,
586 1408 621 1428 ac
638 1408 672 1428 ea
689 1399 867 1434 dumtaxat,
885 1398 1020 1428 exclusis
1037 1399 1187 1428 omnibus
1210 1398 1314 1428 eidem

308 1452 450 1481 subsidio
477 1452 610 1488 debitis,
638 1454 670 1481 in
700 1457 859 1491 posterum
886 1457 991 1491 petere
1015 1453 1226 1482 intendebant
1253 1461 1316 1490 que

307 1505 396 1534 beato
413 1506 555 1535 Antonio
573 1511 601 1535 et
618 1506 761 1544 ejusdem
784 1505 950 1544 hospitalis
966 1506 1158 1544 pauperibus
1175 1509 1205 1535 et
1222 1505 1314 1534 infir-

308 1559 368 1588 mis
397 1560 445 1597 pia
470 1559 637 1589 devotione
664 1559 809 1588 fidelium
834 1559 1004 1598 spetialiter
1032 1560 1253 1597 assignantur,
1279 1568 1315 1589 ac

307 1613 527 1643 dubitantibus
547 1623 585 1643 ne
602 1613 702 1652 aliqui
720 1613 925 1643 ecclesiarum
943 1613 1053 1652 prelati
1068 1622 1120 1644 eos
1136 1619 1166 1643 et
1182 1614 1315 1644 nuntios

307 1667 447 1704 ipsorum
471 1667 510 1696 ad
532 1667 703 1705 petendum
726 1671 756 1696 et
782 1667 997 1705 colligendum
1015 1667 1154 1706 predicta
1171 1667 1314 1705 ejusdem

307 1720 408 1749 sancti
432 1720 567 1749 Antonii
588 1721 718 1750 nomine
738 1721 798 1750 sibi
816 1725 845 1750 et
863 1721 990 1759 prefatis
1008 1721 1201 1759 pauperibus
1217 1725 1248 1750 et
1264 1722 1314 1750 iu—

307 1773 408 1802 firmis
421 1773 579 1811 deputata,
589 1774 923 1804 occasioueinterdicti
937 1780 965 1804 et
980 1775 1190 1804 revocationis
1200 1775 1314 1814 hujus-

308 1826 406 1862 modi,
420 1827 587 1856 admittere
600 1827 742 1857 indebite
753 1827 1018 1865 contradicerent,
1035 1836 1102 1864 nos,
1118 1829 1157 1858 ad
1171 1829 1314 1867 ipsorum

308 1881 451 1918 magistri
466 1884 496 1909 et
510 1880 643 1909 fratrum
657 1880 897 1919 supplicationis
910 1882 1110 1918 instantiam,
1125 1892 1179 1920 per
1192 1887 1315 1912 nostras

307 1934 507 1963 decrevimus
531 1933 650 1963 litteras
672 1939 706 1963 ut
724 1944 779 1973 per
798 1935 1004 1964 interdictum
1026 1940 1055 1964 et
1078 1936 1312 1966 revocationem

309 1988 446 2026 predicta
470 1996 525 2026 per
544 1996 600 2017 nos
625 1988 704 2017 facta
724 1988 774 2017 vel
796 1997 906 2018 eorum
931 1990 1095 2019 occasione
1120 1989 1247 2019 nullum
1270 1990 1314 2019 eis

307 2046 360 2070 aut
377 2041 525 2080 hospitali
545 2041 686 2079 predicto
702 2042 915 2080 prejudicium
931 2042 1167 2081 quomodolibet
1180 2052 1312 2081 genere-

308 2100 357 2123 tur
377 2095 456 2133 quin
483 2095 551 2123 sine
575 2095 765 2133 cujusquam
790 2096 1022 2125 contrarietatis
1044 2096 1169 2135 objectu
1194 2097 1314 2135 possint

306 2152 410 2186 petere
426 2156 461 2177 ac
478 2148 617 2186 recipere
633 2148 670 2176 ad
687 2156 765 2187 opus
782 2148 986 2178 infirmorum
1001 2153 1032 2178 et
1048 2158 1222 2188 pauperum
1242 2160 1314 2188 pre-

306 2201 461 2230 dictorum
486 2200 677 2230 elemosinas
702 2206 731 2230 et
755 2201 818 2231 alia
840 2202 981 2240 quelibet
1005 2203 1146 2232 caritatis
1171 2203 1314 2233 subsidia

305 2263 367 2293 que
384 2254 461 2293 ipsis
484 2264 536 2293 pro
559 2256 788 2285 sustentatione
810 2256 967 2286 dictorum
987 2266 1160 2295 pauperum
1186 2259 1236 2296 pia
1258 2258 1311 2288 de-

305 2308 387 2337 votio
410 2307 551 2337 fidelium
573 2308 748 2346 exhibebit,
772 2313 801 2338 et
817 2310 926 2339 omnia
941 2310 1108 2348 privilegia
1126 2311 1192 2340 sive
1209 2311 1312 2341 littere

305 2361 398 2390 dictis
421 2361 573 2399 magistro
590 2367 618 2391 et
638 2362 789 2392 fratribus
806 2372 900 2402 super
920 2363 977 2394 ltoc
993 2364 1032 2393 ab
1049 2365 1219 2403 apostolica
1238 2365 1311 2395 sede

305 2423 452 2444 concessa
468 2415 502 2443 in
519 2424 575 2444 sua
596 2421 746 2445 maneant
763 2417 924 2447 firmitate.
944 2417 1049 2453 Quare
1069 2418 1159 2448 nobis
1175 2418 1309 2448 humili-

305 2472 351 2498 ter
368 2468 566 2507 supplicastis
591 2474 638 2505 ut,
664 2478 735 2498 cum
763 2479 817 2508 per
841 2470 1027 2509 hujusmodi
1047 2472 1209 2502 decretum
1237 2482 1309 2502 nos*

305 2525 388 2550 trum
406 2521 517 2550 vestris
531 2521 659 2559 juribus
677 2527 785 2552 contra
802 2524 992 2561 magistrum
1009 2529 1039 2554 et
1054 2524 1167 2554 fratres
1186 2526 1309 2564 predic-

304 2578 349 2604 tos
373 2574 461 2604 vobis
488 2583 523 2603 ac
549 2575 630 2605 dicto
657 2577 850 2606 monasterio
875 2582 904 2606 et
932 2578 1036 2607 eidem
1061 2579 1232 2617 prioratui,
1256 2580 1309 2609 nbi

303 2636 416 2666 corpus
431 2627 508 2657 dicti
524 2629 625 2658 sancti
642 2630 841 2668 requiescere
857 2631 985 2668 dicitnr,
1002 2632 1256 2671 competentibus
1274 2642 1309 2663 ac

301 2681 478 2720 privilegiis
494 2682 584 2711 vobis
606 2687 636 2712 et
655 2685 848 2714 monasterio
865 2685 992 2723 prefatis
1008 2685 1160 2716 adversus
1180 2686 1251 2717 illos
1270 2687 1309 2717 ab

302 2734 469 2774 apostolica
486 2735 558 2764 sede
576 2737 734 2766 concessis
749 2737 901 2767 dubitetis
919 2739 951 2767 in
972 2743 1133 2778 posterum
1149 2740 1306 2778 derogari,

303 2789 467 2827 providere
486 2789 574 2819 vobis
589 2794 619 2819 et
636 2790 756 2819 eisdem
780 2793 972 2821 monasterio
992 2802 1028 2821 ac
1044 2793 1196 2831 prioratui
1213 2803 1309 2832 super

303 2841 361 2870 hoc
379 2846 506 2880 paterna
523 2842 689 2880 diligentia
706 2843 924 2881 dignaremur.
939 2845 1004 2875 Nos
1019 2846 1118 2883 igitur
1133 2847 1177 2876 sic
1193 2847 1306 2885 magis-

305 2900 386 2923 trum
406 2900 435 2924 et
457 2895 567 2924 fratres
586 2896 741 2934 predictos
763 2897 902 2935 benigno
928 2899 1033 2928 lavore
1053 2901 1198 2938 prosequi
1221 2900 1307 2939 cupi·

304 2957 374 2977 mus
391 2953 423 2977 ut
436 2949 488 2986 jus
502 2950 615 2978 exinde
630 2949 762 2980 alterius
779 2960 842 2981 non
861 2951 1003 2988 ledatur;
1023 2955 1218 2991 presentium
1234 2964 1307 2984 auc-

306 3001 425 3030 toritate
449 3002 617 3031 statuimus
641 3008 675 3032 nt
698 3013 751 3042 per
776 3004 936 3034 decretum
959 3010 1102 3036 nostrum
1127 3007 1305 3046 predictum

303 3054 387 3083 cii-ea
404 3054 606 3084 interdictum
624 3060 653 3084 et
669 3057 898 3087 revocationem
917 3059 1024 3088 eadem
1045 3060 1159 3089 sactum
1178 3060 1304 3091 nullum

1402 438 1504 468 eidem
1525 439 1677 477 prioratui
1699 439 1845 477 generari
1863 439 1960 477 possit
1981 438 2208 477 prejudicium,
2227 447 2284 469 uec
2298 444 2406 471 contra

1402 491 1506 530 ipsum
1524 492 1698 530 prioratum
1716 491 1836 522 eisdem
1853 491 2005 529 magistro
2023 496 2053 521 et
2075 491 2226 521 tratribus
2248 491 2281 521 in
2301 491 2406 532 aliquo

1400 544 1452 583 jus
1465 545 1598 583 acquiri.
1615 544 1706 575 Nulli
1717 554 1792 583 ergo
1804 549 1877 581 etc„
1891 549 1997 575 nostre
2011 544 2249 575 constitutionis
2261 549 2319 576 etc.
2333 545 2403 579 Dat.

1400 597 1484 636 apud
1504 598 1776 635 Urbetnveterem,
1796 607 1815 628 11
1834 598 1904 628 idus
1916 597 2005 637 Julii,
2022 606 2108 628 auno
2125 598 2227 628 tertio.
2247 610 2260 625 n

1470 770 1588 798 3013
1956 770 2084 802 Orvieto,
2099 769 2134 797 29
2146 769 2242 804 juillet
2259 769 2336 798 1290.

1436 834 1594 862 Concessio
1609 835 1750 862 ecclesiae
1767 834 1887 862 Sanctae
1908 835 2013 862 Mariae
2034 835 2062 861 in
2084 834 2158 862 Baro
2176 835 2315 863 Theatino
2329 837 2407 872 epis-
2431 873 2440 884 Ι

1398 892 1472 919 copo
1487 884 1682 911 confirmatur.
1699 884 1780 919 (Rae.
1798 885 1840 916 45,
1858 893 1883 911 c.
1902 884 1962 916 3-24,
1979 884 1999 911 s.
2015 884 2048 912 62
2066 886 2116 918 v0.)
2430 888 2450 949 ἃ

1446 987 1614 1017 Venerabili
1628 988 1724 1023 fratri
1742 1009 1762 1018 ..
1780 989 1914 1025 eps-scopo
1938 988 1958 1017 T
1958 988 2077 1017 heatino
2097 987 2267 1017 confirmat
2287 986 2414 1026 litteras>
2432 970 2451 1007 ,ζ’

1398 1040 1515 1079 quibus
1532 1041 1633 1070 bonae
1651 1041 1825 1071 memoriae
1841 1041 1869 1070 N
1874 1040 2006 1078 icolaus,
2026 1041 2247 1079 praedecessor
2262 1040 2406 1080 ejusdem

1398 1093 1550 1132 episcopi,
1575 1094 1647 1123 usui
1668 1102 1725 1124 suo
1749 1094 1917 1123 ecclesiam
1943 1093 2077 1124 Sanctae
2101 1093 2222 1124 Mariae
2247 1094 2281 1124 in
2307 1093 2405 1133 Baro,

1397 1146 1575 1177 Theatinae
1593 1147 1756 1183 dioecesis,
1775 1147 1950 1186 deputavit.
2427 1140 2430 1150 ¹

1440 1213 1453 1227 α
1474 1201 1553 1231 Cum
1571 1210 1588 1230 a
1604 1201 1735 1231 nouis...
1754 1218 1789 1223 —
1807 1201 1876 1231 Dat.
1895 1201 1980 1240 apud
1997 1201 2278 1238 Urbemveterem‚
2293 1210 2338 1232 1111
2351 1200 2406 1232 ka·

1398 1253 1509 1284 tendas
1523 1255 1663 1293 augusti,
1679 1264 1766 1285 auno
1783 1255 1884 1285 tertio.
1905 1267 1918 1282 n
2419 1247 2423 1251 ’

1468 1426 1590 1455 3014
1954 1427 2080 1460 Orvieto,
2097 1428 2132 1455 28
2143 1427 2240 1463 juillet
2256 1427 2336 1456 1290.

1433 1488 1620 1524 Dispensatio
1635 1489 1816 1517 residentiae.
1835 1490 1918 1524 (Rso.
1937 1491 1980 1522 45,
1998 1499 2022 1517 c.
2042 1490 2102 1522 3³25,
2120 1491 2140 1517 f.
2156 1489 2190 1517 62
2204 1493 2257 1524 v⁰.)

1438 1593 1592 1630 Dyonisto,
1609 1594 1674 1630 reyi
1687 1593 1864 1630 Porcuyatfe
1878 1594 2004 1630 illustri,
2022 1592 2168 1631 indulget
2183 1597 2218 1624 ut
2232 1602 2285 1624 sex
2301 1592 2415 1630 clerici,
2456 1615 2459 1618 ψ

1397 1646 1466 1684 ejus
1483 1645 1604 1675 fructus
1626 1650 1657 1675 et
1677 1651 1848 1684 proventus
1864 1647 2094 1677 beneficiorum
2119 1647 2407 1678 ecclesiasticorum

1398 1709 1529 1730 suorum
1548 1709 1622 1730 cum
1639 1710 1674 1731 ea
1690 1701 1872 1739 integritate
1887 1711 1923 1732 ac
1943 1703 1969 1731 si
1989 1702 2022 1732 in
2045 1702 2188 1732 ecclesiis
2207 1703 2273 1733 suis
2288 1702 2407 1734 reside-

1397 1758 1471 1784 rent
1487 1754 1648 1793 percipere
1663 1754 1801 1786 valeant.

1439 1819 1453 1834 α
1473 1808 1645 1837 Personam
1669 1812 1754 1837 tuam
1778 1808 1964 1847 precipua...
1981 1825 2020 1831 -
2040 1809 2111 1838 Dat.
2130 1809 2214 1848 apud
2231 1809 2414 1840 Urbemvffi

1399 1864 1509 1897 terem,
1527 1871 1546 1890 v
1563 1860 1719 1891 kalendas
1735 1862 1876 1903 augusti,
1892 1870 1978 1892 auno
1996 1862 2099 1892 tertio.
2121 1874 2135 1889 u

1468 2035 1587 2064 3015
1973 2036 2101 2067 Orvieto‚
2118 2036 2133 2063 4
2145 2036 2242 2071 juillet
2258 2036 2335 2065 1290.

1431 2098 1618 2133 Dispensatio
1633 2106 1720 2134 super
1737 2099 1897 2133 pluralitate
1913 2098 2130 2127 beneficiorum.
2141 2099 2225 2131 (Rae.
2241 2099 2286 2131 45,
2303 2107 2329 2127 c.
2343 2099 2403 2136 326,

1394 2148 1413 2175 s.
1429 2148 1463 2175 63
1484 2149 1532 2180 r0.)
2348 2148 2352 2152 ⁴

1434 2252 1578 2289 Magistro
1598 2252 1720 2281 Roberto
1739 2252 1773 2280 de
1794 2252 1972 2289 Pflceri'nqe,
1993 2252 2079 2289 juris
2101 2252 2203 2282 civilis
2223 2252 2406 2293 professori,
2448 2254 2453 2260 '

1395 2306 1504 2334 rectori
1519 2305 1634 2334 ecclesie
1649 2305 1684 2334 de
1699 2305 1811 2342 Bilton,
1829 2306 2025 2335 Eboracensz's
2038 2306 2170 2343 diocesis,
2188 2313 2326 2344 quocum
2335 2305 2403 2345 jam

1394 2358 1614 2397 dispensatum
1638 2362 1685 2387 est
1709 2361 1742 2388 ut
1763 2362 1886 2397 praeter
1912 2358 2076 2388 ecclesiam
2104 2358 2143 2388 de
2169 2358 2296 2398 Biston,
2322 2357 2407 2390 Eho-2

1395 2411 1536 2441 racensis
1552 2411 1720 2448 dioecesiS,
1738 2420 1847 2441 curam
1862 2412 2046 2441 animarum
2063 2411 2252 2450 habentem,
2270 2411 2401 2442 unicum

1393 2465 1481 2495 aliud
1498 2465 1693 2495 beneficium
1710 2465 1851 2504 recipere
1867 2470 1982 2504 posset,
1994 2464 2141 2503 indulget
2157 2469 2192 2495 ut
2207 2464 2266 2495 hoc
2282 2463 2410 2496 benefi-⁴

1392 2519 1499 2556 cium,
1517 2518 1613 2548 etiam
1633 2518 1660 2547 si
1680 2523 1867 2556 personatus
1884 2518 1934 2548 vel
1949 2518 2088 2556 dignitas
2103 2518 2143 2548 sit
2162 2521 2194 2548 et
2216 2525 2326 2548 curam
2348 2511 2405 2548 ha?

1391 2573 1464 2603 beat
1483 2573 1666 2602 animarum
1677 2595 1686 2610 ,
1710 2582 1782 2602 cum
1802 2573 1935 2603 ecclesia
1951 2572 1989 2602 de
2006 2572 2112 2602 Bilton
2133 2571 2270 2602 retinere
2288 2569 2398 2602 valeat.

1433 2639 1447 2654 α
1469 2627 1562 2657 Lecta
1581 2635 1687 2657 coram
1708 2627 1840 2657 uobis...
1859 2643 1898 2648 —
1914 2626 1985 2658 Dat.
2009 2626 2093 2666 apud
2118 2625 2410 2663 Urbemveterem„.1

1391 2689 1437 2710 1111
1454 2689 1556 2711 nonas
1571 2680 1709 2718 augusti,
1729 2689 1815 2711 anno
1831 2680 1933 2711 tertio.
1952 2691 1966 2707 »

1460 2846 1583 2875 3⁰1ss
1957 2846 2087 2877 Orvieto.
2108 2846 2123 2873 4
2135 2845 2234 2881 juillet
2249 2844 2327 2873 1290.

1424 2909 1610 2944 Dispensatio
1626 2917 1714 2945 super
1732 2910 1890 2945 pluralitate
1907 2910 2122 2937 beneficiorum.
2140 2909 2223 2940 (Rea.
2235 2909 2317 2942 45‚c.
2334 2905 2413 2939 32⁷0

1388 2959 1407 2987 ἰ.
1425 2959 1458 2986 63
1476 2961 1522 2991 r0.)

2403 2931 2430 3014 “⁰⁴5

1428 3062 1571 3100 ,llayistro
1589 3062 1734 3091 tfts'tltelmo
1750 3061 1783 3090 cle
1800 3061 1970 3099 Pikerinqe,
1989 3061 2103 3090 doctori·
2121 3060 2320 3096 decretorum,
2333 3064 2394 3088 rec·
2428 3052 2431 3057 ’
2474 3055 2477 3093 ,’
