2342 3652
950 364 1181 400 TROiSOEME
1201 366 1361 401 ANNEE.
2146 377 2202 405 557

179 432 296 461 3600

655 435 781 470 Orvieto‚
798 436 811 461 7
830 436 946 462 octobre
966 436 1041 463 1290.

145 495 187 522 De
202 495 384 521 contentione
400 496 474 521 inter
491 495 585 530 Majus
597 498 803 524 monasterium
817 498 984 526 Turonensc
995 503 1023 525 et
1037 499 1114 534 epis-

110 552 213 578 copum
230 543 470 571 Lincolniensem.
492 544 572 572 il’tfio.
591 545 634 576 45,
652 554 676 572 c.
696 546 757 579 520,
775 547 794 573 f.
814 548 862 574 105
878 550 925 581 ro.)

151 684 170 690 ..
195 660 295 689 abbati
313 661 494 689 monasterii
509 661 542 689 cle
558 661 666 690 Sancto
684 661 795 691 Albano
812 668 837 692 ει
857 687 875 692 ..
894 665 995 700 priori
1009 664 1114 693 Sancti

109 713 222 744 andree
253 713 288 741 de
318 713 508 748 Norhanlon,
541 714 760 744 Lz'ncolnsensis
792 717 924 745 diocesis.
958 728 971 743 α
996 715 1113 746 Dilecti

110 765 168 795 filii
197 787 217 796 ..
244 765 340 795 abbas
369 770 400 795 et
431 771 608 795 conventus
636 767 767 805 Maj0ris
797 769 985 798 monasterii
1012 769 1112 798 Turo-

111 818 232 854 nensis,
249 818 289 848 ad
309 826 476 848 romanam
497 819 663 849 ecclesiam
687 820 776 851 nullo
792 822 896 851 medio
913 822 1113 860 pertinentis,

110 872 233 903 ordinis
257 871 289 902 S.
316 872 503 909 Benedicti,
524 882 581 903 sua
606 874 699 904 nobis
724 875 874 913 petitione
896 880 1116 906 monstrarunt

109 924 192 965 quod
223 924 346 964 Symon
380 925 419 955 de
454 926 554 963 Beda,
587 928 764 958 monachus
797 929 873 958 dicti
909 930 1114 966 monasterii,

109 978 196 1018 prior
215 978 373 1017 prioratus
397 978 435 1008 de
458 979 603 1017 Neuport
629 980 767 1019 Peynel,
790 981 1026 1012 Lincolniensis
1046 982 1115 1013 dio-

109 1031 203 1068 cesis,
219 1031 304 1061 dicto
326 1031 520 1062 monasterio
542 1032 728 1063 immediate
750 1034 898 1071 subjecti,
916 1035 995 1064 etin
1014 1044 1076 1074 quo
1094 1058 1113 1065 ..

107 1085 202 1115 abbas
231 1085 334 1123 ipsius
361 1086 547 1115 monasterii
575 1086 712 1124 priorem
740 1087 878 1117 instituit
903 1092 931 1118 et
955 1088 1114 1125 destituit,

109 1136 198 1176 ponit
220 1140 251 1166 et.
267 1136 384 1166 exinde
402 1142 562 1167 ammovet
585 1147 640 1176 pro
659 1147 714 1168 sue
730 1137 821 1169 libito
840 1139 1030 1175 voluntatis,
1050 1148 1114 1169 non

109 1183 263 1220 atendens
287 1191 372 1229 quod
401 1191 559 1230 prefatum
588 1193 839 1229 monasterium,
866 1202 938 1222 cum
965 1193 1115 1223 omnibus

108 1243 298 1282 prioratibus
315 1247 344 1273 et
361 1244 513 1273 membris
534 1244 600 1273 suis
619 1252 795 1283 eorumque
810 1245 912 1279 bonis,
930 1254 948 1275 a
963 1246 1115 1284 jurisdic-

110 1296 193 1326 tione
210 1296 428 1335 quorumlibet
442 1297 681 1327 ordinariorum
701 1307 756 1336 per
775 1298 920 1337 spetialia
946 1298 1115 1337 privilegia

106 1349 188 1379 sedis
202 1348 371 1388 apostolice
385 1354 432 1379 est
447 1354 642 1389 exemptum,
661 1355 692 1380 et
704 1351 744 1380 ad
760 1351 934 1390 predictam
950 1351 1114 1382 ecclesiam

106 1402 195 1432 nullo
210 1403 348 1441 pertinet
362 1403 534 1440 mediante,
551 1404 768 1434 venerabilem
787 1405 917 1434 fratrem
933 1410 1112 1436 nostrum..

106 1456 287 1494 episcopum
305 1456 565 1486 Lincolniensem
583 1457 618 1486 in
641 1457 752 1488 eodem
778 1458 918 1497 prioratu
942 1463 1059 1489 temere
1074 1459 1114 1488 ad

105 1509 302 1539 visitandum
326 1509 470 1546 admisit,
495 1510 661 1550 dictusque
689 1511 855 1550 episcopus
879 1512 912 1540 in
940 1512 1113 1542 monachos

107 1562 182 1592 dicti
198 1563 365 1601 prioratus,
382 1563 457 1602 quia
474 1564 593 1602 ipsum,
611 1569 703 1603 prout
719 1573 777 1594 nec
793 1565 960 1601 debebant,
979 1565 1017 1595 ad
1037 1566 1112 1595 visi-

108 1615 240 1646 tandum
267 1616 434 1647 admittere
456 1617 677 1655 denegarunt,
705 1619 882 1648 temeritate
907 1619 1051 1657 propria,
1075 1619 1114 1648 de

106 1669 184 1701 sacto
211 1670 553 1700 excommunicationis
585 1672 777 1700 sententiam
815 1671 1046 1710 promulgavit,
1078 1673 1113 1702 in

107 1722 249 1760 ejusdem
265 1722 349 1752 sedis
364 1728 581 1762 contemptum
600 1728 628 1753 et
644 1724 831 1753 eorumdem
852 1725 974 1754 abbatis
990 1729 1019 1753 et
1037 1733 1112 1754 con-

108 1779 221 1805 ventus
248 1780 279 1805 et
302 1776 377 1806 dicti
405 1777 592 1807 monasterii
614 1777 828 1816 prejudicium
857 1782 886 1807 et
913 1786 1111 1815 gravamen,

107 1834 232 1868 propter
246 1829 330 1868 quod
346 1830 442 1860 abbas
455 1835 486 1860 et
501 1834 678 1860 conventus
696 1830 818 1869 prefati,
834 1839 930 1869 quam
948 1831 1009 1860 cito
1025 1830 1056 1859 id
1075 1830 1114 1859 ad

109 1890 218 1912 eorum
245 1883 389 1921 pervenit
417 1883 583 1919 notitiam,
610 1883 649 1913 ad
675 1884 783 1914 sedem
809 1883 1010 1922 appellarunt
1034 1891 1114 1913 ean-

109 1936 218 1966 dem...
240 1936 396 1973 Quocirca
411 1936 598 1967 discretioni
613 1942 715 1967 vestre
737 1947 791 1976 per
811 1937 981 1976 apostolica
1001 1937 1116 1975 scripta

107 1989 298 2020 mandamus
316 1991 477 2029 quatinus,
502 1991 646 2029 partibus
671 1990 865 2027 convocatis,
884 1990 1019 2020 audiatis
1039 1999 1115 2020 cau-

107 2051 174 2073 sam
191 2047 220 2072 et
235 2052 305 2073 eam
321 2043 404 2073 infra
418 2053 470 2073 sex
486 2044 649 2074 mensium
665 2045 801 2082 spatium
820 2049 886 2083 post
903 2043 1115 2082 receptionem

108 2097 316 2135 presentium,
333 2097 468 2136 judicio,
487 2097 550 2135 vel,
568 2099 595 2127 si
617 2098 655 2128 de
678 2099 815 2136 partium
838 2098 980 2136 ipsarum
1005 2096 1116 2127 volun-

111 2153 171 2179 tate
183 2151 379 2188 processerit,
397 2151 569 2181 terminare
586 2151 755 2182 concordia
767 2152 950 2190 procuretis,
966 2151 1117 2180 facientes

108 2204 191 2243 quod
214 2204 418 2234 decreveritis
440 2205 627 2235 auctoritate
648 2209 757 2235 nostra
787 2205 923 2235 firmiter
943 2204 1114 2235 observari.

109 2255 263 2295 Alioquin
281 2266 336 2287 vos
353 2266 389 2287 ex
411 2262 485 2288 tunc
501 2267 631 2288 causam
654 2258 756 2297 ipsam
774 2259 962 2288 instructam
984 2257 1030 2287 vel
1052 2266 1117 2288 non

111 2309 301 2340 instructam
321 2311 490 2341 remittatis
506 2312 545 2342 ad
561 2311 705 2350 ejusdem
723 2312 807 2342 sedis
830 2320 979 2346 examen;
1001 2311 1119 2349 prefixo

111 2363 252 2401 partibus
268 2365 405 2395 termino
421 2365 632 2404 peremptorio
648 2366 854 2404 competenti,
873 2373 934 2403 quo
951 2373 1005 2403 per
1020 2373 1053 2393 se
1068 2362 1118 2393 vel

110 2425 165 2455 per
181 2422 398 2455 procuratores
415 2418 567 2457 ydoneos,
584 2427 658 2448 cum
674 2418 826 2448 omnibus
841 2418 930 2454 actis,
946 2416 1073 2455 juribus
1089 2420 1119 2445 et

110 2470 323 2501 munimentis
341 2471 408 2501 suis
423 2472 542 2502 dictam
558 2481 686 2502 causam
702 2471 975 2510 contingentibus,
993 2474 1117 2509 aposto-

112 2523 173 2554 lico
203 2533 236 2554 se
264 2526 449 2564 conspectui
480 2529 720 2564 representem,
750 2526 870 2556 facture
900 2529 929 2554 et
956 2527 1119 2562 recepture

111 2585 205 2615 super
231 2577 291 2608 hoc
315 2578 399 2616 quod
425 2578 502 2608 ordo
529 2578 697 2609 dictaverit
722 2578 893 2609 rationis...
937 2577 1008 2606 Dat.
1035 2575 1119 2615 apud

113 2629 387 2668 Urbemveterem,
408 2632 504 2662 nonis
520 2632 669 2669 octobris,
687 2640 773 2662 anno
791 2632 891 2662 tertio.
911 2643 925 2657 υ

182 2809 438 2839 3601-3614

151 2871 359 2906 Indulgentiae.
376 2872 457 2906 (Hi-ze.
474 2873 516 2906 45,
534 2881 560 2899 c.
578 2873 639 2906 521,
656 2872 676 2898 f.
695 2872 743 2899 105
761 2874 812 2904 vo.)

604 2810 732 2840 Orvieto,
750 2810 781 2837 13
798 2809 952 2836 novembre
971 2809 1048 2835 1290.

157 2988 309 3017 Universis
330 2988 446 3018 Chrt'sti
465 2989 604 3025 fidelibus
623 2993 773 3026 presentes
791 2988 908 3016 litteras
931 2987 1120 3024 inspecturis.

118 3039 356 3078 Indulgentiam
373 3042 519 3071 concedit
535 3041 631 3071 unius
646 3041 724 3071 anni
738 3045 768 3070 et
782 3049 819 3069 xc
833 3039 957 3069 dierum
973 3038 1123 3069 omnibus

1198 445 1271 466 vere
1301 438 1536 475 poenitentibus
1564 444 1594 468 et
1626 439 1779 469 confessis
1808 440 1864 478 qui
1899 441 2064 470 ecclesiam
2093 441 2203 471 Sancti

1198 489 1343 519 Nichasii
1369 490 1407 520 de
1432 491 1618 528 Meisnillo‚
1644 492 1871 522 Noviomensis
1901 493 2075 530 dioecesis,
2108 495 2202 524 certis

1198 542 1422 574 festivitatibus
1438 544 1649 574 visitaverint.

1238 607 1251 621 (ε
1276 596 1348 625 Vite
1363 597 1514 635 perennis
1530 597 1667 635 gloria..
1683 615 1720 620 —
1734 598 1804 627 Dat.
1825 598 1907 637 apud
1926 599 2201 637 Urbemveterem,

1195 647 1301 678 idibus
1320 650 1514 686 novembris,
1531 659 1617 680 anuo
1635 651 1738 681 tertio.
1757 662 1771 678 ι

1236 701 1274 730 In
1294 710 1321 731 e.
1341 711 1398 739 m.,
1417 711 1472 742 pro
1492 702 1625 733 ecclesia
1643 703 1753 733 Sancti
1769 704 1889 742 Nigelli
1903 705 1958 744 (1),
1977 706 2202 736 Noviomensis

1195 753 1358 784 dioecesis.

1236 807 1273 836 In
1293 817 1320 838 e.
1339 818 1396 845 m.,
1416 818 1471 848 pro
1497 810 1630 840 ecclesia
1655 811 1768 841 Beatae
1790 811 1910 841 Mariae
1934 812 2141 850 Magdalenae
2164 813 2202 842 de

1199 860 1410 899 Mollimonte,
1428 862 1654 893 Noviomensis
1671 863 1836 893 dioecesis.

1238 913 1275 942 In
1309 923 1336 943 e.
1370 923 1432 951 m.,
1465 924 1521 953 pro
1553 915 1673 954 capella
1705 916 1871 954 hospitalis
1904 917 2010 947 Sancti
2042 918 2202 948 Johannis

1199 967 1358 1005 Baptistae
1374 967 1412 998 de
1428 968 1592 1004 Foilliaco‚
1610 969 1843 999 Ambianensis
1861 970 2026 1000 dioecesis.

1708 1048 1834 1080 Orvieto‚
1852 1049 1866 1076 ‘2
1884 1051 2037 1077 novembre
2055 1051 2130 1078 1290.

1239 1111 1276 1139 Iu
1300 1119 1326 1140 e.
1362 1120 1418 1146 m.,
1444 1119 1500 1149 pro
1524 1111 1656 1141 ecclesia
1679 1112 1813 1142 fratrum
1832 1113 1994 1143 minorum
2016 1115 2201 1152 Anagnina,

1197 1164 1231 1193 in
1255 1163 1410 1194 honorem
1444 1164 1527 1194 beati
1559 1164 1657 1194 Blasii
1676 1166 1828 1204 martyris
1856 1170 2047 1196 constructa.
2078 1168 2151 1198 Dat.
2170 1172 2204 1198 ut

1197 1226 1308 1256 supra,
1338 1227 1383 1247 1111
1422 1226 1522 1248 nonas
1555 1219 1754 1255 novembris,
1792 1228 1879 1250 anno
1924 1221 2015 1251 tertio
2051 1221 2201 1261 (Pori-n„

1198 1269 1319 1308 23450).

1689 1351 1816 1383 Orvieto‚
1836 1352 1866 1378 13
1882 1353 2036 1379 novembre
2052 1353 2131 1381 1290.

1236 1410 1274 1440 In
1293 1419 1320 1441 e.
1338 1420 1396 1448 m.,
1417 1420 1472 1450 pro
1494 1411 1627 1442 ecclesia
1645 1412 1754 1443 Sancti
1778 1413 1943 1443 Benedicti
1965 1414 2004 1444 de
2027 1415 2200 1453 Fabriano,

1195 1463 1316 1493 ordinis
1333 1464 1365 1494 S.
1386 1465 1551 1495 Benedicti
1569 1465 1693 1495 heremi
1712 1466 1832 1496 Montis
1848 1467 1942 1504 Favi,
1963 1467 2203 1499 Camerinensis

1195 1516 1362 1547 dioecesis.
1382 1518 1454 1548 Dat.
1475 1518 1558 1557 apud
1579 1518 1860 1556 Urbemveterem,
1875 1519 1982 1550 idibus
2001 1521 2201 1558 novembris,

1195 1578 1281 1600 anno
1297 1571 1399 1601 tertio.

1705 1651 1832 1684 Orvieto,
1850 1653 1864 1680 8
1882 1654 2036 1681 novembre
2053 1655 2130 1682 1290.

1236 1712 1273 1741 In
1301 1722 1327 1742 e.
1356 1721 1412 1748 m.,
1438 1722 1494 1751 pro
1528 1713 1662 1744 ecclesia
1689 1713 1798 1744 Sancti
1822 1715 1969 1745 Faustini
1994 1717 2200 1747 viterbiensi.

1196 1764 1267 1794 Dat.
1298 1765 1382 1804 apud
1412 1766 1696 1806 Urbemveterem,
1724 1778 1755 1797 vx
1787 1768 1859 1799 idus
1888 1770 2088 1808 novembris,
2118 1779 2203 1802 anno

1197 1819 1299 1849 tertio.

1236 1871 1274 1901 In
1293 1880 1319 1901 e.
1338 1881 1394 1910 m.,
1411 1881 1467 1911 pro
1482 1872 1616 1904 ecclesia
1632 1873 1741 1904 Sancti
1757 1875 1860 1905 Lucae
1875 1876 2083 1908 viterbiensi.

1729 1954 1855 1986 Orvieto,
1873 1955 1906 1982 23
1922 1956 2038 1983 octobre
2055 1957 2132 1984 1290.

1237 2012 1275 2042 In
1301 2021 1328 2043 e.
1367 2022 1423 2050 m.,
1453 2022 1508 2052 pro
1532 2015 1665 2045 ecclesia
1693 2017 1880 2046 monasterii
1908 2017 2016 2047 Sancti
2043 2018 2204 2049 Francisci

1198 2064 1385 2101 NaulensiS,
1402 2066 1526 2096 ordinis
1541 2068 1573 2097 S.
1594 2068 1773 2099 Benedicti.

1240 2130 1254 2144 «
1278 2117 1442 2149 Gloriosus
1459 2119 1545 2149 Deus
1560 2120 1633 2150 in...
1655 2137 1693 2142 —
1718 2122 1789 2151 Dat.
1816 2126 1848 2152 ut
1876 2132 1986 2161 supra,
2011 2134 2029 2153 x
2053 2124 2205 2155 kalendas

1198 2171 1397 2208 novembris,
1414 2180 1501 2203 anno
1516 2173 1620 2204 tertio.
1637 2185 1650 2200 ι
1671 2175 1730 2211 (En
1746 2177 1873 2213 mai-qe.)

1691 2254 1819 2289 Orvieto,
1836 2255 1869 2283 ‘20
1885 2258 2040 2284 novembre
2058 2258 2134 2286 1290.

1239 2314 1276 2343 In
1295 2322 1322 2343 e.
1341 2323 1397 2352 m.,
1418 2323 1472 2353 pro
1489 2315 1622 2347 ecclesia
1639 2317 1754 2347 Beatae
1773 2318 1895 2349 Mariae
1913 2319 2149 2351 Suessionensi.

1242 2379 1254 2393 α
1277 2367 1350 2397 Vite
1366 2368 1515 2406 perennis
1530 2368 1670 2407 gloria...
1688 2387 1726 2392 —
1745 2371 1816 2402 Dat.
1837 2380 1879 2401 ΧΗ
1904 2371 2058 2403 kalendas
2081 2374 2206 2404 decem-

1199 2419 1277 2456 bris,
1294 2428 1380 2450 anno
1400 2421 1504 2452 tertio.
1525 2434 1537 2448 n
1555 2420 1663 2461 (Ibz'd.)

1733 2502 1858 2534 Orvieto,
1878 2504 1909 2531 18
1926 2505 2041 2531 octobre
2060 2506 2136 2533 1290.

1240 2561 1278 2590 In
1301 2570 1328 2591 e.
1345 2570 1402 2599 m.,
1421 2570 1476 2600 pro
1492 2563 1625 2594 ecclesia
1640 2564 1775 2595 fratrum
1793 2566 1955 2597 minorum
1973 2568 2067 2597 castri
2082 2567 2205 2606 Plebis,

1200 2612 1350 2643 elusinae
1361 2614 1526 2645 dioecesis.
1539 2616 1611 2647 Dat.
1623 2617 1707 2656 apud
1718 2618 1993 2656 Urbemveterem,
2003 2630 2043 2649 xv
2054 2620 2208 2651 kalendas

1201 2667 1394 2704 novembris,
1413 2676 1499 2699 anno
1520 2669 1620 2700 tertio.
1639 2670 1749 2708 (Ibid.,·
1765 2671 1887 2702 PorTn.
1907 2672 2028 2710 23437.)

1713 2751 1839 2782 Orvieto,
1857 2752 1871 2779 8
1888 2753 2042 2780 novembre
2058 2754 2135 2782 1290.

1241 2809 1280 2838 In
1311 2818 1338 2840 e.
1366 2818 1423 2846 m.,
1452 2818 1506 2849 pro
1533 2811 1666 2842 ecclesia
1692 2813 1800 2844 Sancti
1823 2814 1947 2845 Juliani
1971 2816 2010 2846 de
2039 2817 2207 2855 Aziliano,

1202 2861 1423 2892 Narbonensis
1450 2863 1614 2895 dioecesis.
1642 2865 1713 2895 Dat.
1739 2876 1768 2896 VI
1797 2866 1870 2897 idus
1899 2869 2094 2907 novembris,
2123 2879 2208 2902 anno

1204 2914 1306 2943 tertio.
1326 2913 1431 2953 (Ibid.)

1236 3047 1268 3077 (1)
1285 3047 1348 3070 Mss.
1363 3049 1479 3078 Xiyella.
