2477 3637
209 380 264 410 394
524 377 529 382 '
959 375 1195 407 REGISTRES
1218 375 1272 405 DE
1295 375 1479 405 NICOLAS
1503 375 1559 405 1v.

209 446 292 485 quod
310 445 371 474 sibi
388 443 583 482 competebat
599 442 632 471 in
650 441 740 480 ipsis,
756 446 809 471 aut
823 442 846 471 si
861 442 955 471 etiam
970 446 1000 471 tu
1019 442 1085 480 ipse
1101 441 1140 472 ab
1153 441 1216 471 eis·-

208 499 279 529 dem
299 506 395 535 regno
413 501 440 526 et
459 501 541 525 terra
561 499 684 534 propter
708 494 929 530 conditiones,
946 495 1172 525 conventiones
1188 498 1218 524 et

210 556 293 591 pacta
313 550 468 589 premissa
487 547 723 587 quomodolibet
742 556 805 578 non
832 552 955 577 servata
977 548 1016 578 ab
1038 547 1126 577 omni
1145 548 1217 586 jure

207 604 290 644 qnod
315 603 370 633 tibi
389 603 422 632 in
444 602 537 632 dictis
561 609 659 639 regno
685 605 715 631 et
742 605 823 631 terra
846 601 1009 640 competiit
1027 601 1214 638 cecidisses,

208 658 250 687 ita
268 656 350 696 quod
368 656 435 694 ipsa
454 664 508 694 per
525 654 584 684 hoc
599 654 698 684 libere
714 659 821 684 essent
837 654 875 684 ad
897 654 1033 685 eandem
1049 654 1215 684 ecclesiam

207 709 353 740 devoluta
368 733 374 745 ,
392 707 558 747 providere
577 707 632 737 tibi
649 707 791 746 plenarie
803 716 897 746 super
910 707 975 737 hiis
986 707 1154 746 apostolice
1168 716 1215 737 se-

207 763 254 793 dis
266 762 436 791 clementia
443 761 642 799 dignaretur.
655 760 721 790 Nos
730 761 849 800 itaque,
860 761 1146 800 supplicationibus
1155 761 1216 790 tuis

206 821 337 855 paterno
353 813 644 844 condescendentes
667 822 799 843 assensu
825 818 854 843 et
872 814 1013 844 volentes
1030 813 1064 843 in
1084 813 1218 852 premis-

206 869 249 898 sis
265 868 321 898 tihi
339 868 463 907 tuisque
487 866 658 897 heredibus
680 875 744 905 quo
759 867 799 896 ad
814 867 966 906 preterita
985 866 1127 905 plenarie
1142 874 1216 905 pro-

206 922 330 958 videre,
350 921 425 951 licet
442 920 585 950 nondum
608 920 782 959 prestiteris
802 920 894 950 nobis
913 925 942 950 et
958 920 1062 950 eidem
1086 919 1217 950 ecclesie

206 975 322 1013 ligium
343 973 532 1011 homagium
553 977 583 1002 et
601 972 766 1002 fidelitatis
787 982 822 1003 ac
847 972 1028 1011 vassallagii
1046 973 1216 1011 juramen-

209 1033 293 1063 tum,
313 1027 350 1057 de
368 1027 511 1066 ipsorum
529 1026 662 1056 fratrum
681 1026 816 1056 consilio
830 1031 859 1056 et
877 1036 1008 1056 assensn
1022 1049 1030 1063 ‚
1048 1034 1216 1065 quascum-

207 1091 269 1120 que
294 1080 664 1110 excommunicationum
687 1081 862 1109 sententias
886 1080 1069 1116 incurristi,
1091 1088 1214 1110 necnon

208 1140 238 1165 et
262 1134 418 1174 quaslibet
439 1134 613 1164 sententias
638 1133 800 1163 interdicti
825 1133 940 1173 quibus
967 1135 1128 1173 supposita
1152 1133 1215 1162 sint

208 1197 344 1227 regnum
371 1191 402 1216 et
421 1191 502 1217 terra
523 1187 642 1225 prelata
661 1190 787 1226 propter
803 1187 982 1225 supradicta
998 1186 1214 1223 conditiones,

206 1241 434 1272 conventiones
450 1244 479 1270 et
502 1244 590 1279 pacta
606 1249 660 1279 per
685 1240 808 1269 dictum
825 1241 947 1278 patrem
968 1244 1056 1269 tuum
1086 1243 1140 1269 ant
1162 1248 1217 1278 per

207 1301 235 1325 te
250 1295 319 1325 sive
338 1303 393 1333 per
413 1298 586 1332 utrumque
610 1293 849 1332 quomodolibet
875 1302 938 1323 non
964 1297 1086 1322 servata
1107 1292 1215 1323 hacte-

206 1358 266 1378 nus
289 1349 415 1386 penitus
436 1346 637 1383 relaxamus,
663 1350 692 1376 et
714 1351 742 1376 te
765 1347 804 1376 ab
826 1346 1012 1385 hujusmodi
1035 1354 1216 1376 excommu-

205 1401 404 1431 nicationum
422 1399 592 1430 sententiis
608 1399 805 1429 absolvimus
820 1400 859 1429 de
874 1401 975 1438 gratia
990 1399 1125 1438 spetiali,
1143 1407 1214 1429 om-

204 1463 324 1493 nesque
345 1462 443 1492 penas
460 1453 493 1482 iu
511 1453 765 1490 conditionibus,
786 1453 1054 1484 conventionibus
1071 1457 1100 1483 et
1114 1453 1216 1492 pactis

203 1507 368 1546 premissis
384 1509 548 1537 contentas
565 1510 595 1536 et
610 1505 785 1545 spetialiter
800 1506 989 1545 privationis
1010 1516 1065 1536 seu
1083 1515 1175 1537 casus
1198 1516 1216 1536 a

202 1562 276 1600 jure
292 1561 382 1599 regni
406 1565 436 1590 et
452 1565 533 1590 terre
549 1554 725 1597 dictorum,
744 1561 770 1590 si
788 1569 867 1599 quas
883 1569 919 1590 ex
943 1569 1146 1599 quocumque
1164 1569 1215 1591 ca—

206 1615 268 1653 pite
286 1613 335 1644 vel
351 1613 587 1653 quomodolibet
601 1617 633 1644 tu
650 1613 700 1644 vel
715 1618 804 1653 pater
822 1618 894 1644 tuus
908 1614 1046 1653 prefatus
1060 1614 1215 1644 incurris-

206 1667 246 1697 tis
266 1667 441 1703 hactenus,
469 1666 606 1696 totaliter
627 1667 793 1698 abolemus
817 1672 847 1698 et
870 1668 1064 1698 remittimus
1087 1668 1127 1698 de
1150 1668 1216 1707 ple-

207 1721 353 1751 nitudine
370 1721 541 1759 potestatis.
561 1720 710 1751 Volentes
729 1725 759 1751 et
776 1720 1009 1751 nichilominus
1029 1723 1216 1752 auctoritate

206 1774 377 1814 apostolica
392 1774 601 1804 decernentes
617 1784 672 1814 per
688 1775 746 1805 hoc
763 1775 854 1805 dictis
870 1775 1120 1812 conditionibus,
1139 1785 1216 1806 con-

207 1828 414 1858 ventionibus
430 1829 497 1858 sive
516 1828 614 1866 pactis
637 1833 692 1858 aut
709 1828 908 1867 quibuslibet
922 1829 1080 1859 contentis
1097 1829 1131 1859 in
1150 1830 1214 1866 eis,

207 1890 332 1912 necnon
358 1886 389 1911 et
410 1881 560 1911 omnibus
582 1883 739 1912 contentis
759 1882 793 1912 in
817 1882 922 1913 littera
944 1882 1047 1913 felicis
1070 1883 1217 1913 recorda-

208 1935 302 1965 tiouis
325 1934 500 1965 Clementis
523 1943 601 1973 pape
626 1935 704 1971 IIII,
726 1935 957 1974 predecessoris
980 1937 1095 1973 nostri,
1123 1945 1217 1975 super

207 1988 252 2018 eis
269 1991 300 2018 et
314 1987 576 2025 contingentibus
594 1988 661 2027 ipsa
677 1988 831 2018 confectis
847 1989 881 2018 in
899 1988 988 2019 nullo
1005 1989 1037 2019 in
1055 1994 1216 2028 posterum

206 2041 370 2079 derogari,
388 2041 443 2071 sed
458 2049 495 2071 ea
509 2050 565 2080 per
580 2041 689 2071 omnia
707 2042 841 2080 perinde
857 2051 1023 2072 remanere
1041 2043 1074 2072 in
1091 2052 1147 2073 sue
1167 2052 1217 2073 ro—

206 2095 280 2125 bore
296 2094 457 2124 firmitatis
473 2103 509 2124 ac
525 2094 552 2124 si
565 2094 654 2124 nulla
670 2095 725 2125 tibi
738 2104 834 2134 super
846 2096 1009 2134 premissis
1022 2097 1124 2134 gratia
1136 2096 1217 2127 facta

206 2148 298 2178 foret.
315 2148 453 2184 Verum,
469 2147 544 2178 licet
561 2149 600 2178 ad
623 2153 709 2178 tuam
728 2154 920 2189 tuorumque
939 2149 1093 2180 heredum
1112 2155 1217 2180 caute-

207 2202 271 2232 lam
291 2202 445 2240 premissa
464 2202 635 2232 fecerimus
651 2202 802 2240 gratiose,
828 2206 934 2233 tamen
954 2212 1009 2242 per
1024 2204 1084 2234 hoc
1101 2209 1130 2234 te
1152 2213 1216 2234 non

207 2255 359 2286 duximus
375 2255 606 2286 absolvendum
622 2256 660 2286 ab
675 2255 739 2286 hiis
752 2256 791 2285 de
803 2256 919 2295 quibus
933 2266 988 2296 pro
1001 2260 1087 2296 patre
1101 2262 1154 2288 tuo
1167 2258 1217 2288 vel

206 2317 262 2348 pro
288 2314 316 2338 te
335 2308 488 2339 tenereris
506 2309 614 2347 nobis,
632 2317 764 2339 romane
782 2309 913 2340 ecclesie
929 2310 978 2340 vel
994 2311 1065 2340 aliis
1082 2312 1216 2351 quihus-

207 2371 345 2401 cumque
368 2363 548 2393 satisfacere
572 2363 599 2392 si
625 2371 728 2402 neque
752 2363 818 2402 ipse
842 2373 946 2402 neque
969 2368 1001 2394 tu
1022 2365 1217 2395 cecidissetis

207 2426 223 2445 a
242 2424 341 2454 regno
359 2420 389 2446 et
409 2420 493 2445 terra
513 2416 681 2455 predictis,
701 2417 754 2447 sed
776 2417 814 2446 ad
834 2418 1095 2448 satisfaciendum
1115 2419 1154 2448 de
1173 2420 1217 2449 eis

207 2470 354 2501 volumus
381 2474 409 2499 te
431 2471 542 2500 teneri.
570 2470 619 2500 Ad
651 2470 709 2501 hec
734 2470 881 2501 volumus
905 2476 956 2508 ut,
979 2472 1005 2501 si
1031 2472 1218 2512 hujusmodi

207 2524 434 2554 relaxationem
446 2548 453 2561 ,
467 2523 716 2562 absolutionem,
731 2524 939 2556 abolitionem
948 2549 956 2563 ,
974 2526 1198 2557 remissionem
1209 2551 1216 2564 ,

206 2577 369 2607 decretum
386 2581 416 2607 et
431 2577 495 2607 alia
510 2587 572 2616 que
588 2577 623 2607 in
638 2579 838 2616 presentibus
856 2580 973 2609 nostris
989 2579 1102 2610 litteris
1113 2580 1219 2610 *conti-

208 2635 325 2659 nentur
348 2634 413 2660 rata
436 2630 605 2667 habueris,
635 2639 730 2670 snper
756 2631 814 2661 hoc
840 2636 983 2670 patentes
1007 2632 1127 2663 litteras
1147 2637 1218 2663 tuas

207 2683 322 2714 harum
342 2684 458 2714 seriem
475 2684 686 2721 continentes,
702 2693 798 2715 aurea
817 2688 869 2715 tua
882 2685 969 2715 bulla
987 2686 1140 2722 munitas,
1159 2695 1216 2717 no-

207 2737 254 2766 bis
272 2737 311 2766 ad
327 2737 457 2767 ecclesie
474 2746 606 2768 romane
622 2737 779 2769 cautelam
797 2739 958 2776 exhibeas,
977 2739 1133 2771 dilatione
1149 2749 1215 2771 ces-

208 2795 307 2820 sante.
323 2790 477 2829 Alioquin
494 2790 663 2828 relaxatio,
683 2791 858 2828 absolutio,
879 2793 1008 2824 abolitio
1025 2798 1055 2824 et
1070 2795 1217 2825 remissio

209 2843 394 2881 hujusmodi
413 2844 536 2874 nullius
552 2847 680 2884 penitus
693 2846 734 2876 sit
751 2846 873 2876 roboris
891 2847 939 2876 vel
953 2849 1120 2878 momenti.
1143 2848 1214 2878 Dat.

210 2896 322 2934 Reate,
343 2907 396 2927 xm
416 2898 569 2929 kalendas
584 2898 678 2938 julii,
697 2908 783 2930 anno
799 2900 949 2932 secundo.
971 2912 985 2928 »

1269 1831 1271 1833 ’
1302 1828 1538 1868 quinquaginta
1560 1828 1688 1858 milium
1705 1828 1910 1858 marcharum
1929 1828 2155 1867 sterlingorum
2174 1837 2233 1868 per
2248 1829 2301 1855 ·':-
2346 1823 2350 1826 ’

1372 441 1489 470 2248
1923 441 2015 476 nien,
2031 442 2066 469 «ιο
2076 442 2140 477 Juin
2159 442 2236 471 1289.

1336 503 1409 538 Regi
1426 503 1540 530 Siciliae
1556 503 1590 530 dc
1612 503 1784 542 quibusdam
1800 504 2042 531 conventionibus
2058 505 2182 539 peractis
2195 504 2306 540 quitan-
2340 508 2357 554 s
2376 527 2377 530 ι

1299 552 1371 579 ciam
1389 552 1444 579 dat.
1464 552 1547 586 (Rue.
1567 552 1609 586 44,
1624 560 1650 579 c.
1668 552 1711 584 59,
1728 552 1747 578 f.
1765 552 1815 580 315
1831 552 1878 586 νο.)

1343 655 1455 683 Eidem.
1479 666 1493 680 «
1511 653 1570 684 Pia
1587 658 1687 684 mater
1707 653 1839 684 ecclesia
1851 677 1860 692 ,
1884 664 1945 694 que
1965 655 2052 686 curis
2072 644 2171 686 variis
2196 661 2226 686 et
2240 652 2307 688 stu-⁸
2336 646 2338 650 ὗ

1299 707 1361 737 diis
1377 707 1537 746 operosis,
1555 712 1648 746 prout
1663 716 1698 738 ex
1715 707 1779 738 alto
1794 707 1986 747 possibilitas
1996 708 2138 746 advenit,
2156 702 2314 748 quorum-⁸

1302 760 1382 791 libet
1407 760 1608 800 calumpnias
1627 761 1772 800 reprimit
1788 761 1989 801 injuriasque
2007 762 2193 801 restringit,
2213 763 2259 795 sic
2271 763 2308 796 iu

1303 824 1336 845 se
1351 814 1418 852 agit
1434 818 1464 844 et
1478 814 1606 845 ordinat
1622 819 1657 844 ut
1672 815 1741 852 eius
1757 823 1921 854 processus
1940 819 1970 845 et
1991 824 2086 855 opera
2111 815 2212 846 nichil
2227 816 2308 849 insi-

1294 868 1428 899 -diosum
1455 868 1656 904 contineant,
1679 867 1780 898 nichil
1804 868 1839 898 in
1864 869 2055 908 cujusquam
2071 869 2226 909 injuriam
2251 869 2312 910 ρκ’
2461 880 2477 911 dt

1301 921 1386 951 riant
1415 921 1604 960 captiosum.
1633 922 1729 959 Sane,
1753 921 1827 952 licet
1850 922 1942 952 nobis
1965 926 1995 952 et
2015 922 2146 953 ecclesie
2164 931 2314 966 romane,
2461 933 2475 962 fi}

1301 983 1356 1014 pro
1372 983 1470 1012 regno
1487 974 1595 1005 Sicilie
1611 979 1642 1004 et
1658 979 1719 1005 tota
1737 979 1820 1005 terra
1835 984 1897 1014 que
1913 979 1959 1005 est
1976 976 2058 1006 citra
2074 976 2191 1006 Farum
2207 984 2315 1016 usqu
2459 987 2477 1017 p

1300 1028 1339 1058 ad
1354 1028 1494 1058 confinia
1512 1033 1667 1058 terrarum
1684 1028 1785 1067 ipsius
1800 1028 1943 1064 ecclesie,
1959 1033 2088 1068 excepta
2103 1029 2230 1060 civitate
2245 1029 2310 1063 Be-,ae
2329 1037 2332 1040 ·
2458 1041 2472 1071 3

1301 1085 1492 1118 neventana,
1507 1090 1579 1112 cnm
1597 1086 1660 1112 toto
1677 1082 1835 1112 territorio
1851 1085 1881 1112 et
1895 1082 2047 1113 omnibus
2065 1082 2264 1114 districtibus
2277 1085 2311 1116 ei
2457 1094 2476 1125 ff

1300 1135 1501 1174 pertiuentiis
1517 1136 1594 1171 suis,
1609 1135 1785 1165 secundum
1802 1137 1951 1175 antiquos
1967 1135 2048 1166 fines
2062 1136 2226 1174 territorii,
2241 1145 2280 1176 pe
2295 1135 2311 1185 ,ζ
2455 1155 2476 1179 m

1302 1188 1512 1218 tinentiarum
1529 1193 1559 1218 et
1579 1189 1740 1219 districtus
1755 1189 1894 1219 civitatis
1913 1189 2057 1228 ejusdem
2071 1197 2126 1228 per
2140 1197 2312 1221 romanum.
2450 1207 2477 1240 ‘fil‘

1301 1242 1484 1280 pontificem
1510 1242 1695 1282 distinctos,
1722 1242 1772 1272 vel
1799 1243 1832 1272 in
1860 1246 2021 1281 posterum
2047 1242 2311 1287 distinguendos}
2451 1254 2477 1293 ng

1300 1294 1416 1333 ligium
1441 1304 1543 1334 nuper
1567 1295 1756 1333 homagium
1782 1296 1902 1326 faciens
1927 1300 1958 1325 et
1982 1295 2146 1326 fidelitatis
2167 1300 2315 1336 prestan

1301 1347 1443 1382 debitum
1472 1353 1710 1378 sacramentum
1736 1349 1900 1385 absolute,
1925 1349 2092 1379 universas
2115 1353 2146 1379 et
2167 1350 2260 1388 singu
2280 1355 2313 1382 :521

1300 1400 1511 1438 conditiones,
1531 1402 1757 1432 conventiones
1775 1406 1805 1431 et
1820 1402 1981 1440 pactiones
1995 1402 2094 1432 initas
2108 1402 2194 1432 inter
2207 1403 2276 1442 ipsa
2283 1414 2311 1431 n:
2444 1423 2446 1434 .
2469 1435 2477 1463 ¹

1300 1452 1467 1484 ecclesiam
1491 1458 1521 1484 et
1544 1453 1628 1484 clare
1651 1455 1806 1485 memorie
1833 1454 1886 1491 C.,
1916 1464 2025 1493 regem
2046 1454 2172 1492 Sicilie,
2189 1458 2308 1494 patrem

1301 1510 1409 1544 tuum,
1431 1515 1486 1546 per
1503 1511 1530 1536 te
1548 1511 1578 1537 et
1597 1511 1664 1537 tuos
1678 1507 1811 1538 heredes
1827 1508 2012 1547 promiseris
2025 1509 2209 1548 juramento
2223 1517 2242 1548 p
2264 1495 2313 1535 ;ε”

1301 1560 1357 1590 tito
1370 1560 1603 1590 inviolabiliter
1615 1560 1800 1598 observare,
1818 1569 1875 1591 nos
1891 1565 1996 1591 tamen
2014 1565 2044 1592 et
2059 1561 2171 1592 fratres
2186 1569 2244 1592 nos
2279 1567 2308 1596 {2

1301 1616 1355 1643 tua
1370 1613 1502 1652 supplex
1525 1613 1708 1652 interpellat
1725 1606 1880 1644 instantia
1896 1614 1981 1654 quod
1997 1614 2036 1644 ad
2053 1614 2306 1647 observatione
2319 1623 2330 1639 ’-

1301 1666 1433 1697 illarum
1461 1666 1698 1704 conditionum,
1721 1667 1970 1698 conventionum
1992 1672 2021 1698 et
2041 1668 2226 1707 pactionum
2246 1675 2267 1708 q
2295 1666 2308 1702 ξι

1300 1720 1430 1759 implete
1449 1729 1484 1750 ac
1503 1721 1639 1759 perfecte
1664 1721 1806 1751 existunt
1831 1726 1860 1751 te
1886 1726 1916 1751 et
1940 1726 2010 1752 tuos
2032 1721 2167 1752 heredes
2188 1721 2276 1762 prefa
2293 1731 2307 1754 :t

1302 1779 1356 1805 tua
1383 1774 1551 1814 promissio
1579 1783 1642 1805 non
1674 1774 1850 1813 astringat3
1882 1774 2028 1814 videlicet
2049 1775 2090 1805 ad
2115 1775 2305 1808 solutions

1302 1882 1417 1912 tinctos
1433 1882 1468 1911 in
1485 1881 1607 1912 eisdem
1629 1882 1898 1913 conventionibus
1923 1886 1954 1912 et
1969 1883 2181 1922 promissione
2199 1887 2274 1919 term,
2294 1894 2305 1910 -1

1302 1944 1360 1966 nos
1376 1935 1481 1966 eidem
1498 1935 1630 1965 ecclesie
1646 1935 1884 1972 solvendarum,
1903 1945 1981 1975 que,
1997 1936 2080 1966 sicut
2097 1936 2168 1975 tibi,
2185 1934 2306 1976 a1·s:;=={'

1303 1989 1349 2019 tui
1366 1989 1500 2027 negotiis
1517 1989 1622 2019 alieno
1636 2014 1642 2026 ,
1670 1993 1772 2028 potest
1789 1998 1857 2019 esse
1873 1989 2061 2027 credulitas,
2082 1990 2203 2030 prefato
2217 1999 2299 2030 ge„

1303 2043 1361 2073 tori
1379 2048 1432 2073 tuo
1448 2052 1503 2082 per
1520 2042 1662 2081 aliquem
1681 2042 1732 2072 vel
1746 2042 1871 2082 aliquos
1889 2043 1927 2073 de
1943 2043 2221 2082 predecessoribus
2237 2051 2305 2082 nofs

1304 2096 1359 2126 tris
1386 2097 1421 2126 in
1447 2101 1509 2127 toto
1528 2096 1578 2126 vel
1604 2096 1639 2126 in
1665 2100 1753 2135 parte
1773 2097 1877 2127 credis
1903 2105 1972 2127 esse
1997 2097 2143 2135 remissa,
2170 2097 2221 2129 vel
2253 2106 2306 2138 piu
2449 2083 2477 2114 '5¹³

1302 2150 1441 2181 eundem
1458 2154 1579 2189 patrem
1596 2154 1687 2179 tuum
1703 2149 1766 2188 ipsi
1783 2149 1914 2180 ecclesie
1931 2150 2064 2181 forsitan
2078 2145 2306 2190 persalutass-

1301 2204 1539 2235 restitutionem
1559 2203 1769 2233 ecclesiarum
1793 2213 1855 2243 que
1876 2208 2018 2243 tempore
2038 2204 2176 2236 dominii
2198 2210 2274 2245 pre
2291 2209 2304 2238 ἢ

1300 2257 1456 2296 genitoris
1473 2257 1518 2287 tui
1537 2256 1636 2287 semel
1653 2257 1797 2287 restitute
1816 2257 1957 2295 fuerunt,
1976 2258 2003 2288 si
2019 2258 2098 2289 forte
2113 2259 2180 2290 sint
2193 2259 2262 2295 iter,
2429 2237 2435 2294 l
2456 2272 2477 2302 ῃ

1300 2310 1468 2347 destitute,
1495 2318 1535 2340 ne
1554 2310 1646 2349 juxta
1666 2310 1799 2340 modum
1814 2314 1845 2341 et
1860 2310 1996 2342 formam
2015 2312 2051 2341 in
2066 2312 2214 2351 pretactis
2231 2316 2299 2344 ου’

1300 2364 1505 2394 ventionibus
1528 2367 1558 2393 et
1584 2364 1797 2402 promissione
1826 2368 1948 2394 notatos
1981 2373 2037 2404 pro
2064 2365 2185 2396 iteratis
2210 2363 2297 2401 des-

1301 2418 1477 2448 tutionibus
1512 2418 1596 2456 ipsas
1622 2418 1789 2448 restituere
1814 2418 1920 2457 sepius
1947 2418 2160 2457 astringaris;
2189 2421 2244 2450 aut
2264 2423 2303 2447 2⁶*

1301 2471 1533 2510 expositionem
1548 2479 1719 2501 nemorum
1737 2480 1792 2510 pro
1811 2471 2045 2510 lignaminibus
2062 2471 2243 2503 refectionis
2264 2467 2296 2517 ''1ss

1300 2525 1407 2555 vitatis
1438 2525 1666 2555 Beneventane
1702 2528 1757 2554 aut
1784 2524 1918 2555 alterius
1951 2525 2083 2556 materie
2117 2525 2156 2556 ad
2186 2525 2250 2557 edi·
2265 2521 2304 2551 wl-
2428 2540 2477 2576 qpffde

1301 2584 1457 2617 oportune
1471 2602 1478 2616 ,
1500 2582 1592 2617 prout
1611 2578 1645 2607 iu
1672 2578 1940 2609 conventionibus
1955 2579 2032 2617 ipsis
2053 2583 2083 2609 et
2100 2577 2265 2619 promissio
2274 2590 2296 2612 ’,-

1302 2637 1448 2669 notatur‚
1474 2631 1499 2661 si
1518 2632 1586 2671 jam
1611 2631 1799 2671 hujusmodi
1820 2632 1974 2671 expositio
1992 2632 2073 2664 facta
2097 2633 2212 2671 fuerit,
2233 2637 2287 2664 cus

1298 2685 1366 2725 jam
1383 2685 1465 2715 dicta
1480 2685 1590 2715 civitas
1606 2684 1729 2715 dicatur
1744 2693 1812 2715 esse
1830 2685 1956 2716 refecta.
1975 2685 2052 2716 Tuis
2067 2687 2176 2726 itaque
2191 2693 2263 2726 sup
2277 2678 2292 2709 f'
2381 2723 2385 2729 Δ
2428 2704 2475 2737 mim

1301 2738 1480 2769 cationibus
1503 2742 1592 2776 grato
1612 2743 1838 2769 concurrentes
1851 2739 1967 2770 affectu
1981 2763 1989 2779 ‚
2009 2740 2036 2770 si
2051 2740 2192 2780 predicta
2207 2732 2285 2780 qu'v

1301 2792 1454 2831 quaginta
1478 2790 1567 2820 milia
1588 2791 1793 2821 marcharum
1817 2801 1872 2831 per
1892 2787 2041 2831 aliquem
2054 2792 2104 2824 vel
2127 2792 2252 2832 aliquos
2271 2790 2285 2817 ἐἴ

1300 2844 1577 2884 predecessoribus
1592 2845 1709 2874 nostris
1722 2844 1805 2876 dicto
1818 2845 1900 2884 patri
1913 2850 1966 2876 tuo
1978 2846 2012 2876 in
2028 2850 2091 2877 toto
2107 2845 2157 2878 vel
2170 2847 2204 2878 in
2219 2846 2286 2886 p:.¹'

1299 2898 1441 2937 legitime
1466 2898 1599 2928 remissa
1624 2897 1690 2928 fore
1711 2899 1906 2936 constiterit,
1923 2904 1978 2930 aut
1992 2908 2047 2939 per
2061 2899 2169 2939 ipsum
2184 2902 2283 2940 patr,

1301 2956 1391 2982 tuum
1408 2951 1470 2990 ipsi
1488 2951 1622 2982 ecclesie
1639 2951 1813 2991 persoluta,
1831 2956 1860 2982 et
1875 2953 1901 2983 si
1916 2952 1998 2983 dicte
2015 2951 2146 2984 ecclesie
2163 2951 2288 2992 ejusd

1299 3005 1453 3044 genitoris
1467 3005 1516 3034 tui
1532 3009 1670 3044 tempore
1685 3005 1828 3036 restitute
1844 3006 1986 3045 fuerunt,
2004 3006 2080 3037 licet
2094 3007 2159 3037 sint
2172 3013 2227 3046 pos
2248 3018 2282 3036 ωε

1299 3059 1374 3089 dum
1391 3058 1553 3095 destitute,
1571 3061 1601 3088 et
1616 3058 1643 3088 si
1650 3058 1741 3098 juxta
1752 3059 1886 3089 formam
1900 3060 2149 3091 conventionum
2163 3059 2247 3099 ipsar
2268 3073 2280 3080 =
2298 3076 2299 3079 κ
