<?xml version="1.0" encoding="UTF-8"?>
<!DOCTYPE html PUBLIC "-//W3C//DTD XHTML 1.0 Transitional//EN"
    "http://www.w3.org/TR/xhtml1/DTD/xhtml1-transitional.dtd">
<html xmlns="http://www.w3.org/1999/xhtml" xml:lang="en" lang="en">
 <head>
  <title>
</title>
<meta http-equiv="Content-Type" content="text/html;charset=utf-8" />
  <meta name='ocr-system' content='tesseract 3.04.00' />
  <meta name='ocr-capabilities' content='ocr_page ocr_carea ocr_par ocr_line ocrx_word'/>
</head>
<body>
  <div class='ocr_page' id='page_1' title='image "./lesregistresdeni01romeuoft_0060.png"; bbox 0 0 2477 3637; ppageno 0'>
   <div class='ocr_carea' id='block_1_1' title="bbox 282 399 1629 436">
    <p class='ocr_par' dir='ltr' id='par_1_1' title="bbox 282 399 1629 436">
     <span class='ocr_line' id='line_1_1' title="bbox 282 399 1629 436; baseline -0.005 0"><span class='ocrx_word' id='word_1_1' title='bbox 282 406 319 436; x_wconf 76' lang='lat'><strong>52</strong></span> <span class='ocrx_word' id='word_1_2' title='bbox 597 425 608 435; x_wconf 25' lang='grc' dir='ltr'>χ</span> <span class='ocrx_word' id='word_1_3' title='bbox 1030 399 1267 431; x_wconf 75' lang='lat' dir='ltr'>REGISTRES</span> <span class='ocrx_word' id='word_1_4' title='bbox 1289 400 1343 431; x_wconf 85' lang='lat' dir='ltr'><strong>DE</strong></span> <span class='ocrx_word' id='word_1_5' title='bbox 1365 399 1549 431; x_wconf 80' lang='lat' dir='ltr'>NICOLAS</span> <span class='ocrx_word' id='word_1_6' title='bbox 1573 401 1629 430; x_wconf 92' lang='lat' dir='ltr'><strong>IV.</strong></span> 
     </span>
    </p>
   </div>
   <div class='ocr_carea' id='block_1_2' title="bbox 281 466 1289 881">
    <p class='ocr_par' dir='ltr' id='par_1_2' title="bbox 281 466 1289 881">
     <span class='ocr_line' id='line_1_2' title="bbox 283 466 1288 511; baseline -0.008 -8"><span class='ocrx_word' id='word_1_7' title='bbox 283 477 345 509; x_wconf 84' lang='lat' dir='ltr'><strong>tat,</strong></span> <span class='ocrx_word' id='word_1_8' title='bbox 364 480 419 511; x_wconf 89' lang='lat' dir='ltr'><strong>per</strong></span> <span class='ocrx_word' id='word_1_9' title='bbox 434 479 529 510; x_wconf 87' lang='lat' dir='ltr'><strong>quam</strong></span> <span class='ocrx_word' id='word_1_10' title='bbox 549 469 678 499; x_wconf 82' lang='lat' dir='ltr'><strong>effectus</strong></span> <span class='ocrx_word' id='word_1_11' title='bbox 697 468 892 507; x_wconf 81' lang='lat' dir='ltr'><strong>presentium</strong></span> <span class='ocrx_word' id='word_1_12' title='bbox 916 466 1065 505; x_wconf 88' lang='lat' dir='ltr'><strong>impediri</strong></span> <span class='ocrx_word' id='word_1_13' title='bbox 1083 466 1186 496; x_wconf 83' lang='lat' dir='ltr'><strong>valeat</strong></span> <span class='ocrx_word' id='word_1_14' title='bbox 1210 475 1288 505; x_wconf 85' lang='lat' dir='ltr'><strong>quo—</strong></span> 
     </span>
     <span class='ocr_line' id='line_1_3' title="bbox 282 519 1288 559; baseline -0.007 -4"><span class='ocrx_word' id='word_1_15' title='bbox 282 524 455 555; x_wconf 87' lang='lat' dir='ltr'><strong>modolibet</strong></span> <span class='ocrx_word' id='word_1_16' title='bbox 471 523 519 553; x_wconf 86' lang='lat' dir='ltr'><strong>vel</strong></span> <span class='ocrx_word' id='word_1_17' title='bbox 536 522 675 558; x_wconf 79' lang='lat' dir='ltr'><strong>differri,</strong></span> <span class='ocrx_word' id='word_1_18' title='bbox 693 526 721 551; x_wconf 89' lang='lat' dir='ltr'><strong>et</strong></span> <span class='ocrx_word' id='word_1_19' title='bbox 737 521 775 550; x_wconf 90' lang='lat' dir='ltr'><strong>de</strong></span> <span class='ocrx_word' id='word_1_20' title='bbox 793 529 856 559; x_wconf 87' lang='lat' dir='ltr'><strong>qua</strong></span> <span class='ocrx_word' id='word_1_21' title='bbox 874 520 1031 558; x_wconf 87' lang='lat' dir='ltr'><strong>cujusque</strong></span> <span class='ocrx_word' id='word_1_22' title='bbox 1049 524 1110 550; x_wconf 86' lang='lat' dir='ltr'><strong>toto</strong></span> <span class='ocrx_word' id='word_1_23' title='bbox 1127 524 1234 550; x_wconf 86' lang='lat' dir='ltr'><strong>tenore</strong></span> <span class='ocrx_word' id='word_1_24' title='bbox 1249 519 1288 548; x_wconf 89' lang='lat' dir='ltr'><strong>de</strong></span> 
     </span>
     <span class='ocr_line' id='line_1_4' title="bbox 281 572 1289 610; baseline -0.008 -1"><span class='ocrx_word' id='word_1_25' title='bbox 281 578 380 609; x_wconf 86' lang='lat' dir='ltr'><strong>verbo</strong></span> <span class='ocrx_word' id='word_1_26' title='bbox 396 577 435 607; x_wconf 90' lang='lat' dir='ltr'><strong>ad</strong></span> <span class='ocrx_word' id='word_1_27' title='bbox 460 577 594 607; x_wconf 88' lang='lat' dir='ltr'><strong>verbnm</strong></span> <span class='ocrx_word' id='word_1_28' title='bbox 614 576 646 604; x_wconf 92' lang='lat' dir='ltr'><strong>in</strong></span> <span class='ocrx_word' id='word_1_29' title='bbox 667 575 782 604; x_wconf 88' lang='lat' dir='ltr'><strong>uostris</strong></span> <span class='ocrx_word' id='word_1_30' title='bbox 798 573 911 603; x_wconf 87' lang='lat' dir='ltr'><strong>litteris</strong></span> <span class='ocrx_word' id='word_1_31' title='bbox 933 572 1078 610; x_wconf 86' lang='lat' dir='ltr'><strong>specialis</strong></span> <span class='ocrx_word' id='word_1_32' title='bbox 1103 573 1224 603; x_wconf 87' lang='lat' dir='ltr'><strong>mentio</strong></span> <span class='ocrx_word' id='word_1_33' title='bbox 1249 572 1289 601; x_wconf 89' lang='lat' dir='ltr'><strong>sit</strong></span> 
     </span>
     <span class='ocr_line' id='line_1_5' title="bbox 282 626 1287 665; baseline -0.008 -3"><span class='ocrx_word' id='word_1_34' title='bbox 282 631 448 665; x_wconf 84' lang='lat' dir='ltr'><strong>habenda,</strong></span> <span class='ocrx_word' id='word_1_35' title='bbox 467 634 497 659; x_wconf 83' lang='lat' dir='ltr'><strong>et</strong></span> <span class='ocrx_word' id='word_1_36' title='bbox 512 628 742 659; x_wconf 77' lang='lat' dir='ltr'><strong>consuetudine</strong></span> <span class='ocrx_word' id='word_1_37' title='bbox 758 628 796 656; x_wconf 87' lang='lat' dir='ltr'><strong>de</strong></span> <span class='ocrx_word' id='word_1_38' title='bbox 814 626 937 656; x_wconf 89' lang='lat' dir='ltr'><strong>duabus</strong></span> <span class='ocrx_word' id='word_1_39' title='bbox 954 626 1050 656; x_wconf 89' lang='lat' dir='ltr'><strong>dietis</strong></span> <span class='ocrx_word' id='word_1_40' title='bbox 1065 626 1148 656; x_wconf 90' lang='lat' dir='ltr'><strong>edita</strong></span> <span class='ocrx_word' id='word_1_41' title='bbox 1164 627 1196 655; x_wconf 89' lang='lat' dir='ltr'><strong>in</strong></span> <span class='ocrx_word' id='word_1_42' title='bbox 1213 634 1287 655; x_wconf 87' lang='lat' dir='ltr'><strong>con-</strong></span> 
     </span>
     <span class='ocr_line' id='line_1_6' title="bbox 282 679 1288 721; baseline -0.007 -6"><span class='ocrx_word' id='word_1_43' title='bbox 282 685 355 716; x_wconf 87' lang='lat' dir='ltr'><strong>cilio</strong></span> <span class='ocrx_word' id='word_1_44' title='bbox 377 683 529 721; x_wconf 81' lang='lat' dir='ltr'><strong>generali.</strong></span> <span class='ocrx_word' id='word_1_45' title='bbox 564 682 659 711; x_wconf 87' lang='lat' dir='ltr'><strong>Diem</strong></span> <span class='ocrx_word' id='word_1_46' title='bbox 678 689 751 710; x_wconf 80' lang='lat' dir='ltr'><strong>vero</strong></span> <span class='ocrx_word' id='word_1_47' title='bbox 769 679 929 710; x_wconf 83' lang='lat' dir='ltr'>citationis</span> <span class='ocrx_word' id='word_1_48' title='bbox 947 683 977 709; x_wconf 91' lang='lat' dir='ltr'><strong>et</strong></span> <span class='ocrx_word' id='word_1_49' title='bbox 995 680 1128 710; x_wconf 77' lang='lat' dir='ltr'><strong>formam</strong></span> <span class='ocrx_word' id='word_1_50' title='bbox 1149 684 1178 709; x_wconf 86' lang='lat' dir='ltr'><strong>et</strong></span> <span class='ocrx_word' id='word_1_51' title='bbox 1196 679 1288 717; x_wconf 87' lang='lat' dir='ltr'><strong>quic-</strong></span> 
     </span>
     <span class='ocr_line' id='line_1_7' title="bbox 284 732 1287 776; baseline -0.005 -10"><span class='ocrx_word' id='word_1_52' title='bbox 284 737 361 776; x_wconf 87' lang='lat' dir='ltr'>quid</span> <span class='ocrx_word' id='word_1_53' title='bbox 379 736 450 765; x_wconf 87' lang='lat' dir='ltr'><strong>fieri</strong></span> <span class='ocrx_word' id='word_1_54' title='bbox 463 735 631 773; x_wconf 84' lang='lat' dir='ltr'><strong>contigerit</strong></span> <span class='ocrx_word' id='word_1_55' title='bbox 645 734 680 763; x_wconf 89' lang='lat' dir='ltr'><strong>in</strong></span> <span class='ocrx_word' id='word_1_56' title='bbox 694 734 753 763; x_wconf 89' lang='lat' dir='ltr'><strong>hac</strong></span> <span class='ocrx_word' id='word_1_57' title='bbox 767 737 853 772; x_wconf 85' lang='lat' dir='ltr'><strong>parte</strong></span> <span class='ocrx_word' id='word_1_58' title='bbox 867 733 958 763; x_wconf 88' lang='lat' dir='ltr'><strong>nobis</strong></span> <span class='ocrx_word' id='word_1_59' title='bbox 969 742 1024 772; x_wconf 86' lang='lat' dir='ltr'><strong>per</strong></span> <span class='ocrx_word' id='word_1_60' title='bbox 1037 738 1155 763; x_wconf 86' lang='lat' dir='ltr'><strong>vestras</strong></span> <span class='ocrx_word' id='word_1_61' title='bbox 1168 732 1287 762; x_wconf 76' lang='lat' dir='ltr'>litteras</span> 
     </span>
     <span class='ocr_line' id='line_1_8' title="bbox 282 786 1284 820; baseline -0.005 0"><span class='ocrx_word' id='word_1_62' title='bbox 282 790 397 820; x_wconf 87' lang='lat' dir='ltr'><strong>harum</strong></span> <span class='ocrx_word' id='word_1_63' title='bbox 421 789 536 819; x_wconf 86' lang='lat' dir='ltr'><strong>seriem</strong></span> <span class='ocrx_word' id='word_1_64' title='bbox 564 788 764 818; x_wconf 77' lang='lat' dir='ltr'><strong>continentes</strong></span> <span class='ocrx_word' id='word_1_65' title='bbox 788 786 940 817; x_wconf 74' lang='lat' dir='ltr'><strong>studeatis</strong></span> <span class='ocrx_word' id='word_1_66' title='bbox 963 786 1102 816; x_wconf 88' lang='lat' dir='ltr'><strong>fideliter</strong></span> <span class='ocrx_word' id='word_1_67' title='bbox 1123 786 1284 816; x_wconf 87' lang='lat' dir='ltr'><strong>intimare.</strong></span> 
     </span>
     <span class='ocr_line' id='line_1_9' title="bbox 282 844 569 881; baseline -0.007 -8"><span class='ocrx_word' id='word_1_68' title='bbox 282 844 352 873; x_wconf 90' lang='lat' dir='ltr'><strong>Dat.</strong></span> <span class='ocrx_word' id='word_1_69' title='bbox 375 848 530 881; x_wconf 89' lang='lat' dir='ltr'><strong>utsupra.</strong></span> <span class='ocrx_word' id='word_1_70' title='bbox 557 854 569 868; x_wconf 79' lang='grc' dir='ltr'>ι</span> 
     </span>
    </p>
   </div>
   <div class='ocr_carea' id='block_1_3' title="bbox 353 1026 1214 1062">
    <p class='ocr_par' dir='ltr' id='par_1_3' title="bbox 353 1026 1214 1062">
     <span class='ocr_line' id='line_1_10' title="bbox 353 1026 1214 1062; baseline -0.008 -3"><span class='ocrx_word' id='word_1_71' title='bbox 353 1030 440 1059; x_wconf 67' lang='lat'><strong>283</strong></span> <span class='ocrx_word' id='word_1_72' title='bbox 796 1028 888 1060; x_wconf 79' lang='lat' dir='ltr'><strong>Rieti,</strong></span> <span class='ocrx_word' id='word_1_73' title='bbox 911 1028 939 1054; x_wconf 69' lang='lat'><strong>12</strong></span> <span class='ocrx_word' id='word_1_74' title='bbox 957 1027 1120 1062; x_wconf 72' lang='lat' dir='ltr'><strong>septembre</strong></span> <span class='ocrx_word' id='word_1_75' title='bbox 1140 1026 1214 1053; x_wconf 67' lang='lat'>1288.</span> 
     </span>
    </p>
   </div>
   <div class='ocr_carea' id='block_1_4' title="bbox 280 1089 1288 1466">
    <p class='ocr_par' dir='ltr' id='par_1_4' title="bbox 280 1089 1288 1466">
     <span class='ocr_line' id='line_1_11' title="bbox 317 1089 1288 1123; baseline -0.003 -4"><span class='ocrx_word' id='word_1_76' title='bbox 317 1092 423 1119; x_wconf 82' lang='lat' dir='ltr'><strong>Abbati</strong></span> <span class='ocrx_word' id='word_1_77' title='bbox 441 1092 607 1119; x_wconf 80' lang='lat' dir='ltr'><strong>monasterii</strong></span> <span class='ocrx_word' id='word_1_78' title='bbox 623 1091 658 1117; x_wconf 90' lang='lat' dir='ltr'><strong>de</strong></span> <span class='ocrx_word' id='word_1_79' title='bbox 675 1090 706 1118; x_wconf 88' lang='lat' dir='ltr'><strong>S.</strong></span> <span class='ocrx_word' id='word_1_80' title='bbox 724 1090 882 1123; x_wconf 82' lang='lat' dir='ltr'><strong>Fremerio,</strong></span> <span class='ocrx_word' id='word_1_81' title='bbox 900 1089 1070 1117; x_wconf 74' lang='lat' dir='ltr'><strong>Vasatensis</strong></span> <span class='ocrx_word' id='word_1_82' title='bbox 1085 1089 1242 1120; x_wconf 75' lang='lat' dir='ltr'><strong>dioecesis,</strong></span> <span class='ocrx_word' id='word_1_83' title='bbox 1259 1093 1288 1116; x_wconf 87' lang='lat' dir='ltr'><strong>et</strong></span> 
     </span>
     <span class='ocr_line' id='line_1_12' title="bbox 281 1137 1286 1175; baseline -0.005 -7"><span class='ocrx_word' id='word_1_84' title='bbox 281 1141 390 1168; x_wconf 90' lang='lat' dir='ltr'><strong>decano</strong></span> <span class='ocrx_word' id='word_1_85' title='bbox 407 1141 547 1167; x_wconf 85' lang='lat' dir='ltr'><strong>ecclesiae</strong></span> <span class='ocrx_word' id='word_1_86' title='bbox 567 1140 597 1166; x_wconf 79' lang='lat' dir='ltr'><strong>S.</strong></span> <span class='ocrx_word' id='word_1_87' title='bbox 614 1139 723 1175; x_wconf 79' lang='lat' dir='ltr'><strong>Hylai-ii</strong></span> <span class='ocrx_word' id='word_1_88' title='bbox 742 1139 921 1165; x_wconf 76' lang='lat' dir='ltr'><strong>pictavensis</strong></span> <span class='ocrx_word' id='word_1_89' title='bbox 936 1139 1051 1165; x_wconf 85' lang='lat' dir='ltr'><strong>mandat</strong></span> <span class='ocrx_word' id='word_1_90' title='bbox 1071 1142 1214 1173; x_wconf 83' lang='lat' dir='ltr'><strong>quatenus</strong></span> <span class='ocrx_word' id='word_1_91' title='bbox 1229 1137 1286 1164; x_wconf 87' lang='lat' dir='ltr'><strong>Ge-</strong></span> 
     </span>
     <span class='ocr_line' id='line_1_13' title="bbox 281 1186 1286 1223; baseline -0.004 -6"><span class='ocrx_word' id='word_1_92' title='bbox 281 1191 391 1218; x_wconf 88' lang='lat' dir='ltr'><strong>raldum</strong></span> <span class='ocrx_word' id='word_1_93' title='bbox 407 1190 442 1216; x_wconf 87' lang='lat' dir='ltr'><strong>de</strong></span> <span class='ocrx_word' id='word_1_94' title='bbox 458 1189 641 1223; x_wconf 80' lang='lat' dir='ltr'><strong>Malomonte,</strong></span> <span class='ocrx_word' id='word_1_95' title='bbox 657 1188 852 1216; x_wconf 86' lang='lat' dir='ltr'><strong>consiliarium</strong></span> <span class='ocrx_word' id='word_1_96' title='bbox 865 1189 952 1222; x_wconf 76' lang='lat' dir='ltr'><strong>regiS,</strong></span> <span class='ocrx_word' id='word_1_97' title='bbox 966 1187 1142 1214; x_wconf 83' lang='lat' dir='ltr'><strong>Bernardum</strong></span> <span class='ocrx_word' id='word_1_98' title='bbox 1155 1188 1190 1213; x_wconf 79' lang='lat' dir='ltr'><strong>dc·</strong></span> <span class='ocrx_word' id='word_1_99' title='bbox 1201 1186 1286 1213; x_wconf 80' lang='lat' dir='ltr'><strong>Malo-</strong></span> 
     </span>
     <span class='ocr_line' id='line_1_14' title="bbox 280 1236 1284 1273; baseline -0.005 -7"><span class='ocrx_word' id='word_1_100' title='bbox 280 1243 386 1271; x_wconf 82' lang='lat' dir='ltr'><strong>moute,</strong></span> <span class='ocrx_word' id='word_1_101' title='bbox 401 1239 516 1265; x_wconf 79' lang='lat' dir='ltr'><strong>fratrem</strong></span> <span class='ocrx_word' id='word_1_102' title='bbox 535 1240 609 1273; x_wconf 84' lang='lat' dir='ltr'><strong>ejus,</strong></span> <span class='ocrx_word' id='word_1_103' title='bbox 622 1238 689 1265; x_wconf 88' lang='lat' dir='ltr'><strong>olim</strong></span> <span class='ocrx_word' id='word_1_104' title='bbox 702 1238 832 1264; x_wconf 81' lang='lat' dir='ltr'><strong>abbatem</strong></span> <span class='ocrx_word' id='word_1_105' title='bbox 844 1237 1010 1263; x_wconf 85' lang='lat' dir='ltr'><strong>monasterii</strong></span> <span class='ocrx_word' id='word_1_106' title='bbox 1026 1236 1284 1270; x_wconf 80' lang='lat' dir='ltr'><strong>Brantbolmensis‚</strong></span> 
     </span>
     <span class='ocr_line' id='line_1_15' title="bbox 281 1284 1286 1323; baseline -0.005 -8"><span class='ocrx_word' id='word_1_107' title='bbox 281 1288 530 1323; x_wconf 82' lang='lat' dir='ltr'><strong>Petragoricensis</strong></span> <span class='ocrx_word' id='word_1_108' title='bbox 547 1287 702 1319; x_wconf 75' lang='lat' dir='ltr'><strong>dioecesiS,</strong></span> <span class='ocrx_word' id='word_1_109' title='bbox 720 1287 851 1316; x_wconf 80' lang='lat' dir='ltr'><strong>Ebolum,</strong></span> <span class='ocrx_word' id='word_1_110' title='bbox 868 1286 999 1313; x_wconf 77' lang='lat' dir='ltr'><strong>abbatem</strong></span> <span class='ocrx_word' id='word_1_111' title='bbox 1015 1286 1181 1312; x_wconf 87' lang='lat' dir='ltr'><strong>monasterii</strong></span> <span class='ocrx_word' id='word_1_112' title='bbox 1196 1284 1286 1311; x_wconf 80' lang='lat' dir='ltr'><strong>Casae</strong></span> 
     </span>
     <span class='ocr_line' id='line_1_16' title="bbox 282 1334 1284 1369; baseline -0.004 -6"><span class='ocrx_word' id='word_1_113' title='bbox 282 1337 344 1369; x_wconf 87' lang='lat' dir='ltr'><strong>Dei,</strong></span> <span class='ocrx_word' id='word_1_114' title='bbox 361 1336 607 1363; x_wconf 84' lang='lat' dir='ltr'><strong>Claromontensis</strong></span> <span class='ocrx_word' id='word_1_115' title='bbox 623 1336 774 1365; x_wconf 84' lang='lat' dir='ltr'><strong>dioecesis,</strong></span> <span class='ocrx_word' id='word_1_116' title='bbox 787 1338 815 1361; x_wconf 85' lang='lat' dir='ltr'><strong>et</strong></span> <span class='ocrx_word' id='word_1_117' title='bbox 827 1334 999 1365; x_wconf 84' lang='lat' dir='ltr'><strong>Johanuem,</strong></span> <span class='ocrx_word' id='word_1_118' title='bbox 1013 1335 1090 1368; x_wconf 80' lang='lat' dir='ltr'><strong>regis</strong></span> <span class='ocrx_word' id='word_1_119' title='bbox 1101 1334 1284 1364; x_wconf 87' lang='lat' dir='ltr'><strong>servientem,</strong></span> 
     </span>
     <span class='ocr_line' id='line_1_17' title="bbox 281 1381 1284 1419; baseline -0.003 -8"><span class='ocrx_word' id='word_1_120' title='bbox 281 1386 369 1412; x_wconf 78' lang='lat' dir='ltr'><strong>citent</strong></span> <span class='ocrx_word' id='word_1_121' title='bbox 386 1387 417 1411; x_wconf 87' lang='lat' dir='ltr'><strong>ut</strong></span> <span class='ocrx_word' id='word_1_122' title='bbox 434 1393 529 1411; x_wconf 86' lang='lat' dir='ltr'><strong>coram</strong></span> <span class='ocrx_word' id='word_1_123' title='bbox 546 1384 614 1410; x_wconf 82' lang='lat' dir='ltr'><strong>sede</strong></span> <span class='ocrx_word' id='word_1_124' title='bbox 629 1384 785 1419; x_wconf 82' lang='lat' dir='ltr'><strong>apostolica</strong></span> <span class='ocrx_word' id='word_1_125' title='bbox 801 1386 994 1418; x_wconf 83' lang='lat' dir='ltr'><strong>compareant.</strong></span> <span class='ocrx_word' id='word_1_126' title='bbox 1010 1382 1092 1415; x_wconf 64' lang='grc' dir='ltr'><strong>(Περ.</strong></span> <span class='ocrx_word' id='word_1_127' title='bbox 1110 1382 1158 1413; x_wconf 79' lang='lat'><strong>44,</strong></span> <span class='ocrx_word' id='word_1_128' title='bbox 1175 1390 1201 1410; x_wconf 83' lang='lat' dir='ltr'><strong>e.</strong></span> <span class='ocrx_word' id='word_1_129' title='bbox 1222 1381 1284 1415; x_wconf 81' lang='lat'><strong>164,</strong></span> 
     </span>
     <span class='ocr_line' id='line_1_18' title="bbox 281 1432 783 1466; baseline -0.006 -6"><span class='ocrx_word' id='word_1_130' title='bbox 281 1434 300 1460; x_wconf 82' lang='grc' dir='ltr'><strong>ἰ.</strong></span> <span class='ocrx_word' id='word_1_131' title='bbox 317 1434 346 1460; x_wconf 78' lang='lat'><strong>41</strong></span> <span class='ocrx_word' id='word_1_132' title='bbox 366 1439 408 1466; x_wconf 87' lang='lat'><strong>1·⁰;</strong></span> <span class='ocrx_word' id='word_1_133' title='bbox 428 1433 494 1459; x_wconf 59' lang='lat' dir='ltr'><strong>Lae.</strong></span> <span class='ocrx_word' id='word_1_134' title='bbox 512 1441 547 1459; x_wconf 80' lang='lat' dir='ltr'><strong>nu</strong></span> <span class='ocrx_word' id='word_1_135' title='bbox 562 1432 665 1465; x_wconf 69' lang='lat' dir='ltr'><strong>Tuam,</strong></span> <span class='ocrx_word' id='word_1_136' title='bbox 681 1432 709 1466; x_wconf 89' lang='lat'><strong>1,</strong></span> <span class='ocrx_word' id='word_1_137' title='bbox 727 1432 783 1465; x_wconf 82' lang='lat'>64.)</span> 
     </span>
    </p>
   </div>
   <div class='ocr_carea' id='block_1_5' title="bbox 245 1534 1291 3124">
    <p class='ocr_par' dir='ltr' id='par_1_5' title="bbox 245 1534 1291 3124">
     <span class='ocr_line' id='line_1_19' title="bbox 320 1534 1286 1574; baseline 0 -9"><span class='ocrx_word' id='word_1_138' title='bbox 320 1537 450 1565; x_wconf 79' lang='lat' dir='ltr'><strong>Eisdem.</strong></span> <span class='ocrx_word' id='word_1_139' title='bbox 472 1548 485 1562; x_wconf 73' lang='grc' dir='ltr'>α</span> <span class='ocrx_word' id='word_1_140' title='bbox 504 1535 553 1565; x_wconf 87' lang='lat' dir='ltr'><strong>Ad</strong></span> <span class='ocrx_word' id='word_1_141' title='bbox 567 1535 765 1565; x_wconf 88' lang='lat' dir='ltr'><strong>audientiam</strong></span> <span class='ocrx_word' id='word_1_142' title='bbox 783 1539 924 1564; x_wconf 88' lang='lat' dir='ltr'><strong>nostram</strong></span> <span class='ocrx_word' id='word_1_143' title='bbox 941 1535 1086 1573; x_wconf 86' lang='lat' dir='ltr'><strong>pervenit</strong></span> <span class='ocrx_word' id='word_1_144' title='bbox 1101 1534 1195 1574; x_wconf 84' lang='lat' dir='ltr'><strong>quod,</strong></span> <span class='ocrx_word' id='word_1_145' title='bbox 1213 1544 1286 1565; x_wconf 89' lang='lat' dir='ltr'><strong>cum</strong></span> 
     </span>
     <span class='ocr_line' id='line_1_20' title="bbox 282 1588 1284 1624; baseline 0 -6"><span class='ocrx_word' id='word_1_146' title='bbox 282 1589 464 1619; x_wconf 83' lang='lat' dir='ltr'><strong>Bernardus</strong></span> <span class='ocrx_word' id='word_1_147' title='bbox 478 1589 516 1618; x_wconf 92' lang='lat' dir='ltr'><strong>de</strong></span> <span class='ocrx_word' id='word_1_148' title='bbox 535 1588 728 1618; x_wconf 87' lang='lat' dir='ltr'><strong>Malomonte</strong></span> <span class='ocrx_word' id='word_1_149' title='bbox 743 1613 748 1624; x_wconf 91' lang='lat'><strong>,</strong></span> <span class='ocrx_word' id='word_1_150' title='bbox 764 1588 841 1618; x_wconf 83' lang='lat' dir='ltr'><strong>olim</strong></span> <span class='ocrx_word' id='word_1_151' title='bbox 861 1588 958 1618; x_wconf 86' lang='lat' dir='ltr'><strong>abbas</strong></span> <span class='ocrx_word' id='word_1_152' title='bbox 978 1590 1164 1618; x_wconf 88' lang='lat' dir='ltr'><strong>monasterii</strong></span> <span class='ocrx_word' id='word_1_153' title='bbox 1182 1589 1284 1618; x_wconf 89' lang='lat' dir='ltr'><strong>Bran-</strong></span> 
     </span>
     <span class='ocr_line' id='line_1_21' title="bbox 281 1642 1286 1680; baseline 0 -8"><span class='ocrx_word' id='word_1_154' title='bbox 281 1642 483 1677; x_wconf 87' lang='lat' dir='ltr'><strong>tholmensis,</strong></span> <span class='ocrx_word' id='word_1_155' title='bbox 499 1642 623 1672; x_wconf 82' lang='lat' dir='ltr'><strong>ordinis</strong></span> <span class='ocrx_word' id='word_1_156' title='bbox 639 1642 671 1671; x_wconf 88' lang='lat' dir='ltr'><strong>S.</strong></span> <span class='ocrx_word' id='word_1_157' title='bbox 691 1642 874 1678; x_wconf 83' lang='lat' dir='ltr'><strong>Benedicti,</strong></span> <span class='ocrx_word' id='word_1_158' title='bbox 895 1642 1162 1680; x_wconf 85' lang='lat' dir='ltr'><strong>Petragoricensis</strong></span> <span class='ocrx_word' id='word_1_159' title='bbox 1181 1643 1286 1672; x_wconf 89' lang='lat' dir='ltr'><strong>dioce-</strong></span> 
     </span>
     <span class='ocr_line' id='line_1_22' title="bbox 281 1695 1287 1735; baseline 0.001 -10"><span class='ocrx_word' id='word_1_160' title='bbox 281 1697 342 1733; x_wconf 91' lang='lat' dir='ltr'><strong>sis,</strong></span> <span class='ocrx_word' id='word_1_161' title='bbox 361 1695 554 1725; x_wconf 85' lang='lat' dir='ltr'><strong>venerabilis</strong></span> <span class='ocrx_word' id='word_1_162' title='bbox 576 1696 681 1725; x_wconf 89' lang='lat' dir='ltr'><strong>fratris</strong></span> <span class='ocrx_word' id='word_1_163' title='bbox 698 1696 796 1725; x_wconf 78' lang='lat' dir='ltr'><strong>nostri</strong></span> <span class='ocrx_word' id='word_1_164' title='bbox 815 1718 834 1724; x_wconf 90' lang='lat'><strong>..</strong></span> <span class='ocrx_word' id='word_1_165' title='bbox 856 1696 1125 1733; x_wconf 85' lang='lat' dir='ltr'><strong>Petragoricensis</strong></span> <span class='ocrx_word' id='word_1_166' title='bbox 1147 1696 1287 1735; x_wconf 80' lang='lat' dir='ltr'><strong>episcopi</strong></span> 
     </span>
     <span class='ocr_line' id='line_1_23' title="bbox 245 1746 1286 1789; baseline 0.002 -11"><span class='ocrx_word' id='word_1_167' title='bbox 245 1746 248 1749; x_wconf 76' lang='grc'>’</span> <span class='ocrx_word' id='word_1_168' title='bbox 277 1749 494 1789; x_wconf 80' lang='lat' dir='ltr'><strong>jurisdictioni</strong></span> <span class='ocrx_word' id='word_1_169' title='bbox 513 1749 658 1787; x_wconf 85' lang='lat' dir='ltr'><strong>subjecti,</strong></span> <span class='ocrx_word' id='word_1_170' title='bbox 675 1749 757 1778; x_wconf 85' lang='lat' dir='ltr'><strong>bona</strong></span> <span class='ocrx_word' id='word_1_171' title='bbox 773 1748 963 1787; x_wconf 81' lang='lat' dir='ltr'><strong>dilapidaret</strong></span> <span class='ocrx_word' id='word_1_172' title='bbox 980 1751 1155 1779; x_wconf 87' lang='lat' dir='ltr'><strong>enormiter</strong></span> <span class='ocrx_word' id='word_1_173' title='bbox 1171 1755 1201 1780; x_wconf 87' lang='lat' dir='ltr'><strong>et</strong></span> <span class='ocrx_word' id='word_1_174' title='bbox 1215 1759 1286 1780; x_wconf 88' lang='lat' dir='ltr'><strong>con-</strong></span> 
     </span>
     <span class='ocr_line' id='line_1_24' title="bbox 282 1802 1286 1841; baseline 0.002 -9"><span class='ocrx_word' id='word_1_175' title='bbox 282 1806 421 1832; x_wconf 84' lang='lat' dir='ltr'><strong>sumeret</strong></span> <span class='ocrx_word' id='word_1_176' title='bbox 437 1802 625 1831; x_wconf 89' lang='lat' dir='ltr'><strong>monasterii</strong></span> <span class='ocrx_word' id='word_1_177' title='bbox 643 1802 827 1840; x_wconf 83' lang='lat' dir='ltr'><strong>supradicti,</strong></span> <span class='ocrx_word' id='word_1_178' title='bbox 843 1811 879 1832; x_wconf 90' lang='lat' dir='ltr'><strong>ac</strong></span> <span class='ocrx_word' id='word_1_179' title='bbox 894 1802 1063 1832; x_wconf 83' lang='lat' dir='ltr'><strong>dimidiam</strong></span> <span class='ocrx_word' id='word_1_180' title='bbox 1084 1808 1203 1841; x_wconf 85' lang='lat' dir='ltr'><strong>partem</strong></span> <span class='ocrx_word' id='word_1_181' title='bbox 1220 1813 1286 1834; x_wconf 89' lang='lat' dir='ltr'><strong>cas-</strong></span> 
     </span>
     <span class='ocr_line' id='line_1_25' title="bbox 281 1854 1287 1895; baseline 0.004 -12"><span class='ocrx_word' id='word_1_182' title='bbox 281 1855 321 1884; x_wconf 90' lang='lat' dir='ltr'><strong>tri</strong></span> <span class='ocrx_word' id='word_1_183' title='bbox 337 1854 375 1883; x_wconf 91' lang='lat' dir='ltr'><strong>de</strong></span> <span class='ocrx_word' id='word_1_184' title='bbox 394 1854 545 1883; x_wconf 86' lang='lat' dir='ltr'><strong>Burdelia</strong></span> <span class='ocrx_word' id='word_1_185' title='bbox 562 1859 591 1884; x_wconf 88' lang='lat' dir='ltr'><strong>et</strong></span> <span class='ocrx_word' id='word_1_186' title='bbox 612 1855 881 1893; x_wconf 84' lang='lat' dir='ltr'><strong>pertinentiarum</strong></span> <span class='ocrx_word' id='word_1_187' title='bbox 900 1855 1020 1894; x_wconf 84' lang='lat' dir='ltr'><strong>ipsius.</strong></span> <span class='ocrx_word' id='word_1_188' title='bbox 1038 1857 1129 1895; x_wconf 80' lang='lat' dir='ltr'><strong>cujtis</strong></span> <span class='ocrx_word' id='word_1_189' title='bbox 1146 1857 1287 1887; x_wconf 87' lang='lat' dir='ltr'><strong>redditus</strong></span> 
     </span>
     <span class='ocr_line' id='line_1_26' title="bbox 282 1908 1289 1946; baseline 0.002 -8"><span class='ocrx_word' id='word_1_190' title='bbox 282 1913 312 1938; x_wconf 90' lang='lat' dir='ltr'><strong>et</strong></span> <span class='ocrx_word' id='word_1_191' title='bbox 336 1912 507 1946; x_wconf 88' lang='lat' dir='ltr'><strong>proventus</strong></span> <span class='ocrx_word' id='word_1_192' title='bbox 534 1908 573 1937; x_wconf 89' lang='lat' dir='ltr'><strong>ad</strong></span> <span class='ocrx_word' id='word_1_193' title='bbox 597 1916 771 1946; x_wconf 82' lang='lat' dir='ltr'><strong>congruam</strong></span> <span class='ocrx_word' id='word_1_194' title='bbox 795 1909 1079 1939; x_wconf 83' lang='lat' dir='ltr'><strong>substentationem</strong></span> <span class='ocrx_word' id='word_1_195' title='bbox 1105 1910 1289 1940; x_wconf 84' lang='lat' dir='ltr'><strong>sufficerent</strong></span> 
     </span>
     <span class='ocr_line' id='line_1_27' title="bbox 282 1962 1288 2001; baseline 0.003 -10"><span class='ocrx_word' id='word_1_196' title='bbox 282 1962 377 1992; x_wconf 81' lang='lat' dir='ltr'><strong>totius</strong></span> <span class='ocrx_word' id='word_1_197' title='bbox 395 1966 572 1992; x_wconf 87' lang='lat' dir='ltr'><strong>conventus</strong></span> <span class='ocrx_word' id='word_1_198' title='bbox 587 1962 773 1992; x_wconf 87' lang='lat' dir='ltr'><strong>monasterii</strong></span> <span class='ocrx_word' id='word_1_199' title='bbox 788 1963 969 1999; x_wconf 83' lang='lat' dir='ltr'><strong>memorati,</strong></span> <span class='ocrx_word' id='word_1_200' title='bbox 985 1964 1136 2001; x_wconf 85' lang='lat' dir='ltr'><strong>magistro</strong></span> <span class='ocrx_word' id='word_1_201' title='bbox 1152 1963 1288 1995; x_wconf 89' lang='lat' dir='ltr'><strong>Geraldo</strong></span> 
     </span>
     <span class='ocr_line' id='line_1_28' title="bbox 281 2015 1288 2052; baseline 0.003 -8"><span class='ocrx_word' id='word_1_202' title='bbox 281 2015 320 2045; x_wconf 90' lang='lat' dir='ltr'><strong>de</strong></span> <span class='ocrx_word' id='word_1_203' title='bbox 335 2015 540 2051; x_wconf 87' lang='lat' dir='ltr'><strong>Malomonte,</strong></span> <span class='ocrx_word' id='word_1_204' title='bbox 561 2016 651 2045; x_wconf 87' lang='lat' dir='ltr'><strong>fratri</strong></span> <span class='ocrx_word' id='word_1_205' title='bbox 668 2025 735 2052; x_wconf 88' lang='lat' dir='ltr'><strong>suo,</strong></span> <span class='ocrx_word' id='word_1_206' title='bbox 754 2015 870 2046; x_wconf 85' lang='lat' dir='ltr'><strong>clerico</strong></span> <span class='ocrx_word' id='word_1_207' title='bbox 885 2021 914 2046; x_wconf 90' lang='lat' dir='ltr'><strong>et</strong></span> <span class='ocrx_word' id='word_1_208' title='bbox 930 2016 1113 2046; x_wconf 89' lang='lat' dir='ltr'><strong>consiliario</strong></span> <span class='ocrx_word' id='word_1_209' title='bbox 1128 2018 1288 2047; x_wconf 83' lang='lat' dir='ltr'><strong>carissimi</strong></span> 
     </span>
     <span class='ocr_line' id='line_1_29' title="bbox 281 2068 1289 2108; baseline 0.005 -11"><span class='ocrx_word' id='word_1_210' title='bbox 281 2069 314 2098; x_wconf 88' lang='lat' dir='ltr'><strong>iu</strong></span> <span class='ocrx_word' id='word_1_211' title='bbox 331 2068 459 2098; x_wconf 81' lang='lat' dir='ltr'><strong>Christo</strong></span> <span class='ocrx_word' id='word_1_212' title='bbox 478 2068 535 2098; x_wconf 90' lang='lat' dir='ltr'><strong>filii</strong></span> <span class='ocrx_word' id='word_1_213' title='bbox 559 2069 662 2098; x_wconf 83' lang='lat' dir='ltr'><strong>nostri</strong></span> <span class='ocrx_word' id='word_1_214' title='bbox 685 2069 857 2108; x_wconf 69' lang='lat' dir='ltr'><strong>Phylippi,</strong></span> <span class='ocrx_word' id='word_1_215' title='bbox 876 2070 960 2108; x_wconf 82' lang='lat' dir='ltr'><strong>regis</strong></span> <span class='ocrx_word' id='word_1_216' title='bbox 982 2070 1177 2101; x_wconf 82' lang='lat' dir='ltr'><strong>Francorum</strong></span> <span class='ocrx_word' id='word_1_217' title='bbox 1196 2072 1289 2102; x_wconf 86' lang='lat' dir='ltr'><strong>illus-</strong></span> 
     </span>
     <span class='ocr_line' id='line_1_30' title="bbox 281 2121 1289 2163; baseline 0.005 -13"><span class='ocrx_word' id='word_1_218' title='bbox 281 2121 351 2158; x_wconf 88' lang='lat' dir='ltr'><strong>tris,</strong></span> <span class='ocrx_word' id='word_1_219' title='bbox 371 2122 439 2151; x_wconf 90' lang='lat' dir='ltr'><strong>sine</strong></span> <span class='ocrx_word' id='word_1_220' title='bbox 459 2144 479 2151; x_wconf 86' lang='lat'><strong>..</strong></span> <span class='ocrx_word' id='word_1_221' title='bbox 497 2122 614 2160; x_wconf 89' lang='lat' dir='ltr'><strong>prioris</strong></span> <span class='ocrx_word' id='word_1_222' title='bbox 632 2127 662 2151; x_wconf 90' lang='lat' dir='ltr'><strong>et</strong></span> <span class='ocrx_word' id='word_1_223' title='bbox 676 2127 854 2152; x_wconf 83' lang='lat' dir='ltr'><strong>conventus</strong></span> <span class='ocrx_word' id='word_1_224' title='bbox 869 2124 1053 2153; x_wconf 88' lang='lat' dir='ltr'><strong>monasterii</strong></span> <span class='ocrx_word' id='word_1_225' title='bbox 1068 2125 1199 2163; x_wconf 88' lang='lat' dir='ltr'><strong>predicti</strong></span> <span class='ocrx_word' id='word_1_226' title='bbox 1217 2134 1289 2155; x_wconf 90' lang='lat' dir='ltr'><strong>con-</strong></span> 
     </span>
     <span class='ocr_line' id='line_1_31' title="bbox 282 2175 1288 2213; baseline 0.005 -9"><span class='ocrx_word' id='word_1_227' title='bbox 282 2183 378 2205; x_wconf 86' lang='lat' dir='ltr'><strong>sensu</strong></span> <span class='ocrx_word' id='word_1_228' title='bbox 394 2199 400 2211; x_wconf 81' lang='lat'><strong>,</strong></span> <span class='ocrx_word' id='word_1_229' title='bbox 436 2176 544 2205; x_wconf 85' lang='lat' dir='ltr'><strong>minus</strong></span> <span class='ocrx_word' id='word_1_230' title='bbox 575 2175 663 2206; x_wconf 87' lang='lat' dir='ltr'><strong>licite</strong></span> <span class='ocrx_word' id='word_1_231' title='bbox 698 2177 924 2213; x_wconf 83' lang='lat' dir='ltr'><strong>concessisset,</strong></span> <span class='ocrx_word' id='word_1_232' title='bbox 962 2178 996 2206; x_wconf 91' lang='lat' dir='ltr'><strong>in</strong></span> <span class='ocrx_word' id='word_1_233' title='bbox 1031 2187 1094 2207; x_wconf 88' lang='lat' dir='ltr'><strong>non</strong></span> <span class='ocrx_word' id='word_1_234' title='bbox 1129 2179 1288 2209; x_wconf 83' lang='lat' dir='ltr'><strong>modicam</strong></span> 
     </span>
     <span class='ocr_line' id='line_1_32' title="bbox 283 2228 1290 2270; baseline 0.006 -13"><span class='ocrx_word' id='word_1_235' title='bbox 283 2228 425 2266; x_wconf 82' lang='lat' dir='ltr'><strong>ejusdem</strong></span> <span class='ocrx_word' id='word_1_236' title='bbox 444 2229 628 2259; x_wconf 88' lang='lat' dir='ltr'><strong>monasterii</strong></span> <span class='ocrx_word' id='word_1_237' title='bbox 648 2229 802 2259; x_wconf 87' lang='lat' dir='ltr'><strong>lesionem</strong></span> <span class='ocrx_word' id='word_1_238' title='bbox 818 2253 824 2265; x_wconf 86' lang='lat'><strong>,</strong></span> <span class='ocrx_word' id='word_1_239' title='bbox 842 2230 981 2268; x_wconf 84' lang='lat' dir='ltr'><strong>prefatus</strong></span> <span class='ocrx_word' id='word_1_240' title='bbox 998 2231 1162 2270; x_wconf 81' lang='lat' dir='ltr'><strong>episcopus</strong></span> <span class='ocrx_word' id='word_1_241' title='bbox 1178 2233 1217 2262; x_wconf 85' lang='lat' dir='ltr'><strong>ad</strong></span> <span class='ocrx_word' id='word_1_242' title='bbox 1234 2233 1290 2263; x_wconf 90' lang='lat' dir='ltr'><strong>de-</strong></span> 
     </span>
     <span class='ocr_line' id='line_1_33' title="bbox 284 2282 1288 2323; baseline 0.006 -13"><span class='ocrx_word' id='word_1_243' title='bbox 284 2282 519 2311; x_wconf 78' lang='lat' dir='ltr'><strong>nuntiationem</strong></span> <span class='ocrx_word' id='word_1_244' title='bbox 552 2283 665 2321; x_wconf 84' lang='lat' dir='ltr'><strong>prioris</strong></span> <span class='ocrx_word' id='word_1_245' title='bbox 697 2287 728 2313; x_wconf 91' lang='lat' dir='ltr'><strong>et</strong></span> <span class='ocrx_word' id='word_1_246' title='bbox 760 2288 936 2314; x_wconf 89' lang='lat' dir='ltr'><strong>conventus</strong></span> <span class='ocrx_word' id='word_1_247' title='bbox 972 2285 1113 2323; x_wconf 87' lang='lat' dir='ltr'><strong>ipsorum</strong></span> <span class='ocrx_word' id='word_1_248' title='bbox 1151 2287 1288 2316; x_wconf 86' lang='lat' dir='ltr'><strong>eundem</strong></span> 
     </span>
     <span class='ocr_line' id='line_1_34' title="bbox 284 2334 1290 2376; baseline 0.006 -13"><span class='ocrx_word' id='word_1_249' title='bbox 284 2334 487 2364; x_wconf 87' lang='lat' dir='ltr'><strong>Bernardnm</strong></span> <span class='ocrx_word' id='word_1_250' title='bbox 504 2336 577 2365; x_wconf 78' lang='lat' dir='ltr'><strong>fecit</strong></span> <span class='ocrx_word' id='word_1_251' title='bbox 598 2341 723 2375; x_wconf 85' lang='lat' dir='ltr'><strong>propter</strong></span> <span class='ocrx_word' id='word_1_252' title='bbox 749 2337 808 2367; x_wconf 88' lang='lat' dir='ltr'><strong>hoc</strong></span> <span class='ocrx_word' id='word_1_253' title='bbox 829 2337 868 2366; x_wconf 90' lang='lat' dir='ltr'><strong>ad</strong></span> <span class='ocrx_word' id='word_1_254' title='bbox 891 2346 981 2367; x_wconf 89' lang='lat' dir='ltr'><strong>suam</strong></span> <span class='ocrx_word' id='word_1_255' title='bbox 1004 2340 1196 2376; x_wconf 86' lang='lat' dir='ltr'><strong>presentiam</strong></span> <span class='ocrx_word' id='word_1_256' title='bbox 1217 2349 1290 2370; x_wconf 81' lang='lat' dir='ltr'><strong>evo-</strong></span> 
     </span>
     <span class='ocr_line' id='line_1_35' title="bbox 283 2387 1290 2431; baseline 0.007 -15"><span class='ocrx_word' id='word_1_257' title='bbox 283 2388 365 2423; x_wconf 89' lang='lat' dir='ltr'><strong>cari,</strong></span> <span class='ocrx_word' id='word_1_258' title='bbox 387 2387 445 2426; x_wconf 88' lang='lat' dir='ltr'><strong>qui</strong></span> <span class='ocrx_word' id='word_1_259' title='bbox 474 2388 600 2417; x_wconf 88' lang='lat' dir='ltr'><strong>tandem</strong></span> <span class='ocrx_word' id='word_1_260' title='bbox 627 2389 841 2428; x_wconf 83' lang='lat' dir='ltr'><strong>interrogatus</strong></span> <span class='ocrx_word' id='word_1_261' title='bbox 863 2390 902 2420; x_wconf 87' lang='lat' dir='ltr'><strong>ab</strong></span> <span class='ocrx_word' id='word_1_262' title='bbox 923 2399 959 2420; x_wconf 91' lang='lat' dir='ltr'><strong>eo</strong></span> <span class='ocrx_word' id='word_1_263' title='bbox 981 2395 1089 2421; x_wconf 87' lang='lat' dir='ltr'><strong>utrum</strong></span> <span class='ocrx_word' id='word_1_264' title='bbox 1112 2393 1290 2431; x_wconf 84' lang='lat' dir='ltr'><strong>predictum</strong></span> 
     </span>
     <span class='ocr_line' id='line_1_36' title="bbox 283 2441 1289 2486; baseline 0.008 -17"><span class='ocrx_word' id='word_1_265' title='bbox 283 2446 422 2471; x_wconf 89' lang='lat' dir='ltr'><strong>castrum</strong></span> <span class='ocrx_word' id='word_1_266' title='bbox 458 2441 562 2471; x_wconf 86' lang='lat' dir='ltr'><strong>taliter</strong></span> <span class='ocrx_word' id='word_1_267' title='bbox 598 2442 806 2473; x_wconf 87' lang='lat' dir='ltr'><strong>distrassisset</strong></span> <span class='ocrx_word' id='word_1_268' title='bbox 832 2445 1022 2482; x_wconf 86' lang='lat' dir='ltr'><strong>respondere</strong></span> <span class='ocrx_word' id='word_1_269' title='bbox 1053 2446 1175 2475; x_wconf 87' lang='lat' dir='ltr'><strong>curavit</strong></span> <span class='ocrx_word' id='word_1_270' title='bbox 1206 2447 1289 2486; x_wconf 86' lang='lat' dir='ltr'><strong>qnod</strong></span> 
     </span>
     <span class='ocr_line' id='line_1_37' title="bbox 283 2494 1291 2537; baseline 0.007 -14"><span class='ocrx_word' id='word_1_271' title='bbox 283 2499 403 2534; x_wconf 83' lang='lat' dir='ltr'><strong>partem</strong></span> <span class='ocrx_word' id='word_1_272' title='bbox 422 2494 607 2534; x_wconf 88' lang='lat' dir='ltr'><strong>hujusmodi</strong></span> <span class='ocrx_word' id='word_1_273' title='bbox 630 2496 705 2526; x_wconf 89' lang='lat' dir='ltr'><strong>dicti</strong></span> <span class='ocrx_word' id='word_1_274' title='bbox 729 2498 822 2527; x_wconf 81' lang='lat' dir='ltr'><strong>castri</strong></span> <span class='ocrx_word' id='word_1_275' title='bbox 844 2498 932 2527; x_wconf 85' lang='lat' dir='ltr'><strong>fratri</strong></span> <span class='ocrx_word' id='word_1_276' title='bbox 951 2507 1007 2528; x_wconf 90' lang='lat' dir='ltr'><strong>suo</strong></span> <span class='ocrx_word' id='word_1_277' title='bbox 1024 2499 1142 2537; x_wconf 81' lang='lat' dir='ltr'><strong>prefato</strong></span> <span class='ocrx_word' id='word_1_278' title='bbox 1160 2500 1291 2531; x_wconf 80' lang='lat' dir='ltr'><strong>duxerat</strong></span> 
     </span>
     <span class='ocr_line' id='line_1_38' title="bbox 282 2548 1291 2589; baseline 0.005 -11"><span class='ocrx_word' id='word_1_279' title='bbox 282 2548 531 2584; x_wconf 84' lang='lat' dir='ltr'><strong>concedendam,</strong></span> <span class='ocrx_word' id='word_1_280' title='bbox 546 2549 691 2579; x_wconf 83' lang='lat' dir='ltr'><strong>adiciens</strong></span> <span class='ocrx_word' id='word_1_281' title='bbox 705 2550 788 2589; x_wconf 87' lang='lat' dir='ltr'><strong>quod</strong></span> <span class='ocrx_word' id='word_1_282' title='bbox 805 2551 937 2581; x_wconf 89' lang='lat' dir='ltr'><strong>donaret</strong></span> <span class='ocrx_word' id='word_1_283' title='bbox 952 2551 1056 2581; x_wconf 89' lang='lat' dir='ltr'><strong>eidem</strong></span> <span class='ocrx_word' id='word_1_284' title='bbox 1069 2557 1209 2582; x_wconf 83' lang='lat' dir='ltr'><strong>castrum</strong></span> <span class='ocrx_word' id='word_1_285' title='bbox 1227 2563 1291 2584; x_wconf 91' lang='lat' dir='ltr'><strong>me-</strong></span> 
     </span>
     <span class='ocr_line' id='line_1_39' title="bbox 255 2600 1290 2644; baseline 0.006 -13"><span class='ocrx_word' id='word_1_286' title='bbox 255 2628 260 2631; x_wconf 92' lang='grc'><em>,</em></span> <span class='ocrx_word' id='word_1_287' title='bbox 282 2600 345 2630; x_wconf 90' lang='lat' dir='ltr'><strong>lius</strong></span> <span class='ocrx_word' id='word_1_288' title='bbox 358 2601 386 2630; x_wconf 91' lang='lat' dir='ltr'><strong>si</strong></span> <span class='ocrx_word' id='word_1_289' title='bbox 402 2601 543 2639; x_wconf 80' lang='lat' dir='ltr'><strong>haberet,</strong></span> <span class='ocrx_word' id='word_1_290' title='bbox 561 2606 591 2632; x_wconf 88' lang='lat' dir='ltr'><strong>et</strong></span> <span class='ocrx_word' id='word_1_291' title='bbox 604 2602 676 2633; x_wconf 90' lang='lat' dir='ltr'><strong>licet</strong></span> <span class='ocrx_word' id='word_1_292' title='bbox 689 2603 773 2633; x_wconf 88' lang='lat' dir='ltr'><strong>idem</strong></span> <span class='ocrx_word' id='word_1_293' title='bbox 791 2605 954 2644; x_wconf 81' lang='lat' dir='ltr'><strong>episcopus</strong></span> <span class='ocrx_word' id='word_1_294' title='bbox 967 2606 1131 2636; x_wconf 85' lang='lat' dir='ltr'><strong>caritative</strong></span> <span class='ocrx_word' id='word_1_295' title='bbox 1145 2608 1290 2637; x_wconf 89' lang='lat' dir='ltr'><strong>monuis-</strong></span> 
     </span>
     <span class='ocr_line' id='line_1_40' title="bbox 283 2654 1290 2700; baseline 0.008 -17"><span class='ocrx_word' id='word_1_296' title='bbox 283 2659 329 2684; x_wconf 87' lang='lat' dir='ltr'><strong>set</strong></span> <span class='ocrx_word' id='word_1_297' title='bbox 346 2654 484 2684; x_wconf 89' lang='lat' dir='ltr'><strong>eundem</strong></span> <span class='ocrx_word' id='word_1_298' title='bbox 504 2660 537 2684; x_wconf 90' lang='lat' dir='ltr'><strong>ut</strong></span> <span class='ocrx_word' id='word_1_299' title='bbox 557 2657 795 2686; x_wconf 86' lang='lat' dir='ltr'><strong>concessionem</strong></span> <span class='ocrx_word' id='word_1_300' title='bbox 812 2658 996 2697; x_wconf 86' lang='lat' dir='ltr'><strong>hujusmodi</strong></span> <span class='ocrx_word' id='word_1_301' title='bbox 1014 2659 1060 2689; x_wconf 87' lang='lat' dir='ltr'><strong>sic</strong></span> <span class='ocrx_word' id='word_1_302' title='bbox 1079 2660 1118 2690; x_wconf 89' lang='lat' dir='ltr'><strong>ab</strong></span> <span class='ocrx_word' id='word_1_303' title='bbox 1134 2661 1201 2699; x_wconf 85' lang='lat' dir='ltr'><strong>ipso</strong></span> <span class='ocrx_word' id='word_1_304' title='bbox 1220 2670 1290 2700; x_wconf 90' lang='lat' dir='ltr'><strong>pre-</strong></span> 
     </span>
     <span class='ocr_line' id='line_1_41' title="bbox 283 2710 1289 2750; baseline 0.008 -14"><span class='ocrx_word' id='word_1_305' title='bbox 283 2712 463 2745; x_wconf 74' lang='lat' dir='ltr'><strong>sumptam.</strong></span> <span class='ocrx_word' id='word_1_306' title='bbox 489 2714 645 2747; x_wconf 88' lang='lat' dir='ltr'><strong>quantum</strong></span> <span class='ocrx_word' id='word_1_307' title='bbox 669 2710 704 2739; x_wconf 90' lang='lat' dir='ltr'><strong>in</strong></span> <span class='ocrx_word' id='word_1_308' title='bbox 728 2719 764 2740; x_wconf 93' lang='lat' dir='ltr'><strong>eo</strong></span> <span class='ocrx_word' id='word_1_309' title='bbox 788 2711 954 2749; x_wconf 72' lang='lat' dir='ltr'><strong>existeret,</strong></span> <span class='ocrx_word' id='word_1_310' title='bbox 978 2718 1157 2750; x_wconf 87' lang='lat' dir='ltr'><strong>revocaret,</strong></span> <span class='ocrx_word' id='word_1_311' title='bbox 1179 2715 1289 2744; x_wconf 88' lang='lat' dir='ltr'><strong>eodem</strong></span> 
     </span>
     <span class='ocr_line' id='line_1_42' title="bbox 284 2761 1287 2803; baseline 0.01 -15"><span class='ocrx_word' id='word_1_312' title='bbox 284 2763 391 2789; x_wconf 84' lang='lat' dir='ltr'><strong>tamen</strong></span> <span class='ocrx_word' id='word_1_313' title='bbox 411 2761 575 2792; x_wconf 85' lang='lat' dir='ltr'><strong>Bernardo</strong></span> <span class='ocrx_word' id='word_1_314' title='bbox 598 2763 630 2792; x_wconf 94' lang='lat' dir='ltr'><strong>id</strong></span> <span class='ocrx_word' id='word_1_315' title='bbox 654 2764 777 2794; x_wconf 88' lang='lat' dir='ltr'><strong>efficere</strong></span> <span class='ocrx_word' id='word_1_316' title='bbox 800 2766 1030 2796; x_wconf 82' lang='lat' dir='ltr'><strong>contumaciter</strong></span> <span class='ocrx_word' id='word_1_317' title='bbox 1052 2775 1115 2796; x_wconf 91' lang='lat' dir='ltr'><strong>non</strong></span> <span class='ocrx_word' id='word_1_318' title='bbox 1139 2773 1287 2803; x_wconf 84' lang='lat' dir='ltr'><strong>curante,</strong></span> 
     </span>
     <span class='ocr_line' id='line_1_43' title="bbox 285 2814 1290 2859; baseline 0.008 -17"><span class='ocrx_word' id='word_1_319' title='bbox 285 2814 471 2843; x_wconf 90' lang='lat' dir='ltr'><strong>nominatus</strong></span> <span class='ocrx_word' id='word_1_320' title='bbox 498 2816 679 2855; x_wconf 87' lang='lat' dir='ltr'><strong>episcopus,</strong></span> <span class='ocrx_word' id='word_1_321' title='bbox 706 2818 757 2847; x_wconf 89' lang='lat' dir='ltr'><strong>cui</strong></span> <span class='ocrx_word' id='word_1_322' title='bbox 782 2818 827 2848; x_wconf 72' lang='lat' dir='ltr'><strong>de·</strong></span> <span class='ocrx_word' id='word_1_323' title='bbox 848 2818 1075 2858; x_wconf 83' lang='lat' dir='ltr'><strong>dilapidatione</strong></span> <span class='ocrx_word' id='word_1_324' title='bbox 1102 2820 1290 2859; x_wconf 86' lang='lat' dir='ltr'><strong>hujusmodi</strong></span> 
     </span>
     <span class='ocr_line' id='line_1_44' title="bbox 285 2866 1289 2913; baseline 0.011 -20"><span class='ocrx_word' id='word_1_325' title='bbox 285 2874 340 2904; x_wconf 86' lang='lat' dir='ltr'><strong>per</strong></span> <span class='ocrx_word' id='word_1_326' title='bbox 358 2866 495 2896; x_wconf 90' lang='lat' dir='ltr'><strong>eundem</strong></span> <span class='ocrx_word' id='word_1_327' title='bbox 516 2868 715 2899; x_wconf 87' lang='lat' dir='ltr'><strong>Bernardum</strong></span> <span class='ocrx_word' id='word_1_328' title='bbox 735 2871 815 2901; x_wconf 86' lang='lat' dir='ltr'><strong>sacta</strong></span> <span class='ocrx_word' id='word_1_329' title='bbox 831 2872 970 2901; x_wconf 88' lang='lat' dir='ltr'><strong>constitit</strong></span> <span class='ocrx_word' id='word_1_330' title='bbox 986 2873 1167 2911; x_wconf 83' lang='lat' dir='ltr'><strong>manifeste,</strong></span> <span class='ocrx_word' id='word_1_331' title='bbox 1185 2875 1289 2913; x_wconf 87' lang='lat' dir='ltr'><strong>ipsum</strong></span> 
     </span>
     <span class='ocr_line' id='line_1_45' title="bbox 285 2917 1289 2966; baseline 0.012 -21"><span class='ocrx_word' id='word_1_332' title='bbox 285 2917 324 2947; x_wconf 89' lang='lat' dir='ltr'><strong>ab</strong></span> <span class='ocrx_word' id='word_1_333' title='bbox 340 2917 617 2951; x_wconf 85' lang='lat' dir='ltr'><strong>administratione</strong></span> <span class='ocrx_word' id='word_1_334' title='bbox 634 2923 849 2961; x_wconf 89' lang='lat' dir='ltr'><strong>spiritualium</strong></span> <span class='ocrx_word' id='word_1_335' title='bbox 868 2929 898 2954; x_wconf 89' lang='lat' dir='ltr'><strong>et</strong></span> <span class='ocrx_word' id='word_1_336' title='bbox 915 2926 1150 2964; x_wconf 88' lang='lat' dir='ltr'><strong>temporalium,</strong></span> <span class='ocrx_word' id='word_1_337' title='bbox 1166 2927 1289 2966; x_wconf 82' lang='lat' dir='ltr'><strong>justitia</strong></span> 
     </span>
     <span class='ocr_line' id='line_1_46' title="bbox 286 2970 1287 3016; baseline 0.012 -18"><span class='ocrx_word' id='word_1_338' title='bbox 286 2970 449 3008; x_wconf 84' lang='lat' dir='ltr'><strong>exigente,</strong></span> <span class='ocrx_word' id='word_1_339' title='bbox 468 2974 650 3011; x_wconf 74' lang='lat' dir='ltr'><strong>suspendit,</strong></span> <span class='ocrx_word' id='word_1_340' title='bbox 667 2976 843 3006; x_wconf 81' lang='lat' dir='ltr'><strong>decernens</strong></span> <span class='ocrx_word' id='word_1_341' title='bbox 865 2979 993 3016; x_wconf 89' lang='lat' dir='ltr'><strong>pretacti</strong></span> <span class='ocrx_word' id='word_1_342' title='bbox 1016 2981 1200 3009; x_wconf 86' lang='lat' dir='ltr'><strong>monasterii</strong></span> <span class='ocrx_word' id='word_1_343' title='bbox 1220 2989 1287 3010; x_wconf 90' lang='lat' dir='ltr'><strong>mo-</strong></span> 
     </span>
     <span class='ocr_line' id='line_1_47' title="bbox 286 3023 1288 3067; baseline 0.011 -15"><span class='ocrx_word' id='word_1_344' title='bbox 286 3023 407 3053; x_wconf 86' lang='lat' dir='ltr'><strong>nachos</strong></span> <span class='ocrx_word' id='word_1_345' title='bbox 422 3024 605 3063; x_wconf 82' lang='lat' dir='ltr'><strong>hujusmodi</strong></span> <span class='ocrx_word' id='word_1_346' title='bbox 621 3029 830 3067; x_wconf 80' lang='lat' dir='ltr'><strong>suspensione</strong></span> <span class='ocrx_word' id='word_1_347' title='bbox 842 3031 975 3061; x_wconf 86' lang='lat' dir='ltr'><strong>durante</strong></span> <span class='ocrx_word' id='word_1_348' title='bbox 984 3032 1023 3061; x_wconf 89' lang='lat' dir='ltr'><strong>ad</strong></span> <span class='ocrx_word' id='word_1_349' title='bbox 1037 3032 1124 3062; x_wconf 88' lang='lat' dir='ltr'><strong>illius</strong></span> <span class='ocrx_word' id='word_1_350' title='bbox 1138 3033 1288 3063; x_wconf 89' lang='lat' dir='ltr'><strong>obedien-</strong></span> 
     </span>
     <span class='ocr_line' id='line_1_48' title="bbox 288 3077 1287 3124; baseline 0.011 -20"><span class='ocrx_word' id='word_1_351' title='bbox 288 3077 361 3105; x_wconf 90' lang='lat' dir='ltr'><strong>tiam</strong></span> <span class='ocrx_word' id='word_1_352' title='bbox 376 3085 440 3107; x_wconf 90' lang='lat' dir='ltr'><strong>non</strong></span> <span class='ocrx_word' id='word_1_353' title='bbox 459 3079 570 3108; x_wconf 88' lang='lat' dir='ltr'><strong>teneri.</strong></span> <span class='ocrx_word' id='word_1_354' title='bbox 596 3079 674 3117; x_wconf 80' lang='lat' dir='ltr'><strong>Sed,</strong></span> <span class='ocrx_word' id='word_1_355' title='bbox 692 3091 763 3111; x_wconf 91' lang='lat' dir='ltr'><strong>cum</strong></span> <span class='ocrx_word' id='word_1_356' title='bbox 782 3083 920 3121; x_wconf 83' lang='lat' dir='ltr'><strong>prefatus</strong></span> <span class='ocrx_word' id='word_1_357' title='bbox 939 3084 1138 3123; x_wconf 87' lang='lat' dir='ltr'><strong>Bernardns,</strong></span> <span class='ocrx_word' id='word_1_358' title='bbox 1155 3094 1287 3124; x_wconf 87' lang='lat' dir='ltr'><strong>suspen-</strong></span> 
     </span>
    </p>
   </div>
   <div class='ocr_carea' id='block_1_6' title="bbox 1370 466 2430 2374">
    <p class='ocr_par' dir='ltr' id='par_1_6' title="bbox 1370 466 2430 2374">
     <span class='ocr_line' id='line_1_49' title="bbox 1371 466 2377 508; baseline 0.004 -12"><span class='ocrx_word' id='word_1_359' title='bbox 1371 467 1493 497; x_wconf 88' lang='lat' dir='ltr'><strong>sionem</strong></span> <span class='ocrx_word' id='word_1_360' title='bbox 1515 467 1649 497; x_wconf 86' lang='lat' dir='ltr'><strong>eaudem</strong></span> <span class='ocrx_word' id='word_1_361' title='bbox 1673 466 1920 505; x_wconf 87' lang='lat' dir='ltr'><strong>dampnabiliter</strong></span> <span class='ocrx_word' id='word_1_362' title='bbox 1942 467 2142 507; x_wconf 87' lang='lat' dir='ltr'><strong>vilipendens</strong></span> <span class='ocrx_word' id='word_1_363' title='bbox 2163 478 2297 508; x_wconf 86' lang='lat' dir='ltr'><strong>eamque</strong></span> <span class='ocrx_word' id='word_1_364' title='bbox 2320 478 2377 508; x_wconf 86' lang='lat' dir='ltr'><strong>per</strong></span> 
     </span>
     <span class='ocr_line' id='line_1_50' title="bbox 1373 519 2378 557; baseline 0.003 -8"><span class='ocrx_word' id='word_1_365' title='bbox 1373 519 1549 550; x_wconf 88' lang='lat' dir='ltr'><strong>trienninm</strong></span> <span class='ocrx_word' id='word_1_366' title='bbox 1571 521 1733 550; x_wconf 89' lang='lat' dir='ltr'><strong>sustinens</strong></span> <span class='ocrx_word' id='word_1_367' title='bbox 1753 520 1863 550; x_wconf 89' lang='lat' dir='ltr'><strong>animo</strong></span> <span class='ocrx_word' id='word_1_368' title='bbox 1883 520 2051 557; x_wconf 86' lang='lat' dir='ltr'><strong>indurato,</strong></span> <span class='ocrx_word' id='word_1_369' title='bbox 2071 521 2182 552; x_wconf 89' lang='lat' dir='ltr'><strong>divina</strong></span> <span class='ocrx_word' id='word_1_370' title='bbox 2203 521 2378 552; x_wconf 83' lang='lat' dir='ltr'><strong>celebraret</strong></span> 
     </span>
     <span class='ocr_line' id='line_1_51' title="bbox 1370 573 2376 614; baseline 0.002 -11"><span class='ocrx_word' id='word_1_371' title='bbox 1370 573 1485 609; x_wconf 78' lang='lat' dir='ltr'><strong>officia,</strong></span> <span class='ocrx_word' id='word_1_372' title='bbox 1501 573 1601 603; x_wconf 86' lang='lat' dir='ltr'><strong>immo</strong></span> <span class='ocrx_word' id='word_1_373' title='bbox 1615 573 1722 603; x_wconf 89' lang='lat' dir='ltr'><strong>verius</strong></span> <span class='ocrx_word' id='word_1_374' title='bbox 1734 577 1890 612; x_wconf 87' lang='lat' dir='ltr'><strong>quantum</strong></span> <span class='ocrx_word' id='word_1_375' title='bbox 1907 573 1941 604; x_wconf 85' lang='lat' dir='ltr'><strong>in</strong></span> <span class='ocrx_word' id='word_1_376' title='bbox 1957 582 1994 604; x_wconf 88' lang='lat' dir='ltr'><strong>eo</strong></span> <span class='ocrx_word' id='word_1_377' title='bbox 2010 579 2076 604; x_wconf 89' lang='lat' dir='ltr'><strong>erat</strong></span> <span class='ocrx_word' id='word_1_378' title='bbox 2092 580 2288 614; x_wconf 87' lang='lat' dir='ltr'><strong>presumeret</strong></span> <span class='ocrx_word' id='word_1_379' title='bbox 2303 583 2376 614; x_wconf 85' lang='lat' dir='ltr'><strong>pro-</strong></span> 
     </span>
     <span class='ocr_line' id='line_1_52' title="bbox 1371 626 2376 666; baseline 0.004 -11"><span class='ocrx_word' id='word_1_380' title='bbox 1371 626 1523 664; x_wconf 83' lang='lat' dir='ltr'><strong>phanare,</strong></span> <span class='ocrx_word' id='word_1_381' title='bbox 1537 627 1640 656; x_wconf 90' lang='lat' dir='ltr'><strong>dictus</strong></span> <span class='ocrx_word' id='word_1_382' title='bbox 1655 627 1831 665; x_wconf 86' lang='lat' dir='ltr'><strong>episcopus,</strong></span> <span class='ocrx_word' id='word_1_383' title='bbox 1849 635 1922 656; x_wconf 91' lang='lat' dir='ltr'><strong>cum</strong></span> <span class='ocrx_word' id='word_1_384' title='bbox 1934 629 2087 666; x_wconf 88' lang='lat' dir='ltr'><strong>premissa</strong></span> <span class='ocrx_word' id='word_1_385' title='bbox 2103 633 2210 659; x_wconf 85' lang='lat' dir='ltr'><strong>essent</strong></span> <span class='ocrx_word' id='word_1_386' title='bbox 2223 627 2302 658; x_wconf 91' lang='lat' dir='ltr'><strong>adeo</strong></span> <span class='ocrx_word' id='word_1_387' title='bbox 2316 636 2376 659; x_wconf 89' lang='lat' dir='ltr'><strong>uo-</strong></span> 
     </span>
     <span class='ocr_line' id='line_1_53' title="bbox 1372 679 2376 718; baseline 0.002 -9"><span class='ocrx_word' id='word_1_388' title='bbox 1372 679 1450 709; x_wconf 83' lang='lat' dir='ltr'><strong>toria</strong></span> <span class='ocrx_word' id='word_1_389' title='bbox 1474 679 1557 718; x_wconf 89' lang='lat' dir='ltr'><strong>qnod</strong></span> <span class='ocrx_word' id='word_1_390' title='bbox 1581 679 1670 709; x_wconf 88' lang='lat' dir='ltr'><strong>nulla</strong></span> <span class='ocrx_word' id='word_1_391' title='bbox 1689 683 1835 718; x_wconf 80' lang='lat' dir='ltr'><strong>poteraut</strong></span> <span class='ocrx_word' id='word_1_392' title='bbox 1858 679 2117 717; x_wconf 86' lang='lat' dir='ltr'><strong>tergiversatione</strong></span> <span class='ocrx_word' id='word_1_393' title='bbox 2135 680 2251 717; x_wconf 86' lang='lat' dir='ltr'><strong>celari,</strong></span> <span class='ocrx_word' id='word_1_394' title='bbox 2285 684 2376 711; x_wconf 80' lang='lat' dir='ltr'><strong>ante-</strong></span> 
     </span>
     <span class='ocr_line' id='line_1_54' title="bbox 1370 731 2376 772; baseline 0.003 -12"><span class='ocrx_word' id='word_1_395' title='bbox 1370 731 1491 761; x_wconf 87' lang='lat' dir='ltr'><strong>dictum</strong></span> <span class='ocrx_word' id='word_1_396' title='bbox 1526 732 1726 762; x_wconf 89' lang='lat' dir='ltr'><strong>Bernardum</strong></span> <span class='ocrx_word' id='word_1_397' title='bbox 1756 741 1773 761; x_wconf 88' lang='lat' dir='ltr'><strong>a</strong></span> <span class='ocrx_word' id='word_1_398' title='bbox 1804 733 1990 762; x_wconf 89' lang='lat' dir='ltr'><strong>monasterii</strong></span> <span class='ocrx_word' id='word_1_399' title='bbox 2020 734 2186 764; x_wconf 87' lang='lat' dir='ltr'><strong>memorati</strong></span> <span class='ocrx_word' id='word_1_400' title='bbox 2219 733 2376 772; x_wconf 84' lang='lat' dir='ltr'><strong>regimine</strong></span> 
     </span>
     <span class='ocr_line' id='line_1_55' title="bbox 1370 784 2376 824; baseline 0.003 -10"><span class='ocrx_word' id='word_1_401' title='bbox 1370 784 1471 821; x_wconf 78' lang='lat' dir='ltr'><strong>duxit,</strong></span> <span class='ocrx_word' id='word_1_402' title='bbox 1486 785 1639 816; x_wconf 83' lang='lat' dir='ltr'><strong>suadente</strong></span> <span class='ocrx_word' id='word_1_403' title='bbox 1653 786 1790 824; x_wconf 69' lang='lat' dir='ltr'><strong>jiistitia,</strong></span> <span class='ocrx_word' id='word_1_404' title='bbox 1808 785 2041 816; x_wconf 87' lang='lat' dir='ltr'><strong>sententialiter</strong></span> <span class='ocrx_word' id='word_1_405' title='bbox 2055 787 2281 824; x_wconf 87' lang='lat' dir='ltr'><strong>amovendum,</strong></span> <span class='ocrx_word' id='word_1_406' title='bbox 2295 787 2376 818; x_wconf 83' lang='lat' dir='ltr'><strong>dans</strong></span> 
     </span>
     <span class='ocr_line' id='line_1_56' title="bbox 1370 839 2376 880; baseline 0.005 -13"><span class='ocrx_word' id='word_1_407' title='bbox 1370 839 1541 868; x_wconf 89' lang='lat' dir='ltr'><strong>conventui</strong></span> <span class='ocrx_word' id='word_1_408' title='bbox 1562 839 1748 869; x_wconf 76' lang='lat' dir='ltr'><strong>monasterii</strong></span> <span class='ocrx_word' id='word_1_409' title='bbox 1770 839 1900 878; x_wconf 78' lang='lat' dir='ltr'><strong>sepesati</strong></span> <span class='ocrx_word' id='word_1_410' title='bbox 1922 839 2084 869; x_wconf 89' lang='lat' dir='ltr'><strong>licentiam</strong></span> <span class='ocrx_word' id='word_1_411' title='bbox 2109 850 2277 880; x_wconf 83' lang='lat' dir='ltr'><strong>personam</strong></span> <span class='ocrx_word' id='word_1_412' title='bbox 2295 841 2376 880; x_wconf 75' lang='lat' dir='ltr'><strong>ydo-</strong></span> 
     </span>
     <span class='ocr_line' id='line_1_57' title="bbox 1371 892 2374 933; baseline 0.004 -12"><span class='ocrx_word' id='word_1_413' title='bbox 1371 900 1463 921; x_wconf 87' lang='lat' dir='ltr'><strong>neam</strong></span> <span class='ocrx_word' id='word_1_414' title='bbox 1475 892 1509 921; x_wconf 93' lang='lat' dir='ltr'><strong>in</strong></span> <span class='ocrx_word' id='word_1_415' title='bbox 1521 892 1665 922; x_wconf 87' lang='lat' dir='ltr'><strong>abbatem</strong></span> <span class='ocrx_word' id='word_1_416' title='bbox 1681 893 1781 931; x_wconf 88' lang='lat' dir='ltr'><strong>ipsius</strong></span> <span class='ocrx_word' id='word_1_417' title='bbox 1796 893 1982 922; x_wconf 88' lang='lat' dir='ltr'><strong>monasterii</strong></span> <span class='ocrx_word' id='word_1_418' title='bbox 1993 893 2144 931; x_wconf 87' lang='lat' dir='ltr'><strong>eligendi,</strong></span> <span class='ocrx_word' id='word_1_419' title='bbox 2162 894 2216 933; x_wconf 93' lang='lat' dir='ltr'><strong>qui</strong></span> <span class='ocrx_word' id='word_1_420' title='bbox 2230 894 2374 932; x_wconf 81' lang='lat' dir='ltr'><strong>demum,</strong></span> 
     </span>
     <span class='ocr_line' id='line_1_58' title="bbox 1370 945 2374 986; baseline 0.004 -12"><span class='ocrx_word' id='word_1_421' title='bbox 1370 945 1423 974; x_wconf 92' lang='lat' dir='ltr'><strong>die</strong></span> <span class='ocrx_word' id='word_1_422' title='bbox 1455 945 1494 975; x_wconf 91' lang='lat' dir='ltr'><strong>ad</strong></span> <span class='ocrx_word' id='word_1_423' title='bbox 1528 945 1712 983; x_wconf 84' lang='lat' dir='ltr'><strong>eligendum</strong></span> <span class='ocrx_word' id='word_1_424' title='bbox 1749 946 1887 985; x_wconf 82' lang='lat' dir='ltr'><strong>prefixa,</strong></span> <span class='ocrx_word' id='word_1_425' title='bbox 1925 947 2153 977; x_wconf 87' lang='lat' dir='ltr'><strong>convenientes</strong></span> <span class='ocrx_word' id='word_1_426' title='bbox 2183 948 2217 977; x_wconf 90' lang='lat' dir='ltr'><strong>iu</strong></span> <span class='ocrx_word' id='word_1_427' title='bbox 2250 956 2353 978; x_wconf 89' lang='lat' dir='ltr'><strong>unum</strong></span> <span class='ocrx_word' id='word_1_428' title='bbox 2367 972 2374 986; x_wconf 91' lang='lat'>‚</span> 
     </span>
     <span class='ocr_line' id='line_1_59' title="bbox 1371 997 2374 1039; baseline 0.005 -13"><span class='ocrx_word' id='word_1_429' title='bbox 1371 997 1499 1027; x_wconf 86' lang='lat' dir='ltr'><strong>Heliam</strong></span> <span class='ocrx_word' id='word_1_430' title='bbox 1517 998 1554 1028; x_wconf 90' lang='lat' dir='ltr'><strong>de</strong></span> <span class='ocrx_word' id='word_1_431' title='bbox 1571 998 1692 1038; x_wconf 87' lang='lat' dir='ltr'><strong>Pajola,</strong></span> <span class='ocrx_word' id='word_1_432' title='bbox 1713 1004 1787 1029; x_wconf 92' lang='lat' dir='ltr'><strong>tunc</strong></span> <span class='ocrx_word' id='word_1_433' title='bbox 1803 999 1946 1038; x_wconf 84' lang='lat' dir='ltr'><strong>ejusdem</strong></span> <span class='ocrx_word' id='word_1_434' title='bbox 1963 1001 2148 1030; x_wconf 83' lang='lat' dir='ltr'><strong>monasterii</strong></span> <span class='ocrx_word' id='word_1_435' title='bbox 2167 1001 2374 1039; x_wconf 87' lang='lat' dir='ltr'><strong>monachum,</strong></span> 
     </span>
     <span class='ocr_line' id='line_1_60' title="bbox 1371 1052 2376 1092; baseline 0.005 -11"><span class='ocrx_word' id='word_1_436' title='bbox 1371 1052 1405 1082; x_wconf 93' lang='lat' dir='ltr'><strong>in</strong></span> <span class='ocrx_word' id='word_1_437' title='bbox 1431 1053 1577 1083; x_wconf 84' lang='lat' dir='ltr'><strong>abbatem</strong></span> <span class='ocrx_word' id='word_1_438' title='bbox 1602 1053 1704 1092; x_wconf 84' lang='lat' dir='ltr'><strong>ipsius</strong></span> <span class='ocrx_word' id='word_1_439' title='bbox 1733 1055 1919 1085; x_wconf 89' lang='lat' dir='ltr'><strong>monasterii</strong></span> <span class='ocrx_word' id='word_1_440' title='bbox 1946 1055 2100 1085; x_wconf 87' lang='lat' dir='ltr'><strong>canonice</strong></span> <span class='ocrx_word' id='word_1_441' title='bbox 2124 1060 2154 1085; x_wconf 89' lang='lat' dir='ltr'><strong>et</strong></span> <span class='ocrx_word' id='word_1_442' title='bbox 2176 1056 2376 1088; x_wconf 83' lang='lat' dir='ltr'><strong>concorditer</strong></span> 
     </span>
     <span class='ocr_line' id='line_1_61' title="bbox 1371 1106 2378 1149; baseline 0.005 -14"><span class='ocrx_word' id='word_1_443' title='bbox 1371 1106 1554 1144; x_wconf 85' lang='lat' dir='ltr'><strong>elegerunt,</strong></span> <span class='ocrx_word' id='word_1_444' title='bbox 1589 1108 1680 1146; x_wconf 87' lang='lat' dir='ltr'><strong>cujus</strong></span> <span class='ocrx_word' id='word_1_445' title='bbox 1713 1107 1904 1138; x_wconf 89' lang='lat' dir='ltr'><strong>electionem</strong></span> <span class='ocrx_word' id='word_1_446' title='bbox 1939 1108 2044 1138; x_wconf 88' lang='lat' dir='ltr'><strong>dictus</strong></span> <span class='ocrx_word' id='word_1_447' title='bbox 2081 1109 2264 1148; x_wconf 85' lang='lat' dir='ltr'><strong>episeopus,</strong></span> <span class='ocrx_word' id='word_1_448' title='bbox 2300 1109 2378 1149; x_wconf 87' lang='lat' dir='ltr'><strong>quia</strong></span> 
     </span>
     <span class='ocr_line' id='line_1_62' title="bbox 1370 1159 2378 1202; baseline 0.006 -14"><span class='ocrx_word' id='word_1_449' title='bbox 1370 1168 1440 1189; x_wconf 86' lang='lat' dir='ltr'><strong>eam</strong></span> <span class='ocrx_word' id='word_1_450' title='bbox 1454 1160 1578 1189; x_wconf 86' lang='lat' dir='ltr'><strong>invenit</strong></span> <span class='ocrx_word' id='word_1_451' title='bbox 1593 1159 1632 1189; x_wconf 88' lang='lat' dir='ltr'><strong>de</strong></span> <span class='ocrx_word' id='word_1_452' title='bbox 1648 1169 1783 1199; x_wconf 89' lang='lat' dir='ltr'><strong>persona</strong></span> <span class='ocrx_word' id='word_1_453' title='bbox 1800 1162 1925 1201; x_wconf 80' lang='lat' dir='ltr'><strong>ydonea</strong></span> <span class='ocrx_word' id='word_1_454' title='bbox 1940 1166 2106 1199; x_wconf 88' lang='lat' dir='ltr'><strong>canonice,</strong></span> <span class='ocrx_word' id='word_1_455' title='bbox 2123 1166 2156 1192; x_wconf 89' lang='lat' dir='ltr'><strong>ut</strong></span> <span class='ocrx_word' id='word_1_456' title='bbox 2171 1163 2378 1202; x_wconf 77' lang='lat' dir='ltr'><strong>premittitur,</strong></span> 
     </span>
     <span class='ocr_line' id='line_1_63' title="bbox 1370 1213 2378 1257; baseline 0.005 -14"><span class='ocrx_word' id='word_1_457' title='bbox 1370 1213 1577 1250; x_wconf 87' lang='lat' dir='ltr'><strong>celebratam,</strong></span> <span class='ocrx_word' id='word_1_458' title='bbox 1601 1215 1784 1245; x_wconf 87' lang='lat' dir='ltr'><strong>auctoritate</strong></span> <span class='ocrx_word' id='word_1_459' title='bbox 1809 1215 1973 1246; x_wconf 84' lang='lat' dir='ltr'><strong>ordinaria</strong></span> <span class='ocrx_word' id='word_1_460' title='bbox 2003 1216 2224 1254; x_wconf 83' lang='lat' dir='ltr'><strong>confirmavit,</strong></span> <span class='ocrx_word' id='word_1_461' title='bbox 2252 1217 2378 1257; x_wconf 84' lang='lat' dir='ltr'><strong>sibique</strong></span> 
     </span>
     <span class='ocr_line' id='line_1_64' title="bbox 1370 1267 2378 1308; baseline 0.005 -12"><span class='ocrx_word' id='word_1_462' title='bbox 1370 1276 1490 1297; x_wconf 90' lang='lat' dir='ltr'><strong>munus</strong></span> <span class='ocrx_word' id='word_1_463' title='bbox 1509 1267 1741 1298; x_wconf 86' lang='lat' dir='ltr'><strong>benedictionis</strong></span> <span class='ocrx_word' id='word_1_464' title='bbox 1759 1268 1935 1307; x_wconf 84' lang='lat' dir='ltr'><strong>impendit,</strong></span> <span class='ocrx_word' id='word_1_465' title='bbox 1953 1269 2005 1299; x_wconf 88' lang='lat' dir='ltr'><strong>cui</strong></span> <span class='ocrx_word' id='word_1_466' title='bbox 2028 1269 2178 1308; x_wconf 85' lang='lat' dir='ltr'><strong>sepedicti</strong></span> <span class='ocrx_word' id='word_1_467' title='bbox 2201 1274 2378 1301; x_wconf 88' lang='lat' dir='ltr'><strong>conventus</strong></span> 
     </span>
     <span class='ocr_line' id='line_1_65' title="bbox 1371 1321 2380 1363; baseline 0.005 -14"><span class='ocrx_word' id='word_1_468' title='bbox 1371 1325 1522 1359; x_wconf 86' lang='lat' dir='ltr'><strong>tanquam</strong></span> <span class='ocrx_word' id='word_1_469' title='bbox 1542 1329 1652 1350; x_wconf 90' lang='lat' dir='ltr'><strong>eorum</strong></span> <span class='ocrx_word' id='word_1_470' title='bbox 1669 1321 1774 1351; x_wconf 90' lang='lat' dir='ltr'><strong>abbati</strong></span> <span class='ocrx_word' id='word_1_471' title='bbox 1789 1322 2004 1352; x_wconf 85' lang='lat' dir='ltr'><strong>obedientiam</strong></span> <span class='ocrx_word' id='word_1_472' title='bbox 2021 1327 2050 1352; x_wconf 90' lang='lat' dir='ltr'><strong>et</strong></span> <span class='ocrx_word' id='word_1_473' title='bbox 2066 1323 2279 1354; x_wconf 87' lang='lat' dir='ltr'><strong>reverentiam</strong></span> <span class='ocrx_word' id='word_1_474' title='bbox 2294 1332 2380 1363; x_wconf 88' lang='lat' dir='ltr'><strong>pres-</strong></span> 
     </span>
     <span class='ocr_line' id='line_1_66' title="bbox 1372 1373 2379 1416; baseline 0.005 -14"><span class='ocrx_word' id='word_1_475' title='bbox 1372 1373 1522 1410; x_wconf 82' lang='lat' dir='ltr'><strong>titerunt3</strong></span> <span class='ocrx_word' id='word_1_476' title='bbox 1544 1374 1682 1413; x_wconf 82' lang='lat' dir='ltr'><strong>prefatus</strong></span> <span class='ocrx_word' id='word_1_477' title='bbox 1703 1378 1810 1404; x_wconf 88' lang='lat' dir='ltr'><strong>autem</strong></span> <span class='ocrx_word' id='word_1_478' title='bbox 1833 1375 1990 1406; x_wconf 87' lang='lat' dir='ltr'><strong>Geraldus</strong></span> <span class='ocrx_word' id='word_1_479' title='bbox 2006 1376 2174 1406; x_wconf 87' lang='lat' dir='ltr'><strong>attendens</strong></span> <span class='ocrx_word' id='word_1_480' title='bbox 2189 1376 2274 1416; x_wconf 86' lang='lat' dir='ltr'><strong>quod</strong></span> <span class='ocrx_word' id='word_1_481' title='bbox 2294 1377 2379 1407; x_wconf 83' lang='lat' dir='ltr'><strong>inter</strong></span> 
     </span>
     <span class='ocr_line' id='line_1_67' title="bbox 1371 1427 2379 1466; baseline 0.004 -10"><span class='ocrx_word' id='word_1_482' title='bbox 1371 1427 1510 1456; x_wconf 88' lang='lat' dir='ltr'><strong>eundem</strong></span> <span class='ocrx_word' id='word_1_483' title='bbox 1546 1428 1730 1466; x_wconf 83' lang='lat' dir='ltr'><strong>episcopum</strong></span> <span class='ocrx_word' id='word_1_484' title='bbox 1761 1432 1792 1457; x_wconf 89' lang='lat' dir='ltr'><strong>et</strong></span> <span class='ocrx_word' id='word_1_485' title='bbox 1823 1428 1954 1458; x_wconf 87' lang='lat' dir='ltr'><strong>Ebolum</strong></span> <span class='ocrx_word' id='word_1_486' title='bbox 1970 1453 1976 1466; x_wconf 82' lang='lat'><strong>,</strong></span> <span class='ocrx_word' id='word_1_487' title='bbox 2008 1429 2154 1459; x_wconf 86' lang='lat' dir='ltr'><strong>abbatem</strong></span> <span class='ocrx_word' id='word_1_488' title='bbox 2191 1429 2379 1460; x_wconf 85' lang='lat' dir='ltr'><strong>monasterii</strong></span> 
     </span>
     <span class='ocr_line' id='line_1_68' title="bbox 1371 1480 2378 1520; baseline 0.005 -11"><span class='ocrx_word' id='word_1_489' title='bbox 1371 1480 1449 1510; x_wconf 88' lang='lat' dir='ltr'><strong>Case</strong></span> <span class='ocrx_word' id='word_1_490' title='bbox 1466 1481 1536 1516; x_wconf 85' lang='lat' dir='ltr'><strong>Dei,</strong></span> <span class='ocrx_word' id='word_1_491' title='bbox 1557 1481 1688 1520; x_wconf 88' lang='lat' dir='ltr'><strong>predicti</strong></span> <span class='ocrx_word' id='word_1_492' title='bbox 1704 1481 1844 1518; x_wconf 88' lang='lat' dir='ltr'><strong>ordinis,</strong></span> <span class='ocrx_word' id='word_1_493' title='bbox 1861 1481 2134 1512; x_wconf 86' lang='lat' dir='ltr'><strong>Claromontensis</strong></span> <span class='ocrx_word' id='word_1_494' title='bbox 2153 1483 2307 1520; x_wconf 89' lang='lat' dir='ltr'><strong>diocesis,</strong></span> <span class='ocrx_word' id='word_1_495' title='bbox 2325 1492 2378 1514; x_wconf 90' lang='lat' dir='ltr'><strong>su·</strong></span> 
     </span>
     <span class='ocr_line' id='line_1_69' title="bbox 1371 1534 2380 1575; baseline 0.004 -12"><span class='ocrx_word' id='word_1_496' title='bbox 1371 1542 1426 1572; x_wconf 90' lang='lat' dir='ltr'><strong>per</strong></span> <span class='ocrx_word' id='word_1_497' title='bbox 1440 1542 1476 1564; x_wconf 90' lang='lat' dir='ltr'><strong>eo</strong></span> <span class='ocrx_word' id='word_1_498' title='bbox 1491 1534 1575 1573; x_wconf 88' lang='lat' dir='ltr'><strong>quod</strong></span> <span class='ocrx_word' id='word_1_499' title='bbox 1592 1534 1659 1573; x_wconf 92' lang='lat' dir='ltr'><strong>ipse</strong></span> <span class='ocrx_word' id='word_1_500' title='bbox 1673 1535 1770 1564; x_wconf 87' lang='lat' dir='ltr'><strong>abbas</strong></span> <span class='ocrx_word' id='word_1_501' title='bbox 1786 1534 1864 1565; x_wconf 85' lang='lat' dir='ltr'><strong>Case</strong></span> <span class='ocrx_word' id='word_1_502' title='bbox 1884 1535 1945 1565; x_wconf 88' lang='lat' dir='ltr'><strong>Dei</strong></span> <span class='ocrx_word' id='word_1_503' title='bbox 1956 1536 2191 1575; x_wconf 70' lang='lat' dir='ltr'><strong>,subjectionem</strong></span> <span class='ocrx_word' id='word_1_504' title='bbox 2207 1536 2247 1566; x_wconf 89' lang='lat' dir='ltr'><strong>ab</strong></span> <span class='ocrx_word' id='word_1_505' title='bbox 2267 1536 2380 1567; x_wconf 89' lang='lat' dir='ltr'><strong>eodem</strong></span> 
     </span>
     <span class='ocr_line' id='line_1_70' title="bbox 1370 1587 2380 1628; baseline 0.003 -12"><span class='ocrx_word' id='word_1_506' title='bbox 1370 1588 1565 1617; x_wconf 87' lang='lat' dir='ltr'><strong>monasterio</strong></span> <span class='ocrx_word' id='word_1_507' title='bbox 1582 1587 1843 1618; x_wconf 86' lang='lat' dir='ltr'><strong>Brantholmensi</strong></span> <span class='ocrx_word' id='word_1_508' title='bbox 1860 1597 1893 1618; x_wconf 89' lang='lat' dir='ltr'><strong>se</strong></span> <span class='ocrx_word' id='word_1_509' title='bbox 1908 1588 2026 1618; x_wconf 86' lang='lat' dir='ltr'><strong>habere</strong></span> <span class='ocrx_word' id='word_1_510' title='bbox 2040 1589 2218 1627; x_wconf 86' lang='lat' dir='ltr'><strong>contendit,</strong></span> <span class='ocrx_word' id='word_1_511' title='bbox 2233 1598 2296 1628; x_wconf 89' lang='lat' dir='ltr'><strong>que</strong></span> <span class='ocrx_word' id='word_1_512' title='bbox 2311 1589 2380 1628; x_wconf 86' lang='lat' dir='ltr'><strong>qui-</strong></span> 
     </span>
     <span class='ocr_line' id='line_1_71' title="bbox 1370 1640 2379 1681; baseline 0.004 -12"><span class='ocrx_word' id='word_1_513' title='bbox 1370 1640 1443 1670; x_wconf 90' lang='lat' dir='ltr'><strong>dem</strong></span> <span class='ocrx_word' id='word_1_514' title='bbox 1467 1641 1590 1680; x_wconf 86' lang='lat' dir='ltr'><strong>questio</strong></span> <span class='ocrx_word' id='word_1_515' title='bbox 1613 1641 1699 1671; x_wconf 88' lang='lat' dir='ltr'><strong>inter</strong></span> <span class='ocrx_word' id='word_1_516' title='bbox 1722 1641 1877 1681; x_wconf 90' lang='lat' dir='ltr'><strong>predictos</strong></span> <span class='ocrx_word' id='word_1_517' title='bbox 1898 1643 2079 1681; x_wconf 89' lang='lat' dir='ltr'><strong>episcopum</strong></span> <span class='ocrx_word' id='word_1_518' title='bbox 2106 1647 2137 1673; x_wconf 87' lang='lat' dir='ltr'><strong>et</strong></span> <span class='ocrx_word' id='word_1_519' title='bbox 2164 1643 2310 1673; x_wconf 86' lang='lat' dir='ltr'><strong>abbatem</strong></span> <span class='ocrx_word' id='word_1_520' title='bbox 2342 1651 2379 1673; x_wconf 85' lang='lat' dir='ltr'><strong>ac</strong></span> 
     </span>
     <span class='ocr_line' id='line_1_72' title="bbox 1370 1694 2379 1736; baseline 0.004 -13"><span class='ocrx_word' id='word_1_521' title='bbox 1370 1694 1608 1732; x_wconf 84' lang='lat' dir='ltr'><strong>predecessores</strong></span> <span class='ocrx_word' id='word_1_522' title='bbox 1634 1704 1744 1725; x_wconf 89' lang='lat' dir='ltr'><strong>eorum</strong></span> <span class='ocrx_word' id='word_1_523' title='bbox 1766 1703 1830 1725; x_wconf 90' lang='lat' dir='ltr'><strong>non</strong></span> <span class='ocrx_word' id='word_1_524' title='bbox 1856 1695 1975 1725; x_wconf 90' lang='lat' dir='ltr'><strong>modici</strong></span> <span class='ocrx_word' id='word_1_525' title='bbox 2001 1695 2152 1735; x_wconf 90' lang='lat' dir='ltr'><strong>temporis</strong></span> <span class='ocrx_word' id='word_1_526' title='bbox 2183 1697 2284 1735; x_wconf 87' lang='lat' dir='ltr'><strong>spatio</strong></span> <span class='ocrx_word' id='word_1_527' title='bbox 2310 1697 2379 1736; x_wconf 89' lang='lat' dir='ltr'><strong>jam</strong></span> 
     </span>
     <span class='ocr_line' id='line_1_73' title="bbox 1372 1747 2380 1788; baseline 0.004 -12"><span class='ocrx_word' id='word_1_528' title='bbox 1372 1747 1509 1784; x_wconf 88' lang='lat' dir='ltr'><strong>duravit,</strong></span> <span class='ocrx_word' id='word_1_529' title='bbox 1526 1757 1711 1787; x_wconf 86' lang='lat' dir='ltr'><strong>quanquam</strong></span> <span class='ocrx_word' id='word_1_530' title='bbox 1730 1748 1905 1788; x_wconf 89' lang='lat' dir='ltr'><strong>prelibatus</strong></span> <span class='ocrx_word' id='word_1_531' title='bbox 1924 1748 2101 1788; x_wconf 82' lang='lat' dir='ltr'><strong>episcopuS,</strong></span> <span class='ocrx_word' id='word_1_532' title='bbox 2121 1753 2154 1779; x_wconf 91' lang='lat' dir='ltr'><strong>ut</strong></span> <span class='ocrx_word' id='word_1_533' title='bbox 2167 1749 2332 1786; x_wconf 85' lang='lat' dir='ltr'><strong>asseritur,</strong></span> <span class='ocrx_word' id='word_1_534' title='bbox 2348 1753 2380 1780; x_wconf 80' lang='lat' dir='ltr'><strong>et</strong></span> 
     </span>
     <span class='ocr_line' id='line_1_74' title="bbox 1370 1801 2379 1841; baseline 0.003 -11"><span class='ocrx_word' id='word_1_535' title='bbox 1370 1801 1606 1840; x_wconf 86' lang='lat' dir='ltr'><strong>predecessores</strong></span> <span class='ocrx_word' id='word_1_536' title='bbox 1623 1802 1724 1841; x_wconf 88' lang='lat' dir='ltr'><strong>ipsius</strong></span> <span class='ocrx_word' id='word_1_537' title='bbox 1738 1826 1744 1839; x_wconf 87' lang='lat'><strong>,</strong></span> <span class='ocrx_word' id='word_1_538' title='bbox 1762 1802 1796 1831; x_wconf 89' lang='lat' dir='ltr'><strong>in</strong></span> <span class='ocrx_word' id='word_1_539' title='bbox 1815 1802 1955 1840; x_wconf 87' lang='lat' dir='ltr'><strong>predicto</strong></span> <span class='ocrx_word' id='word_1_540' title='bbox 1972 1802 2234 1833; x_wconf 88' lang='lat' dir='ltr'><strong>Brantholmensi</strong></span> <span class='ocrx_word' id='word_1_541' title='bbox 2248 1811 2379 1834; x_wconf 89' lang='lat' dir='ltr'><strong>monas-</strong></span> 
     </span>
     <span class='ocr_line' id='line_1_75' title="bbox 1373 1855 2377 1896; baseline 0.003 -12"><span class='ocrx_word' id='word_1_542' title='bbox 1373 1855 1451 1886; x_wconf 89' lang='lat' dir='ltr'><strong>terio</strong></span> <span class='ocrx_word' id='word_1_543' title='bbox 1467 1855 1726 1894; x_wconf 85' lang='lat' dir='ltr'><strong>jurisdictionem</strong></span> <span class='ocrx_word' id='word_1_544' title='bbox 1749 1856 1926 1886; x_wconf 83' lang='lat' dir='ltr'><strong>exercuerit</strong></span> <span class='ocrx_word' id='word_1_545' title='bbox 1948 1865 1966 1886; x_wconf 93' lang='lat' dir='ltr'><strong>a</strong></span> <span class='ocrx_word' id='word_1_546' title='bbox 1990 1860 2130 1894; x_wconf 86' lang='lat' dir='ltr'><strong>ternpore</strong></span> <span class='ocrx_word' id='word_1_547' title='bbox 2148 1855 2240 1896; x_wconf 87' lang='lat' dir='ltr'><strong>cujus</strong></span> <span class='ocrx_word' id='word_1_548' title='bbox 2255 1865 2377 1887; x_wconf 87' lang='lat' dir='ltr'><strong>merno-</strong></span> 
     </span>
     <span class='ocr_line' id='line_1_76' title="bbox 1371 1908 2379 1947; baseline 0.002 -9"><span class='ocrx_word' id='word_1_549' title='bbox 1371 1909 1419 1938; x_wconf 85' lang='lat' dir='ltr'><strong>ria</strong></span> <span class='ocrx_word' id='word_1_550' title='bbox 1444 1917 1508 1939; x_wconf 89' lang='lat' dir='ltr'><strong>non</strong></span> <span class='ocrx_word' id='word_1_551' title='bbox 1532 1909 1654 1945; x_wconf 78' lang='lat' dir='ltr'><strong>existit,</strong></span> <span class='ocrx_word' id='word_1_552' title='bbox 1682 1909 1795 1947; x_wconf 81' lang='lat' dir='ltr'><strong>prefati</strong></span> <span class='ocrx_word' id='word_1_553' title='bbox 1822 1908 1906 1947; x_wconf 85' lang='lat' dir='ltr'><strong>regis</strong></span> <span class='ocrx_word' id='word_1_554' title='bbox 1935 1908 2056 1938; x_wconf 86' lang='lat' dir='ltr'><strong>litteras</strong></span> <span class='ocrx_word' id='word_1_555' title='bbox 2083 1917 2147 1939; x_wconf 89' lang='lat' dir='ltr'><strong>non</strong></span> <span class='ocrx_word' id='word_1_556' title='bbox 2176 1909 2246 1939; x_wconf 87' lang='lat' dir='ltr'><strong>sine</strong></span> <span class='ocrx_word' id='word_1_557' title='bbox 2277 1909 2379 1940; x_wconf 88' lang='lat' dir='ltr'><strong>multe</strong></span> 
     </span>
     <span class='ocr_line' id='line_1_77' title="bbox 1372 1955 2430 2001; baseline 0.001 -9"><span class='ocrx_word' id='word_1_558' title='bbox 1372 1962 1492 1992; x_wconf 67' lang='lat' dir='ltr'><strong>Fraudis</strong></span> <span class='ocrx_word' id='word_1_559' title='bbox 1517 1962 1657 2000; x_wconf 80' lang='lat' dir='ltr'><strong>astucia,</strong></span> <span class='ocrx_word' id='word_1_560' title='bbox 1680 1967 1711 1992; x_wconf 89' lang='lat' dir='ltr'><strong>ut</strong></span> <span class='ocrx_word' id='word_1_561' title='bbox 1733 1971 1788 2001; x_wconf 88' lang='lat' dir='ltr'><strong>per</strong></span> <span class='ocrx_word' id='word_1_562' title='bbox 1807 1955 1872 1993; x_wconf 34' lang='lat' dir='ltr'><strong>*hoc</strong></span> <span class='ocrx_word' id='word_1_563' title='bbox 1892 1963 2106 2001; x_wconf 87' lang='lat' dir='ltr'><strong>provisionem</strong></span> <span class='ocrx_word' id='word_1_564' title='bbox 2125 1962 2164 1992; x_wconf 92' lang='lat' dir='ltr'><strong>de</strong></span> <span class='ocrx_word' id='word_1_565' title='bbox 2184 1962 2267 1993; x_wconf 85' lang='lat' dir='ltr'><strong>dicto</strong></span> <span class='ocrx_word' id='word_1_566' title='bbox 2286 1961 2380 1993; x_wconf 87' lang='lat' dir='ltr'><strong>Helia</strong></span> <span class='ocrx_word' id='word_1_567' title='bbox 2427 1993 2430 1996; x_wconf 76' lang='grc'>,</span> 
     </span>
     <span class='ocr_line' id='line_1_78' title="bbox 1371 2005 2379 2055; baseline 0.001 -10"><span class='ocrx_word' id='word_1_568' title='bbox 1371 2016 1486 2046; x_wconf 80' lang='lat' dir='ltr'><strong>factam</strong></span> <span class='ocrx_word' id='word_1_569' title='bbox 1509 2020 1627 2046; x_wconf 89' lang='lat' dir='ltr'><strong>temere</strong></span> <span class='ocrx_word' id='word_1_570' title='bbox 1642 2016 1832 2054; x_wconf 88' lang='lat' dir='ltr'><strong>impediret,</strong></span> <span class='ocrx_word' id='word_1_571' title='bbox 1850 2016 1994 2055; x_wconf 85' lang='lat' dir='ltr'><strong>ejusdem</strong></span> <span class='ocrx_word' id='word_1_572' title='bbox 2010 2015 2132 2046; x_wconf 87' lang='lat' dir='ltr'><strong>abbatis</strong></span> <span class='ocrx_word' id='word_1_573' title='bbox 2149 2015 2227 2046; x_wconf 86' lang='lat' dir='ltr'><strong>Case</strong></span> <span class='ocrx_word' id='word_1_574' title='bbox 2242 2005 2304 2046; x_wconf 77' lang='lat' dir='ltr'><strong>&#39;Dei</strong></span> <span class='ocrx_word' id='word_1_575' title='bbox 2326 2024 2379 2046; x_wconf 89' lang='lat' dir='ltr'><strong>no-</strong></span> 
     </span>
     <span class='ocr_line' id='line_1_79' title="bbox 1372 2069 2380 2107; baseline 0.001 -9"><span class='ocrx_word' id='word_1_576' title='bbox 1372 2069 1473 2106; x_wconf 90' lang='lat' dir='ltr'><strong>mine,</strong></span> <span class='ocrx_word' id='word_1_577' title='bbox 1490 2069 1529 2098; x_wconf 89' lang='lat' dir='ltr'><strong>ad</strong></span> <span class='ocrx_word' id='word_1_578' title='bbox 1547 2092 1566 2099; x_wconf 87' lang='lat'><strong>..</strong></span> <span class='ocrx_word' id='word_1_579' title='bbox 1585 2069 1797 2099; x_wconf 87' lang='lat' dir='ltr'><strong>senescallum</strong></span> <span class='ocrx_word' id='word_1_580' title='bbox 1814 2069 2111 2107; x_wconf 87' lang='lat' dir='ltr'><strong>Petragoricensem</strong></span> <span class='ocrx_word' id='word_1_581' title='bbox 2127 2069 2253 2106; x_wconf 83' lang='lat' dir='ltr'><strong>regium</strong></span> <span class='ocrx_word' id='word_1_582' title='bbox 2269 2069 2329 2099; x_wconf 89' lang='lat' dir='ltr'><strong>suh</strong></span> <span class='ocrx_word' id='word_1_583' title='bbox 2343 2077 2380 2099; x_wconf 87' lang='lat' dir='ltr'><strong>ea</strong></span> 
     </span>
     <span class='ocr_line' id='line_1_80' title="bbox 1373 2121 2380 2161; baseline 0.001 -10"><span class='ocrx_word' id='word_1_584' title='bbox 1373 2122 1473 2152; x_wconf 81' lang='lat' dir='ltr'><strong>forma</strong></span> <span class='ocrx_word' id='word_1_585' title='bbox 1493 2122 1634 2152; x_wconf 87' lang='lat' dir='ltr'><strong>obtinuit</strong></span> <span class='ocrx_word' id='word_1_586' title='bbox 1652 2122 1826 2158; x_wconf 86' lang='lat' dir='ltr'><strong>destinari,</strong></span> <span class='ocrx_word' id='word_1_587' title='bbox 1848 2126 1883 2152; x_wconf 84' lang='lat' dir='ltr'><strong>ut</strong></span> <span class='ocrx_word' id='word_1_588' title='bbox 1902 2131 1958 2161; x_wconf 89' lang='lat' dir='ltr'><strong>per</strong></span> <span class='ocrx_word' id='word_1_589' title='bbox 1979 2131 2012 2152; x_wconf 92' lang='lat' dir='ltr'><strong>se</strong></span> <span class='ocrx_word' id='word_1_590' title='bbox 2035 2121 2083 2151; x_wconf 89' lang='lat' dir='ltr'><strong>vel</strong></span> <span class='ocrx_word' id='word_1_591' title='bbox 2100 2121 2200 2151; x_wconf 86' lang='lat' dir='ltr'><strong>alium</strong></span> <span class='ocrx_word' id='word_1_592' title='bbox 2222 2131 2277 2152; x_wconf 89' lang='lat' dir='ltr'><strong>seu</strong></span> <span class='ocrx_word' id='word_1_593' title='bbox 2299 2121 2380 2152; x_wconf 86' lang='lat' dir='ltr'><strong>alios</strong></span> 
     </span>
     <span class='ocr_line' id='line_1_81' title="bbox 1372 2175 2379 2215; baseline 0 -9"><span class='ocrx_word' id='word_1_594' title='bbox 1372 2176 1493 2206; x_wconf 88' lang='lat' dir='ltr'><strong>dictum</strong></span> <span class='ocrx_word' id='word_1_595' title='bbox 1510 2177 1657 2206; x_wconf 83' lang='lat' dir='ltr'><strong>abbatem</strong></span> <span class='ocrx_word' id='word_1_596' title='bbox 1672 2176 1705 2205; x_wconf 89' lang='lat' dir='ltr'><strong>in</strong></span> <span class='ocrx_word' id='word_1_597' title='bbox 1721 2176 1864 2215; x_wconf 84' lang='lat' dir='ltr'><strong>juribus,</strong></span> <span class='ocrx_word' id='word_1_598' title='bbox 1885 2175 1979 2205; x_wconf 89' lang='lat' dir='ltr'><strong>rebus</strong></span> <span class='ocrx_word' id='word_1_599' title='bbox 1999 2180 2028 2205; x_wconf 92' lang='lat' dir='ltr'><strong>et</strong></span> <span class='ocrx_word' id='word_1_600' title='bbox 2044 2175 2297 2214; x_wconf 86' lang='lat' dir='ltr'><strong>possessionibus</strong></span> <span class='ocrx_word' id='word_1_601' title='bbox 2311 2175 2379 2206; x_wconf 87' lang='lat' dir='ltr'><strong>suis</strong></span> 
     </span>
     <span class='ocr_line' id='line_1_82' title="bbox 1372 2227 2379 2268; baseline -0.001 -8"><span class='ocrx_word' id='word_1_602' title='bbox 1372 2239 1390 2260; x_wconf 88' lang='lat' dir='ltr'><strong>a</strong></span> <span class='ocrx_word' id='word_1_603' title='bbox 1410 2229 1666 2268; x_wconf 87' lang='lat' dir='ltr'><strong>quibuscumque</strong></span> <span class='ocrx_word' id='word_1_604' title='bbox 1685 2228 1941 2259; x_wconf 85' lang='lat' dir='ltr'><strong>molestatoribus</strong></span> <span class='ocrx_word' id='word_1_605' title='bbox 1962 2231 1993 2257; x_wconf 89' lang='lat' dir='ltr'><strong>et</strong></span> <span class='ocrx_word' id='word_1_606' title='bbox 2010 2228 2158 2258; x_wconf 88' lang='lat' dir='ltr'><strong>violentis</strong></span> <span class='ocrx_word' id='word_1_607' title='bbox 2178 2227 2379 2259; x_wconf 86' lang='lat' dir='ltr'><strong>invasoribus</strong></span> 
     </span>
     <span class='ocr_line' id='line_1_83' title="bbox 1375 2281 2379 2322; baseline -0.001 -9"><span class='ocrx_word' id='word_1_608' title='bbox 1375 2288 1534 2320; x_wconf 73' lang='lat' dir='ltr'><strong>tueretur,</strong></span> <span class='ocrx_word' id='word_1_609' title='bbox 1562 2283 1730 2322; x_wconf 85' lang='lat' dir='ltr'><strong>dictusque</strong></span> <span class='ocrx_word' id='word_1_610' title='bbox 1757 2281 1954 2312; x_wconf 87' lang='lat' dir='ltr'><strong>senescallus</strong></span> <span class='ocrx_word' id='word_1_611' title='bbox 1981 2281 2143 2320; x_wconf 87' lang='lat' dir='ltr'><strong>quendam</strong></span> <span class='ocrx_word' id='word_1_612' title='bbox 2170 2281 2270 2321; x_wconf 88' lang='lat' dir='ltr'><strong>ipsius</strong></span> <span class='ocrx_word' id='word_1_613' title='bbox 2294 2281 2379 2320; x_wconf 84' lang='lat' dir='ltr'><strong>regis</strong></span> 
     </span>
     <span class='ocr_line' id='line_1_84' title="bbox 1373 2333 2378 2374; baseline -0.002 -8"><span class='ocrx_word' id='word_1_614' title='bbox 1373 2337 1583 2374; x_wconf 83' lang='lat' dir='ltr'><strong>servientem,</strong></span> <span class='ocrx_word' id='word_1_615' title='bbox 1602 2336 1822 2366; x_wconf 86' lang='lat' dir='ltr'><strong>Jobannetum</strong></span> <span class='ocrx_word' id='word_1_616' title='bbox 1838 2335 1969 2365; x_wconf 88' lang='lat' dir='ltr'><strong>nomine</strong></span> <span class='ocrx_word' id='word_1_617' title='bbox 1983 2358 1989 2371; x_wconf 90' lang='lat'><strong>,</strong></span> <span class='ocrx_word' id='word_1_618' title='bbox 2006 2335 2099 2373; x_wconf 84' lang='lat' dir='ltr'><strong>juxta</strong></span> <span class='ocrx_word' id='word_1_619' title='bbox 2114 2334 2299 2374; x_wconf 81' lang='lat' dir='ltr'><strong>petitionem</strong></span> <span class='ocrx_word' id='word_1_620' title='bbox 2316 2333 2378 2365; x_wconf 90' lang='lat' dir='ltr'><strong>Ge-</strong></span> 
     </span>
    </p>
   </div>
   <div class='ocr_carea' id='block_1_7' title="bbox 1373 2387 2430 2429">
    <p class='ocr_par' dir='ltr' id='par_1_7' title="bbox 1373 2387 2430 2429">
     <span class='ocr_line' id='line_1_85' title="bbox 1373 2387 2430 2429; baseline -0.002 -9"><span class='ocrx_word' id='word_1_621' title='bbox 1373 2390 1454 2420; x_wconf 90' lang='lat' dir='ltr'><strong>raldi</strong></span> <span class='ocrx_word' id='word_1_622' title='bbox 1477 2390 1626 2429; x_wconf 87' lang='lat' dir='ltr'><strong>predicti,</strong></span> <span class='ocrx_word' id='word_1_623' title='bbox 1649 2389 1689 2419; x_wconf 87' lang='lat' dir='ltr'><strong>ad</strong></span> <span class='ocrx_word' id='word_1_624' title='bbox 1709 2388 1932 2428; x_wconf 80' lang='lat' dir='ltr'><strong>exequendum</strong></span> <span class='ocrx_word' id='word_1_625' title='bbox 1949 2396 1985 2418; x_wconf 89' lang='lat' dir='ltr'><strong>ea</strong></span> <span class='ocrx_word' id='word_1_626' title='bbox 2000 2397 2061 2427; x_wconf 86' lang='lat' dir='ltr'><strong>que</strong></span> <span class='ocrx_word' id='word_1_627' title='bbox 2077 2388 2110 2418; x_wconf 91' lang='lat' dir='ltr'><strong>in</strong></span> <span class='ocrx_word' id='word_1_628' title='bbox 2127 2387 2242 2418; x_wconf 85' lang='lat' dir='ltr'><strong>litteris</strong></span> <span class='ocrx_word' id='word_1_629' title='bbox 2258 2387 2379 2418; x_wconf 90' lang='lat' dir='ltr'><strong>eisdem</strong></span> <span class='ocrx_word' id='word_1_630' title='bbox 2428 2407 2430 2410; x_wconf 41' lang='lat' dir='ltr'><strong>v</strong></span> 
     </span>
    </p>
   </div>
   <div class='ocr_carea' id='block_1_8' title="bbox 1369 2441 2425 3123">
    <p class='ocr_par' dir='ltr' id='par_1_8' title="bbox 1369 2441 2425 3123">
     <span class='ocr_line' id='line_1_86' title="bbox 1373 2441 2413 2482; baseline -0.003 -8"><span class='ocrx_word' id='word_1_631' title='bbox 1373 2444 1631 2481; x_wconf 84' lang='lat' dir='ltr'><strong>continebantur,</strong></span> <span class='ocrx_word' id='word_1_632' title='bbox 1644 2442 1816 2482; x_wconf 87' lang='lat' dir='ltr'><strong>deputavit.</strong></span> <span class='ocrx_word' id='word_1_633' title='bbox 1826 2441 1916 2471; x_wconf 86' lang='lat' dir='ltr'><strong>Idem</strong></span> <span class='ocrx_word' id='word_1_634' title='bbox 1927 2450 1998 2471; x_wconf 74' lang='lat' dir='ltr'><strong>vero</strong></span> <span class='ocrx_word' id='word_1_635' title='bbox 2007 2441 2210 2472; x_wconf 79' lang='lat' dir='ltr'><strong>Johannetus</strong></span> <span class='ocrx_word' id='word_1_636' title='bbox 2224 2449 2290 2472; x_wconf 91' lang='lat' dir='ltr'><strong>una</strong></span> <span class='ocrx_word' id='word_1_637' title='bbox 2304 2449 2378 2472; x_wconf 86' lang='lat' dir='ltr'><strong>cum</strong></span> <span class='ocrx_word' id='word_1_638' title='bbox 2402 2450 2413 2459; x_wconf 93' lang='lat'><strong>·</strong></span> 
     </span>
     <span class='ocr_line' id='line_1_87' title="bbox 1373 2486 2422 2533; baseline -0.003 -6"><span class='ocrx_word' id='word_1_639' title='bbox 1373 2498 1484 2528; x_wconf 88' lang='lat' dir='ltr'><strong>abbate</strong></span> <span class='ocrx_word' id='word_1_640' title='bbox 1501 2497 1688 2528; x_wconf 86' lang='lat' dir='ltr'><strong>monasterii</strong></span> <span class='ocrx_word' id='word_1_641' title='bbox 1704 2496 1783 2526; x_wconf 88' lang='lat' dir='ltr'><strong>Case</strong></span> <span class='ocrx_word' id='word_1_642' title='bbox 1801 2495 1860 2525; x_wconf 89' lang='lat' dir='ltr'><strong>Dei</strong></span> <span class='ocrx_word' id='word_1_643' title='bbox 1877 2500 1907 2525; x_wconf 89' lang='lat' dir='ltr'><strong>et</strong></span> <span class='ocrx_word' id='word_1_644' title='bbox 1924 2495 2077 2533; x_wconf 83' lang='lat' dir='ltr'><strong>magistro</strong></span> <span class='ocrx_word' id='word_1_645' title='bbox 2092 2486 2228 2525; x_wconf 78' lang='lat' dir='ltr'><strong>Geraldo</strong></span> <span class='ocrx_word' id='word_1_646' title='bbox 2247 2498 2277 2524; x_wconf 88' lang='lat' dir='ltr'><strong>et</strong></span> <span class='ocrx_word' id='word_1_647' title='bbox 2298 2494 2378 2525; x_wconf 90' lang='lat' dir='ltr'><strong>Ber·</strong></span> <span class='ocrx_word' id='word_1_648' title='bbox 2420 2488 2422 2490; x_wconf 55' lang='grc'>’</span> 
     </span>
     <span class='ocr_line' id='line_1_88' title="bbox 1374 2547 2423 2595; baseline -0.006 -13"><span class='ocrx_word' id='word_1_649' title='bbox 1374 2552 1473 2582; x_wconf 87' lang='lat' dir='ltr'><strong>nardo</strong></span> <span class='ocrx_word' id='word_1_650' title='bbox 1489 2551 1617 2590; x_wconf 83' lang='lat' dir='ltr'><strong>prefatis</strong></span> <span class='ocrx_word' id='word_1_651' title='bbox 1635 2558 1761 2580; x_wconf 89' lang='lat' dir='ltr'><strong>necnon</strong></span> <span class='ocrx_word' id='word_1_652' title='bbox 1780 2554 1809 2579; x_wconf 89' lang='lat' dir='ltr'><strong>et</strong></span> <span class='ocrx_word' id='word_1_653' title='bbox 1826 2558 1942 2587; x_wconf 84' lang='lat' dir='ltr'><strong>magna</strong></span> <span class='ocrx_word' id='word_1_654' title='bbox 1959 2547 2168 2578; x_wconf 83' lang='lat' dir='ltr'><strong>multitudiue</strong></span> <span class='ocrx_word' id='word_1_655' title='bbox 2182 2551 2379 2578; x_wconf 84' lang='lat' dir='ltr'><strong>armatorum</strong></span> <span class='ocrx_word' id='word_1_656' title='bbox 2419 2589 2423 2595; x_wconf 94' lang='lat'><em>.</em></span> 
     </span>
     <span class='ocr_line' id='line_1_89' title="bbox 1372 2600 2376 2641; baseline -0.005 -6"><span class='ocrx_word' id='word_1_657' title='bbox 1372 2606 1411 2636; x_wconf 86' lang='lat' dir='ltr'><strong>ad</strong></span> <span class='ocrx_word' id='word_1_658' title='bbox 1442 2605 1672 2635; x_wconf 87' lang='lat' dir='ltr'><strong>monasterium</strong></span> <span class='ocrx_word' id='word_1_659' title='bbox 1705 2602 1973 2633; x_wconf 86' lang='lat' dir='ltr'><strong>Brantholmense</strong></span> <span class='ocrx_word' id='word_1_660' title='bbox 2000 2601 2178 2641; x_wconf 89' lang='lat' dir='ltr'><strong>predictum</strong></span> <span class='ocrx_word' id='word_1_661' title='bbox 2202 2600 2376 2636; x_wconf 85' lang='lat' dir='ltr'><strong>accedens,</strong></span> 
     </span>
     <span class='ocr_line' id='line_1_90' title="bbox 1372 2653 2379 2697; baseline -0.005 -9"><span class='ocrx_word' id='word_1_662' title='bbox 1372 2658 1634 2697; x_wconf 88' lang='lat' dir='ltr'><strong>prenominatum</strong></span> <span class='ocrx_word' id='word_1_663' title='bbox 1652 2657 1778 2687; x_wconf 87' lang='lat' dir='ltr'><strong>Heliam</strong></span> <span class='ocrx_word' id='word_1_664' title='bbox 1800 2656 1965 2692; x_wconf 87' lang='lat' dir='ltr'><strong>abbatem,</strong></span> <span class='ocrx_word' id='word_1_665' title='bbox 1983 2654 2060 2685; x_wconf 87' lang='lat' dir='ltr'><strong>dum</strong></span> <span class='ocrx_word' id='word_1_666' title='bbox 2076 2654 2111 2684; x_wconf 90' lang='lat' dir='ltr'><strong>in</strong></span> <span class='ocrx_word' id='word_1_667' title='bbox 2128 2653 2261 2684; x_wconf 82' lang='lat' dir='ltr'><strong>ecclesia</strong></span> <span class='ocrx_word' id='word_1_668' title='bbox 2277 2653 2379 2692; x_wconf 90' lang='lat' dir='ltr'><strong>ipsius</strong></span> 
     </span>
     <span class='ocr_line' id='line_1_91' title="bbox 1373 2706 2380 2748; baseline -0.005 -7"><span class='ocrx_word' id='word_1_669' title='bbox 1373 2711 1580 2748; x_wconf 89' lang='lat' dir='ltr'><strong>monasterii,</strong></span> <span class='ocrx_word' id='word_1_670' title='bbox 1599 2710 1697 2740; x_wconf 89' lang='lat' dir='ltr'><strong>sacris</strong></span> <span class='ocrx_word' id='word_1_671' title='bbox 1713 2709 1846 2739; x_wconf 90' lang='lat' dir='ltr'><strong>indutus</strong></span> <span class='ocrx_word' id='word_1_672' title='bbox 1866 2709 2026 2745; x_wconf 83' lang='lat' dir='ltr'><strong>vestibus,</strong></span> <span class='ocrx_word' id='word_1_673' title='bbox 2046 2716 2141 2746; x_wconf 85' lang='lat' dir='ltr'><strong>super</strong></span> <span class='ocrx_word' id='word_1_674' title='bbox 2155 2706 2254 2737; x_wconf 84' lang='lat' dir='ltr'><strong>attare</strong></span> <span class='ocrx_word' id='word_1_675' title='bbox 2269 2706 2380 2737; x_wconf 81' lang='lat' dir='ltr'><strong>missa-</strong></span> 
     </span>
     <span class='ocr_line' id='line_1_92' title="bbox 1372 2759 2380 2802; baseline -0.005 -8"><span class='ocrx_word' id='word_1_676' title='bbox 1372 2774 1445 2794; x_wconf 86' lang='lat' dir='ltr'><strong>rum</strong></span> <span class='ocrx_word' id='word_1_677' title='bbox 1470 2763 1660 2802; x_wconf 90' lang='lat' dir='ltr'><strong>sollempnia</strong></span> <span class='ocrx_word' id='word_1_678' title='bbox 1688 2763 1870 2793; x_wconf 86' lang='lat' dir='ltr'><strong>intenderet</strong></span> <span class='ocrx_word' id='word_1_679' title='bbox 1894 2761 2076 2799; x_wconf 87' lang='lat' dir='ltr'><strong>celebrare,</strong></span> <span class='ocrx_word' id='word_1_680' title='bbox 2112 2769 2189 2790; x_wconf 82' lang='lat' dir='ltr'><strong>ausu</strong></span> <span class='ocrx_word' id='word_1_681' title='bbox 2226 2759 2380 2799; x_wconf 86' lang='lat' dir='ltr'><strong>sacrilego</strong></span> 
     </span>
     <span class='ocr_line' id='line_1_93' title="bbox 1373 2812 2379 2855; baseline -0.004 -9"><span class='ocrx_word' id='word_1_682' title='bbox 1373 2817 1528 2848; x_wconf 82' lang='lat' dir='ltr'><strong>violenter</strong></span> <span class='ocrx_word' id='word_1_683' title='bbox 1544 2826 1666 2855; x_wconf 84' lang='lat' dir='ltr'><strong>capere,</strong></span> <span class='ocrx_word' id='word_1_684' title='bbox 1682 2825 1717 2846; x_wconf 88' lang='lat' dir='ltr'><strong>ac</strong></span> <span class='ocrx_word' id='word_1_685' title='bbox 1733 2817 1771 2847; x_wconf 90' lang='lat' dir='ltr'><strong>de</strong></span> <span class='ocrx_word' id='word_1_686' title='bbox 1787 2817 1855 2855; x_wconf 89' lang='lat' dir='ltr'><strong>ipso</strong></span> <span class='ocrx_word' id='word_1_687' title='bbox 1872 2814 2066 2846; x_wconf 88' lang='lat' dir='ltr'><strong>monasterio</strong></span> <span class='ocrx_word' id='word_1_688' title='bbox 2079 2812 2245 2844; x_wconf 82' lang='lat' dir='ltr'><strong>extrahere</strong></span> <span class='ocrx_word' id='word_1_689' title='bbox 2259 2812 2379 2852; x_wconf 88' lang='lat' dir='ltr'><strong>ipsum-</strong></span> 
     </span>
     <span class='ocr_line' id='line_1_94' title="bbox 1371 2866 2425 2909; baseline -0.005 -9"><span class='ocrx_word' id='word_1_690' title='bbox 1371 2880 1432 2909; x_wconf 88' lang='lat' dir='ltr'><strong>que</strong></span> <span class='ocrx_word' id='word_1_691' title='bbox 1453 2869 1553 2908; x_wconf 86' lang='lat' dir='ltr'><strong>ligare</strong></span> <span class='ocrx_word' id='word_1_692' title='bbox 1576 2879 1613 2900; x_wconf 89' lang='lat' dir='ltr'><strong>ac</strong></span> <span class='ocrx_word' id='word_1_693' title='bbox 1636 2870 1779 2899; x_wconf 87' lang='lat' dir='ltr'><strong>vinctum</strong></span> <span class='ocrx_word' id='word_1_694' title='bbox 1806 2873 1836 2899; x_wconf 91' lang='lat' dir='ltr'><strong>et</strong></span> <span class='ocrx_word' id='word_1_695' title='bbox 1865 2869 1944 2899; x_wconf 85' lang='lat' dir='ltr'><strong>alias</strong></span> <span class='ocrx_word' id='word_1_696' title='bbox 1972 2866 2186 2906; x_wconf 86' lang='lat' dir='ltr'><strong>ignominiose</strong></span> <span class='ocrx_word' id='word_1_697' title='bbox 2212 2869 2379 2896; x_wconf 84' lang='lat' dir='ltr'><strong>tractatum</strong></span> <span class='ocrx_word' id='word_1_698' title='bbox 2421 2881 2425 2888; x_wconf 42' lang='grc' dir='ltr'><strong><em>Δ</em></strong></span> 
     </span>
     <span class='ocr_line' id='line_1_95' title="bbox 1372 2919 2424 2963; baseline -0.004 -11"><span class='ocrx_word' id='word_1_699' title='bbox 1372 2923 1498 2963; x_wconf 76' lang='lat' dir='ltr'><strong>pretatis</strong></span> <span class='ocrx_word' id='word_1_700' title='bbox 1520 2923 1670 2961; x_wconf 81' lang='lat' dir='ltr'><strong>magistro</strong></span> <span class='ocrx_word' id='word_1_701' title='bbox 1690 2923 1727 2953; x_wconf 94' lang='lat' dir='ltr'><strong>G.</strong></span> <span class='ocrx_word' id='word_1_702' title='bbox 1752 2927 1782 2953; x_wconf 87' lang='lat' dir='ltr'><strong>et</strong></span> <span class='ocrx_word' id='word_1_703' title='bbox 1800 2922 1906 2953; x_wconf 85' lang='lat' dir='ltr'><strong>abbati</strong></span> <span class='ocrx_word' id='word_1_704' title='bbox 1928 2920 2113 2952; x_wconf 87' lang='lat' dir='ltr'><strong>monasterii</strong></span> <span class='ocrx_word' id='word_1_705' title='bbox 2138 2919 2218 2950; x_wconf 78' lang='lat' dir='ltr'><strong>Caso</strong></span> <span class='ocrx_word' id='word_1_706' title='bbox 2235 2919 2296 2950; x_wconf 86' lang='lat' dir='ltr'><strong>Dei</strong></span> <span class='ocrx_word' id='word_1_707' title='bbox 2321 2927 2379 2950; x_wconf 88' lang='lat' dir='ltr'><strong>seu</strong></span> <span class='ocrx_word' id='word_1_708' title='bbox 2415 2925 2424 2931; x_wconf 48' lang='lat'><strong>¹*</strong></span> 
     </span>
     <span class='ocr_line' id='line_1_96' title="bbox 1370 2963 2419 3015; baseline -0.004 -9"><span class='ocrx_word' id='word_1_709' title='bbox 1370 2976 1441 3006; x_wconf 88' lang='lat' dir='ltr'><strong>aliis</strong></span> <span class='ocrx_word' id='word_1_710' title='bbox 1457 2977 1494 3006; x_wconf 87' lang='lat' dir='ltr'><strong>de</strong></span> <span class='ocrx_word' id='word_1_711' title='bbox 1513 2977 1656 3015; x_wconf 88' lang='lat' dir='ltr'><strong>ipsorum</strong></span> <span class='ocrx_word' id='word_1_712' title='bbox 1677 2977 1825 3007; x_wconf 86' lang='lat' dir='ltr'><strong>mandato</strong></span> <span class='ocrx_word' id='word_1_713' title='bbox 1844 2975 1966 3006; x_wconf 87' lang='lat' dir='ltr'><strong>tradere</strong></span> <span class='ocrx_word' id='word_1_714' title='bbox 1982 2983 2044 3005; x_wconf 89' lang='lat' dir='ltr'><strong>uon</strong></span> <span class='ocrx_word' id='word_1_715' title='bbox 2067 2973 2209 3012; x_wconf 86' lang='lat' dir='ltr'><strong>expavit,</strong></span> <span class='ocrx_word' id='word_1_716' title='bbox 2228 2973 2332 3012; x_wconf 87' lang='lat' dir='ltr'><strong>priore</strong></span> <span class='ocrx_word' id='word_1_717' title='bbox 2348 2977 2380 3003; x_wconf 85' lang='lat' dir='ltr'><strong>et</strong></span> <span class='ocrx_word' id='word_1_718' title='bbox 2407 2963 2419 3006; x_wconf 60' lang='lat'><strong>..⁶-</strong></span> 
     </span>
     <span class='ocr_line' id='line_1_97' title="bbox 1371 3026 2378 3065; baseline -0.004 -6"><span class='ocrx_word' id='word_1_719' title='bbox 1371 3034 1529 3060; x_wconf 89' lang='lat' dir='ltr'><strong>conventu</strong></span> <span class='ocrx_word' id='word_1_720' title='bbox 1553 3030 1629 3060; x_wconf 86' lang='lat' dir='ltr'><strong>dicti</strong></span> <span class='ocrx_word' id='word_1_721' title='bbox 1652 3030 1836 3060; x_wconf 86' lang='lat' dir='ltr'><strong>monasterii</strong></span> <span class='ocrx_word' id='word_1_722' title='bbox 1863 3027 2140 3059; x_wconf 87' lang='lat' dir='ltr'><strong>Brantholmensis</strong></span> <span class='ocrx_word' id='word_1_723' title='bbox 2160 3035 2216 3065; x_wconf 87' lang='lat' dir='ltr'><strong>per</strong></span> <span class='ocrx_word' id='word_1_724' title='bbox 2239 3026 2378 3056; x_wconf 86' lang='lat' dir='ltr'><strong>eundem</strong></span> 
     </span>
     <span class='ocr_line' id='line_1_98' title="bbox 1369 3080 2376 3123; baseline -0.003 -9"><span class='ocrx_word' id='word_1_725' title='bbox 1369 3085 1588 3116; x_wconf 83' lang='lat' dir='ltr'><strong>Johannetum</strong></span> <span class='ocrx_word' id='word_1_726' title='bbox 1609 3090 1638 3116; x_wconf 90' lang='lat' dir='ltr'><strong>et</strong></span> <span class='ocrx_word' id='word_1_727' title='bbox 1659 3086 1832 3116; x_wconf 86' lang='lat' dir='ltr'><strong>servientes</strong></span> <span class='ocrx_word' id='word_1_728' title='bbox 1848 3084 1947 3123; x_wconf 88' lang='lat' dir='ltr'><strong>ipsius</strong></span> <span class='ocrx_word' id='word_1_729' title='bbox 1964 3091 2088 3114; x_wconf 86' lang='lat' dir='ltr'><strong>necnon</strong></span> <span class='ocrx_word' id='word_1_730' title='bbox 2106 3086 2137 3112; x_wconf 90' lang='lat' dir='ltr'><strong>et</strong></span> <span class='ocrx_word' id='word_1_731' title='bbox 2157 3089 2212 3118; x_wconf 83' lang='lat' dir='ltr'><strong>per</strong></span> <span class='ocrx_word' id='word_1_732' title='bbox 2228 3080 2376 3112; x_wconf 81' lang='lat' dir='ltr'><strong>abbatem</strong></span> 
     </span>
    </p>
   </div>
   <div class='ocr_carea' id='block_1_9' title="bbox 2404 1138 2477 3637">
    <p class='ocr_par' dir='ltr' id='par_1_9' title="bbox 2404 1138 2477 3637">
     <span class='ocr_line' id='line_1_99' title="bbox 2404 1138 2477 3637; baseline 0 0"><span class='ocrx_word' id='word_1_733' title='bbox 2404 1138 2477 3637; x_wconf 95' lang='lat' dir='ltr'><strong> </strong></span> 
     </span>
    </p>
   </div>
  </div>
 </body>
</html>
