2477 3637
315 399 349 427 9-3
1062 392 1296 423 REGISTRES
1321 394 1374 423 DE
1397 393 1580 423 Nicon-is
1605 393 1658 422 [v.

649 459 861 487 §aime-Maric-
871 458 1006 492 ,Χία-161116,
1019 458 1034 484 6
1051 458 1154 485 sevi-ier
1169 458 1244 486 isso.

383 464 474 493 48⁰

350 526 554 560 Indulgentiae.
573 523 654 556 (Rizo.
675 523 716 551 44,
737 531 761 548 ‹·.
779 521 838 550 310,
857 521 874 547 f.
893 521 921 546 71
942 522 988 549 1¹⁰.)

356 641 471 669 hilensis
489 639 563 675 liliis
588 659 607 666 ..
627 637 761 674 qenercili'
784 641 808 664 e!
830 635 1084 672 provintialibus,
1107 637 1263 671 prioribus
1283 646 1316 665 ac

314 695 386 723 <iliis
409 693 558 729 frutribus
580 691 729 719 universis
753 689 872 717 ordinis
889 689 1110 717 lleremicarum
1131 689 1235 718 Sancti
1258 691 1315 718 Att-

312 747 439 783 pristini.
453 743 689 781 indulgentiam
699 741 842 771 concedit
856 742 951 770 unius
967 741 1046 770 anni
1058 746 1088 770 et
1100 741 1315 779 quadraginta

313 799 436 828 dierum
447 796 596 826 omuibus
609 804 679 824 vere
692 794 926 833 poenitentibus
941 798 970 823 et
981 794 1134 824 confessis
1150 795 1217 832 qui,
1238 804 1313 833 quo-

314 852 394 880 tiens
417 849 584 888 liujusdem
601 847 856 885 congregationis
872 846 1047 886 capitulum
1069 851 1312 885 congregratnm

313 905 417 939 ruerit,
437 903 520 942 quod
532 912 567 932 ex
585 902 810 932 constitutione
828 901 976 940 praedicti
988 901 1111 930 ordinis
1123 901 1161 930 de
1176 901 1313 931 triennio

313 958 346 987 in
375 957 550 986 triennium
575 955 761 991 celebratur,
787 954 825 984 ad
851 954 1025 993 praedictos
1048 955 1159 984 iratres
1183 963 1313 984 manum

312 1010 509 1050 porrexerint
524 1009 678 1046 caritatis,
697 1013 726 1038 et
741 1008 786 1038 eis
801 1008 855 1047 qui
877 1008 916 1037 ad
933 1016 1041 1038 eorum
1060 1008 1314 1046 praedicationes

312 1064 485 1094 audiendas
500 1063 648 1092 adierint.

353 1129 366 1144 α
386 1117 478 1146 Pium
498 1121 543 1146 est
559 1121 624 1146 et...
641 1133 678 1137 —
699 1116 766 1145 Dat.
788 1116 886 1145 Rome
907 1116 989 1155 apud
1008 1116 1155 1145 Sanctam
1175 1116 1311 1145 Mariam

314 1171 484 1209 Majoreni,
504 1179 554 1198 vni
572 1170 643 1199 idus
660 1169 827 1205 februarii,
848 1177 932 1199 anno
950 1169 1060 1207 primo.
1084 1181 1097 1195 n

379 1357 460 1384 48¹
645 1354 994 1389 Sainte-Marie-MaJeure,
1006 1355 1021 1382 6
1036 1356 1138 1381 fevi-ier
1152 1354 1237 1385 1289.»

345 1418 548 1450 Indulgentiae.
568 1417 649 1449 (Rno.
668 1417 710 1449 lili,
727 1426 752 1443 c.
770 1417 829 1448 311,
848 1417 865 1443 s.
883 1417 912 1442 ῖ1
932 1424 975 1449 1⁸⁰3
995 1416 1111 1447 PoTTn„
1130 1417 1237 1448 22873.)

348 1534 461 1562 Eisdem
475 1532 709 1570 indulgentiam
723 1531 866 1562 concedit
879 1536 1008 1562 centum
1022 1532 1148 1562 dierum
1161 1533 1311 1563 omnibus

309 1595 380 1616 vere
414 1586 649 1624 poenitentibus
681 1590 712 1615 et
746 1585 898 1616 confessis
928 1586 983 1624 qui
1017 1585 1166 1616 ecclesias
1200 1594 1312 1616 eorum

310 1639 344 1668 in
370 1639 610 1677 Assumptionis
633 1639 741 1669 beatae
769 1638 889 1668 Mariae
913 1642 943 1669 et
969 1638 1001 1668 S.
1021 1639 1199 1677 Augustini
1222 1639 1311 1670 festi-

308 1693 468 1729 vitatibus,
491 1693 524 1722 in
541 1692 654 1722 diebus
673 1693 881 1723 dedicationis
905 1693 1089 1723 earumdem
1105 1693 1311 1724 ecclesiarum

309 1750 338 1775 et
354 1754 453 1784 usque
470 1745 509 1774 ad
523 1750 591 1776 octo
607 1746 674 1775 dies
692 1750 861 1785 sequentes
876 1746 1088 1776 visitaverint.

348 1811 361 1825 «
382 1798 467 1828 Licet
482 1799 508 1828 is
523 1798 599 1828 de...
617 1816 655 1821 —
672 1799 742 1829 Dat.
761 1804 915 1838 utsupra.
937 1812 948 1826 n

376 1984 462 2012 482

343 2046 526 2081 Privilegium
542 2047 631 2073 electo
649 2046 817 2081 Seguntino.
836 2047 917 2081 (Rea.
936 2049 979 2082 44,
997 2058 1022 2076 6.
1041 2050 1102 2081 312,
1120 2051 1139 2077 f.
1157 2051 1187 2077 71
1208 2053 1256 2084 r0.)

643 1983 996 2020 Sainte-Marie-Majeure,
1014 1986 1145 2013 31611161-
1163 1988 1238 2015 1‘289.

348 2149 488 2186 Magistro
513 2148 629 2186 Garsie,
647 2149 733 2178 electo
754 2151 868 2180 ecclesie
883 2151 1058 2190 Seguntiae,
1080 2157 1153 2183 tnnc
1168 2153 1252 2192 apud
1264 2163 1310 2184 se-

307 2201 379 2231 dem
402 2201 604 2240 apostolicam
627 2202 816 2239 constituto,
842 2203 986 2242 indulget
1012 2209 1166 2244 utusque
1190 2206 1229 2236 ad
1249 2211 1310 2237 tres

308 2263 433 2284 menses
450 2259 517 2293 post
532 2255 802 2286 consecrationem
817 2257 885 2296 ejus
903 2261 1027 2297 tempus
1047 2259 1075 2288 ei
1099 2268 1228 2290 currere
1245 2269 1309 2291 non

308 2307 441 2346 incipiat
456 2308 494 2337 ad
508 2313 694 2347 personatus
705 2332 713 2346 ‚
733 2309 915 2348 dignitates,
932 2313 1128 2350 praebendas
1144 2318 1174 2343 et
1188 2314 1308 2344 henefi-

308 2361 355 2391 cia
367 2385 374 2397 ,
391 2361 430 2391 ad
447 2361 645 2392 collationem
661 2354 928 2403 ejus'spectantia,
945 2366 1147 2396 conferenda.

349 2426 362 2440 α
391 2414 457 2444 Tne
484 2414 661 2445 devotionis
690 2416 895 2447 sinceritas...
925 2435 965 2440 —
992 2419 1062 2449 Dat.
1096 2420 1196 2450 Rome
1227 2422 1311 2460 apud

308 2466 456 2496 Sanctam
487 2468 621 2497 Mariam
654 2469 827 2508 Majorem,
854 2480 884 2500 Vl
914 2471 986 2501 idus
1020 2472 1192 2510 februarii,
1223 2483 1309 2505 anno

306 2528 419 2557 primo.
441 2530 455 2548 2

376 2692 462 2720 483

342 2752 485 2780 Gerardus
501 2754 633 2786 Roberti,
651 2758 830 2792 praepositus
845 2760 984 2787 ecclesiae
1000 2760 1194 2794 pictavensis,
1211 2772 1307 2791 coram

308 2800 375 2826 sede
386 2802 540 2835 apostolica
552 2803 664 2831 citatur.
678 2804 760 2837 (Rea.
774 2806 815 2838 44,
829 2815 854 2834 c.
867 2807 927 2840 313,
941 2809 960 2835 f.
976 2810 1005 2836 71
1023 2818 1065 2843 r⁰3
1085 2811 1150 2838 LAP.
1162 2821 1196 2839 nn
1208 2812 1306 2845 Tuan„

309 2847 330 2881 1,
348 2849 418 2881 141.)

624 2694 968 2731 Sainte-Marie-Majeure.
990 2698 1022 2725 13
1038 2699 1140 2725 fevi-im·
1157 2700 1235 2727 1289.

348 2951 464 2980 Dilectis
488 2953 563 2988 filiis
588 2956 741 2992 maqt'slris
763 2958 897 2988 Johanm'
920 2960 954 2989 de
976 2961 1102 2999 Buryis,
1122 2963 1228 2993 Sancte
1249 2965 1307 2994 Ra-

309 3002 453 3039 dequndis
480 3004 676 3045 metat-ensis,
705 3015 730 3038 et
755 3010 905 3042 Balduino
934 3014 968 3042 de
996 3015 1075 3052 Kevi‘,
1102 3017 1188 3045 Beate
1212 3017 1308 3047 Marie

309 3055 342 3084 de
365 3056 537 3094 Mirabello,
564 3068 598 3088 <ic
623 3061 781 3093 Guiclecmo
805 3065 883 3095 dicto
909 3066 1003 3106 Corte,
1029 3069 1063 3098 cle
1086 3070 1302 3107 ilorcziomari,

1819 461 2012 489 ecclesiarum
2049 463 2213 491 canonicis.
2247 475 2259 489 α
2293 463 2406 494 Petitio

1401 512 1594 542 venerabilis
1629 513 1734 542 [ratris
1768 513 1868 543 nostri
1902 536 1922 543 ..
1954 515 2094 553 episcopi
2121 515 2319 546 Pictavensis
2347 525 2405 547 no-

1400 566 1448 595 bis
1477 566 1617 595 exhibita
1634 566 1816 595 continebat
1831 566 1935 604 quod,
1956 566 2031 596 licet
2046 568 2200 598 correctio
2217 577 2404 600 excessuum

1399 618 1588 648 clericorum
1623 619 1815 648 Pictnvensis
1850 619 1989 648 civitatis
2025 622 2055 649 el
2087 619 2222 650 diocesis
2253 621 2294 651 ad
2331 630 2406 653 eum

1399 671 1562 701 dumtaxat
1593 673 1752 711 pertinere
1797 677 1965 709 noscatur,
1999 677 2103 702 tamen
2142 673 2302 704 Gerardus
2339 675 2405 706 Ro-

1399 724 1493 761 berti,
1516 725 1694 763 prepositus
1711 725 1842 755 ecclesie
1862 725 2078 762 Pictavensis,
2103 726 2141 769 ad
2161 727 2298 765 injurias
2320 728 2405 767 epis-

1397 778 1465 815 copi
1489 778 1631 816 ejusdem
1648 779 1812 817 aspirans,
1836 779 1914 809 duos
1941 778 2073 809 clericos
2094 780 2231 819 predicte
2249 781 2402 820 diocesis,

1398 832 1452 869 qui
1466 841 1520 869 per
1535 832 1613 861 alios
1629 833 1712 871 capti
1729 832 1864 868 fuerant,
1880 833 1918 861 ad
1933 841 2024 862 suam
2037 833 2215 863 custodiam
2229 834 2405 873 apprehen-

1397 885 1476 914 dens
1497 890 1527 915 et
1545 886 1662 915 faciens
1686 895 1740 925 pro
1761 886 1922 916 voluntate
1941 895 1996 916 sua
2013 886 2149 917 detineri
2173 887 2330 926 captivos,
2353 896 2402 918 re-

1397 939 1535 977 quisitus
1559 949 1652 978 super
1677 940 1735 970 hoc
1762 939 1897 978 pluries,
1915 939 2014 969 dictos
2033 939 2181 977 clericos,
2197 945 2290 980 prout
2313 945 2404 972 tene-

1397 992 1501 1030 batur,
1524 993 1598 1023 dare
1622 994 1682 1032 ipsi
1710 994 1855 1032 episcopo
1880 1002 1944 1024 non
1970 993 2072 1024 solum
2104 994 2310 1032 pertinaciter
2336 1003 2404 1025 non

1397 1046 1530 1083 curavit,
1542 1046 1733 1084 quinimmo,
1747 1047 1859 1085 spiritu
1876 1047 1914 1076 ad
1932 1046 2114 1085 superbiam
2125 1047 2304 1084 obfirmato,
2315 1055 2404 1079 asso-

1397 1098 1487 1128 ciatis
1513 1099 1571 1129 sibi
1600 1100 1765 1129 nonnullis
1790 1100 1915 1130 clericis
1934 1105 1963 1129 et
1988 1099 2090 1136 laicis,
2120 1100 2153 1129 in
2173 1100 2404 1139 jusjurandum

1397 1151 1560 1182 fidelitatis
1581 1157 1611 1182 et
1633 1153 1793 1191 homagii,
1813 1153 1897 1192 quod
1916 1153 2000 1183 idem
2022 1153 2199 1191 prepositus
2219 1152 2302 1184 dicto
2319 1153 2404 1192 epis·

1396 1213 1472 1244 copo
1488 1206 1663 1244 prestitisse
1676 1207 1865 1242 dinoscitur,
1884 1207 2082 1237 committere
2099 1215 2162 1236 non
2179 1207 2330 1244 verendo,
2346 1206 2403 1237 do-

1395 1268 1464 1289 mos
1481 1260 1668 1299 episcopalis
1680 1261 1764 1290 sedis
1783 1261 1993 1296 Pictavensis,
2008 1260 2259 1299 presumptuosis
2274 1260 2404 1291 ausibus

1395 1312 1551 1342 invadens
1569 1313 1738 1351 hostiliter,
1759 1314 1881 1344 custodi
1898 1315 2034 1344 carceris
2054 1314 2137 1344 dicte
2156 1313 2240 1344 sedis
2262 1313 2404 1345 clavibus

1396 1367 1499 1404 ipsius
1517 1368 1652 1397 carceris
1666 1368 1823 1398 violenter
1837 1368 1965 1406 ablatis,
1985 1377 2144 1398 carcerem
2163 1368 2266 1407 ipsam
2281 1368 2406 1407 aperire

1394 1429 1431 1450 ac
1443 1420 1557 1450 exinde
1570 1420 1731 1459 quendam
1743 1421 1861 1451 librum
1874 1422 1908 1451 in
1922 1421 2068 1451 falsitatis
2081 1421 2220 1452 crimine
2229 1421 2403 1460 deprehen-

1395 1482 1467 1503 sum
1483 1474 1521 1503 de
1543 1474 1626 1504 dicto
1645 1482 1782 1512 carcere,
1802 1475 1857 1504 ubi
1872 1484 1946 1505 eum
1963 1475 2101 1505 detineri
2118 1475 2305 1505 nominatus
2321 1474 2404 1514 epis—

1396 1536 1491 1566 copus
1509 1536 1581 1557 cum
1595 1527 1763 1565 diligentia
1779 1528 1923 1565 faciebat,
1942 1528 2076 1559 educere
2089 1529 2216 1567 propria
2228 1528 2407 1559 temeritate

1395 1581 1599 1620 presumpsit,
1619 1590 1672 1619 per
1687 1581 1744 1611 hee
1758 1581 1913 1620 impedire
1926 1582 2186 1621 jurisdictionem
2203 1582 2304 1621 ipsius
2321 1581 2404 1620 epis-

1395 1635 1462 1673 copi
1481 1634 1659 1671 moliendo,
1677 1634 1711 1663 iu
1729 1634 1804 1664 dicti
1821 1635 1958 1673 episcopi
1973 1640 2002 1664 et
2018 1635 2162 1673 ejusdem
2180 1634 2265 1665 sedis
2282 1634 2404 1674 episco-

1395 1688 1474 1727 palis
1499 1687 1698 1717 Pictavensis
1718 1687 1931 1726 prejudicium
1957 1692 2021 1718 non
2050 1688 2229 1725 modicum,
2248 1687 2404 1728 injuriam

1395 1746 1425 1772 et
1440 1746 1668 1780 contemptum.
1687 1742 1792 1778 Quare
1813 1742 1972 1781 predictus
1994 1742 2160 1781 6915609115
2183 1742 2276 1773 nobis
2291 1742 2403 1772 humi—

1394 1795 1467 1826 liter
1484 1795 1673 1835 supplicavit
1687 1800 1732 1832 ut,
1753 1804 1827 1825 cum
1844 1795 1911 1834 ipse
1929 1798 2058 1834 propter
2072 1796 2248 1834 potentiam
2264 1799 2295 1825 et
2310 1794 2403 1825 mali-

1396 1851 1470 1880 tiam
1487 1849 1564 1880 dicti
1580 1849 1744 1888 prepositi,
1763 1849 1819 1887 qui
1834 1852 1946 1887 potens
1964 1848 2089 1885 existit,
2107 1857 2171 1879 non
2187 1848 2285 1888 possit
2295 1852 2405 1879 contra

1395 1913 1468 1933 eum
1485 1903 1523 1933 de
1542 1902 1628 1932 facili
1652 1911 1745 1941 super
1760 1902 1869 1932 hocin
1887 1900 1950 1931 illis
1975 1901 2119 1940 partibus
2135 1910 2226 1932 suam
2243 1902 2403 1941 justitiam

1393 1957 1549 1993 obtinere,
1564 1956 1730 1995 providere
1746 1955 1807 1985 sibi
1822 1955 1856 1984 in
1871 1955 1930 1984 hac
1947 1959 2034 1993 parte
2047 1954 2087 1984 de
2101 1955 2302 1994 benignitate
2317 1963 2404 1994 apos-

1395 2011 1488 2041 tolica
1517 2010 1736 2048 dignaremur,
1762 2009 1909 2038 faciendo
1934 2009 1962 2038 ei
1985 2017 2080 2047 super
2102 2008 2162 2039 hoc
2185 2008 2271 2048 apud
2296 2009 2404 2039 sedem

1393 2064 1596 2103 apostolicam
1605 2063 1762 2102 justitiam
1776 2062 1931 2092 exhiberi.
1948 2062 2012 2092 Nos
2024 2062 2132 2101 itaque
2144 2061 2289 2092 nolentes
2298 2062 2404 2093 eidem

1394 2119 1537 2158 episcopo
1554 2118 1588 2147 in
1611 2125 1667 2147 suo
1679 2117 1753 2155 jure
1770 2116 1900 2152 deesse,
1922 2115 1978 2154 qui
1999 2124 2110 2145 sumus
2125 2115 2160 2145 111
2179 2115 2236 2146 1110
2251 2116 2403 2147 omnihus

1393 2172 1567 2207 debitores,
1586 2169 1772 2200 discretioni
1789 2174 1892 2199 vestre
1914 2178 1969 2208 per
1985 2167 2155 2207 apostolica
2177 2168 2292 2208 scripta
2310 2177 2403 2199 man-

1393 2226 1506 2256 damus
1523 2229 1699 2264 quatenus,
1726 2224 1752 2252 si
1773 2223 1862 2253 vobis
1878 2231 1934 2261 per
1955 2222 2144 2260 indaginem
2167 2230 2232 2252 non
2255 2221 2403 2263 sollemp-

1393 2289 1468 2310 nem
1481 2279 1531 2309 vel
1545 2278 1625 2309 alias
1634 2287 1688 2317 per
1701 2277 1820 2307 famam
1831 2276 2010 2306 constiterit
2022 2276 2061 2305 de
2074 2276 2252 2314 premissis,
2263 2276 2402 2307 eundem

1392 2333 1589 2372 prepositum
1612 2341 1648 2362 ex
1671 2334 1757 2371 parte
1782 2334 1889 2361 nostra
1909 2330 2119 2368 peremptorie
2140 2329 2238 2360 citare
2261 2330 2399 2368 curetis,

1395 2391 1427 2416 ut
1442 2387 1526 2416 infra
1545 2386 1682 2416 duorum
1700 2384 1862 2414 mensium
1879 2384 2015 2423 spatium
2039 2388 2108 2422 post
2129 2383 2315 2413 citationem
2330 2392 2400 2414 ves-

1394 2444 1475 2470 tram
1485 2443 1664 2478 compareat
1677 2437 1887 2477 personaliter
1902 2445 2010 2467 coram
2025 2437 2129 2474 nobis,
2147 2437 2288 2468 facturus
2304 2441 2335 2467 et
2350 2445 2400 2468 re-

1392 2498 1541 2532 cepturus
1563 2501 1658 2532 super
1685 2492 1744 2521 hoc
1766 2490 1853 2529 quod
1873 2490 1997 2529 justitia
2021 2490 2176 2521 suadebit.
2206 2490 2302 2521 Diem
2326 2497 2400 2521 vero

1392 2547 1552 2577 citationis
1571 2550 1602 2576 et
1622 2546 1759 2575 sormam
1775 2548 1805 2574 et
1825 2544 1980 2583 quicquid
1995 2552 2090 2583 super
2105 2543 2166 2574 hoc
2180 2543 2319 2574 feceritis
2342 2551 2399 2574 no·

1392 2601 1440 2630 bis
1467 2609 1522 2639 per
1541 2603 1662 2629 vestras
1687 2597 1808 2628 litteras
1832 2597 1949 2627 harum
1971 2597 2088 2627 seriem
2105 2597 2307 2628 continentes
2333 2601 2400 2628 stu-

1392 2653 1491 2683 deatis
1507 2652 1644 2682 fideliter
1659 2651 1819 2681 intimare.
1844 2650 1933 2686 Quod
1956 2650 1981 2680 si
2003 2658 2067 2681 non
2088 2658 2217 2688 omnes,
2242 2654 2314 2688 etc.‚
2338 2650 2400 2682 duo

1393 2712 1533 2736 vestrum
1546 2729 1554 2743 ,
1571 2709 1630 2735 etc.
1652 2706 1721 2734 Dat.
1750 2704 1851 2734 Rome
1872 2704 1955 2743 apud
1976 2693 2124 2734 Sanctam
2142 2703 2278 2734 Mariam
2301 2703 2400 2743 Majo-

1392 2770 1474 2796 rem,
1494 2760 1600 2790 idibus
1615 2758 1787 2794 februarii,
1807 2766 1892 2788 anuo
1910 2758 2024 2797 primo.
2047 2769 2060 2783 n

1403 461 1586 489 pictavensis
1623 460 1786 495 ‹linei-esis,

1462 2906 1550 2934 484

1702 2905 2065 2941 Sainte·Marie-Majeure,
2083 2905 2114 2933 13
2130 2905 2234 2932 fevriet·
2250 2904 2328 2932 1289.
2446 2936 2447 2946 γ

1430 2968 1466 2995 Ut
1482 2976 1578 3003 supra.
1594 2968 1679 3003 (Reg.
1694 2968 1736 3002 44,
1750 2976 1776 2995 c.
1793 2968 1856 3002 314,
1867 2968 1885 2995 s.
1901 2968 1929 2995 71
1951 2975 1994 3001 v⁰;
2014 2968 2080 2995 Lar.
2093 2977 2128 2996 nn
2139 2966 2337 3000 Ta211.‚1,142
2348 2968 2396 2998 vv.)
2445 2951 2447 2960 Ι

1432 3070 1558 3100 Eisdem.
1583 3082 1596 3096 ‹
1614 3070 1730 3100 Petitio
1757 3069 1952 3100 venerabilis
1972 3070 2078 3100 fratris
2104 3069 2204 3100 nostri
2222 3092 2243 3100 ..
2261 3067 2397 3108 episcopi
2441 3053 2445 3097 :¹
