2477 3637
232 349 268 379 18
979 340 1216 372 REGISTRES
1238 341 1292 370 DE
1315 340 1499 371 NICOLAS
1522 341 1578 371 IV.

725 408 936 439 Saint-Pierre,
953 408 986 435 30
1000 408 1069 434 avril
1086 407 1164 434 1288.

271 479 309 509 In
328 487 355 508 e.
379 485 423 506 ni.
441 475 612 506 Cristoforo
629 473 727 512 priori
743 472 780 501 de
804 470 964 506 Saltiano,
984 470 1136 500 Senensis
1152 469 1237 500 dioe-

230 531 322 567 cesis,
339 528 502 568 capellano
518 535 627 566 papae,
642 524 802 555 collectori
819 523 960 552 decimae
976 523 1011 551 in
1026 521 1236 560 Aquilegensi

230 589 260 615 et
275 582 431 614 Gradensi
448 579 714 620 patriarchatibus
733 582 762 606 et
776 575 1009 606 Mediolanensi
1025 584 1060 605 ac
1077 575 1236 604 Januensi

230 636 406 677 provintiis,
428 642 552 663 necnon
569 633 713 662 Cumana
725 655 732 668 ,
751 629 960 665 Feri-ariensi,
978 629 1158 663 Parmensi,
1177 629 1236 658 Re-

231 691 307 729 gina
331 694 360 719 et
384 686 561 717 Mutinensi
588 683 773 714 civitatibus
795 687 825 712 et
849 682 1048 712 dioecesibus
1072 690 1127 720 pro
1143 681 1235 719 regni

229 742 356 773 Siciliae
381 739 525 770 subsidio
546 739 722 776 deputatae.
750 736 821 766 Dat.
852 736 989 772 Romae,
1016 735 1098 774 apud
1116 735 1148 765 S.
1173 735 1234 765 Pe-

230 801 324 829 trum,
345 804 365 824 ιι
383 792 536 823 kalendas
554 790 652 827 maii,
669 798 755 820 anuo
772 789 886 829 primo.

720 903 932 934 Saint-Pierre,
950 903 983 930 30
998 904 1067 929 avril
1087 901 1162 928 1288.

270 973 306 1001 ln
330 980 357 1001 e.
381 979 424 1000 m.
451 970 605 1007 magistro
628 968 812 1007 Raynutio,
830 967 929 1006 priori
953 966 1103 996 ecclesiae
1119 965 1152 995 S.
1172 965 1234 994 Mi-

229 1025 348 1056 chaelis
373 1025 411 1054 de
433 1023 625 1054 Castellione
651 1021 752 1052 Vallis
779 1022 898 1057 Peme,
923 1019 1124 1050 Florentinae
1149 1018 1234 1048 dioe-

228 1079 320 1116 cesis,
335 1077 494 1108 collectori
507 1076 649 1106 decimae
666 1076 700 1105 in
715 1075 829 1104 ducatu
848 1073 1028 1112 Spoletano‚
1042 1071 1236 1111 patrimonio

228 1131 313 1163 beati
328 1131 414 1161 Petri
431 1131 465 1160 iu
483 1130 597 1159 Tuscia
614 1136 739 1158 necnon
752 1127 939 1162 Tudertina‚
954 1125 1111 1156 Perusina
1124 1129 1154 1154 ct
1164 1123 1235 1154 Cas-

229 1185 296 1215 telli
312 1184 494 1215 civitatibus
511 1188 540 1212 et
555 1182 754 1212 dioecesibus
770 1188 825 1219 pro
841 1179 933 1217 regui
948 1178 1077 1209 Siciliae
1093 1177 1236 1208 subsidio

228 1238 405 1277 deputatae.
424 1237 495 1266 Dat.
516 1236 647 1271 Romae,
666 1244 688 1264 11
703 1234 857 1264 kalendas
876 1233 965 1269 maii,
983 1240 1069 1262 anno
1085 1231 1199 1270 primo.

302 1408 493 1437 inl-102

264 1471 472 1498 Mercatoribus
498 1469 669 1505 quibusdam
697 1468 869 1495 Florentinis
893 1468 949 1494 duo
975 1467 1060 1493 millia
1085 1467 1235 1493 unciarum

227 1521 297 1550 auri,
314 1520 347 1546 ab
358 1520 430 1554 ipsis
440 1527 490 1554 pro
500 1518 666 1544 defensione
679 1517 758 1551 regni
772 1516 886 1543 Siciliae
899 1517 1044 1550 praestita,
1058 1515 1235 1542 restituenda

727 1405 938 1439 Saint-Pierrc,
957 1406 995 1431 r1er
1011 1406 1066 1431 mai
1085 1404 1160 1432 1288.

226 1569 261 1595 de
277 1568 396 1595 decimis
413 1577 463 1603 pro
481 1567 578 1594 cadem
597 1567 763 1593 defensioue
780 1566 924 1600 deputatis
940 1566 1077 1599 assignat.
1095 1565 1176 1593 (Rm.
1191 1565 1233 1598 44,

227 1627 252 1645 e.
269 1618 316 1651 5-2,
334 1618 352 1644 f.
374 1618 401 1644 it
419 1618 470 1649 vo.)

262 1667 276 1689 κ

269 1727 387 1756 Dilectis
403 1726 478 1763 filiis
497 1726 652 1754 leomasio
668 1724 792 1762 Sptliatz·
807 1729 832 1753 et
849 1724 924 1761 Lapa
940 1723 1093 1760 Ηιιῃοηῐε,
1111 1724 1234 1761 Iloqerio

227 1781 366 1810 ,llainecti
379 1803 386 1816 ,
403 1779 536 1808 Iohanni
554 1779 668 1815 Jacobs,
690 1779 743 1807 Feo
763 1778 954 1814 Bonfantini‚
974 1786 1007 1806 ac
1025 1778 1128 1806 ceteris
1146 1777 1236 1806 sociis

227 1835 333 1863 vestris
346 1834 462 1862 civilius
475 1837 501 1861 et
520 1833 735 1861 mercatoribus
748 1832 943 1867 Florentinis,
959 1830 1127 1860 confirmat
1143 1839 1233 1869 quas-

227 1887 300 1916 dam
332 1886 452 1915 litteras
481 1886 526 1915 eis
560 1894 577 1914 a
607 1884 740 1922 collegio
767 1883 982 1913 cardinalium
1012 1888 1081 1923 post
1109 1884 1233 1913 obitum

228 1939 363 1970 Honorii
381 1948 477 1978 papae
496 1939 563 1969 1111
583 1939 712 1976 missas,
730 1947 867 1977 quarum
885 1942 973 1968 tenor
988 1937 1061 1967 talis
1077 1942 1139 1967 est:

267 2003 282 2023 <t
302 1993 343 2023 Ex
362 1997 448 2032 parte
464 1997 567 2022 vestra
585 1992 646 2022 suit
666 1992 859 2031 propositum
885 1999 991 2020 coram
1013 1991 1121 2028 nobis,
1151 1991 1235 2030 quod

230 2058 244 2074 »
266 2046 342 2076 olim
359 2046 483 2075 dilectis
503 2045 580 2075 filiis
603 2045 764 2083 magistris
782 2035 874 2074 Petro
897 2044 935 2073 de
952 2044 1108 2083 Latyera,
1129 2043 1235 2082 capel-

230 2113 243 2127 ι
268 2099 341 2130 lano
359 2100 442 2129 sedis
467 2098 658 2138 apostolice,
682 2098 751 2128 Ade
776 2098 815 2128 de
840 2098 994 2128 Dussiaco
1019 2102 1048 2127 et
1073 2098 1235 2136 quondam

231 2165 244 2180 n
269 2153 408 2183 Guberto
429 2153 467 2182 de
489 2152 605 2182 Sancto
625 2151 780 2187 Quintino
807 2151 931 2181 clericis
945 2175 952 2188 ,
980 2152 1236 2190 procuratoribus

231 2218 244 2233 »
270 2205 463 2236 venerabilis
478 2206 585 2235 fratris
600 2205 700 2235 nostri
716 2205 754 2234 G.
773 2205 910 2243 episcopi
927 2204 1129 2241 Sabinensis,
1146 2213 1235 2243 apos-

233 2273 245 2287 »
271 2260 360 2290 tolice
375 2260 458 2289 sedis
473 2259 580 2297 legati,
596 2264 626 2289 et
639 2259 746 2289 dilecti
760 2258 819 2288 filii
832 2258 947 2288 nobilis
964 2258 1023 2287 viri
1043 2258 1094 2294 R„
1112 2258 1237 2288 comitis

232 2326 245 2340 »
271 2314 500 2350 Atrebatensis,
516 2312 698 2351 bajulorum
717 2312 919 2350 generalium
936 2312 1028 2350 regni
1045 2311 1165 2345 Sicilie,
1186 2321 1235 2341 re-

269 2367 462 2406 cipientibus
486 2374 540 2405 pro
558 2370 646 2404 parte
671 2371 702 2396 et
727 2366 856 2396 nomine
879 2365 1034 2395 heredum
1057 2365 1142 2395 clare
1168 2374 1237 2396 me-

232 2432 245 2446 »
270 2421 369 2450 morie
387 2419 492 2450 Caroli
516 2420 599 2457 regis
616 2419 743 2456 Sicilie,
771 2427 825 2458 pro
842 2418 1020 2448 necessaria
1038 2424 1113 2448 tunc
1131 2423 1161 2448 et
1176 2419 1236 2448 im-

233 2486 244 2499 ›·
271 2474 408 2503 minenti
428 2473 612 2503 defensione
634 2473 736 2511 ipsius
755 2473 856 2509 regni,
874 2473 913 2501 ad
931 2472 1118 2502 mandatum
1134 2472 1238 2502 felicis

233 2540 245 2554 ν»
267 2527 494 2557 recordationis
516 2527 639 2556 domini
664 2526 800 2556 Honorii
826 2534 903 2564 pape
930 2526 1014 2562 1111,
1041 2525 1079 2556 de
1102 2526 1239 2564 pecunia

234 2595 245 2607 »ι
270 2586 373 2611 vestra
395 2581 456 2611 duo
481 2580 572 2610 milia
597 2580 766 2610 unciarum
789 2579 861 2609 auri
887 2579 925 2608 ad
947 2578 1070 2617 pondus
1094 2579 1238 2618 ejusdem

271 2635 371 2673 regni,
389 2634 533 2673 quinque
547 2633 677 2663 florenis
692 2633 798 2662 aureis
817 2641 869 2671 pro
886 2632 982 2661 uncia
999 2631 1140 2670 qualibet
1155 2640 1239 2661 com-

234 2701 246 2714 »
272 2688 400 2727 putatis,
419 2686 615 2717 restituenda
631 2686 720 2716 vobis
743 2686 838 2716 certis
864 2685 931 2716 loco
952 2690 982 2715 et
1003 2685 1138 2715 termino
1159 2685 1237 2715 libe-

235 2754 247 2767 »
273 2742 383 2771 raliter
398 2741 579 2777 mutuastis,
598 2748 654 2779 pro
670 2740 785 2779 quibus
806 2739 904 2769 iidem
920 2743 1137 2778 procuratores
1157 2739 1239 2769 bona

234 2810 246 2823 n
272 2797 427 2826 dictorum
447 2796 602 2825 heredum
623 2801 686 2825 tam
705 2795 836 2825 mobilia
851 2803 949 2834 quain
970 2794 1096 2824 stabilia
1116 2799 1146 2824 et
1166 2804 1238 2833 spe-

234 2863 245 2876 ι
273 2849 398 2880 cialiter
413 2858 548 2887 regnum
565 2849 690 2886 Sicilie,
709 2848 856 2885 ducatus⁵
876 2849 1088 2887 principatus,
1106 2848 1239 2879 comita-

235 2916 247 2930 ι»
274 2908 322 2933 tus
345 2907 374 2932 et
399 2907 499 2931 castra
521 2907 551 2932 et
573 2903 805 2941 perceptionem
829 2902 1028 2933 decimarum
1054 2912 1108 2941 per
1130 2903 1239 2932 sedem

236 2969 248 2983 ,ι
272 2955 476 2995 apostolicam
511 2964 732 2985 concessarum
765 2956 891 2993 nogotio
920 2955 995 2985 dicti
1026 2955 1117 2993 regni
1149 2955 1239 2985 vobis

237 3022 249 3036 n
273 3008 452 3048 specialiter
467 3013 497 3038 et
514 3008 704 3046 generaliter
719 3008 938 3046 obligarunt...
954 3020 966 3036 n
980 3009 1083 3044 Quare
1098 3009 1240 3047 praedie-

231 2380 244 2393 5

234 2648 240 2661 t

1318 411 1386 437 turn
1407 407 1577 445 collegium
1589 431 1596 444 ‚
1622 415 1723 445 quum
1740 407 1861 438 elsdem
1881 409 2110 440 mercatoribus
2128 417 2183 448 pro
2198 407 2324 438 cautela

1319 461 1473 490 concessit
1491 464 1525 490 ut
1540 459 1578 490 de
1594 459 1730 499 pecunia
1744 459 1942 491 decimarum
1958 461 2162 492 collectarum
2179 469 2235 500 pro
2248 462 2324 492 sub-

1319 513 1399 543 sidio
1411 513 1527 543 Terrae
1543 512 1677 543 Sanctae
1693 521 1790 551 penes
1801 522 1853 543 eos
1868 513 2024 553 deposita,
2043 523 2142 554 usque
2153 514 2192 544 ad
2205 514 2326 552 praefa-

1321 570 1383 596 tam
1399 567 1610 606 quantitatem
1627 566 1765 596 retinere
1782 571 1924 605 possent,
1943 567 2074 597 mandat
2090 572 2123 597 ut
2138 568 2176 597 de
2192 567 2326 597 decimis

1319 620 1476 649 concessis
1508 619 1633 658 negotio
1663 619 1755 657 regni
1785 618 1914 649 Siciliae
1943 620 2008 650 illis
2038 620 2132 659 plena
2155 619 2326 651 satisfactio

1319 673 1531 711 impendatur.
1559 673 1629 702 Dat.
1652 672 1790 709 Romae,
1813 672 1898 711 apud
1913 672 2060 703 Sanctam
2083 673 2254 710 Sabinam,
2279 682 2326 704 vu

1319 724 1471 755 kalendas
1494 726 1663 761 februarii,
1687 735 1772 756 anno
1797 727 1928 756 Domini
1948 727 1994 757 M⁰
2009 726 2072 757 CC⁰
2090 726 2324 766 LXXXVIII’,

1318 778 1487 817 apostolica
1502 779 1575 809 sede
1591 784 1735 809 vacante.

1361 843 1374 858 α
1393 832 1549 862 Tenorem
1575 832 1791 871 quarumdam
1814 831 2033 863 litterarum...
2050 849 2089 854 —
2109 833 2181 863 Dat.
2205 833 2324 870 Rome,

1318 884 1402 922 apud
1417 884 1448 914 S.
1469 885 1783 927 Petrum2kalendis
1800 885 1894 921 maii,
1912 894 2001 915 auno
2018 886 2130 925 primo.
2148 898 2160 912 »

1359 938 1397 967 In
1419 947 1443 967 e.
1473 946 1516 967 m.
1540 938 1660 969 eisdem
1682 947 1736 978 pro
1759 947 1886 969 summa
1909 943 2135 969 sexcentarum
2161 939 2328 977 sexaginta

1319 999 1370 1019 sex
1388 991 1557 1021 unciarum
1573 997 1603 1021 et
1619 992 1733 1029 viginti
1745 997 1950 1022 tani-enorum
1963 992 2033 1021 auri
2046 992 2085 1021 ad
2099 991 2223 1030 pondus
2234 991 2327 1030 regni

1319 1043 1446 1074 Siciliae
1458 1068 1465 1080 ,
1482 1045 1624 1084 quinque
1639 1045 1768 1076 florenis
1783 1046 1853 1075 auri
1878 1054 1931 1084 pro
1953 1045 2049 1075 uncia
2073 1044 2217 1084 qualibet
2237 1053 2331 1076 com-·

1319 1097 1446 1135 putatis.

1392 1256 1585 1284 flua-104

1353 1317 1563 1344 Mercatoribus
1588 1318 1761 1353 quibusdam
1785 1318 1966 1346 Senensibus
1992 1319 2049 1345 duo
2071 1319 2158 1346 millia
2177 1319 2330 1346 unciarum

1317 1367 1388 1398 auri,
1401 1367 1435 1393 ab
1448 1367 1519 1401 ipsis
1530 1375 1580 1401 pro
1594 1367 1761 1394 defensione
1773 1368 1852 1401 regni
1867 1368 1983 1395 Siciliae
1996 1368 2141 1403 praestita,
2151 1367 2330 1395 restituenda

1317 1415 1353 1442 de
1368 1415 1489 1442 decimis
1507 1424 1557 1450 pro
1573 1415 1672 1442 eadem
1688 1415 1854 1443 defensione
1870 1416 2015 1452 deputatis
2031 1417 2171 1452 assignat.
2188 1415 2271 1450 (Rau.
2284 1416 2328 1448 44,

1317 1472 1342 1490 c.
1361 1464 1404 1496 53,
1422 1465 1442 1491 f.
1461 1465 1491 1491 15
1509 1466 1558 1498 r0.)

1821 1257 2033 1291 Salat-pierre,
2050 1259 2090 1284 1·r
2105 1258 2161 1284 mai
2177 1256 2256 1285 1288.
2299 1285 2309 1294 ,

1358 1568 1479 1597 Dilectis
1495 1568 1571 1605 filiis
1591 1569 1798 1597 Bonaventure
1819 1568 2006 1596 Bernardt‘ni
2021 1591 2028 1604 ,
2045 1569 2194 1606 Raynerio
2209 1569 2328 1606 Jacotn',

1318 1622 1432 1659 Panyz'o
1460 1622 1598 1658 Gummi,
1625 1622 1776 1659 Raynutio
1801 1622 1837 1650 de
1867 1621 1988 1658 Balzis,
2017 1622 2107 1650 Facio
2132 1622 2328 1660 Beriynonis‚

1321 1676 1418 1705 Titure
1433 1676 1596 1705 Bonamilti
1605 1699 1612 1712 ,
1632 1680 1658 1704 et
1674 1675 1769 1705 Bz'ndo
1789 1675 1900 1705 Ctariti
1912 1699 1919 1711 ,
1937 1684 1971 1704 ac
1991 1676 2094 1704 ceteris
2115 1676 2223 1705 vestris
2240 1675 2330 1704 sociis

1317 1730 1352 1759 de
1369 1730 1506 1758 societate
1522 1730 1616 1767 ipsius
1629 1729 1848 1765 Βοηαυεηιιινε,
1865 1730 1980 1758 civibus
1998 1734 2024 1758 et
2040 1729 2262 1759 mercatoribus
2275 1727 2328 1757 Se-

1318 1783 1476 1819 nensibus,
1493 1782 1663 1812 confirmat
1678 1781 1800 1811 similes
1815 1782 1935 1811 litteras
1952 1786 1987 1811 ut
2003 1789 2110 1820 supra.

1360 1849 1372 1863 u
1394 1836 1551 1866 Tenorem
1577 1836 1791 1874 quarumdam
1817 1836 2090 1865 litterarum...—
2113 1835 2185 1865 Dat.
2215 1833 2328 1872 Rome,

1317 1889 1401 1928 apud
1417 1890 1570 1920 Sanctum
1588 1890 1734 1926 Petrum,
1753 1888 1902 1919 kalendis
1919 1889 1998 1918 maii
2012 1912 2018 1925 ‚
2038 1897 2124 1918 anno
2139 1888 2254 1927 primo.
2271 1899 2285 1914 ι

1358 1943 1398 1972 In
1414 1952 1442 1972 e.
1459 1951 1503 1972 m.
1518 1941 1633 1972 iisdem
1648 1939 1878 1972 mercatoribus
1893 1941 2033 1971 similem
2048 1940 2328 1971 confirmationem

1318 1996 1464 2026 concedit
1484 2005 1538 2035 pro
1557 2004 1684 2025 summa
1707 1999 1930 2025 sexcentarum
1956 1994 2121 2033 sexaginta
2143 2002 2196 2024 sex
2217 1995 2330 2024 uncia-

1318 2058 1392 2079 rum
1418 2054 1448 2079 et
1476 2049 1593 2087 viginti
1623 2054 1830 2079 tam-enorum
1856 2048 1945 2084 auri,
1970 2047 2009 2077 ad
2034 2047 2159 2086 pondus
2183 2045 2329 2086 ejusdem

1320 2103 1422 2140 regni.
1441 2119 1480 2124 —
1495 2102 1565 2132 Dat.
1589 2107 1743 2141 utsupra.

1396 2269 1480 2297 105

1356 2332 1565 2358 Mercatoribus
1580 2331 1755 2366 quibusdam
1771 2330 1961 2363 Senensibns,
1975 2317 2153 2356 Florentinis
2162 2333 2191 2356 et
2203 2328 2329 2356 Lucanis

1321 2391 1372 2409 sex
1389 2382 1475 2408 millia
1491 2381 1640 2408 unciarum
1656 2381 1728 2411 auri,
1745 2380 1778 2407 ab
1802 2380 1875 2414 ipsis
1901 2388 1952 2414 pro
1968 2379 2094 2414 negotiis
2117 2378 2200 2414 regni
2214 2377 2329 2406 Siciliae

1321 2432 1471 2466 praestita,
1499 2430 1676 2457 restituenda
1692 2430 1726 2456 de
1743 2429 1864 2456 decimis
1881 2438 1931 2463 pro
1954 2428 2122 2455 defensioue
2137 2428 2233 2463 ipsius
2248 2428 2331 2463 regni

1321 2480 1465 2515 deputatis
1480 2481 1620 2515 assignat.
1637 2479 1721 2512 (Rau.
1738 2479 1781 2510 44,
1800 2486 1823 2505 c.
1844 2478 1887 2511 54,
1904 2478 1922 2504 f.
1942 2479 1973 2504 15
1989 2478 2037 2511 νῦ.)

1802 2266 2014 2300 saint-Pieroe,
2034 2267 2073 2293 1²³r
2088 2267 2145 2294 mai
2161 2266 2239 2294 1288.

1362 2584 1483 2613 Dilectis
1508 2583 1583 2620 filiis
1606 2581 1698 2611 Binda
1731 2581 1841 2610 Clariti
1866 2586 1892 2610 et
1916 2580 2101 2617 Cho-istosoro
2126 2578 2277 2609 Benedicti
2296 2579 2330 2608 de

1322 2635 1459 2674 filiorum
1482 2636 1677 2673 Bonsiqnoris
1696 2639 1723 2664 et
1750 2635 1958 2664 Bonaventure
1982 2632 2213 2671 Bernardinide
2230 2631 2328 2668 Senis,

1321 2691 1398 2719 Jano
1416 2691 1596 2727 Benteueyne
1612 2694 1637 2718 et
1654 2689 1785 2718 Gerar-cto
1803 2688 1920 2717 Bosculi
1936 2688 1971 2716 de
1988 2686 2142 2717 Tltomasii
2163 2685 2288 2724 Spittati
2303 2689 2330 2714 et

1323 2745 1396 2781 Lapi
1419 2743 1555 2780 Hityonis
1581 2743 1615 2771 de
1640 2741 1810 2777 Florentia,
1837 2740 1999 2777 Paqanetlo
2027 2739 2180 2769 Guaiandi
2201 2743 2227 2768 et
2252 2738 2327 2768 Gino

1324 2797 1483 2833 Cristofori
1507 2797 1541 2826 de
1566 2796 1785 2825 Riczarclorttm
1811 2795 1845 2824 cle
1868 2795 1946 2823 Luca
1976 2793 2186 2827 societatibus,
2212 2799 2329 2821 camere

1322 2855 1423 2879 nostre
1436 2850 1663 2885 mercatoribus,
1675 2848 1865 2884 Senensibus,
1877 2846 2063 2877 Florentinis
2078 2850 2104 2874 et
2115 2844 2243 2875 Lucanis
2255 2845 2329 2874 civi-

1322 2904 1390 2939 bus,
1406 2902 1574 2932 confirmat
1597 2901 1752 2940 quasdam
1773 2900 1894 2930 litteras
1911 2899 1956 2929 eis
1984 2907 2003 2929 a
2024 2896 2157 2936 collegio
2181 2896 2329 2928 cardina-

1321 2955 1403 2985 lium
1424 2959 1494 2994 post
1517 2955 1639 2985 obitum
1664 2954 1799 2985 Honorii
1819 2962 1916 2994 papae
1940 2952 2007 2982 1111
2031 2950 2159 2986 missas,
2191 2957 2330 2990 quarum

1323 3013 1413 3039 tenor
1429 3008 1500 3038 talis
1515 3012 1561 3038 est
1576 3021 1582 3037 :
