<?xml version="1.0" encoding="UTF-8"?>
<!DOCTYPE html PUBLIC "-//W3C//DTD XHTML 1.0 Transitional//EN"
    "http://www.w3.org/TR/xhtml1/DTD/xhtml1-transitional.dtd">
<html xmlns="http://www.w3.org/1999/xhtml" xml:lang="en" lang="en">
 <head>
  <title>
</title>
<meta http-equiv="Content-Type" content="text/html;charset=utf-8" />
  <meta name='ocr-system' content='tesseract 3.04.00' />
  <meta name='ocr-capabilities' content='ocr_page ocr_carea ocr_par ocr_line ocrx_word'/>
</head>
<body>
  <div class='ocr_page' id='page_1' title='image "./lesregistresdeni01romeuoft_0599.png"; bbox 0 0 2342 3652; ppageno 0'>
   <div class='ocr_carea' id='block_1_1' title="bbox 0 0 35 3386">
    <p class='ocr_par' dir='ltr' id='par_1_1' title="bbox 0 0 35 3386">
     <span class='ocr_line' id='line_1_1' title="bbox 0 0 35 3386; baseline 0 0"><span class='ocrx_word' id='word_1_1' title='bbox 0 0 35 3386; x_wconf 95' lang='lat' dir='ltr'> </span> 
     </span>
    </p>
   </div>
   <div class='ocr_carea' id='block_1_2' title="bbox 936 354 2187 395">
    <p class='ocr_par' dir='ltr' id='par_1_2' title="bbox 936 354 2187 395">
     <span class='ocr_line' id='line_1_2' title="bbox 936 354 2187 395; baseline 0.002 -3"><span class='ocrx_word' id='word_1_2' title='bbox 936 354 1168 393; x_wconf 78' lang='lat' dir='ltr'>TROISIEME</span> <span class='ocrx_word' id='word_1_3' title='bbox 1190 357 1347 391; x_wconf 80' lang='grc' dir='ltr'>ΑΝΝΕΕ.</span> <span class='ocrx_word' id='word_1_4' title='bbox 2129 365 2187 395; x_wconf 85' lang='lat'>589</span> 
     </span>
    </p>
   </div>
   <div class='ocr_carea' id='block_1_3' title="bbox 168 428 419 457">
    <p class='ocr_par' dir='ltr' id='par_1_3' title="bbox 168 428 419 457">
     <span class='ocr_line' id='line_1_3' title="bbox 168 428 419 457; baseline -0.004 0"><span class='ocrx_word' id='word_1_5' title='bbox 168 428 419 457; x_wconf 70' lang='lat' dir='ltr'>335o-3955</span> 
     </span>
    </p>
   </div>
   <div class='ocr_carea' id='block_1_4' title="bbox 99 490 1101 574">
    <p class='ocr_par' dir='ltr' id='par_1_4' title="bbox 99 490 1101 574">
     <span class='ocr_line' id='line_1_4' title="bbox 133 490 1101 527; baseline 0 -10"><span class='ocrx_word' id='word_1_6' title='bbox 133 490 324 525; x_wconf 75' lang='lat' dir='ltr'>Raymundus</span> <span class='ocrx_word' id='word_1_7' title='bbox 357 491 496 516; x_wconf 78' lang='lat' dir='ltr'>ecelesiae</span> <span class='ocrx_word' id='word_1_8' title='bbox 530 490 699 518; x_wconf 54' lang='lat' dir='ltr'>valentinae</span> <span class='ocrx_word' id='word_1_9' title='bbox 738 493 894 527; x_wconf 76' lang='lat' dir='ltr'>episcopus</span> <span class='ocrx_word' id='word_1_10' title='bbox 927 492 1101 526; x_wconf 82' lang='lat' dir='ltr'>praeficitur.</span> 
     </span>
     <span class='ocr_line' id='line_1_5' title="bbox 99 539 537 574; baseline -0.005 -7"><span class='ocrx_word' id='word_1_11' title='bbox 99 540 182 574; x_wconf 69' lang='lat' dir='ltr'>(Rea.</span> <span class='ocrx_word' id='word_1_12' title='bbox 199 539 246 570; x_wconf 77' lang='lat'>45,</span> <span class='ocrx_word' id='word_1_13' title='bbox 264 547 289 566; x_wconf 90' lang='lat' dir='ltr'>c.</span> <span class='ocrx_word' id='word_1_14' title='bbox 307 539 367 570; x_wconf 78' lang='lat'><strong>635,</strong></span> <span class='ocrx_word' id='word_1_15' title='bbox 384 540 403 566; x_wconf 85' lang='lat' dir='ltr'>f.</span> <span class='ocrx_word' id='word_1_16' title='bbox 423 540 471 567; x_wconf 56' lang='lat'>128</span> <span class='ocrx_word' id='word_1_17' title='bbox 486 542 537 573; x_wconf 42' lang='lat' dir='ltr'>vu.)</span> 
     </span>
    </p>
   </div>
   <div class='ocr_carea' id='block_1_5' title="bbox 634 429 1030 464">
    <p class='ocr_par' dir='ltr' id='par_1_5' title="bbox 634 429 1030 464">
     <span class='ocr_line' id='line_1_6' title="bbox 634 429 1030 464; baseline -0.005 -8"><span class='ocrx_word' id='word_1_18' title='bbox 634 429 761 464; x_wconf 84' lang='lat' dir='ltr'>Orvieto,</span> <span class='ocrx_word' id='word_1_19' title='bbox 783 431 812 457; x_wconf 82' lang='lat'>15</span> <span class='ocrx_word' id='word_1_20' title='bbox 824 430 936 464; x_wconf 85' lang='lat' dir='ltr'>janvier</span> <span class='ocrx_word' id='word_1_21' title='bbox 954 429 1030 456; x_wconf 66' lang='lat'>1291.</span> 
     </span>
    </p>
   </div>
   <div class='ocr_carea' id='block_1_6' title="bbox 98 628 1111 1835">
    <p class='ocr_par' dir='ltr' id='par_1_6' title="bbox 98 628 1107 1196">
     <span class='ocr_line' id='line_1_7' title="bbox 145 628 1104 668; baseline 0.001 -11"><span class='ocrx_word' id='word_1_22' title='bbox 145 628 312 657; x_wconf 77' lang='lat' dir='ltr'><em>Venerabili</em></span> <span class='ocrx_word' id='word_1_23' title='bbox 327 629 422 664; x_wconf 81' lang='lat' dir='ltr'>fratri</span> <span class='ocrx_word' id='word_1_24' title='bbox 437 629 626 665; x_wconf 71' lang='lat' dir='ltr'>Raymundo,</span> <span class='ocrx_word' id='word_1_25' title='bbox 646 631 777 668; x_wconf 78' lang='lat' dir='ltr'>episcopo</span> <span class='ocrx_word' id='word_1_26' title='bbox 798 631 964 659; x_wconf 78' lang='lat' dir='ltr'><em>Valentino.</em></span> <span class='ocrx_word' id='word_1_27' title='bbox 984 628 1104 658; x_wconf 81' lang='lat' dir='ltr'>Valen-</span> 
     </span>
     <span class='ocr_line' id='line_1_8' title="bbox 99 681 1103 719; baseline 0.003 -9"><span class='ocrx_word' id='word_1_28' title='bbox 99 682 166 710; x_wconf 88' lang='lat' dir='ltr'>tina</span> <span class='ocrx_word' id='word_1_29' title='bbox 177 681 310 710; x_wconf 84' lang='lat' dir='ltr'>ecclesia</span> <span class='ocrx_word' id='word_1_30' title='bbox 323 690 379 718; x_wconf 90' lang='lat' dir='ltr'>per</span> <span class='ocrx_word' id='word_1_31' title='bbox 390 681 511 710; x_wconf 79' lang='lat' dir='ltr'>obitum</span> <span class='ocrx_word' id='word_1_32' title='bbox 523 681 660 711; x_wconf 84' lang='lat' dir='ltr'>Jasberti</span> <span class='ocrx_word' id='word_1_33' title='bbox 674 688 815 719; x_wconf 85' lang='lat' dir='ltr'>vacante,</span> <span class='ocrx_word' id='word_1_34' title='bbox 828 683 909 712; x_wconf 89' lang='lat' dir='ltr'>duae</span> <span class='ocrx_word' id='word_1_35' title='bbox 921 683 1103 713; x_wconf 72' lang='lat' dir='ltr'>electiones,</span> 
     </span>
     <span class='ocr_line' id='line_1_9' title="bbox 99 733 1102 771; baseline -0.001 -7"><span class='ocrx_word' id='word_1_36' title='bbox 99 734 220 764; x_wconf 89' lang='lat' dir='ltr'>scilicet</span> <span class='ocrx_word' id='word_1_37' title='bbox 237 742 303 763; x_wconf 86' lang='lat' dir='ltr'>una</span> <span class='ocrx_word' id='word_1_38' title='bbox 320 733 358 763; x_wconf 88' lang='lat' dir='ltr'>de</span> <span class='ocrx_word' id='word_1_39' title='bbox 377 734 542 763; x_wconf 87' lang='lat' dir='ltr'>Bernardo</span> <span class='ocrx_word' id='word_1_40' title='bbox 558 734 597 764; x_wconf 89' lang='lat' dir='ltr'>de</span> <span class='ocrx_word' id='word_1_41' title='bbox 616 735 697 764; x_wconf 80' lang='lat' dir='ltr'>Villa</span> <span class='ocrx_word' id='word_1_42' title='bbox 712 736 849 771; x_wconf 81' lang='lat' dir='ltr'>Marino,</span> <span class='ocrx_word' id='word_1_43' title='bbox 866 735 1102 771; x_wconf 76' lang='lat' dir='ltr'>archidiacono,</span> 
     </span>
     <span class='ocr_line' id='line_1_10' title="bbox 99 785 1105 823; baseline 0 -8"><span class='ocrx_word' id='word_1_44' title='bbox 99 785 197 816; x_wconf 86' lang='lat' dir='ltr'>altera</span> <span class='ocrx_word' id='word_1_45' title='bbox 213 794 287 814; x_wconf 89' lang='lat' dir='ltr'>vero</span> <span class='ocrx_word' id='word_1_46' title='bbox 301 785 340 814; x_wconf 88' lang='lat' dir='ltr'>de</span> <span class='ocrx_word' id='word_1_47' title='bbox 357 785 563 823; x_wconf 68' lang='lat' dir='ltr'>RaymundQ</span> <span class='ocrx_word' id='word_1_48' title='bbox 581 791 783 823; x_wconf 76' lang='lat' dir='ltr'>praecentore</span> <span class='ocrx_word' id='word_1_49' title='bbox 799 787 990 816; x_wconf 87' lang='lat' dir='ltr'>Valentinae</span> <span class='ocrx_word' id='word_1_50' title='bbox 1007 785 1105 816; x_wconf 72' lang='lat' dir='ltr'>eccle-</span> 
     </span>
     <span class='ocr_line' id='line_1_11' title="bbox 101 837 1105 878; baseline -0.001 -10"><span class='ocrx_word' id='word_1_51' title='bbox 101 839 180 873; x_wconf 83' lang='lat' dir='ltr'>siae,</span> <span class='ocrx_word' id='word_1_52' title='bbox 208 839 242 867; x_wconf 92' lang='lat' dir='ltr'>in</span> <span class='ocrx_word' id='word_1_53' title='bbox 269 838 429 867; x_wconf 82' lang='lat' dir='ltr'>discordia</span> <span class='ocrx_word' id='word_1_54' title='bbox 445 837 621 867; x_wconf 75' lang='lat' dir='ltr'>celebratae</span> <span class='ocrx_word' id='word_1_55' title='bbox 641 843 724 875; x_wconf 76' lang='lat' dir='ltr'>sunt,</span> <span class='ocrx_word' id='word_1_56' title='bbox 751 849 887 878; x_wconf 86' lang='lat' dir='ltr'>quarum</span> <span class='ocrx_word' id='word_1_57' title='bbox 912 840 1040 876; x_wconf 80' lang='lat' dir='ltr'>negotio</span> <span class='ocrx_word' id='word_1_58' title='bbox 1067 839 1105 867; x_wconf 85' lang='lat' dir='ltr'>ad</span> 
     </span>
     <span class='ocr_line' id='line_1_12' title="bbox 100 891 1106 932; baseline 0 -10"><span class='ocrx_word' id='word_1_59' title='bbox 100 892 206 922; x_wconf 87' lang='lat' dir='ltr'>sedem</span> <span class='ocrx_word' id='word_1_60' title='bbox 225 891 429 929; x_wconf 85' lang='lat' dir='ltr'>apostolicam</span> <span class='ocrx_word' id='word_1_61' title='bbox 446 900 501 929; x_wconf 87' lang='lat' dir='ltr'>per</span> <span class='ocrx_word' id='word_1_62' title='bbox 516 891 761 929; x_wconf 75' lang='lat' dir='ltr'>appellationem</span> <span class='ocrx_word' id='word_1_63' title='bbox 781 893 943 929; x_wconf 86' lang='lat' dir='ltr'>devoluto,</span> <span class='ocrx_word' id='word_1_64' title='bbox 962 893 1106 932; x_wconf 88' lang='lat' dir='ltr'>praedic-</span> 
     </span>
     <span class='ocr_line' id='line_1_13' title="bbox 101 944 1106 984; baseline 0.001 -9"><span class='ocrx_word' id='word_1_65' title='bbox 101 949 151 975; x_wconf 85' lang='lat' dir='ltr'>tus</span> <span class='ocrx_word' id='word_1_66' title='bbox 167 948 353 984; x_wconf 83' lang='lat' dir='ltr'>praecentor</span> <span class='ocrx_word' id='word_1_67' title='bbox 367 944 463 981; x_wconf 82' lang='lat' dir='ltr'>obiit⁷</span> <span class='ocrx_word' id='word_1_68' title='bbox 479 944 721 975; x_wconf 84' lang='lat' dir='ltr'>archidiaconus</span> <span class='ocrx_word' id='word_1_69' title='bbox 737 954 810 976; x_wconf 82' lang='lat' dir='ltr'>vero</span> <span class='ocrx_word' id='word_1_70' title='bbox 824 947 875 983; x_wconf 81' lang='lat' dir='ltr'>jus</span> <span class='ocrx_word' id='word_1_71' title='bbox 891 947 951 976; x_wconf 89' lang='lat' dir='ltr'>sihi</span> <span class='ocrx_word' id='word_1_72' title='bbox 968 946 1106 984; x_wconf 86' lang='lat' dir='ltr'>acquisi-</span> 
     </span>
     <span class='ocr_line' id='line_1_14' title="bbox 101 997 1106 1038; baseline 0.001 -10"><span class='ocrx_word' id='word_1_73' title='bbox 101 1003 168 1028; x_wconf 86' lang='lat' dir='ltr'>tum</span> <span class='ocrx_word' id='word_1_74' title='bbox 185 998 376 1036; x_wconf 83' lang='lat' dir='ltr'>resignavit,</span> <span class='ocrx_word' id='word_1_75' title='bbox 395 1006 493 1036; x_wconf 88' lang='lat' dir='ltr'>quare</span> <span class='ocrx_word' id='word_1_76' title='bbox 509 997 700 1027; x_wconf 81' lang='lat' dir='ltr'>Valentinae</span> <span class='ocrx_word' id='word_1_77' title='bbox 719 999 870 1029; x_wconf 85' lang='lat' dir='ltr'>ecclesiae</span> <span class='ocrx_word' id='word_1_78' title='bbox 891 1000 1106 1038; x_wconf 81' lang='lat' dir='ltr'>provisionem</span> 
     </span>
     <span class='ocr_line' id='line_1_15' title="bbox 100 1051 1107 1091; baseline 0.001 -10"><span class='ocrx_word' id='word_1_79' title='bbox 100 1051 302 1090; x_wconf 85' lang='lat' dir='ltr'>dispositioni</span> <span class='ocrx_word' id='word_1_80' title='bbox 318 1059 394 1080; x_wconf 90' lang='lat' dir='ltr'>suae</span> <span class='ocrx_word' id='word_1_81' title='bbox 404 1059 485 1089; x_wconf 84' lang='lat' dir='ltr'>papa</span> <span class='ocrx_word' id='word_1_82' title='bbox 496 1051 670 1080; x_wconf 82' lang='lat' dir='ltr'>reservavit</span> <span class='ocrx_word' id='word_1_83' title='bbox 682 1056 711 1081; x_wconf 89' lang='lat' dir='ltr'>et</span> <span class='ocrx_word' id='word_1_84' title='bbox 724 1053 924 1090; x_wconf 80' lang='lat' dir='ltr'>postmodum</span> <span class='ocrx_word' id='word_1_85' title='bbox 941 1053 1107 1091; x_wconf 66' lang='lat' dir='ltr'>Raymun-</span> 
     </span>
     <span class='ocr_line' id='line_1_16' title="bbox 98 1103 1105 1142; baseline 0 -7"><span class='ocrx_word' id='word_1_86' title='bbox 98 1104 192 1142; x_wconf 87' lang='lat' dir='ltr'>dum,</span> <span class='ocrx_word' id='word_1_87' title='bbox 216 1109 292 1134; x_wconf 84' lang='lat' dir='ltr'>tunc</span> <span class='ocrx_word' id='word_1_88' title='bbox 311 1103 512 1142; x_wconf 82' lang='lat' dir='ltr'>capellanum</span> <span class='ocrx_word' id='word_1_89' title='bbox 534 1113 644 1141; x_wconf 88' lang='lat' dir='ltr'>suum,</span> <span class='ocrx_word' id='word_1_90' title='bbox 664 1104 821 1134; x_wconf 83' lang='lat' dir='ltr'>decanum</span> <span class='ocrx_word' id='word_1_91' title='bbox 841 1106 991 1135; x_wconf 87' lang='lat' dir='ltr'>ecclesiae</span> <span class='ocrx_word' id='word_1_92' title='bbox 1012 1106 1105 1135; x_wconf 83' lang='lat' dir='ltr'>Com-</span> 
     </span>
     <span class='ocr_line' id='line_1_17' title="bbox 99 1156 984 1196; baseline 0.001 -9"><span class='ocrx_word' id='word_1_93' title='bbox 99 1157 294 1196; x_wconf 85' lang='lat' dir='ltr'>postellanae</span> <span class='ocrx_word' id='word_1_94' title='bbox 306 1181 313 1194; x_wconf 88' lang='lat'>‚</span> <span class='ocrx_word' id='word_1_95' title='bbox 332 1156 437 1186; x_wconf 88' lang='lat' dir='ltr'>eidem</span> <span class='ocrx_word' id='word_1_96' title='bbox 457 1156 608 1186; x_wconf 87' lang='lat' dir='ltr'>ecclesiae</span> <span class='ocrx_word' id='word_1_97' title='bbox 626 1157 807 1195; x_wconf 85' lang='lat' dir='ltr'>episcopum</span> <span class='ocrx_word' id='word_1_98' title='bbox 826 1159 984 1196; x_wconf 74' lang='lat' dir='ltr'>praefecit.</span> 
     </span>
    </p>

    <p class='ocr_par' dir='ltr' id='par_1_7' title="bbox 98 1209 1107 1300">
     <span class='ocr_line' id='line_1_18' title="bbox 141 1209 1107 1250; baseline 0.002 -11"><span class='ocrx_word' id='word_1_99' title='bbox 141 1222 156 1237; x_wconf 88' lang='lat'>«</span> <span class='ocrx_word' id='word_1_100' title='bbox 172 1210 261 1239; x_wconf 86' lang='lat' dir='ltr'>Inter</span> <span class='ocrx_word' id='word_1_101' title='bbox 277 1209 366 1239; x_wconf 85' lang='lat' dir='ltr'>varia</span> <span class='ocrx_word' id='word_1_102' title='bbox 386 1209 662 1248; x_wconf 82' lang='lat' dir='ltr'>innumeraque...</span> <span class='ocrx_word' id='word_1_103' title='bbox 682 1227 720 1232; x_wconf 89' lang='lat'><em>-</em></span> <span class='ocrx_word' id='word_1_104' title='bbox 737 1211 806 1240; x_wconf 87' lang='lat' dir='ltr'>Dat.</span> <span class='ocrx_word' id='word_1_105' title='bbox 826 1212 909 1250; x_wconf 86' lang='lat' dir='ltr'>apud</span> <span class='ocrx_word' id='word_1_106' title='bbox 928 1212 1107 1241; x_wconf 87' lang='lat' dir='ltr'>Urbemve-</span> 
     </span>
     <span class='ocr_line' id='line_1_19' title="bbox 98 1262 909 1300; baseline -0.001 -8"><span class='ocrx_word' id='word_1_107' title='bbox 98 1266 211 1300; x_wconf 85' lang='lat' dir='ltr'>terem,</span> <span class='ocrx_word' id='word_1_108' title='bbox 228 1272 304 1292; x_wconf 76' lang='lat' dir='ltr'>xviu</span> <span class='ocrx_word' id='word_1_109' title='bbox 320 1262 476 1296; x_wconf 83' lang='lat' dir='ltr'>kalendas</span> <span class='ocrx_word' id='word_1_110' title='bbox 490 1263 654 1300; x_wconf 83' lang='lat' dir='ltr'>februarii,</span> <span class='ocrx_word' id='word_1_111' title='bbox 671 1272 757 1293; x_wconf 88' lang='lat' dir='ltr'>auno</span> <span class='ocrx_word' id='word_1_112' title='bbox 777 1265 876 1294; x_wconf 85' lang='lat' dir='ltr'>tertio.</span> <span class='ocrx_word' id='word_1_113' title='bbox 896 1276 909 1291; x_wconf 70' lang='lat' dir='ltr'>n</span> 
     </span>
    </p>

    <p class='ocr_par' dir='ltr' id='par_1_8' title="bbox 99 1315 1107 1409">
     <span class='ocr_line' id='line_1_20' title="bbox 139 1315 1107 1356; baseline 0.002 -10"><span class='ocrx_word' id='word_1_114' title='bbox 139 1317 179 1346; x_wconf 89' lang='lat' dir='ltr'>In</span> <span class='ocrx_word' id='word_1_115' title='bbox 197 1325 224 1346; x_wconf 90' lang='lat' dir='ltr'>e.</span> <span class='ocrx_word' id='word_1_116' title='bbox 240 1325 285 1347; x_wconf 87' lang='lat' dir='ltr'>m.</span> <span class='ocrx_word' id='word_1_117' title='bbox 303 1315 443 1354; x_wconf 85' lang='lat' dir='ltr'>capitulo</span> <span class='ocrx_word' id='word_1_118' title='bbox 462 1315 634 1346; x_wconf 82' lang='lat' dir='ltr'>Valentino</span> <span class='ocrx_word' id='word_1_119' title='bbox 647 1317 777 1346; x_wconf 80' lang='lat' dir='ltr'>mandat</span> <span class='ocrx_word' id='word_1_120' title='bbox 794 1322 827 1347; x_wconf 88' lang='lat' dir='ltr'>ut</span> <span class='ocrx_word' id='word_1_121' title='bbox 842 1318 945 1347; x_wconf 85' lang='lat' dir='ltr'>eidem</span> <span class='ocrx_word' id='word_1_122' title='bbox 962 1319 1107 1356; x_wconf 84' lang='lat' dir='ltr'>episcopo</span> 
     </span>
     <span class='ocr_line' id='line_1_21' title="bbox 99 1369 906 1409; baseline -0.001 -9"><span class='ocrx_word' id='word_1_123' title='bbox 99 1369 239 1400; x_wconf 79' lang='lat' dir='ltr'>debitam</span> <span class='ocrx_word' id='word_1_124' title='bbox 255 1369 472 1399; x_wconf 78' lang='lat' dir='ltr'>obedientiam</span> <span class='ocrx_word' id='word_1_125' title='bbox 488 1369 646 1407; x_wconf 83' lang='lat' dir='ltr'>praebeat.</span> <span class='ocrx_word' id='word_1_126' title='bbox 665 1370 736 1399; x_wconf 89' lang='lat' dir='ltr'>Dat.</span> <span class='ocrx_word' id='word_1_127' title='bbox 754 1374 906 1409; x_wconf 85' lang='lat' dir='ltr'>utsupra.</span> 
     </span>
    </p>

    <p class='ocr_par' dir='ltr' id='par_1_9' title="bbox 102 1422 1106 1514">
     <span class='ocr_line' id='line_1_22' title="bbox 139 1422 1106 1455; baseline 0.001 -2"><span class='ocrx_word' id='word_1_128' title='bbox 139 1424 178 1453; x_wconf 91' lang='lat' dir='ltr'>In</span> <span class='ocrx_word' id='word_1_129' title='bbox 200 1432 228 1453; x_wconf 90' lang='lat' dir='ltr'>e.</span> <span class='ocrx_word' id='word_1_130' title='bbox 250 1431 294 1452; x_wconf 82' lang='lat'>111.</span> <span class='ocrx_word' id='word_1_131' title='bbox 316 1422 401 1453; x_wconf 90' lang='lat' dir='ltr'>clero</span> <span class='ocrx_word' id='word_1_132' title='bbox 423 1422 560 1452; x_wconf 83' lang='lat' dir='ltr'>civitatis</span> <span class='ocrx_word' id='word_1_133' title='bbox 583 1427 612 1452; x_wconf 87' lang='lat' dir='ltr'>et</span> <span class='ocrx_word' id='word_1_134' title='bbox 636 1423 790 1453; x_wconf 77' lang='lat' dir='ltr'>dioecesis</span> <span class='ocrx_word' id='word_1_135' title='bbox 814 1423 1012 1454; x_wconf 89' lang='lat' dir='ltr'>Valentinae.</span> <span class='ocrx_word' id='word_1_136' title='bbox 1034 1424 1106 1455; x_wconf 85' lang='lat' dir='ltr'>Dat.</span> 
     </span>
     <span class='ocr_line' id='line_1_23' title="bbox 102 1480 258 1514; baseline -0.013 -7"><span class='ocrx_word' id='word_1_137' title='bbox 102 1480 136 1507; x_wconf 86' lang='lat' dir='ltr'>ut</span> <span class='ocrx_word' id='word_1_138' title='bbox 153 1485 258 1514; x_wconf 89' lang='lat' dir='ltr'>supra.</span> 
     </span>
    </p>

    <p class='ocr_par' dir='ltr' id='par_1_10' title="bbox 140 1528 888 1568">
     <span class='ocr_line' id='line_1_24' title="bbox 140 1528 888 1568; baseline -0.001 -9"><span class='ocrx_word' id='word_1_139' title='bbox 140 1530 179 1559; x_wconf 91' lang='lat' dir='ltr'>In</span> <span class='ocrx_word' id='word_1_140' title='bbox 198 1539 225 1559; x_wconf 91' lang='lat' dir='ltr'>e.</span> <span class='ocrx_word' id='word_1_141' title='bbox 245 1538 289 1558; x_wconf 91' lang='lat' dir='ltr'>m.</span> <span class='ocrx_word' id='word_1_142' title='bbox 307 1528 423 1568; x_wconf 83' lang='lat' dir='ltr'>populo</span> <span class='ocrx_word' id='word_1_143' title='bbox 438 1528 622 1559; x_wconf 82' lang='lat' dir='ltr'>Valentino.</span> <span class='ocrx_word' id='word_1_144' title='bbox 643 1529 715 1559; x_wconf 88' lang='lat' dir='ltr'>Dat.</span> <span class='ocrx_word' id='word_1_145' title='bbox 733 1534 888 1568; x_wconf 86' lang='lat' dir='ltr'>utsupra.</span> 
     </span>
    </p>

    <p class='ocr_par' dir='ltr' id='par_1_11' title="bbox 100 1581 1106 1675">
     <span class='ocr_line' id='line_1_25' title="bbox 142 1581 1106 1613; baseline 0 -1"><span class='ocrx_word' id='word_1_146' title='bbox 142 1583 181 1612; x_wconf 90' lang='lat' dir='ltr'>In</span> <span class='ocrx_word' id='word_1_147' title='bbox 201 1591 229 1612; x_wconf 87' lang='lat' dir='ltr'>e.</span> <span class='ocrx_word' id='word_1_148' title='bbox 246 1591 290 1611; x_wconf 90' lang='lat' dir='ltr'>m.</span> <span class='ocrx_word' id='word_1_149' title='bbox 308 1582 469 1612; x_wconf 88' lang='lat' dir='ltr'>universis</span> <span class='ocrx_word' id='word_1_150' title='bbox 485 1581 636 1612; x_wconf 87' lang='lat' dir='ltr'>ecclesiae</span> <span class='ocrx_word' id='word_1_151' title='bbox 654 1581 845 1612; x_wconf 87' lang='lat' dir='ltr'>Valentinae</span> <span class='ocrx_word' id='word_1_152' title='bbox 861 1582 1017 1612; x_wconf 82' lang='lat' dir='ltr'>vassallis.</span> <span class='ocrx_word' id='word_1_153' title='bbox 1034 1583 1106 1613; x_wconf 85' lang='lat' dir='ltr'>Dat.</span> 
     </span>
     <span class='ocr_line' id='line_1_26' title="bbox 100 1641 257 1675; baseline -0.013 -9"><span class='ocrx_word' id='word_1_154' title='bbox 100 1641 257 1675; x_wconf 87' lang='lat' dir='ltr'>utsupra.</span> 
     </span>
    </p>

    <p class='ocr_par' dir='ltr' id='par_1_12' title="bbox 102 1689 1111 1835">
     <span class='ocr_line' id='line_1_27' title="bbox 142 1689 1111 1728; baseline -0.001 -9"><span class='ocrx_word' id='word_1_155' title='bbox 142 1690 181 1719; x_wconf 87' lang='lat' dir='ltr'>In</span> <span class='ocrx_word' id='word_1_156' title='bbox 198 1699 226 1719; x_wconf 87' lang='lat' dir='ltr'>e.</span> <span class='ocrx_word' id='word_1_157' title='bbox 246 1699 290 1719; x_wconf 89' lang='lat' dir='ltr'>m.</span> <span class='ocrx_word' id='word_1_158' title='bbox 306 1711 324 1718; x_wconf 95' lang='lat'>..</span> <span class='ocrx_word' id='word_1_159' title='bbox 343 1689 619 1728; x_wconf 88' lang='lat' dir='ltr'>archiepiscopum</span> <span class='ocrx_word' id='word_1_160' title='bbox 630 1689 902 1719; x_wconf 84' lang='lat' dir='ltr'>Terraconensem</span> <span class='ocrx_word' id='word_1_161' title='bbox 916 1689 1060 1719; x_wconf 87' lang='lat' dir='ltr'>hortatur</span> <span class='ocrx_word' id='word_1_162' title='bbox 1076 1693 1111 1719; x_wconf 87' lang='lat' dir='ltr'>ut</span> 
     </span>
     <span class='ocr_line' id='line_1_28' title="bbox 103 1742 1108 1781; baseline 0.002 -9"><span class='ocrx_word' id='word_1_163' title='bbox 103 1742 209 1772; x_wconf 87' lang='lat' dir='ltr'>eidem</span> <span class='ocrx_word' id='word_1_164' title='bbox 229 1743 375 1781; x_wconf 87' lang='lat' dir='ltr'>episcopo</span> <span class='ocrx_word' id='word_1_165' title='bbox 401 1747 552 1781; x_wconf 87' lang='lat' dir='ltr'>tanquam</span> <span class='ocrx_word' id='word_1_166' title='bbox 572 1751 630 1773; x_wconf 90' lang='lat' dir='ltr'>suo</span> <span class='ocrx_word' id='word_1_167' title='bbox 653 1742 856 1780; x_wconf 84' lang='lat' dir='ltr'>suffraganeo</span> <span class='ocrx_word' id='word_1_168' title='bbox 878 1743 1013 1772; x_wconf 86' lang='lat' dir='ltr'>assistat.</span> <span class='ocrx_word' id='word_1_169' title='bbox 1037 1743 1108 1774; x_wconf 86' lang='lat' dir='ltr'>Dat.</span> 
     </span>
     <span class='ocr_line' id='line_1_29' title="bbox 102 1800 257 1835; baseline 0 -9"><span class='ocrx_word' id='word_1_170' title='bbox 102 1800 138 1826; x_wconf 85' lang='lat' dir='ltr'>ut</span> <span class='ocrx_word' id='word_1_171' title='bbox 153 1805 257 1835; x_wconf 83' lang='lat' dir='ltr'>supra.</span> 
     </span>
    </p>
   </div>
   <div class='ocr_carea' id='block_1_7' title="bbox 137 1969 969 2067">
    <p class='ocr_par' dir='ltr' id='par_1_13' title="bbox 137 1969 969 2067">
     <span class='ocr_line' id='line_1_30' title="bbox 173 1969 290 1998; baseline 0 0"><span class='ocrx_word' id='word_1_172' title='bbox 173 1969 290 1998; x_wconf 73' lang='grc'><strong>3956</strong></span> 
     </span>
     <span class='ocr_line' id='line_1_31' title="bbox 137 2030 969 2067; baseline -0.002 -9"><span class='ocrx_word' id='word_1_173' title='bbox 137 2031 322 2067; x_wconf 87' lang='lat' dir='ltr'>Dispensatio</span> <span class='ocrx_word' id='word_1_174' title='bbox 339 2031 521 2058; x_wconf 76' lang='lat' dir='ltr'>matrimonii.</span> <span class='ocrx_word' id='word_1_175' title='bbox 539 2031 623 2065; x_wconf 77' lang='lat' dir='ltr'>(Rno.</span> <span class='ocrx_word' id='word_1_176' title='bbox 639 2031 682 2063; x_wconf 99' lang='lat'>45,</span> <span class='ocrx_word' id='word_1_177' title='bbox 699 2039 725 2058; x_wconf 88' lang='lat' dir='ltr'>c.</span> <span class='ocrx_word' id='word_1_178' title='bbox 742 2030 802 2061; x_wconf 84' lang='grc'><strong>636,</strong></span> <span class='ocrx_word' id='word_1_179' title='bbox 818 2031 838 2057; x_wconf 84' lang='lat' dir='ltr'>f.</span> <span class='ocrx_word' id='word_1_180' title='bbox 857 2030 907 2057; x_wconf 70' lang='lat'>129</span> <span class='ocrx_word' id='word_1_181' title='bbox 922 2032 969 2063; x_wconf 74' lang='lat' dir='ltr'>ro.)</span> 
     </span>
    </p>
   </div>
   <div class='ocr_carea' id='block_1_8' title="bbox 636 1967 1039 2002">
    <p class='ocr_par' dir='ltr' id='par_1_14' title="bbox 636 1967 1039 2002">
     <span class='ocr_line' id='line_1_32' title="bbox 636 1967 1039 2002; baseline -0.002 -7"><span class='ocrx_word' id='word_1_182' title='bbox 636 1968 766 1999; x_wconf 83' lang='lat' dir='ltr'>Orvieto,</span> <span class='ocrx_word' id='word_1_183' title='bbox 786 1967 817 1995; x_wconf 87' lang='grc'>13</span> <span class='ocrx_word' id='word_1_184' title='bbox 830 1968 944 2002; x_wconf 80' lang='lat' dir='ltr'>janvier</span> <span class='ocrx_word' id='word_1_185' title='bbox 961 1967 1039 1994; x_wconf 69' lang='lat'>1291.</span> 
     </span>
    </p>
   </div>
   <div class='ocr_carea' id='block_1_9' title="bbox 101 2120 1112 2533">
    <p class='ocr_par' dir='ltr' id='par_1_15' title="bbox 101 2120 1112 2426">
     <span class='ocr_line' id='line_1_33' title="bbox 147 2120 1112 2158; baseline -0.002 -8"><span class='ocrx_word' id='word_1_186' title='bbox 147 2121 317 2150; x_wconf 84' lang='lat' dir='ltr'>Venerabili</span> <span class='ocrx_word' id='word_1_187' title='bbox 342 2121 438 2158; x_wconf 80' lang='lat' dir='ltr'>fratri</span> <span class='ocrx_word' id='word_1_188' title='bbox 473 2143 494 2151; x_wconf 93' lang='lat'>..</span> <span class='ocrx_word' id='word_1_189' title='bbox 526 2121 658 2158; x_wconf 79' lang='lat' dir='ltr'>episcopo</span> <span class='ocrx_word' id='word_1_190' title='bbox 690 2120 898 2150; x_wconf 84' lang='lat' dir='ltr'>Lincolniensz&#39;</span> <span class='ocrx_word' id='word_1_191' title='bbox 927 2123 1112 2157; x_wconf 88' lang='lat' dir='ltr'>potestatem</span> 
     </span>
     <span class='ocr_line' id='line_1_34' title="bbox 102 2172 1112 2213; baseline -0.003 -9"><span class='ocrx_word' id='word_1_192' title='bbox 102 2174 276 2205; x_wconf 87' lang='lat' dir='ltr'>committit</span> <span class='ocrx_word' id='word_1_193' title='bbox 291 2174 500 2213; x_wconf 86' lang='lat' dir='ltr'>dispensandi</span> <span class='ocrx_word' id='word_1_194' title='bbox 516 2183 589 2204; x_wconf 89' lang='lat' dir='ltr'>cum</span> <span class='ocrx_word' id='word_1_195' title='bbox 606 2174 767 2204; x_wconf 87' lang='lat' dir='ltr'>Matthaeo</span> <span class='ocrx_word' id='word_1_196' title='bbox 784 2174 901 2211; x_wconf 85' lang='lat' dir='ltr'>Rogeri</span> <span class='ocrx_word' id='word_1_197' title='bbox 917 2177 947 2203; x_wconf 87' lang='lat' dir='ltr'>et</span> <span class='ocrx_word' id='word_1_198' title='bbox 961 2172 1112 2202; x_wconf 83' lang='lat' dir='ltr'>Ysabella</span> 
     </span>
     <span class='ocr_line' id='line_1_35' title="bbox 101 2226 1110 2266; baseline -0.002 -9"><span class='ocrx_word' id='word_1_199' title='bbox 101 2227 264 2258; x_wconf 67' lang='lat' dir='ltr'>‚Iohannis</span> <span class='ocrx_word' id='word_1_200' title='bbox 285 2227 324 2257; x_wconf 87' lang='lat' dir='ltr'>de</span> <span class='ocrx_word' id='word_1_201' title='bbox 346 2227 551 2266; x_wconf 78' lang='lat' dir='ltr'>Endredehy,</span> <span class='ocrx_word' id='word_1_202' title='bbox 574 2227 811 2257; x_wconf 89' lang='lat' dir='ltr'>Lincolniensis</span> <span class='ocrx_word' id='word_1_203' title='bbox 834 2226 998 2263; x_wconf 85' lang='lat' dir='ltr'>dioecesis,</span> <span class='ocrx_word' id='word_1_204' title='bbox 1023 2230 1056 2256; x_wconf 93' lang='lat' dir='ltr'>ut</span> <span class='ocrx_word' id='word_1_205' title='bbox 1076 2226 1110 2255; x_wconf 90' lang='lat' dir='ltr'>in</span> 
     </span>
     <span class='ocr_line' id='line_1_36' title="bbox 103 2280 1112 2320; baseline -0.002 -10"><span class='ocrx_word' id='word_1_206' title='bbox 103 2281 311 2311; x_wconf 88' lang='lat' dir='ltr'>matrimonio</span> <span class='ocrx_word' id='word_1_207' title='bbox 321 2281 407 2320; x_wconf 87' lang='lat' dir='ltr'>quod</span> <span class='ocrx_word' id='word_1_208' title='bbox 419 2281 497 2311; x_wconf 91' lang='lat' dir='ltr'>olim</span> <span class='ocrx_word' id='word_1_209' title='bbox 508 2284 746 2317; x_wconf 82' lang='lat' dir='ltr'>contraxerunt,</span> <span class='ocrx_word' id='word_1_210' title='bbox 761 2280 945 2318; x_wconf 84' lang='lat' dir='ltr'>ignorantes</span> <span class='ocrx_word' id='word_1_211' title='bbox 957 2288 989 2309; x_wconf 90' lang='lat' dir='ltr'>se</span> <span class='ocrx_word' id='word_1_212' title='bbox 1000 2283 1112 2318; x_wconf 88' lang='lat' dir='ltr'>quarto</span> 
     </span>
     <span class='ocr_line' id='line_1_37' title="bbox 104 2331 1112 2372; baseline -0.004 -7"><span class='ocrx_word' id='word_1_213' title='bbox 104 2334 395 2372; x_wconf 81' lang='lat' dir='ltr'>consanguinitatis</span> <span class='ocrx_word' id='word_1_214' title='bbox 411 2333 512 2371; x_wconf 81' lang='lat' dir='ltr'>gradu</span> <span class='ocrx_word' id='word_1_215' title='bbox 531 2334 718 2372; x_wconf 88' lang='lat' dir='ltr'>conjunctos</span> <span class='ocrx_word' id='word_1_216' title='bbox 734 2342 812 2368; x_wconf 88' lang='lat' dir='ltr'>esse,</span> <span class='ocrx_word' id='word_1_217' title='bbox 829 2336 857 2363; x_wconf 88' lang='lat' dir='ltr'>et</span> <span class='ocrx_word' id='word_1_218' title='bbox 875 2333 908 2362; x_wconf 91' lang='lat' dir='ltr'>in</span> <span class='ocrx_word' id='word_1_219' title='bbox 925 2341 988 2371; x_wconf 87' lang='lat' dir='ltr'>quo</span> <span class='ocrx_word' id='word_1_220' title='bbox 1006 2331 1112 2370; x_wconf 88' lang='lat' dir='ltr'>plures</span> 
     </span>
     <span class='ocr_line' id='line_1_38' title="bbox 104 2386 759 2426; baseline -0.002 -9"><span class='ocrx_word' id='word_1_221' title='bbox 104 2387 187 2418; x_wconf 87' lang='lat' dir='ltr'>filios</span> <span class='ocrx_word' id='word_1_222' title='bbox 202 2390 421 2426; x_wconf 86' lang='lat' dir='ltr'>procrearunt,</span> <span class='ocrx_word' id='word_1_223' title='bbox 437 2395 605 2417; x_wconf 86' lang='lat' dir='ltr'>remanere</span> <span class='ocrx_word' id='word_1_224' title='bbox 621 2386 759 2416; x_wconf 87' lang='lat' dir='ltr'>valeant.</span> 
     </span>
    </p>

    <p class='ocr_par' dir='ltr' id='par_1_16' title="bbox 104 2439 1111 2533">
     <span class='ocr_line' id='line_1_39' title="bbox 147 2439 1111 2479; baseline 0 -11"><span class='ocrx_word' id='word_1_225' title='bbox 147 2453 162 2468; x_wconf 70' lang='grc' dir='ltr'>«ι</span> <span class='ocrx_word' id='word_1_226' title='bbox 186 2441 299 2471; x_wconf 88' lang='lat' dir='ltr'>Petitio</span> <span class='ocrx_word' id='word_1_227' title='bbox 321 2440 427 2471; x_wconf 88' lang='lat' dir='ltr'>dilecti</span> <span class='ocrx_word' id='word_1_228' title='bbox 445 2440 543 2470; x_wconf 90' lang='lat' dir='ltr'>filii...</span> <span class='ocrx_word' id='word_1_229' title='bbox 568 2458 606 2462; x_wconf 97' lang='lat'><strong>—</strong></span> <span class='ocrx_word' id='word_1_230' title='bbox 625 2441 697 2470; x_wconf 87' lang='lat' dir='ltr'>Dat.</span> <span class='ocrx_word' id='word_1_231' title='bbox 721 2439 805 2479; x_wconf 88' lang='lat' dir='ltr'>apud</span> <span class='ocrx_word' id='word_1_232' title='bbox 833 2439 1111 2475; x_wconf 87' lang='lat' dir='ltr'>Urbemveterem,</span> 
     </span>
     <span class='ocr_line' id='line_1_40' title="bbox 104 2493 633 2533; baseline -0.002 -9"><span class='ocrx_word' id='word_1_233' title='bbox 104 2494 210 2525; x_wconf 87' lang='lat' dir='ltr'>idibus</span> <span class='ocrx_word' id='word_1_234' title='bbox 223 2494 378 2533; x_wconf 81' lang='lat' dir='ltr'>januarii,</span> <span class='ocrx_word' id='word_1_235' title='bbox 395 2502 482 2524; x_wconf 90' lang='lat' dir='ltr'>anno</span> <span class='ocrx_word' id='word_1_236' title='bbox 497 2493 599 2524; x_wconf 85' lang='lat' dir='ltr'>tertio.</span> <span class='ocrx_word' id='word_1_237' title='bbox 618 2505 633 2520; x_wconf 87' lang='lat'>»</span> 
     </span>
    </p>
   </div>
   <div class='ocr_carea' id='block_1_10' title="bbox 175 2667 291 2696">
    <p class='ocr_par' dir='ltr' id='par_1_17' title="bbox 175 2667 291 2696">
     <span class='ocr_line' id='line_1_41' title="bbox 175 2667 291 2696; baseline -0.009 0"><span class='ocrx_word' id='word_1_238' title='bbox 175 2667 291 2696; x_wconf 60' lang='lat'>395¹?</span> 
     </span>
    </p>
   </div>
   <div class='ocr_carea' id='block_1_11' title="bbox 106 2724 1111 2812">
    <p class='ocr_par' dir='ltr' id='par_1_18' title="bbox 106 2724 1111 2812">
     <span class='ocr_line' id='line_1_42' title="bbox 141 2724 1111 2757; baseline -0.007 0"><span class='ocrx_word' id='word_1_239' title='bbox 141 2730 254 2757; x_wconf 84' lang='lat' dir='ltr'>Statuta</span> <span class='ocrx_word' id='word_1_240' title='bbox 282 2729 311 2756; x_wconf 89' lang='lat' dir='ltr'>in</span> <span class='ocrx_word' id='word_1_241' title='bbox 341 2729 516 2756; x_wconf 80' lang='lat' dir='ltr'>monasterio</span> <span class='ocrx_word' id='word_1_242' title='bbox 545 2727 644 2755; x_wconf 87' lang='lat' dir='ltr'>Sancti</span> <span class='ocrx_word' id='word_1_243' title='bbox 670 2727 752 2754; x_wconf 86' lang='lat' dir='ltr'>Pauli</span> <span class='ocrx_word' id='word_1_244' title='bbox 780 2725 959 2754; x_wconf 87' lang='lat' dir='ltr'>observanda</span> <span class='ocrx_word' id='word_1_245' title='bbox 991 2724 1111 2751; x_wconf 87' lang='lat' dir='ltr'>ordinat.</span> 
     </span>
     <span class='ocr_line' id='line_1_43' title="bbox 106 2777 545 2812; baseline -0.002 -6"><span class='ocrx_word' id='word_1_246' title='bbox 106 2778 190 2812; x_wconf 66' lang='lat' dir='ltr'>(Rae.</span> <span class='ocrx_word' id='word_1_247' title='bbox 209 2778 252 2812; x_wconf 86' lang='lat'>45,</span> <span class='ocrx_word' id='word_1_248' title='bbox 270 2787 295 2805; x_wconf 94' lang='lat' dir='ltr'>c.</span> <span class='ocrx_word' id='word_1_249' title='bbox 314 2778 375 2810; x_wconf 84' lang='lat'><strong>637,</strong></span> <span class='ocrx_word' id='word_1_250' title='bbox 393 2777 412 2805; x_wconf 87' lang='lat' dir='ltr'>f.</span> <span class='ocrx_word' id='word_1_251' title='bbox 431 2777 481 2805; x_wconf 74' lang='lat'>129</span> <span class='ocrx_word' id='word_1_252' title='bbox 496 2778 545 2811; x_wconf 78' lang='lat'>1¹⁰.)</span> 
     </span>
    </p>
   </div>
   <div class='ocr_carea' id='block_1_12' title="bbox 644 2662 1040 2699">
    <p class='ocr_par' dir='ltr' id='par_1_19' title="bbox 644 2662 1040 2699">
     <span class='ocr_line' id='line_1_44' title="bbox 644 2662 1040 2699; baseline -0.008 -8"><span class='ocrx_word' id='word_1_253' title='bbox 644 2664 772 2699; x_wconf 84' lang='lat' dir='ltr'>Orvieto,</span> <span class='ocrx_word' id='word_1_254' title='bbox 789 2664 946 2698; x_wconf 76' lang='lat' dir='ltr'>13janvie1·</span> <span class='ocrx_word' id='word_1_255' title='bbox 962 2662 1040 2689; x_wconf 71' lang='lat'>1291.</span> 
     </span>
    </p>
   </div>
   <div class='ocr_carea' id='block_1_13' title="bbox 106 2869 1115 3073">
    <p class='ocr_par' dir='ltr' id='par_1_20' title="bbox 106 2869 1115 2963">
     <span class='ocr_line' id='line_1_45' title="bbox 146 2869 1115 2911; baseline -0.006 -7"><span class='ocrx_word' id='word_1_256' title='bbox 146 2875 265 2904; x_wconf 82' lang='lat' dir='ltr'>Dilectis</span> <span class='ocrx_word' id='word_1_257' title='bbox 280 2874 356 2911; x_wconf 78' lang='lat' dir='ltr'>filiis</span> <span class='ocrx_word' id='word_1_258' title='bbox 370 2874 473 2903; x_wconf 84' lang='lat' dir='ltr'>abbati</span> <span class='ocrx_word' id='word_1_259' title='bbox 488 2878 514 2903; x_wconf 78' lang='lat' dir='ltr'>et</span> <span class='ocrx_word' id='word_1_260' title='bbox 529 2873 690 2903; x_wconf 78' lang='lat' dir='ltr'>conventui</span> <span class='ocrx_word' id='word_1_261' title='bbox 710 2871 889 2901; x_wconf 81' lang='lat' dir='ltr'>monasterii</span> <span class='ocrx_word' id='word_1_262' title='bbox 903 2870 1008 2900; x_wconf 78' lang='lat' dir='ltr'>Sancti</span> <span class='ocrx_word' id='word_1_263' title='bbox 1024 2869 1115 2899; x_wconf 85' lang='lat' dir='ltr'>Pauli</span> 
     </span>
     <span class='ocr_line' id='line_1_46' title="bbox 106 2926 1031 2963; baseline -0.005 -6"><span class='ocrx_word' id='word_1_264' title='bbox 106 2929 141 2958; x_wconf 85' lang='lat' dir='ltr'>de</span> <span class='ocrx_word' id='word_1_265' title='bbox 159 2928 242 2963; x_wconf 80' lang='lat' dir='ltr'>Urbe,</span> <span class='ocrx_word' id='word_1_266' title='bbox 259 2928 380 2957; x_wconf 80' lang='lat' dir='ltr'>ordinis</span> <span class='ocrx_word' id='word_1_267' title='bbox 396 2927 427 2957; x_wconf 91' lang='lat' dir='ltr'>S.</span> <span class='ocrx_word' id='word_1_268' title='bbox 446 2926 606 2956; x_wconf 79' lang='lat' dir='ltr'>Benedicti.</span> <span class='ocrx_word' id='word_1_269' title='bbox 1028 2944 1031 2946; x_wconf 94' lang='lat'>-</span> 
     </span>
    </p>

    <p class='ocr_par' dir='ltr' id='par_1_21' title="bbox 107 2976 1115 3073">
     <span class='ocr_line' id='line_1_47' title="bbox 149 2976 1115 3020; baseline -0.006 -9"><span class='ocrx_word' id='word_1_270' title='bbox 149 2993 161 3009; x_wconf 93' lang='lat'>«</span> <span class='ocrx_word' id='word_1_271' title='bbox 186 2981 275 3011; x_wconf 90' lang='lat' dir='ltr'>Licet</span> <span class='ocrx_word' id='word_1_272' title='bbox 294 2985 387 3020; x_wconf 83' lang='lat' dir='ltr'>prout</span> <span class='ocrx_word' id='word_1_273' title='bbox 402 2978 707 3011; x_wconf 87' lang='lat' dir='ltr'>commendabilis...</span> <span class='ocrx_word' id='word_1_274' title='bbox 726 2994 764 3000; x_wconf 94' lang='lat'>-—-</span> <span class='ocrx_word' id='word_1_275' title='bbox 781 2977 853 3007; x_wconf 84' lang='lat' dir='ltr'>Dat.</span> <span class='ocrx_word' id='word_1_276' title='bbox 874 2976 957 3015; x_wconf 88' lang='lat' dir='ltr'>apud</span> <span class='ocrx_word' id='word_1_277' title='bbox 978 2976 1115 3006; x_wconf 82' lang='lat' dir='ltr'>Urbem-</span> 
     </span>
     <span class='ocr_line' id='line_1_48' title="bbox 107 3031 813 3073; baseline -0.004 -8"><span class='ocrx_word' id='word_1_278' title='bbox 107 3039 258 3071; x_wconf 86' lang='lat' dir='ltr'>veterem,</span> <span class='ocrx_word' id='word_1_279' title='bbox 276 3034 384 3064; x_wconf 87' lang='lat' dir='ltr'>idibus</span> <span class='ocrx_word' id='word_1_280' title='bbox 396 3033 549 3073; x_wconf 83' lang='lat' dir='ltr'>januarii,</span> <span class='ocrx_word' id='word_1_281' title='bbox 568 3040 654 3062; x_wconf 89' lang='lat' dir='ltr'>anno</span> <span class='ocrx_word' id='word_1_282' title='bbox 674 3031 778 3062; x_wconf 86' lang='lat' dir='ltr'>tertio.</span> <span class='ocrx_word' id='word_1_283' title='bbox 800 3042 813 3057; x_wconf 72' lang='lat'>1&gt;</span> 
     </span>
    </p>
   </div>
   <div class='ocr_carea' id='block_1_14' title="bbox 1256 428 1371 458">
    <p class='ocr_par' dir='ltr' id='par_1_22' title="bbox 1256 428 1371 458">
     <span class='ocr_line' id='line_1_49' title="bbox 1256 428 1371 458; baseline 0.026 -3"><span class='ocrx_word' id='word_1_284' title='bbox 1256 428 1371 458; x_wconf 71' lang='lat'><strong>3358</strong></span> 
     </span>
    </p>
   </div>
   <div class='ocr_carea' id='block_1_15' title="bbox 1184 490 2188 719">
    <p class='ocr_par' dir='ltr' id='par_1_23' title="bbox 1184 490 2188 719">
     <span class='ocr_line' id='line_1_50' title="bbox 1220 490 2188 526; baseline 0.004 -11"><span class='ocrx_word' id='word_1_285' title='bbox 1220 490 1325 516; x_wconf 80' lang='lat' dir='ltr'>Abbati</span> <span class='ocrx_word' id='word_1_286' title='bbox 1343 491 1507 517; x_wconf 82' lang='lat' dir='ltr'>monasterii</span> <span class='ocrx_word' id='word_1_287' title='bbox 1523 490 1619 517; x_wconf 84' lang='lat' dir='ltr'>Sancti</span> <span class='ocrx_word' id='word_1_288' title='bbox 1636 490 1715 517; x_wconf 84' lang='lat' dir='ltr'>Pauli</span> <span class='ocrx_word' id='word_1_289' title='bbox 1728 491 1762 516; x_wconf 86' lang='lat' dir='ltr'>de</span> <span class='ocrx_word' id='word_1_290' title='bbox 1774 491 1852 518; x_wconf 85' lang='lat' dir='ltr'>Urbe</span> <span class='ocrx_word' id='word_1_291' title='bbox 1864 491 1991 526; x_wconf 77' lang='lat' dir='ltr'>indulget</span> <span class='ocrx_word' id='word_1_292' title='bbox 2006 496 2037 518; x_wconf 89' lang='lat' dir='ltr'>ut</span> <span class='ocrx_word' id='word_1_293' title='bbox 2052 493 2188 519; x_wconf 82' lang='lat' dir='ltr'>obedien-</span> 
     </span>
     <span class='ocr_line' id='line_1_51' title="bbox 1185 538 2187 575; baseline 0.003 -11"><span class='ocrx_word' id='word_1_294' title='bbox 1185 538 1275 564; x_wconf 80' lang='lat' dir='ltr'>tiariis</span> <span class='ocrx_word' id='word_1_295' title='bbox 1287 542 1315 564; x_wconf 86' lang='lat' dir='ltr'>et</span> <span class='ocrx_word' id='word_1_296' title='bbox 1326 539 1488 565; x_wconf 78' lang='lat' dir='ltr'>castellanis</span> <span class='ocrx_word' id='word_1_297' title='bbox 1499 539 1665 565; x_wconf 76' lang='lat' dir='ltr'>monasterii</span> <span class='ocrx_word' id='word_1_298' title='bbox 1682 540 1826 566; x_wconf 76' lang='lat' dir='ltr'>licentiam</span> <span class='ocrx_word' id='word_1_299' title='bbox 1841 540 1907 566; x_wconf 80' lang='lat' dir='ltr'>dare</span> <span class='ocrx_word' id='word_1_300' title='bbox 1919 541 2011 575; x_wconf 79' lang='lat' dir='ltr'>possit</span> <span class='ocrx_word' id='word_1_301' title='bbox 2022 541 2187 568; x_wconf 85' lang='lat' dir='ltr'>remanendi</span> 
     </span>
     <span class='ocr_line' id='line_1_52' title="bbox 1184 587 2187 624; baseline 0.004 -12"><span class='ocrx_word' id='word_1_302' title='bbox 1184 587 1213 613; x_wconf 86' lang='lat' dir='ltr'>in</span> <span class='ocrx_word' id='word_1_303' title='bbox 1229 587 1339 619; x_wconf 82' lang='lat' dir='ltr'>officiis,</span> <span class='ocrx_word' id='word_1_304' title='bbox 1357 596 1411 613; x_wconf 91' lang='lat' dir='ltr'>non</span> <span class='ocrx_word' id='word_1_305' title='bbox 1428 588 1558 614; x_wconf 77' lang='lat' dir='ltr'>obstante</span> <span class='ocrx_word' id='word_1_306' title='bbox 1574 592 1682 615; x_wconf 83' lang='lat' dir='ltr'>statuto</span> <span class='ocrx_word' id='word_1_307' title='bbox 1698 597 1754 622; x_wconf 90' lang='lat' dir='ltr'>quo</span> <span class='ocrx_word' id='word_1_308' title='bbox 1771 589 1901 615; x_wconf 83' lang='lat' dir='ltr'>monachi</span> <span class='ocrx_word' id='word_1_309' title='bbox 1918 593 1945 615; x_wconf 84' lang='lat' dir='ltr'>et</span> <span class='ocrx_word' id='word_1_310' title='bbox 1960 590 2092 616; x_wconf 79' lang='lat' dir='ltr'>conversi</span> <span class='ocrx_word' id='word_1_311' title='bbox 2107 591 2187 624; x_wconf 82' lang='lat' dir='ltr'>ejus-</span> 
     </span>
     <span class='ocr_line' id='line_1_53' title="bbox 1186 635 2188 665; baseline 0.003 -4"><span class='ocrx_word' id='word_1_312' title='bbox 1186 635 1249 662; x_wconf 79' lang='lat' dir='ltr'>dem</span> <span class='ocrx_word' id='word_1_313' title='bbox 1272 637 1437 663; x_wconf 82' lang='lat' dir='ltr'>monasterii</span> <span class='ocrx_word' id='word_1_314' title='bbox 1457 646 1472 663; x_wconf 87' lang='lat' dir='ltr'>a</span> <span class='ocrx_word' id='word_1_315' title='bbox 1492 638 1656 663; x_wconf 77' lang='lat' dir='ltr'>commissis</span> <span class='ocrx_word' id='word_1_316' title='bbox 1676 637 1846 664; x_wconf 73' lang='lat' dir='ltr'>obedientiis</span> <span class='ocrx_word' id='word_1_317' title='bbox 1868 642 1895 664; x_wconf 76' lang='lat' dir='ltr'>et</span> <span class='ocrx_word' id='word_1_318' title='bbox 1915 638 2088 664; x_wconf 73' lang='lat' dir='ltr'>castellaniis</span> <span class='ocrx_word' id='word_1_319' title='bbox 2105 639 2188 665; x_wconf 83' lang='lat' dir='ltr'>annis</span> 
     </span>
     <span class='ocr_line' id='line_1_54' title="bbox 1186 686 2028 719; baseline 0.002 -8"><span class='ocrx_word' id='word_1_320' title='bbox 1186 686 1308 719; x_wconf 80' lang='lat' dir='ltr'>singulis</span> <span class='ocrx_word' id='word_1_321' title='bbox 1323 687 1447 712; x_wconf 79' lang='lat' dir='ltr'>amoveri</span> <span class='ocrx_word' id='word_1_322' title='bbox 1464 686 1575 712; x_wconf 84' lang='lat' dir='ltr'>debent.</span> <span class='ocrx_word' id='word_1_323' title='bbox 1595 686 1676 719; x_wconf 74' lang='lat' dir='ltr'>(Rso.</span> <span class='ocrx_word' id='word_1_324' title='bbox 1696 687 1737 719; x_wconf 78' lang='lat'>45,</span> <span class='ocrx_word' id='word_1_325' title='bbox 1757 695 1781 713; x_wconf 83' lang='lat' dir='ltr'>c.</span> <span class='ocrx_word' id='word_1_326' title='bbox 1799 686 1859 718; x_wconf 79' lang='lat'>638,</span> <span class='ocrx_word' id='word_1_327' title='bbox 1879 687 1897 713; x_wconf 89' lang='lat' dir='ltr'>f.</span> <span class='ocrx_word' id='word_1_328' title='bbox 1920 687 1966 713; x_wconf 84' lang='lat'>130</span> <span class='ocrx_word' id='word_1_329' title='bbox 1983 688 2028 719; x_wconf 79' lang='lat' dir='ltr'>r0.)</span> 
     </span>
    </p>
   </div>
   <div class='ocr_carea' id='block_1_16' title="bbox 1721 429 2114 464">
    <p class='ocr_par' dir='ltr' id='par_1_24' title="bbox 1721 429 2114 464">
     <span class='ocr_line' id='line_1_55' title="bbox 1721 429 2114 464; baseline 0.003 -8"><span class='ocrx_word' id='word_1_330' title='bbox 1721 429 1847 461; x_wconf 74' lang='lat' dir='ltr'>Orvieto,</span> <span class='ocrx_word' id='word_1_331' title='bbox 1865 430 2020 464; x_wconf 77' lang='lat' dir='ltr'>¹13Janvie1·</span> <span class='ocrx_word' id='word_1_332' title='bbox 2038 431 2114 458; x_wconf 68' lang='lat'>1291.</span> 
     </span>
    </p>
   </div>
   <div class='ocr_carea' id='block_1_17' title="bbox 1186 780 2189 869">
    <p class='ocr_par' dir='ltr' id='par_1_25' title="bbox 1186 780 2189 869">
     <span class='ocr_line' id='line_1_56' title="bbox 1229 780 2189 824; baseline 0.003 -9"><span class='ocrx_word' id='word_1_333' title='bbox 1229 809 1248 815; x_wconf 89' lang='lat'>..</span> <span class='ocrx_word' id='word_1_334' title='bbox 1267 780 1369 816; x_wconf 78' lang='lat' dir='ltr'>abbati</span> <span class='ocrx_word' id='word_1_335' title='bbox 1385 789 1562 817; x_wconf 78' lang='lat' dir='ltr'>monaslerz&#39;i</span> <span class='ocrx_word' id='word_1_336' title='bbox 1579 788 1682 817; x_wconf 77' lang='lat' dir='ltr'>Sancti</span> <span class='ocrx_word' id='word_1_337' title='bbox 1697 788 1787 817; x_wconf 80' lang='lat' dir='ltr'>Pauli</span> <span class='ocrx_word' id='word_1_338' title='bbox 1802 789 1836 817; x_wconf 86' lang='lat' dir='ltr'>de</span> <span class='ocrx_word' id='word_1_339' title='bbox 1854 789 1936 824; x_wconf 85' lang='lat' dir='ltr'>Urbe,</span> <span class='ocrx_word' id='word_1_340' title='bbox 1955 789 2072 818; x_wconf 77' lang='lat' dir='ltr'>ordinis</span> <span class='ocrx_word' id='word_1_341' title='bbox 2088 790 2117 819; x_wconf 90' lang='lat' dir='ltr'>S.</span> <span class='ocrx_word' id='word_1_342' title='bbox 2136 790 2189 818; x_wconf 87' lang='lat' dir='ltr'>Be-</span> 
     </span>
     <span class='ocr_line' id='line_1_57' title="bbox 1186 840 1308 869; baseline 0 0"><span class='ocrx_word' id='word_1_343' title='bbox 1186 840 1308 869; x_wconf 74' lang='lat' dir='ltr'>nediccz&#39;.</span> 
     </span>
    </p>
   </div>
   <div class='ocr_carea' id='block_1_18' title="bbox 1229 893 1969 932">
    <p class='ocr_par' dir='ltr' id='par_1_26' title="bbox 1229 893 1969 932">
     <span class='ocr_line' id='line_1_58' title="bbox 1229 893 1969 932; baseline 0.001 -10"><span class='ocrx_word' id='word_1_344' title='bbox 1229 905 1242 919; x_wconf 70' lang='grc' dir='ltr'><em>α</em></span> <span class='ocrx_word' id='word_1_345' title='bbox 1261 893 1349 922; x_wconf 84' lang='lat' dir='ltr'>Sicut</span> <span class='ocrx_word' id='word_1_346' title='bbox 1366 897 1395 922; x_wconf 90' lang='lat' dir='ltr'>te</span> <span class='ocrx_word' id='word_1_347' title='bbox 1410 894 1620 925; x_wconf 86' lang='lat' dir='ltr'>intimante...</span> <span class='ocrx_word' id='word_1_348' title='bbox 1638 911 1677 916; x_wconf 97' lang='lat'><strong>—</strong></span> <span class='ocrx_word' id='word_1_349' title='bbox 1695 895 1765 924; x_wconf 90' lang='lat' dir='ltr'>Dat.</span> <span class='ocrx_word' id='word_1_350' title='bbox 1783 899 1817 923; x_wconf 90' lang='lat' dir='ltr'>ut</span> <span class='ocrx_word' id='word_1_351' title='bbox 1832 903 1938 932; x_wconf 86' lang='lat' dir='ltr'>supra.</span> <span class='ocrx_word' id='word_1_352' title='bbox 1956 906 1969 920; x_wconf 68' lang='lat' dir='ltr'>n</span> 
     </span>
    </p>
   </div>
   <div class='ocr_carea' id='block_1_19' title="bbox 1259 1050 1375 1078">
    <p class='ocr_par' dir='ltr' id='par_1_27' title="bbox 1259 1050 1375 1078">
     <span class='ocr_line' id='line_1_59' title="bbox 1259 1050 1375 1078; baseline 0 0"><span class='ocrx_word' id='word_1_353' title='bbox 1259 1050 1375 1078; x_wconf 73' lang='grc'><strong>3959</strong></span> 
     </span>
    </p>
   </div>
   <div class='ocr_carea' id='block_1_20' title="bbox 1188 1112 2191 1194">
    <p class='ocr_par' dir='ltr' id='par_1_28' title="bbox 1188 1112 2191 1194">
     <span class='ocr_line' id='line_1_60' title="bbox 1225 1112 2191 1149; baseline 0.003 -11"><span class='ocrx_word' id='word_1_354' title='bbox 1225 1112 1345 1138; x_wconf 78' lang='lat' dir='ltr'>Hortum</span> <span class='ocrx_word' id='word_1_355' title='bbox 1362 1113 1497 1138; x_wconf 80' lang='lat' dir='ltr'>fratribus</span> <span class='ocrx_word' id='word_1_356' title='bbox 1513 1113 1671 1140; x_wconf 86' lang='lat' dir='ltr'>minoribus</span> <span class='ocrx_word' id='word_1_357' title='bbox 1688 1113 1721 1139; x_wconf 87' lang='lat' dir='ltr'>de</span> <span class='ocrx_word' id='word_1_358' title='bbox 1737 1113 1961 1140; x_wconf 81' lang='lat' dir='ltr'>Montessascone</span> <span class='ocrx_word' id='word_1_359' title='bbox 1978 1114 2034 1140; x_wconf 80' lang='lat' dir='ltr'>dat.</span> <span class='ocrx_word' id='word_1_360' title='bbox 2052 1114 2135 1147; x_wconf 74' lang='lat' dir='ltr'>(Hm.</span> <span class='ocrx_word' id='word_1_361' title='bbox 2147 1114 2191 1149; x_wconf 81' lang='lat'>45,</span> 
     </span>
     <span class='ocr_line' id='line_1_61' title="bbox 1188 1162 1460 1194; baseline -0.004 -5"><span class='ocrx_word' id='word_1_362' title='bbox 1188 1171 1214 1189; x_wconf 89' lang='lat' dir='ltr'>c.</span> <span class='ocrx_word' id='word_1_363' title='bbox 1232 1163 1291 1193; x_wconf 79' lang='lat'><strong>639,</strong></span> <span class='ocrx_word' id='word_1_364' title='bbox 1310 1162 1329 1189; x_wconf 89' lang='lat' dir='ltr'>f.</span> <span class='ocrx_word' id='word_1_365' title='bbox 1348 1162 1397 1189; x_wconf 70' lang='lat'>130</span> <span class='ocrx_word' id='word_1_366' title='bbox 1413 1163 1460 1194; x_wconf 85' lang='lat' dir='ltr'>r0.)</span> 
     </span>
    </p>
   </div>
   <div class='ocr_carea' id='block_1_21' title="bbox 1720 1050 2120 1086">
    <p class='ocr_par' dir='ltr' id='par_1_29' title="bbox 1720 1050 2120 1086">
     <span class='ocr_line' id='line_1_62' title="bbox 1720 1050 2120 1086; baseline 0.003 -9"><span class='ocrx_word' id='word_1_367' title='bbox 1720 1050 1847 1084; x_wconf 80' lang='lat' dir='ltr'>Orvieto,</span> <span class='ocrx_word' id='word_1_368' title='bbox 1870 1052 1900 1079; x_wconf 89' lang='lat'>13</span> <span class='ocrx_word' id='word_1_369' title='bbox 1913 1053 2025 1086; x_wconf 79' lang='lat' dir='ltr'>jam-ier</span> <span class='ocrx_word' id='word_1_370' title='bbox 2044 1053 2120 1079; x_wconf 67' lang='lat'>1291.</span> 
     </span>
    </p>
   </div>
   <div class='ocr_carea' id='block_1_22' title="bbox 1189 1252 2213 1821">
    <p class='ocr_par' dir='ltr' id='par_1_30' title="bbox 1189 1252 2213 1821">
     <span class='ocr_line' id='line_1_63' title="bbox 1230 1252 2192 1289; baseline 0.003 -10"><span class='ocrx_word' id='word_1_371' title='bbox 1230 1273 1250 1280; x_wconf 86' lang='lat'>..</span> <span class='ocrx_word' id='word_1_372' title='bbox 1263 1252 1436 1289; x_wconf 66' lang='lat' dir='ltr'>guardiano</span> <span class='ocrx_word' id='word_1_373' title='bbox 1448 1256 1473 1280; x_wconf 82' lang='lat' dir='ltr'>et</span> <span class='ocrx_word' id='word_1_374' title='bbox 1487 1252 1636 1287; x_wconf 78' lang='lat' dir='ltr'>fratribus</span> <span class='ocrx_word' id='word_1_375' title='bbox 1646 1252 1753 1281; x_wconf 80' lang='lat' dir='ltr'>domus</span> <span class='ocrx_word' id='word_1_376' title='bbox 1766 1253 1883 1281; x_wconf 77' lang='lat' dir='ltr'>ordinis</span> <span class='ocrx_word' id='word_1_377' title='bbox 1898 1255 2051 1282; x_wconf 82' lang='lat' dir='ltr'>minorum</span> <span class='ocrx_word' id='word_1_378' title='bbox 2067 1253 2102 1282; x_wconf 83' lang='lat' dir='ltr'>de</span> <span class='ocrx_word' id='word_1_379' title='bbox 2114 1253 2192 1282; x_wconf 88' lang='lat' dir='ltr'>Mon-</span> 
     </span>
     <span class='ocr_line' id='line_1_64' title="bbox 1191 1304 2213 1345; baseline 0.002 -12"><span class='ocrx_word' id='word_1_380' title='bbox 1191 1305 1355 1340; x_wconf 60' lang='lat' dir='ltr'>imou-one,</span> <span class='ocrx_word' id='word_1_381' title='bbox 1372 1304 1616 1342; x_wconf 75' lang='lat' dir='ltr'>Balneoreyensis</span> <span class='ocrx_word' id='word_1_382' title='bbox 1629 1305 1762 1334; x_wconf 83' lang='lat' dir='ltr'>diocesis.</span> <span class='ocrx_word' id='word_1_383' title='bbox 1781 1317 1794 1331; x_wconf 66' lang='grc' dir='ltr'>(ι</span> <span class='ocrx_word' id='word_1_384' title='bbox 1810 1304 1996 1335; x_wconf 76' lang='lat' dir='ltr'>Devotionis</span> <span class='ocrx_word' id='word_1_385' title='bbox 2011 1309 2114 1335; x_wconf 86' lang='lat' dir='ltr'>vestre</span> <span class='ocrx_word' id='word_1_386' title='bbox 2127 1315 2195 1344; x_wconf 89' lang='lat' dir='ltr'>pre·</span> <span class='ocrx_word' id='word_1_387' title='bbox 2210 1343 2213 1345; x_wconf 24' lang='grc' dir='ltr'><strong><em>ι</em></strong></span> 
     </span>
     <span class='ocr_line' id='line_1_65' title="bbox 1190 1356 2194 1396; baseline 0.002 -10"><span class='ocrx_word' id='word_1_388' title='bbox 1190 1357 1279 1387; x_wconf 86' lang='lat' dir='ltr'>cibus</span> <span class='ocrx_word' id='word_1_389' title='bbox 1304 1357 1467 1393; x_wconf 82' lang='lat' dir='ltr'>inclinati,</span> <span class='ocrx_word' id='word_1_390' title='bbox 1495 1356 1667 1394; x_wconf 90' lang='lat' dir='ltr'>quemdam</span> <span class='ocrx_word' id='word_1_391' title='bbox 1694 1361 1799 1387; x_wconf 90' lang='lat' dir='ltr'>ortum</span> <span class='ocrx_word' id='word_1_392' title='bbox 1825 1357 1956 1387; x_wconf 86' lang='lat' dir='ltr'>ecclesie</span> <span class='ocrx_word' id='word_1_393' title='bbox 1982 1366 2129 1396; x_wconf 87' lang='lat' dir='ltr'>romane,</span> <span class='ocrx_word' id='word_1_394' title='bbox 2155 1358 2194 1388; x_wconf 79' lang='lat' dir='ltr'>ab</span> 
     </span>
     <span class='ocr_line' id='line_1_66' title="bbox 1189 1409 2194 1449; baseline 0.001 -10"><span class='ocrx_word' id='word_1_395' title='bbox 1189 1418 1255 1439; x_wconf 89' lang='lat' dir='ltr'>una</span> <span class='ocrx_word' id='word_1_396' title='bbox 1270 1413 1357 1448; x_wconf 87' lang='lat' dir='ltr'>parte</span> <span class='ocrx_word' id='word_1_397' title='bbox 1378 1413 1446 1439; x_wconf 89' lang='lat' dir='ltr'>orto</span> <span class='ocrx_word' id='word_1_398' title='bbox 1463 1409 1576 1439; x_wconf 87' lang='lat' dir='ltr'>domus</span> <span class='ocrx_word' id='word_1_399' title='bbox 1592 1414 1695 1440; x_wconf 87' lang='lat' dir='ltr'>vestre</span> <span class='ocrx_word' id='word_1_400' title='bbox 1713 1411 1921 1447; x_wconf 85' lang='lat' dir='ltr'>continuum,</span> <span class='ocrx_word' id='word_1_401' title='bbox 1938 1411 1977 1440; x_wconf 90' lang='lat' dir='ltr'>ab</span> <span class='ocrx_word' id='word_1_402' title='bbox 1992 1410 2054 1440; x_wconf 87' lang='lat' dir='ltr'>alia</span> <span class='ocrx_word' id='word_1_403' title='bbox 2070 1411 2120 1440; x_wconf 90' lang='lat' dir='ltr'>vie</span> <span class='ocrx_word' id='word_1_404' title='bbox 2136 1420 2194 1449; x_wconf 92' lang='lat' dir='ltr'>pu-</span> 
     </span>
     <span class='ocr_line' id='line_1_67' title="bbox 1190 1463 2194 1502; baseline 0.001 -9"><span class='ocrx_word' id='word_1_405' title='bbox 1190 1463 1283 1500; x_wconf 82' lang='lat' dir='ltr'>blice,</span> <span class='ocrx_word' id='word_1_406' title='bbox 1299 1467 1328 1492; x_wconf 89' lang='lat' dir='ltr'>et</span> <span class='ocrx_word' id='word_1_407' title='bbox 1343 1471 1361 1491; x_wconf 90' lang='lat' dir='ltr'>a</span> <span class='ocrx_word' id='word_1_408' title='bbox 1373 1463 1463 1492; x_wconf 83' lang='lat' dir='ltr'>tertio</span> <span class='ocrx_word' id='word_1_409' title='bbox 1476 1463 1634 1493; x_wconf 86' lang='lat' dir='ltr'>territorio</span> <span class='ocrx_word' id='word_1_410' title='bbox 1645 1463 1732 1493; x_wconf 87' lang='lat' dir='ltr'>Petri</span> <span class='ocrx_word' id='word_1_411' title='bbox 1745 1464 1783 1493; x_wconf 87' lang='lat' dir='ltr'>de</span> <span class='ocrx_word' id='word_1_412' title='bbox 1798 1464 2054 1500; x_wconf 84' lang='lat' dir='ltr'>Monteflascone‚</span> <span class='ocrx_word' id='word_1_413' title='bbox 2071 1464 2194 1502; x_wconf 88' lang='lat' dir='ltr'>militis,</span> 
     </span>
     <span class='ocr_line' id='line_1_68' title="bbox 1192 1515 2196 1556; baseline 0.001 -10"><span class='ocrx_word' id='word_1_414' title='bbox 1192 1515 1320 1556; x_wconf 90' lang='lat' dir='ltr'>[quem]</span> <span class='ocrx_word' id='word_1_415' title='bbox 1349 1515 1518 1552; x_wconf 78' lang='lat' dir='ltr'>hactenus,</span> <span class='ocrx_word' id='word_1_416' title='bbox 1548 1516 1606 1545; x_wconf 87' lang='lat' dir='ltr'>sub</span> <span class='ocrx_word' id='word_1_417' title='bbox 1632 1525 1741 1546; x_wconf 88' lang='lat' dir='ltr'>annuo</span> <span class='ocrx_word' id='word_1_418' title='bbox 1767 1526 1865 1547; x_wconf 87' lang='lat' dir='ltr'>censu</span> <span class='ocrx_word' id='word_1_419' title='bbox 1894 1517 2008 1555; x_wconf 83' lang='lat' dir='ltr'>viginti</span> <span class='ocrx_word' id='word_1_420' title='bbox 2033 1517 2196 1547; x_wconf 89' lang='lat' dir='ltr'>soldorum</span> 
     </span>
     <span class='ocr_line' id='line_1_69' title="bbox 1191 1568 2196 1608; baseline 0.002 -10"><span class='ocrx_word' id='word_1_421' title='bbox 1191 1569 1417 1608; x_wconf 85' lang='lat' dir='ltr'>paparinorum</span> <span class='ocrx_word' id='word_1_422' title='bbox 1428 1591 1436 1605; x_wconf 89' lang='lat'><strong>,</strong></span> <span class='ocrx_word' id='word_1_423' title='bbox 1460 1577 1479 1598; x_wconf 86' lang='lat' dir='ltr'>a</span> <span class='ocrx_word' id='word_1_424' title='bbox 1506 1568 1579 1598; x_wconf 86' lang='lat' dir='ltr'>sede</span> <span class='ocrx_word' id='word_1_425' title='bbox 1608 1569 1777 1607; x_wconf 84' lang='lat' dir='ltr'>apostolica</span> <span class='ocrx_word' id='word_1_426' title='bbox 1802 1569 1949 1599; x_wconf 89' lang='lat' dir='ltr'>tenuistis</span> <span class='ocrx_word' id='word_1_427' title='bbox 1976 1569 2114 1600; x_wconf 83' lang='lat' dir='ltr'>locatum</span> <span class='ocrx_word' id='word_1_428' title='bbox 2125 1592 2132 1606; x_wconf 91' lang='lat'><strong>,</strong></span> <span class='ocrx_word' id='word_1_429' title='bbox 2160 1571 2196 1600; x_wconf 91' lang='lat' dir='ltr'>in</span> 
     </span>
     <span class='ocr_line' id='line_1_70' title="bbox 1191 1621 2197 1659; baseline 0.002 -9"><span class='ocrx_word' id='word_1_430' title='bbox 1191 1630 1300 1651; x_wconf 87' lang='lat' dir='ltr'>veram</span> <span class='ocrx_word' id='word_1_431' title='bbox 1314 1625 1344 1651; x_wconf 89' lang='lat' dir='ltr'>et</span> <span class='ocrx_word' id='word_1_432' title='bbox 1359 1630 1467 1659; x_wconf 90' lang='lat' dir='ltr'>puram</span> <span class='ocrx_word' id='word_1_433' title='bbox 1483 1621 1691 1651; x_wconf 88' lang='lat' dir='ltr'>elemosinam</span> <span class='ocrx_word' id='word_1_434' title='bbox 1702 1622 1791 1652; x_wconf 86' lang='lat' dir='ltr'>vobis</span> <span class='ocrx_word' id='word_1_435' title='bbox 1805 1626 1835 1651; x_wconf 88' lang='lat' dir='ltr'>et</span> <span class='ocrx_word' id='word_1_436' title='bbox 1845 1622 1955 1652; x_wconf 89' lang='lat' dir='ltr'>domui</span> <span class='ocrx_word' id='word_1_437' title='bbox 1969 1626 2072 1652; x_wconf 84' lang='lat' dir='ltr'>vestre</span> <span class='ocrx_word' id='word_1_438' title='bbox 2089 1627 2197 1653; x_wconf 86' lang='lat' dir='ltr'>tenore</span> 
     </span>
     <span class='ocr_line' id='line_1_71' title="bbox 1191 1675 2198 1714; baseline 0.003 -10"><span class='ocrx_word' id='word_1_439' title='bbox 1191 1675 1390 1714; x_wconf 85' lang='lat' dir='ltr'>presentium</span> <span class='ocrx_word' id='word_1_440' title='bbox 1403 1675 1437 1704; x_wconf 89' lang='lat' dir='ltr'>in</span> <span class='ocrx_word' id='word_1_441' title='bbox 1452 1679 1639 1713; x_wconf 88' lang='lat' dir='ltr'>perpetuum</span> <span class='ocrx_word' id='word_1_442' title='bbox 1655 1675 1871 1712; x_wconf 87' lang='lat' dir='ltr'>concedimus,</span> <span class='ocrx_word' id='word_1_443' title='bbox 1887 1676 2042 1706; x_wconf 85' lang='lat' dir='ltr'>donamus</span> <span class='ocrx_word' id='word_1_444' title='bbox 2053 1680 2083 1706; x_wconf 90' lang='lat' dir='ltr'>et</span> <span class='ocrx_word' id='word_1_445' title='bbox 2094 1680 2198 1707; x_wconf 86' lang='lat' dir='ltr'>vestro</span> 
     </span>
     <span class='ocr_line' id='line_1_72' title="bbox 1192 1727 2198 1766; baseline 0.001 -8"><span class='ocrx_word' id='word_1_446' title='bbox 1192 1729 1267 1758; x_wconf 84' lang='lat' dir='ltr'>usui</span> <span class='ocrx_word' id='word_1_447' title='bbox 1283 1728 1483 1766; x_wconf 87' lang='lat' dir='ltr'>deputamus.</span> <span class='ocrx_word' id='word_1_448' title='bbox 1506 1727 1597 1757; x_wconf 91' lang='lat' dir='ltr'>Nulli</span> <span class='ocrx_word' id='word_1_449' title='bbox 1613 1737 1699 1765; x_wconf 86' lang='lat' dir='ltr'>ergo,</span> <span class='ocrx_word' id='word_1_450' title='bbox 1721 1732 1793 1764; x_wconf 71' lang='lat' dir='ltr'>etc.⁷</span> <span class='ocrx_word' id='word_1_451' title='bbox 1810 1733 1916 1759; x_wconf 89' lang='lat' dir='ltr'>nostre</span> <span class='ocrx_word' id='word_1_452' title='bbox 1934 1729 2150 1759; x_wconf 87' lang='lat' dir='ltr'>concessionis</span> <span class='ocrx_word' id='word_1_453' title='bbox 2167 1733 2198 1759; x_wconf 84' lang='lat' dir='ltr'>et</span> 
     </span>
     <span class='ocr_line' id='line_1_73' title="bbox 1192 1781 1767 1821; baseline 0 -10"><span class='ocrx_word' id='word_1_454' title='bbox 1192 1782 1385 1819; x_wconf 79' lang='lat' dir='ltr'>donationis,</span> <span class='ocrx_word' id='word_1_455' title='bbox 1403 1785 1460 1811; x_wconf 87' lang='lat' dir='ltr'>etc.</span> <span class='ocrx_word' id='word_1_456' title='bbox 1481 1781 1553 1811; x_wconf 88' lang='lat' dir='ltr'>Dat.</span> <span class='ocrx_word' id='word_1_457' title='bbox 1574 1786 1610 1811; x_wconf 89' lang='lat' dir='ltr'>ut</span> <span class='ocrx_word' id='word_1_458' title='bbox 1627 1791 1732 1821; x_wconf 87' lang='lat' dir='ltr'>supra.</span> <span class='ocrx_word' id='word_1_459' title='bbox 1754 1794 1767 1808; x_wconf 82' lang='lat'>»</span> 
     </span>
    </p>
   </div>
   <div class='ocr_carea' id='block_1_23' title="bbox 1229 1953 2126 2049">
    <p class='ocr_par' dir='ltr' id='par_1_31' title="bbox 1229 1953 2126 2049">
     <span class='ocr_line' id='line_1_74' title="bbox 1264 1953 2126 1988; baseline -0.002 -6"><span class='ocrx_word' id='word_1_460' title='bbox 1264 1953 1515 1983; x_wconf 51' lang='lat'><strong>3980-3920</strong></span> <span class='ocrx_word' id='word_1_461' title='bbox 1728 1953 1855 1987; x_wconf 83' lang='lat' dir='ltr'>Orvieto,</span> <span class='ocrx_word' id='word_1_462' title='bbox 1876 1953 1906 1980; x_wconf 80' lang='lat'>14</span> <span class='ocrx_word' id='word_1_463' title='bbox 1919 1954 2032 1988; x_wconf 79' lang='lat' dir='ltr'>Janvier</span> <span class='ocrx_word' id='word_1_464' title='bbox 2049 1954 2126 1981; x_wconf 68' lang='lat'>1291.</span> 
     </span>
     <span class='ocr_line' id='line_1_75' title="bbox 1229 2013 1891 2049; baseline -0.002 -8"><span class='ocrx_word' id='word_1_465' title='bbox 1229 2015 1437 2049; x_wconf 85' lang='lat' dir='ltr'>Indulgentiae.</span> <span class='ocrx_word' id='word_1_466' title='bbox 1456 2014 1540 2048; x_wconf 75' lang='lat' dir='ltr'>(Rm.</span> <span class='ocrx_word' id='word_1_467' title='bbox 1558 2014 1602 2045; x_wconf 86' lang='lat'>45,</span> <span class='ocrx_word' id='word_1_468' title='bbox 1619 2022 1644 2040; x_wconf 81' lang='grc' dir='ltr'>ο.</span> <span class='ocrx_word' id='word_1_469' title='bbox 1660 2013 1722 2048; x_wconf 82' lang='lat'><strong>640,</strong></span> <span class='ocrx_word' id='word_1_470' title='bbox 1740 2014 1759 2040; x_wconf 75' lang='lat' dir='ltr'>f.</span> <span class='ocrx_word' id='word_1_471' title='bbox 1779 2014 1827 2041; x_wconf 84' lang='lat'>130</span> <span class='ocrx_word' id='word_1_472' title='bbox 1844 2016 1891 2047; x_wconf 74' lang='lat' dir='ltr'>ro.)</span> 
     </span>
    </p>
   </div>
   <div class='ocr_carea' id='block_1_24' title="bbox 1192 2103 2200 2458">
    <p class='ocr_par' dir='ltr' id='par_1_32' title="bbox 1192 2103 2200 2348">
     <span class='ocr_line' id='line_1_76' title="bbox 1236 2103 2197 2141; baseline 0 -8"><span class='ocrx_word' id='word_1_473' title='bbox 1236 2104 1387 2133; x_wconf 78' lang='lat' dir='ltr'>Universis</span> <span class='ocrx_word' id='word_1_474' title='bbox 1406 2103 1520 2133; x_wconf 65' lang='lat' dir='ltr'>Cha-isti</span> <span class='ocrx_word' id='word_1_475' title='bbox 1542 2103 1681 2139; x_wconf 76' lang='lat' dir='ltr'>fidelibus</span> <span class='ocrx_word' id='word_1_476' title='bbox 1698 2107 1848 2141; x_wconf 82' lang='lat' dir='ltr'>presentes</span> <span class='ocrx_word' id='word_1_477' title='bbox 1871 2104 1988 2133; x_wconf 74' lang='lat' dir='ltr'>litteras</span> <span class='ocrx_word' id='word_1_478' title='bbox 2007 2105 2197 2141; x_wconf 70' lang='lat' dir='ltr'>inspecturis.</span> 
     </span>
     <span class='ocr_line' id='line_1_77' title="bbox 1192 2155 2200 2194; baseline 0 -8"><span class='ocrx_word' id='word_1_479' title='bbox 1192 2157 1434 2194; x_wconf 82' lang='lat' dir='ltr'>Indulgentiam</span> <span class='ocrx_word' id='word_1_480' title='bbox 1447 2157 1543 2185; x_wconf 90' lang='lat' dir='ltr'>unius</span> <span class='ocrx_word' id='word_1_481' title='bbox 1556 2155 1636 2185; x_wconf 89' lang='lat' dir='ltr'>anni</span> <span class='ocrx_word' id='word_1_482' title='bbox 1652 2159 1682 2184; x_wconf 89' lang='lat' dir='ltr'>et</span> <span class='ocrx_word' id='word_1_483' title='bbox 1696 2165 1734 2184; x_wconf 78' lang='lat' dir='ltr'>XL</span> <span class='ocrx_word' id='word_1_484' title='bbox 1751 2155 1875 2185; x_wconf 86' lang='lat' dir='ltr'>dierum</span> <span class='ocrx_word' id='word_1_485' title='bbox 1891 2156 2037 2185; x_wconf 87' lang='lat' dir='ltr'>concedit</span> <span class='ocrx_word' id='word_1_486' title='bbox 2049 2156 2200 2186; x_wconf 89' lang='lat' dir='ltr'>omnibus</span> 
     </span>
     <span class='ocr_line' id='line_1_78' title="bbox 1193 2209 2200 2249; baseline -0.001 -8"><span class='ocrx_word' id='word_1_487' title='bbox 1193 2219 1267 2241; x_wconf 89' lang='lat' dir='ltr'>vere</span> <span class='ocrx_word' id='word_1_488' title='bbox 1289 2210 1525 2249; x_wconf 86' lang='lat' dir='ltr'>poenitentibus</span> <span class='ocrx_word' id='word_1_489' title='bbox 1547 2213 1577 2239; x_wconf 89' lang='lat' dir='ltr'>et</span> <span class='ocrx_word' id='word_1_490' title='bbox 1599 2209 1750 2239; x_wconf 84' lang='lat' dir='ltr'>confessis</span> <span class='ocrx_word' id='word_1_491' title='bbox 1772 2209 1827 2247; x_wconf 83' lang='lat' dir='ltr'>qui</span> <span class='ocrx_word' id='word_1_492' title='bbox 1852 2209 2018 2239; x_wconf 89' lang='lat' dir='ltr'>ecclesiam</span> <span class='ocrx_word' id='word_1_493' title='bbox 2042 2209 2200 2248; x_wconf 89' lang='lat' dir='ltr'>prioratus</span> 
     </span>
     <span class='ocr_line' id='line_1_79' title="bbox 1193 2262 2199 2301; baseline -0.002 -7"><span class='ocrx_word' id='word_1_494' title='bbox 1193 2264 1232 2294; x_wconf 90' lang='lat' dir='ltr'>de</span> <span class='ocrx_word' id='word_1_495' title='bbox 1257 2263 1373 2294; x_wconf 86' lang='lat' dir='ltr'>Sancto</span> <span class='ocrx_word' id='word_1_496' title='bbox 1398 2263 1485 2300; x_wconf 87' lang='lat' dir='ltr'>Lupo</span> <span class='ocrx_word' id='word_1_497' title='bbox 1508 2263 1543 2291; x_wconf 88' lang='lat' dir='ltr'>in</span> <span class='ocrx_word' id='word_1_498' title='bbox 1572 2262 1704 2299; x_wconf 87' lang='lat' dir='ltr'>Archia,</span> <span class='ocrx_word' id='word_1_499' title='bbox 1730 2262 1999 2300; x_wconf 86' lang='lat' dir='ltr'>Rothomagensis</span> <span class='ocrx_word' id='word_1_500' title='bbox 2027 2262 2180 2293; x_wconf 86' lang='lat' dir='ltr'>dioecesis</span> <span class='ocrx_word' id='word_1_501' title='bbox 2192 2288 2199 2301; x_wconf 81' lang='lat'><strong>‚</strong></span> 
     </span>
     <span class='ocr_line' id='line_1_80' title="bbox 1193 2315 1641 2348; baseline -0.009 0"><span class='ocrx_word' id='word_1_502' title='bbox 1193 2317 1287 2348; x_wconf 85' lang='lat' dir='ltr'>certis</span> <span class='ocrx_word' id='word_1_503' title='bbox 1303 2316 1416 2346; x_wconf 87' lang='lat' dir='ltr'>diebus</span> <span class='ocrx_word' id='word_1_504' title='bbox 1431 2315 1641 2345; x_wconf 81' lang='lat' dir='ltr'>visitaverint.</span> 
     </span>
    </p>

    <p class='ocr_par' dir='ltr' id='par_1_33' title="bbox 1192 2369 2197 2458">
     <span class='ocr_line' id='line_1_81' title="bbox 1235 2369 2197 2408; baseline 0.001 -10"><span class='ocrx_word' id='word_1_505' title='bbox 1235 2382 1250 2398; x_wconf 87' lang='lat'>«</span> <span class='ocrx_word' id='word_1_506' title='bbox 1266 2369 1348 2400; x_wconf 89' lang='lat' dir='ltr'>Cum</span> <span class='ocrx_word' id='word_1_507' title='bbox 1365 2369 1404 2399; x_wconf 90' lang='lat' dir='ltr'>ad</span> <span class='ocrx_word' id='word_1_508' title='bbox 1419 2369 1667 2408; x_wconf 87' lang='lat' dir='ltr'>premerenda...</span> <span class='ocrx_word' id='word_1_509' title='bbox 1684 2385 1722 2391; x_wconf 92' lang='lat'>——</span> <span class='ocrx_word' id='word_1_510' title='bbox 1738 2369 1810 2398; x_wconf 88' lang='lat' dir='ltr'>Dat.</span> <span class='ocrx_word' id='word_1_511' title='bbox 1824 2369 1909 2407; x_wconf 87' lang='lat' dir='ltr'>apud</span> <span class='ocrx_word' id='word_1_512' title='bbox 1922 2369 2197 2404; x_wconf 87' lang='lat' dir='ltr'>Urbemveterem‚</span> 
     </span>
     <span class='ocr_line' id='line_1_82' title="bbox 1192 2412 1890 2458; baseline -0.004 -5"><span class='ocrx_word' id='word_1_513' title='bbox 1192 2432 1282 2454; x_wconf 81' lang='lat' dir='ltr'>xvnn</span> <span class='ocrx_word' id='word_1_514' title='bbox 1299 2422 1451 2452; x_wconf 86' lang='lat' dir='ltr'>kalendas</span> <span class='ocrx_word' id='word_1_515' title='bbox 1467 2412 1632 2458; x_wconf 81' lang='lat' dir='ltr'>februarii,</span> <span class='ocrx_word' id='word_1_516' title='bbox 1649 2430 1735 2451; x_wconf 85' lang='lat' dir='ltr'>anno</span> <span class='ocrx_word' id='word_1_517' title='bbox 1752 2421 1854 2451; x_wconf 86' lang='lat' dir='ltr'>tertio.</span> <span class='ocrx_word' id='word_1_518' title='bbox 1875 2433 1890 2448; x_wconf 89' lang='lat'>»</span> 
     </span>
    </p>
   </div>
   <div class='ocr_carea' id='block_1_25' title="bbox 1194 2485 2199 2657">
    <p class='ocr_par' dir='ltr' id='par_1_34' title="bbox 1194 2485 2199 2657">
     <span class='ocr_line' id='line_1_83' title="bbox 1744 2485 2128 2536; baseline 0.003 -8"><span class='ocrx_word' id='word_1_519' title='bbox 1744 2501 1875 2534; x_wconf 82' lang='lat' dir='ltr'>Orvieto,</span> <span class='ocrx_word' id='word_1_520' title='bbox 1892 2503 1906 2528; x_wconf 86' lang='lat'><strong>7</strong></span> <span class='ocrx_word' id='word_1_521' title='bbox 1919 2485 2034 2536; x_wconf 74' lang='lat' dir='ltr'>janvier</span> <span class='ocrx_word' id='word_1_522' title='bbox 2050 2502 2128 2529; x_wconf 73' lang='lat'>1291.</span> 
     </span>
     <span class='ocr_line' id='line_1_84' title="bbox 1233 2563 2199 2602; baseline 0.001 -8"><span class='ocrx_word' id='word_1_523' title='bbox 1233 2565 1273 2594; x_wconf 90' lang='lat' dir='ltr'>In</span> <span class='ocrx_word' id='word_1_524' title='bbox 1289 2574 1314 2594; x_wconf 88' lang='lat' dir='ltr'>e.</span> <span class='ocrx_word' id='word_1_525' title='bbox 1334 2573 1397 2600; x_wconf 86' lang='lat' dir='ltr'>m.‚</span> <span class='ocrx_word' id='word_1_526' title='bbox 1418 2572 1474 2602; x_wconf 90' lang='lat' dir='ltr'>pro</span> <span class='ocrx_word' id='word_1_527' title='bbox 1490 2563 1624 2594; x_wconf 84' lang='lat' dir='ltr'>ecclesia</span> <span class='ocrx_word' id='word_1_528' title='bbox 1640 2563 1774 2594; x_wconf 88' lang='lat' dir='ltr'>Sanctae</span> <span class='ocrx_word' id='word_1_529' title='bbox 1792 2564 1912 2594; x_wconf 87' lang='lat' dir='ltr'>Mariae</span> <span class='ocrx_word' id='word_1_530' title='bbox 1927 2564 1965 2594; x_wconf 89' lang='lat' dir='ltr'>de</span> <span class='ocrx_word' id='word_1_531' title='bbox 1986 2564 2089 2600; x_wconf 89' lang='lat' dir='ltr'>Pileo,</span> <span class='ocrx_word' id='word_1_532' title='bbox 2111 2565 2199 2595; x_wconf 90' lang='lat' dir='ltr'>Ana-</span> 
     </span>
     <span class='ocr_line' id='line_1_85' title="bbox 1194 2617 1493 2657; baseline -0.007 -9"><span class='ocrx_word' id='word_1_533' title='bbox 1194 2619 1312 2657; x_wconf 83' lang='lat' dir='ltr'>gninae</span> <span class='ocrx_word' id='word_1_534' title='bbox 1331 2617 1493 2647; x_wconf 86' lang='lat' dir='ltr'>dioecesis.</span> 
     </span>
    </p>
   </div>
   <div class='ocr_carea' id='block_1_26' title="bbox 1195 2670 2199 2762">
    <p class='ocr_par' dir='ltr' id='par_1_35' title="bbox 1195 2670 2199 2762">
     <span class='ocr_line' id='line_1_86' title="bbox 1236 2670 2199 2709; baseline 0.002 -11"><span class='ocrx_word' id='word_1_535' title='bbox 1236 2684 1250 2698; x_wconf 63' lang='lat'>«1</span> <span class='ocrx_word' id='word_1_536' title='bbox 1264 2671 1362 2708; x_wconf 85' lang='lat' dir='ltr'>Virga</span> <span class='ocrx_word' id='word_1_537' title='bbox 1374 2670 1602 2700; x_wconf 87' lang='lat' dir='ltr'>venustissima</span> <span class='ocrx_word' id='word_1_538' title='bbox 1611 2674 1677 2700; x_wconf 89' lang='lat' dir='ltr'>et...</span> <span class='ocrx_word' id='word_1_539' title='bbox 1692 2687 1729 2693; x_wconf 96' lang='lat'>—</span> <span class='ocrx_word' id='word_1_540' title='bbox 1741 2671 1813 2700; x_wconf 87' lang='lat' dir='ltr'>Dat.</span> <span class='ocrx_word' id='word_1_541' title='bbox 1827 2671 1910 2709; x_wconf 89' lang='lat' dir='ltr'>apud</span> <span class='ocrx_word' id='word_1_542' title='bbox 1925 2671 2199 2708; x_wconf 80' lang='lat' dir='ltr'>Urhemveterem‚</span> 
     </span>
     <span class='ocr_line' id='line_1_87' title="bbox 1195 2723 1752 2762; baseline -0.005 -8"><span class='ocrx_word' id='word_1_543' title='bbox 1195 2734 1239 2754; x_wconf 81' lang='lat' dir='ltr'>vn</span> <span class='ocrx_word' id='word_1_544' title='bbox 1256 2724 1328 2754; x_wconf 87' lang='lat' dir='ltr'>idus</span> <span class='ocrx_word' id='word_1_545' title='bbox 1342 2723 1495 2762; x_wconf 84' lang='lat' dir='ltr'>januarii,</span> <span class='ocrx_word' id='word_1_546' title='bbox 1514 2731 1600 2753; x_wconf 87' lang='lat' dir='ltr'>auno</span> <span class='ocrx_word' id='word_1_547' title='bbox 1616 2724 1718 2753; x_wconf 88' lang='lat' dir='ltr'>tertio.</span> <span class='ocrx_word' id='word_1_548' title='bbox 1739 2735 1752 2750; x_wconf 72' lang='lat' dir='ltr'>n</span> 
     </span>
    </p>
   </div>
   <div class='ocr_carea' id='block_1_27' title="bbox 1744 2802 2127 2838">
    <p class='ocr_par' dir='ltr' id='par_1_36' title="bbox 1744 2802 2127 2838">
     <span class='ocr_line' id='line_1_88' title="bbox 1744 2802 2127 2838; baseline 0.005 -9"><span class='ocrx_word' id='word_1_549' title='bbox 1744 2802 1876 2838; x_wconf 81' lang='lat' dir='ltr'>Orvieto,</span> <span class='ocrx_word' id='word_1_550' title='bbox 1894 2804 1909 2830; x_wconf 89' lang='lat'><strong>5</strong></span> <span class='ocrx_word' id='word_1_551' title='bbox 1921 2804 2034 2838; x_wconf 86' lang='lat' dir='ltr'>janvier</span> <span class='ocrx_word' id='word_1_552' title='bbox 2050 2803 2127 2831; x_wconf 76' lang='lat'>1291.</span> 
     </span>
    </p>
   </div>
   <div class='ocr_carea' id='block_1_28' title="bbox 1196 2865 2201 3066">
    <p class='ocr_par' dir='ltr' id='par_1_37' title="bbox 1196 2865 2200 2957">
     <span class='ocr_line' id='line_1_89' title="bbox 1237 2865 2200 2904; baseline 0.001 -8"><span class='ocrx_word' id='word_1_553' title='bbox 1237 2867 1274 2896; x_wconf 91' lang='lat' dir='ltr'>In</span> <span class='ocrx_word' id='word_1_554' title='bbox 1291 2875 1318 2896; x_wconf 88' lang='lat' dir='ltr'>e.</span> <span class='ocrx_word' id='word_1_555' title='bbox 1338 2875 1398 2900; x_wconf 84' lang='lat' dir='ltr'>m.‚</span> <span class='ocrx_word' id='word_1_556' title='bbox 1419 2874 1475 2904; x_wconf 87' lang='lat' dir='ltr'>pro</span> <span class='ocrx_word' id='word_1_557' title='bbox 1491 2865 1622 2896; x_wconf 82' lang='lat' dir='ltr'>ecclesia</span> <span class='ocrx_word' id='word_1_558' title='bbox 1641 2888 1660 2895; x_wconf 91' lang='lat'>..</span> <span class='ocrx_word' id='word_1_559' title='bbox 1682 2866 1853 2904; x_wconf 83' lang='lat' dir='ltr'>guardiani</span> <span class='ocrx_word' id='word_1_560' title='bbox 1874 2870 1903 2896; x_wconf 87' lang='lat' dir='ltr'>et</span> <span class='ocrx_word' id='word_1_561' title='bbox 1920 2866 2055 2896; x_wconf 84' lang='lat' dir='ltr'>fratrum</span> <span class='ocrx_word' id='word_1_562' title='bbox 2076 2867 2200 2897; x_wconf 89' lang='lat' dir='ltr'>ordinis</span> 
     </span>
     <span class='ocr_line' id='line_1_90' title="bbox 1196 2918 1969 2957; baseline 0 -9"><span class='ocrx_word' id='word_1_563' title='bbox 1196 2920 1358 2949; x_wconf 85' lang='lat' dir='ltr'>minorum</span> <span class='ocrx_word' id='word_1_564' title='bbox 1377 2919 1583 2957; x_wconf 79' lang='lat' dir='ltr'>Grayacensi,</span> <span class='ocrx_word' id='word_1_565' title='bbox 1603 2918 1792 2949; x_wconf 85' lang='lat' dir='ltr'>Bisuntinae</span> <span class='ocrx_word' id='word_1_566' title='bbox 1805 2918 1969 2949; x_wconf 86' lang='lat' dir='ltr'>dioecesis.</span> 
     </span>
    </p>

    <p class='ocr_par' dir='ltr' id='par_1_38' title="bbox 1198 2972 2201 3066">
     <span class='ocr_line' id='line_1_91' title="bbox 1239 2972 2201 3012; baseline 0.003 -12"><span class='ocrx_word' id='word_1_567' title='bbox 1239 2985 1253 2999; x_wconf 72' lang='grc' dir='ltr'>α</span> <span class='ocrx_word' id='word_1_568' title='bbox 1271 2973 1342 3002; x_wconf 89' lang='lat' dir='ltr'>Vite</span> <span class='ocrx_word' id='word_1_569' title='bbox 1358 2973 1508 3011; x_wconf 88' lang='lat' dir='ltr'>perennis</span> <span class='ocrx_word' id='word_1_570' title='bbox 1523 2972 1661 3010; x_wconf 83' lang='lat' dir='ltr'>gloria...</span> <span class='ocrx_word' id='word_1_571' title='bbox 1679 2989 1720 2995; x_wconf 93' lang='lat'>-</span> <span class='ocrx_word' id='word_1_572' title='bbox 1736 2972 1808 3002; x_wconf 82' lang='lat' dir='ltr'>Dat.</span> <span class='ocrx_word' id='word_1_573' title='bbox 1825 2972 1907 3011; x_wconf 85' lang='lat' dir='ltr'>apud</span> <span class='ocrx_word' id='word_1_574' title='bbox 1923 2973 2201 3012; x_wconf 85' lang='lat' dir='ltr'>Urbemveterem,</span> 
     </span>
     <span class='ocr_line' id='line_1_92' title="bbox 1198 3025 2033 3066; baseline 0.001 -11"><span class='ocrx_word' id='word_1_575' title='bbox 1198 3026 1294 3056; x_wconf 88' lang='lat' dir='ltr'>nonis</span> <span class='ocrx_word' id='word_1_576' title='bbox 1306 3025 1459 3065; x_wconf 83' lang='lat' dir='ltr'>januarii,</span> <span class='ocrx_word' id='word_1_577' title='bbox 1479 3034 1564 3056; x_wconf 88' lang='lat' dir='ltr'>anno</span> <span class='ocrx_word' id='word_1_578' title='bbox 1583 3025 1685 3056; x_wconf 90' lang='lat' dir='ltr'>tertio.</span> <span class='ocrx_word' id='word_1_579' title='bbox 1705 3038 1718 3053; x_wconf 77' lang='lat' dir='ltr'>n</span> <span class='ocrx_word' id='word_1_580' title='bbox 1739 3025 1888 3065; x_wconf 59' lang='lat' dir='ltr'>(Pomm,</span> <span class='ocrx_word' id='word_1_581' title='bbox 1908 3025 2033 3066; x_wconf 73' lang='lat'><strong>23523‚)</strong></span> 
     </span>
    </p>
   </div>
  </div>
 </body>
</html>
