2477 3637
257 441 316 486 19'8
1004 441 1240 474 Rems‘rnsss
1262 432 1316 472 mi
1339 437 1522 470 NICOLAS
1545 437 1602 467 1v.

258 526 323 552 tam
361 526 492 550 servans
518 510 856 546 excommunicationis
891 510 1082 540 sententiam
1107 518 1202 548 quam
1233 509 1259 538 is

257 575 314 614 qui
337 567 675 603 excommunicationis
700 565 918 604 exceptionem
941 568 1051 594 contra
1079 571 1257 593 excommu-

258 629 399 658 nicatum
435 624 574 653 fortassis
605 619 757 658 objecerit
770 643 778 656 ,
811 624 844 648 ut
872 618 979 657 ipsum
1011 626 1106 656 snper
1135 617 1193 646 hoc
1221 616 1260 645 ab

257 680 382 718 agendo
400 676 582 716 repelleret,
607 679 691 704 certa
715 672 897 712 pecuniaria
921 679 1001 709 pena
1020 670 1224 700 mulctentur.
1245 681 1257 696 n

258 732 383 764 Deind«=
408 730 598 760 ordinarunt
621 740 632 753 a
651 726 746 765 quod,
767 725 793 754 si
811 724 941 763 aliquis,
960 723 1047 754 nullo
1065 732 1191 762 prorsus
1212 731 1262 766 ex-⁴

258 791 356 824 cepto.
375 792 428 823 per
444 782 527 812 sedis
537 778 837 819 apostolicelitteras
853 786 948 815 super
961 776 1090 814 injuriis
1100 776 1159 805 sibi
1173 776 1261 805 tactis

257 837 431 869 convenire
461 832 689 874 presumpserit
720 832 822 861 civem
856 830 996 868 aliquem
1033 829 1259 862 Vicentinum,

254 875 394 929 'expense
409 887 574 919 occasione
597 884 780 924 hujusmodi
806 884 950 913 faciende
967 891 1019 912 reo
1035 892 1088 912 seu
1105 886 1263 912 convento

257 954 312 984 per
334 943 453 972 litteras
472 941 554 980 ipsas
576 939 644 969 fiori
666 938 801 967 debeant
825 946 880 975 per
904 945 1092 971 commune¹¹
1113 935 1262 974 quodque

257 997 368 1027 nullus
390 994 553 1025 beneficiis
582 996 770 1022 suitntornm
797 991 935 1020 civitatis
957 989 1095 1028 predicte
1113 989 1260 1026 gaudeat,

258 1051 320 1080 nisi
335 1059 407 1079 cum
425 1047 535 1078 eodeni
553 1045 715 1076 communi
733 1053 829 1074 onera
838 1043 968 1073 subierit
986 1042 1211 1080 supportanda,
1230 1046 1264 1071 ut

259 1113 312 1143 per
326 1103 382 1132 hot:
402 1105 593 1130 nwtnoratus
609 1099 774 1138 episcopus
785 1097 892 1127 etalie
903 1105 1036 1136 persone
1051 1095 1263 1126 ecclesiastice

257 1157 290 1186 iu
310 1156 376 1186 foro
392 1155 531 1193 ipsorum
552 1152 710 1191 justitiam
728 1151 862 1180 minime
875 1154 1121 1188 consequantur.
1145 1162 1156 1174 υ
1175 1149 1261 1185 Quo-

257 1210 341 1240 circa
359 1208 504 1248 episcopo
523 1205 717 1236 Ferrariensi
735 1214 812 1244 papa
829 1203 958 1233 mandat
971 1207 1138 1241 quatenus,
1157 1210 1262 1240 perso-

257 1262 408 1293 sonaliter
419 1260 457 1290 ad
466 1260 627 1298 civita—tem
637 1259 734 1288 Vicen
741 1258 838 1286 tinam
849 1256 975 1292 adiens,
987 1255 1164 1294 praedictos
1176 1264 1266 1284 usur-

257 1319 379 1355 patores
396 1318 521 1343 moueat
545 1317 577 1342 ut
601 1312 684 1341 infra
711 1311 842 1348 triginta
868 1309 935 1339 dies
961 1318 979 1339 a
1001 1309 1052 1338 die
1077 1308 1264 1338 monitionis

257 1370 402 1408 episcopo
436 1366 604 1396 vicentino
636 1365 804 1394 restituant
833 1363 988 1402 quicquid
1022 1363 1091 1400 ejus
1122 1361 1264 1391 indebite

257 1425 465 1461 occuparunt,
476 1419 631 1457 alioquin,
647 1418 800 1457 inquisita
816 1416 1003 1452 summarie,
1019 1415 1057 1445 de
1075 1415 1182 1454 plano,
1193 1415 1264 1444 sine

255 1475 387 1514 strepitu
397 1479 428 1504 et
439 1474 541 1511 figura
551 1472 673 1510 judicii,
687 1479 780 1509 super
795 1470 856 1499 hiis
869 1469 1013 1506 veritate,
1023 1469 1049 1498 si
1062 1468 1177 1498 viderit
1188 1473 1262 1498 tem-

256 1528 395 1567 poralem
410 1525 669 1566 jurisdictionem
688 1523 727 1553 ad
743 1523 925 1562 episcopum
944 1522 1119 1560 pertinere,
1138 1529 1191 1551 eos
1209 1530 1264 1559 per

256 1579 622 1612 excommunicationem
645 1576 814 1616 compellat
835 1576 873 1605 ad
901 1575 1157 1611 restitutionem3
1183 1575 1263 1604 civi-

257 1634 329 1664 tatis
361 1633 532 1663 Paduanae
558 1632 595 1661 ad
629 1631 699 1668 lioc,
729 1631 755 1660 si
787 1638 865 1669 opus
893 1629 1000 1665 suerit,
1025 1628 1146 1658 auxilio
1168 1628 1262 1658 invo-

257 1693 336 1718 cato.
367 1700 379 1715 a
407 1686 497 1723 Quod
530 1686 556 1715 si
594 1686 673 1715 sorte
702 1684 799 1714 iidem
830 1682 998 1713 Vicentini
1031 1688 1061 1712 et
1091 1691 1263 1712 commune

256 1741 458 1776 Paduannm,
476 1739 559 1778 quod
572 1739 605 1768 in
623 1738 733 1768 eadem
750 1737 877 1766 civitate
894 1736 1065 1766 Vicentina
1079 1735 1119 1765 ad
1132 1744 1263 1774 presens

255 1794 437 1824 dominium
448 1792 567 1822 dicitur
582 1792 739 1827 obtinere,
755 1791 828 1826 tuis,
842 1790 943 1820 immo
956 1790 1058 1828 potius
1068 1788 1258 1828 apostolicis,

257 1856 321 1878 non
340 1845 524 1876 curaverint
541 1845 626 1874 inl'ra
644 1844 780 1874 duorum
803 1843 963 1873 mensium
979 1843 1118 1882 spatium
1134 1842 1263 1872 obedire

257 1900 433 1936 mandatis,
461 1904 494 1929 tu
522 1899 557 1928 in
586 1902 771 1937 potestates,
801 1898 972 1933 ancianos,
999 1896 1212 1936 consiliarios,
1233 1901 1264 1926 et

257 1953 408 1984 officiales
426 1952 504 1982 alios
521 1951 679 1991 quoslibet
690 1960 744 1989 per
760 1959 838 1989 quos
854 1950 994 1980 civitates
1010 1949 1077 1988 ipse
1093 1954 1261 1987 reguntur,

259 2012 410 2045 etoccupa
417 2011 498 2036 tores
512 2004 709 2044 hujusmodi,
721 2003 1060 2034 excommunicationis
1069 2003 1263 2032 sententiam

258 2060 444 2099 proferens,
472 2063 641 2098 potestates
660 2057 814 2096 predictos
831 2056 942 2086 reddas
960 2065 1088 2095 prorsus
1104 2056 1263 2085 inhabiles

259 2114 298 2143 ad
313 2113 484 2151 dignitates
499 2111 676 2147 seculares,
699 2110 803 2140 officia
821 2110 963 2148 quelibet
979 2114 1009 2139 et
1026 2109 1173 2139 honores.
1198 2109 1264 2139 Nos

259 2167 354 2196 etiam
379 2171 441 2195 tam
461 2165 648 2195 immediate
663 2169 832 2203 sequentes
847 2172 942 2202 quam
961 2163 1160 2202 postmodum
1177 2171 1263 2192 seon⁴

260 2224 346 2249 turos
365 2219 529 2248 civitatum
552 2222 718 2257 potestates
736 2218 888 2256 ipsarum,
902 2216 1139 2255 precedentium
1150 2220 1264 2246 contu-

260 2274 389 2302 matiam
411 2272 495 2301 iul'ra
515 2271 675 2301 bimestris
692 2270 841 2309 temporis
861 2270 997 2308 spatium
1020 2273 1185 2308 postquam
1204 2269 1264 2299 hu-

258 2327 397 2364 jusmodi
415 2326 614 2365 potestariam
632 2333 780 2355 exercere
799 2323 978 2362 inceperint
995 2332 1058 2353 11011
1080 2328 1263 2362 purgantes,

262 2390 340 2419 pene
361 2379 521 2409 consimili
546 2379 693 2408 volumus
717 2378 893 2417 subjacere.
911 2377 1042 2407 Judices
1059 2385 1132 2406 vero
1155 2382 1185 2406 et
1207 2385 1264 2407 no-

262 2434 356 2464 tat-ios
366 2433 528 2472 judicatus
545 2437 574 2462 et
593 2432 715 2462 notarie
729 2431 842 2462 officiis
859 2431 892 2460 iu
910 2436 1109 2469 perpetuum,
1123 2431 1167 2460 ita
1182 2431 1265 2469 quod
1314 2439 1318 2444 ’

261 2496 369 2518 eorum
389 2487 546 2517 sententie
562 2490 592 2515 et
604 2486 818 2515 instrumenta
832 2484 954 2514 nullam
964 2493 1091 2522 prorsus
1103 2484 1268 2514 obtineant

261 2540 457 2574 firmitatem,
475 2548 511 2569 ac
526 2538 717 2577 generaliter
732 2542 762 2567 et
774 2536 949 2576 spetialiter
965 2541 1146 2575 potestates,
1162 2537 1266 2566 ancia-

263 2603 320 2625 nos
347 2598 375 2623 et
405 2592 620 2629 consiliarios,
653 2590 805 2622 officiales
834 2595 864 2621 et
888 2590 1074 2621 communia
1102 2590 1266 2620 civitatum

263 2649 418 2686 ipsarum,
436 2652 466 2676 et
483 2650 684 2684 occupatores
694 2644 890 2683 hujusmodi,
908 2644 1012 2674 feudis
1027 2653 1088 2682 que
1104 2652 1121 2672 a
1135 2643 1267 2682 quibus-

263 2711 398 2739 cumque
414 2699 559 2730 ecclesiis
579 2698 776 2729 secularibus
791 2697 840 2728 vel
861 2698 1061 2736 regularibus
1083 2698 1266 2727 communi-

265 2759 309 2784 ter
327 2754 373 2783 vel
389 2753 518 2783 ‹livisim
536 2757 642 2783 tenent
660 2752 794 2782 omnino
810 2751 934 2790 privare
952 2759 1110 2790 procures.
1131 2762 1144 2777 n

307 2820 319 2833 α
340 2807 466 2835 Dudum
485 2806 524 2835 ad
541 2805 778 2835 audientiam...
797 2821 837 2826 —
855 2804 925 2834 Dat.
946 2804 1058 2839 Reate,
1078 2813 1097 2833 v
1115 2803 1267 2834 kalendas

261 2860 357 2898 junii,
377 2868 461 2889 anno
477 2859 626 2889 secundo.
643 2871 655 2885 ι

335 2986 419 3013 901
886 2984 977 3016 Rieu,
995 2983 1028 3011 28
1045 2983 1100 3010 mai
1119 2983 1195 3010 1289.

305 3041 344 3067 l)‹·
360 3042 458 3067 vorlctn
477 3042 590 3073 negotio
605 3041 685 3070 (Rea.
704 3042 750 3072 44,
768 3049 794 3068 c.
815 3041 878 3072 186,
895 3041 914 3067 f.
934 3041 979 3068 151
999 3041 1050 3072 νο.)

310 3113 425 3141 ΙΙῐΙνιςιῐε
440 3112 513 3147 filiis
529 3134 550 3141 ..
566 3113 704 3148 potestati
715 3135 729 3146 „
743 3112 868 3140 consilio
883 3115 909 3140 et
925 3111 1082 3140 communi
1108 3110 1269 3140 Vicentinis

1342 506 1471 536 mandat
1485 508 1644 543 quatenus
1663 503 1809 541 episcopo
1835 499 2030 530 vincentino
2048 498 2219 530 restituant
2241 499 2351 530 omnia'

1341 560 1457 599 quibus
1474 567 1547 588 eum
1570 556 1762 596 spoliarunt3
1791 554 1936 593 alioquin
1961 553 2000 584 ad
2023 553 2082 584 hoc
2102 553 2142 583 ab
2162 576 2182 582 ..
2203 552 2348 592 episcopo

1342 611 1540 643 Ferrariensi
1557 609 1799 649 compellentur.

1384 679 1397 693 (ι
1419 666 1504 695 Inter
1518 669 1620 694 cetera
1638 667 1856 693 nostrarum...
1872 678 1911 683 —
1931 660 1999 691 Dat.
2019 664 2054 690 ut
2069 669 2173 698 supra.
2197 671 2210 686 n

1413 823 1501 852 902
1969 818 2061 849 Rieu,
2077 818 2112 846 28
2130 818 2185 845 mai
2202 817 2278 846 1289.

1381 886 1422 912 De
1439 885 1539 911 codem
1557 885 1671 919 negotio
1687 883 1769 916 (Ruso.
1787 883 1834 913 44,
1852 889 1878 909 c.
1898 881 1945 909 187
1960 903 1965 912 ,
1981 881 2000 909 s.
2020 881 2065 908 151
2085 881 2136 914 v0.)

1387 975 1502 1004 Dilectis
1519 974 1594 1011 filiis
1612 995 1631 1002 ..
1648 973 1797 1011 potestati,
1816 971 1942 1001 consitio
1957 975 1983 999 et
1999 970 2156 999 communi
2176 969 2350 1006 Paduam,

1346 1027 1405 1058 Eos
1421 1028 1564 1057 hortatur
1582 1031 1616 1055 ut
1633 1047 1652 1055 ..
1670 1028 1815 1064 episcopo
1833 1023 2030 1053 Ferrariensi
2045 1023 2078 1052 in
2097 1021 2225 1061 negotio
2241 1029 2351 1061 supra·
2379 1054 2381 1061 ἲ

1345 1081 1429 1110 dicto
1444 1079 1601 1109 auxilium
1620 1079 1803 1119 praebeant.

1387 1146 1400 1161 α
1420 1134 1530 1172 Nuper
1547 1133 1587 1163 ad
1601 1132 1837 1167 audientiam„
1854 1147 1894 1154 -
1911 1131 1980 1160 Dat.
2000 1134 2033 1160 ut
2049 1137 2154 1169 supra.
2176 1140 2192 1157 »

1417 1293 1509 1321 9⁰3

1383 1356 1514 1382 nenmut
1530 1355 1583 1382 iter
1597 1354 1632 1382 ad
1647 1355 1745 1381 nmina
1763 1354 1845 1387 (Rea.
1865 1355 1912 1385 51,
1927 1361 1953 1380 c.
1972 1353 2039 1386 188,
2054 1352 2073 1378 f.
2093 1352 2140 1380 151
2158 1353 2210 1386 νο.)
2326 1337 2335 1342 ”
2359 1358 2362 1377 t

1701 1290 2060 1325 Sainte-Marie-Majcure,
2081 1289 2118 1316 let
2133 1289 2189 1321 mai
2204 1289 2283 1318 1289.

1391 1436 1560 1474 Venerabili
1575 1445 1670 1480 fratri
1685 1444 1809 1479 Garsie,
1828 1443 1960 1481 episcopo
1976 1441 2155 1479 Seguntino.
2361 1461 2379 1483 a:

1386 1510 1400 1525 <t
1419 1498 1461 1527 Ex
1479 1501 1565 1536 parte
1577 1501 1666 1527 tua...
1680 1512 1721 1519 —
1734 1496 1804 1526 Dat.
1821 1497 1933 1533 Rome,
1950 1495 2033 1534 apud
2048 1494 2198 1525 Sanctam
2215 1494 2366 1531 Mariam&

1346 1552 1497 1591 Majorem
1508 1575 1516 1589 ,
1534 1550 1680 1581 kalendis
1696 1550 1783 1586 maii,
1800 1558 1886 1580 anno
1901 1549 2051 1579 secundo.
2071 1560 2085 1575 »

1414 1704 1506 1734 9⁰4
1971 1700 2062 1734 Rieu,
2079 1701 2114 1728 25
2133 1701 2188 1728 mai
2205 1699 2284 1728 1289.

1380 1768 1426 1795 Ad
1455 1767 1630 1794 solutionem
1658 1766 1818 1793 debitorum
1843 1765 1982 1792 ecclesiae
2007 1763 2185 1799 seguntinae
2203 1755 2287 1799 (Rae.
2303 1763 2354 1796 44,

1343 1825 1369 1844 c.
1392 1816 1458 1848 189,
1483 1816 1500 1843 f.
1523 1816 1568 1843 151
1595 1815 1645 1850 ψ’.)

1384 1905 1487 1936 Eidem
1502 1903 1684 1934 facultatem
1701 1902 1895 1942 percipiendi
1915 1902 2051 1939 fructus,
2071 1901 2213 1931 redditus
2228 1904 2261 1931 et
2276 1908 2352 1940 pro-

1345 1963 1458 1990 ventus
1475 1958 1569 1998 primi
1589 1957 1668 1987 anni
1691 1956 1839 1987 omnium
1866 1955 2099 1986 beneficiorum
2126 1953 2375 1986 ecclesiasticen-t·

1344 2022 1417 2043 rum
1437 2021 1518 2051 quae
1542 2012 1576 2041 in
1603 2011 1730 2041 civitate
1757 2014 1788 2040 et
1812 2009 1948 2039 dioecesi
1976 2008 2156 2046 Seguntina
2186 2016 2288 2048 usque
2315 2006 2373 2039 affl*

1346 2065 1524 2096 triennium
1547 2064 1723 2100 vacabunt,
1743 2063 1782 2093 ad
1805 2062 1957 2093 solvenda
1974 2061 2127 2092 ecclesiae
2143 2061 2252 2092 debita
2277 2068 2376 2092 cona·

1346 2119 1525 2156 vertendos,
1543 2116 1700 2147 concedit.

1388 2185 1401 2200 a
1418 2173 1486 2202 Tue
1497 2171 1674 2202 devotionis
1691 2170 1840 2200 merita...
1857 2186 1898 2192 —
1915 2170 1984 2199 Dat.
2004 2170 2115 2206 Reate,
2131 2178 2189 2199 vni
2202 2167 2364 2200 kalend-³1⁷

1343 2227 1544 2266 junii‚'anno
1561 2225 1711 2256 secundo.
1731 2236 1744 2251 n

1418 2385 1510 2415 9⁰5
1956 2382 2031 2410 Rieu
2044 2403 2051 2416 ,
2073 2383 2112 2409 1·r
2126 2383 2190 2418 juin
2207 2381 2286 2410 1289.

1383 2449 1582 2484 Indulgentiae
1598 2448 1681 2481 (Rae.
1699 2448 1748 2478 44,
1766 2455 1792 2474 c.
1812 2447 1875 2477 190,
1893 2447 1911 2473 s.
1934 2447 1980 2474 152
1997 2446 2048 2480 ro.)

1390 2561 1410 2568 ..
1426 2538 1683 2576 archipresbytero
1701 2542 1726 2566 et
1741 2537 1874 2574 capitulo
1894 2536 2012 2567 ecclesie
2028 2535 2135 2566 Sancti
2152 2535 2305 2566 Johannis
2319 2535 2367 2570 m>

1355 2593 1434 2622 Valle
1448 2592 1574 2621 Reatina
1586 2613 1594 2627 ‚
1614 2591 1734 2620 Reatine
1750 2591 1883 2620 diocesis.
1905 2588 2147 2628 Indulgentiam
2167 2587 2264 2618 unius
2278 2586 2357 2619 auu'ti

1349 2650 1379 2676 et
1394 2645 1605 2685 quadraginta
1614 2643 1740 2674 dierum
1755 2643 1901 2673 concedit
1911 2643 2064 2673 omnibus
2075 2650 2149 2673 vere
2165 2639 2366 2680 poenitenti--

1348 2700 1408 2730 bus
1424 2704 1454 2729 et
1468 2697 1621 2728 confessis
1638 2697 1694 2736 qui
1705 2696 1745 2726 ad
1761 2696 1954 2735 praedictam
1971 2696 2138 2726 ecclesiam
2154 2695 2189 2727 iu
2207 2693 2285 2727 festo
2295 2693 2361 2724 Nar

1351 2752 1480 2783 tivitatis
1496 2752 1528 2782 S.
1547 2750 1707 2781 Johaunis
1723 2754 1905 2780 reverenter
1918 2747 2311 2784 accesserintannuatim3
2328 2747 2366 2780 eh

1349 2805 1562 2846 qnadraginta
1584 2803 1710 2834 dierum
1736 2803 1801 2833 illis
1824 2803 1881 2842 qui
1905 2802 2073 2834 ecclesiam
2094 2801 2198 2846 ipsam
2220 2792 2362 2850 singuliq

1350 2860 1462 2890 diebus
1479 2857 1690 2888 visitaverint.
2328 2846 2338 2858 '

1391 2925 1405 2940 α
1435 2912 1521 2943 Licet
1546 2913 1572 2942 is
1591 2911 1667 2941 de...
1699 2928 1736 2933 -
1772 2911 1841 2941 Dat.
1870 2911 1968 2941 Reate
1989 2909 2052 2949 (l),
2081 2907 2231 2939 kalendis
2250 2905 2356 2946 junii,

1350 2974 1436 2996 anno
1451 2965 1602 2996 secundo.
1623 2976 1636 2991 n

1381 3073 1414 3103 (1)
1431 3072 1504 3096 Dans
1522 3072 1546 3095 le
1567 3078 1615 3096 ms,
1634 3072 1650 3095 il
1667 3079 1685 3102 y
1701 3078 1716 3094 a
1731 3078 1768 3095 un
1789 3071 1869 3094 blanc
1887 3073 1965 3094 entre
1989 3070 2070 3093 Reate
2095 3070 2123 3093 et
2142 3069 2213 3097 Kal„
2239 3065 2272 3090 de
2285 3048 2361 3093 sorte.

1351 3124 1404 3148 que
1421 3118 1446 3140 la
1461 3117 1565 3141 lecture
1581 3117 1710 3140 kalendis
1724 3116 1794 3140 n'est
1808 3122 1856 3146 pas
1870 3114 1943 3139 sure.
