2342 3652
21 1923 84 2033 ’ὸ

952 361 1186 402 TRolsmMn
1208 362 1365 404 ANNnn.
2147 378 2202 406 525

107 436 275 471 dioecesis,
293 437 385 474 cujus
402 436 521 465 fructus
545 441 575 466 et
594 437 804 468 obventiones
820 439 929 468 decem
946 443 975 468 et
991 443 1111 477 septem
1151 442 1155 488 ι

107 491 204 521 libras
221 489 449 526 sterlingorum
465 490 516 518 vix
535 489 658 521 valent,
679 499 743 519 una
761 500 834 520 cum
851 492 1111 521 archidiaconatu
1153 518 1154 522 ,

109 542 251 574 Roffensi
269 542 354 571 licite
369 543 507 572 retinere
523 544 628 581 possit.

148 608 161 623 ι
180 595 359 633 Apostolice
378 595 460 624 sedis
481 596 700 633 benignitas...
720 613 759 619 —
781 598 851 627 Dat.
873 598 957 637 apud
974 598 1113 628 Urbem-

109 653 256 682 veterem‚
274 657 293 677 x
309 647 462 677 kalendas
477 648 626 685 octobris,
644 658 729 679 anno
746 651 849 680 tertio.
871 663 883 675 n

176 806 423 835 3316-3319

143 869 308 895 Leonardus
329 869 476 895 Alatrinae
496 870 634 895 ccclesiae
655 870 809 904 episcopus
834 872 1006 905 praeficitur.
1030 871 1110 905 (Rea.

110 919 151 949 45.
164 926 190 944 c.
205 918 266 949 4⁶29.
283 918 302 944 f.
319 919 353 945 85
369 920 420 950 vo.)

591 807 716 837 Orvieto‚
739 808 768 834 16
784 810 946 844 septembre
966 809 1041 836 1290.

147 1013 320 1049 Leonardo,
339 1015 427 1043 electo
452 1015 602 1043 Αἰαινίηο.
629 1014 768 1043 Vacante
792 1014 938 1044 Alatrina
964 1016 1113 1053 ecelesia,

107 1076 161 1107 per
182 1067 303 1097 obitum
326 1067 521 1103 Crescentii,
542 1067 717 1106 capitulum
741 1077 794 1105 per
821 1070 1114 1107 compromissarios

107 1128 189 1156 suos,
203 1120 351 1150 videlicet
367 1120 552 1150 ,Iohannem
569 1121 608 1150 de
624 1120 727 1156 Cavis,
743 1121 938 1151 Matthaenm
952 1123 1114 1152 Bartholo-

71 1204 78 1209 ,
106 1173 200 1209 maci,
220 1174 364 1203 Raouem
378 1174 539 1204 Johannis
555 1178 585 1203 et
602 1174 768 1211 Pelagium
785 1174 962 1209 Johannis,
982 1176 1114 1205 canoni-

106 1235 168 1264 cos,
186 1227 400 1263 Leonardum,
418 1227 562 1265 ejusdem
580 1227 731 1256 ecclesiae
747 1229 950 1265 canonicum,
967 1229 999 1257 in
1017 1229 1114 1258 sacris

46 1310 55 1322 ¹
105 1280 271 1310 ordinibus
283 1289 346 1310 non
359 1281 580 1317 constitutum,
591 1280 1113 1320 concorditerpostularunt,hanc-

35 1327 55 1335 ”
105 1342 166 1373 que
188 1333 433 1372 postulationem
455 1334 635 1372 praedictus
653 1334 819 1364 Johannes
840 1338 869 1363 et
884 1335 1058 1364 Riccardus
1075 1335 1114 1365 de

104 1387 238 1424 suffice,
264 1387 415 1417 canonici
441 1388 600 1423 Alatrini,
628 1387 816 1426 apostolicae
838 1388 905 1417 sedi
934 1394 1114 1427 praesenta-

105 1445 192 1471 runt.
219 1441 305 1479 Papa
330 1441 428 1478 igitur
454 1440 592 1470 eundem
617 1441 836 1471 Leonardum.
863 1451 879 1470 a
904 1442 947 1477 J.‚
970 1442 1115 1480 episcopo

49 1516 56 1518 -
106 1494 304 1529 Tusculano,
323 1494 380 1529 M.‚
399 1494 508 1524 Sancti
524 1494 689 1524 Laurentii
706 1494 738 1523 in
759 1495 896 1524 Damaso
915 1496 1112 1533 presbytero,

106 1551 136 1577 et
154 1547 377 1585 Neapoleone,
399 1547 508 1577 Sancti
530 1547 665 1577 Adriani
687 1548 820 1578 diacono
839 1548 1020 1583 cardinale,
1042 1557 1113 1578 exa-

108 1600 279 1637 minatum,
297 1601 463 1630 Alatrinae
480 1601 633 1631 ecclesiae
650 1601 832 1640 episcopum
849 1601 1000 1640 praeficit.

148 1665 162 1680 κ
184 1654 222 1683 In
244 1663 392 1693 supreme
414 1654 619 1692 dignitatis...
643 1670 682 1675 —
705 1654 775 1685 Dat.
798 1654 881 1692 apud
906 1654 1116 1684 Urbemvete-

107 1715 192 1744 rem,
208 1716 259 1736 xv1
274 1706 428 1737 kalendas
443 1707 595 1743 octobris,
614 1715 701 1736 anno
718 1707 818 1736 tertio.
838 1719 850 1733 n

149 1761 186 1790 ln
203 1771 230 1791 e.
246 1770 291 1790 m.
308 1761 445 1800 capitulo
461 1761 612 1791 ecclesiae
629 1761 796 1790 Alatrinae
808 1761 944 1796 vmandat
959 1766 1116 1800 quatenus

78 1825 80 1827 ·
108 1815 209 1845 eidem
227 1815 326 1845 electo
344 1815 484 1845 debitam
500 1815 716 1845 obedientiam
732 1815 889 1853 praebeat.

146 1868 183 1897 In
204 1877 231 1898 e.
251 1877 294 1898 m.
312 1868 396 1898 clero
411 1868 548 1897 civitatis
564 1873 594 1897 et
610 1868 763 1898 dioecesis
780 1867 960 1898 Alatriuae.

147 1923 184 1952 In
204 1931 231 1952 e.
247 1931 289 1951 m.
309 1921 424 1961 populo
439 1922 577 1952 civitatis
593 1927 623 1952 et
637 1922 789 1951 dioecesis
806 1921 982 1951 Alatrinae.

140 2144 267 2171 Licentia
287 2142 467 2179 ingrediendi
484 2143 667 2170 monasteria.
685 2143 769 2177 (ΒΕΘ.
786 2144 835 2178 45,
852 2152 878 2170 c.
897 2144 960 2175 430,
978 2145 997 2170 f.
1015 2144 1048 2170 85
1065 2144 1115 2177 vo.)

453 2194 470 2213 ι

590 2080 717 2115 Orvieto,
738 2082 768 2108 17
784 2081 947 2116 septembre
967 2081 1042 2108 1290.

145 2246 242 2276 Nobili
253 2247 381 2275 mulieri
394 2246 540 2284 Magalde,
554 2247 701 2276 comitisse
715 2247 903 2284 Buryundie,
919 2245 1065 2284 indulget
1081 2231 1121 2275 ut'

107 2300 300 2329 monasteria
315 2290 466 2336 Cislertii‚
483 2299 683 2336 Clarevallis,
701 2300 817 2330 Montis
833 2300 966 2330 Sanctae
982 2300 1113 2336 Mariae,

109 2353 275 2389 Roseriae,
295 2352 388 2390 Ceci,
416 2353 552 2391 Magnae
578 2353 696 2389 Vallis,
722 2353 868 2383 Caritatis
895 2358 925 2383 et
949 2353 1113 2390 Cornolii‚

109 2407 382 2437 Autisiodorensis
393 2412 422 2436 et
433 2407 626 2437 Bisuntinae
635 2407 922 2444 dioecesium‚cum
937 2417 988 2437 sex
1003 2407 1114 2437 hones-

108 2461 148 2491 tis
163 2461 337 2497 matronis,
356 2461 404 2490 bis
424 2461 457 2490 iu
481 2469 583 2497 anno,
603 2461 731 2499 ingredi
748 2461 866 2498 valeat,
887 2461 1062 2491 dummodo
1081 2461 1115 2490 in

108 2514 153 2544 eis
168 2523 231 2544 non
250 2514 322 2544 edat
338 2522 397 2544 nec
415 2518 587 2553 pernoctet.

148 2579 162 2594 «
174 2566 358 2598 Gratificari
370 2567 512 2597 volentes
526 2567 736 2605 benignius...
748 2584 788 2589 —
800 2567 870 2596 Dat.
884 2567 967 2606 apud
981 2567 1117 2597 Urbem-

107 2624 256 2658 veterem,
276 2630 316 2650 xv
334 2619 488 2650 kalendas
504 2620 658 2657 octobris,
676 2629 763 2650 anno
780 2622 880 2650 tertio.
902 2633 915 2646 »

176 2779 293 2809 3:321

142 2841 274 2869 Facultas
289 2841 413 2877 eligendi
435 2842 634 2869 confessorem
653 2842 810 2878 proprium.
832 2842 916 2876 (Rea.
934 2843 982 2877 45,
999 2851 1025 2869 c.
1043 2842 1114 2876 4302,

107 2889 127 2917 f.
143 2889 176 2917 85
193 2890 243 2923 νο.)

590 2778 718 2810 Orvieto,
738 2780 769 2806 17
786 2780 949 2815 septembre
966 2780 1043 2807 1290.

147 2986 260 3016 Eidem.

149 3051 164 3066 (ι
181 3039 358 3070 Desideriis
376 3040 438 3070 tuis
454 3041 526 3070 in...
544 3058 583 3062 —
600 3040 670 3070 Dat.
689 3045 723 3070 ut
738 3048 845 3079 supra.
864 3053 878 3066 υ

1264 439 1518 468 332243326

1230 500 1439 536 Indulgentiae.
1459 503 1540 535 (Rea.
1560 503 1602 533 45,
1621 511 1646 529 c.
1665 503 1725 533 431,
1742 503 1761 529 f.
1779 503 1812 529 85
1829 511 1868 536 vo,
1885 512 1919 529 en
1938 506 2057 538 marge.)

1681 440 1806 470 Orvieto.
1826 441 1857 467 ‘24
1873 442 2035 476 septembre
2053 443 2130 469 1290.

1238 603 1390 633 Universis
1408 605 1520 633 Christi
1545 605 1682 641 fidetibzzs
1701 611 1849 643 presentes
1872 607 1988 635 litteras
2012 609 2203 644 inspecturis.

1198 656 1435 694 Indulgentiam
1458 658 1555 687 unius
1576 659 1652 687 anni
1675 663 1705 688 et
1724 668 1761 688 xi,
1777 658 1902 688 dierum
1923 659 2067 688 concedit
2084 660 2129 688 eis
2149 660 2204 698 qui

1196 709 1361 739 ecclesiam
1388 711 1522 740 fratrum
1555 711 1716 740 minorum
1745 712 1783 741 de
1812 715 1912 741 castro
1939 711 2203 750 Collispergulae,

1196 763 1385 801 Eugubinae
1401 764 1565 797 dioecesis.
1586 766 1619 793 in
1635 765 1788 794 honorem
1808 765 1840 795 S.
1861 765 2022 795 Francisci
2038 770 2204 795 construc-

1198 820 1276 851 tam,
1299 818 1331 845 in
1351 818 1589 856 Assumptionis
1606 818 1714 847 beatae
1735 819 1854 847 Mariae
1873 819 2022 856 virginis,
2040 819 2205 849 beatorum

1197 869 1361 899 Francisci
1382 874 1411 899 et
1432 871 1564 900 Antonii
1585 876 1615 900 et
1633 876 1760 901 sanctae
1779 871 1890 901 Clarae
1917 872 2157 908 festivitatibus,
2176 875 2206 902 et

1197 931 1252 961 per
1283 928 1350 953 octo
1382 923 1451 952 dies
1484 924 1671 953 festivitates
1701 924 1786 961 ipsas
1819 925 2006 954 immediate
2037 929 2206 963 sequentes

1196 976 1408 1006 visitaverint.

1239 1040 1253 1055 «
1272 1029 1358 1058 Licet
1382 1030 1407 1058 is
1429 1030 1504 1059 de...
1520 1045 1560 1052 —
1579 1030 1650 1060 Dat.
1673 1030 1756 1068 apud
1777 1030 2058 1067 Urbemveterem,
2079 1040 2131 1060 vm
2148 1031 2205 1060 ka-

1196 1081 1308 1112 lendas
1324 1083 1470 1118 octobris,
1490 1091 1575 1111 anno
1593 1083 1692 1112 tertio.
1713 1095 1727 1108 »

1684 1163 1811 1194 Orvieto.
1828 1163 1860 1189 27
1877 1164 2041 1198 septembre
2058 1163 2135 1190 1290.

1236 1225 1274 1254 In
1295 1234 1322 1255 e.
1339 1234 1382 1254 m.
1402 1225 1572 1255 Universis
1593 1230 1650 1255 etc.
1672 1225 1815 1255 Eandem
1830 1225 2065 1264 indulgentiam
2083 1235 2138 1265 pro
2158 1235 2207 1256 ec-

1196 1279 1291 1308 clesia
1303 1279 1522 1309 Laudunensi.
1538 1279 1572 1308 in
1589 1279 1744 1309 honorem
1759 1279 1868 1309 beatae
1879 1280 1997 1309 Mariae
2014 1284 2205 1316 constructa,

1196 1333 1350 1362 concedit.

1243 1399 1256 1413 ι
1275 1387 1356 1417 Loca
1372 1391 1555 1416 sanctorum
1571 1387 1760 1417 omnium...
1778 1402 1819 1409 —
1836 1387 1908 1416 Dat.
1929 1387 2012 1425 apud
2029 1387 2208 1418 Urbemve-

1200 1445 1309 1475 terem,
1328 1449 1347 1469 v
1365 1439 1518 1469 kalendas
1535 1440 1686 1476 octobris,
1704 1448 1789 1469 anno
1808 1440 1910 1469 tet-tio.
1931 1452 1943 1466 n

1683 1518 1808 1549 Orvieto,
1828 1519 1859 1545 ’Ξό
1876 1520 2040 1554 septembre
2059 1519 2134 1545 1290.

1239 1583 1278 1612 In
1296 1592 1322 1612 e.
1340 1591 1383 1611 m.
1402 1582 1570 1612 Universis
1589 1586 1662 1619 etc.,
1680 1590 1735 1620 pro
1753 1581 1884 1611 ecclesia
1901 1582 2008 1612 Sancti
2026 1581 2151 1612 Nicolai
2168 1581 2207 1613 de

1198 1635 1372 1671 Guarcino,
1393 1634 1561 1664 Alatrinae
1577 1634 1744 1664 dioecesis.

1240 1702 1254 1716 «
1273 1689 1353 1719 Loca
1372 1693 1554 1718 sanctorum
1573 1693 1658 1718 etc...
1676 1705 1714 1710 —
1730 1689 1801 1718 Dat.
1825 1688 1907 1728 apud
1929 1688 2204 1725 Urbemveterem,

1198 1753 1230 1772 v1
1246 1742 1397 1772 kalendas
1412 1742 1559 1778 octobris,
1576 1750 1662 1772 anno
1678 1742 1780 1772 tertio.
1800 1754 1813 1768 ν)

1685 1822 1810 1852 Orvieto,
1828 1823 1862 1849 22
1878 1823 2040 1857 septembre
2058 1822 2132 1849 1290.

1238 1886 1277 1915 In
1289 1895 1317 1915 e.
1332 1894 1376 1914 m.
1392 1885 1562 1915 Universis
1579 1889 1651 1921 etc.,
1668 1893 1723 1923 pro
1739 1884 1871 1914 ecclesia
1888 1885 2022 1914 Sanctae
2035 1885 2155 1914 Mariae
2168 1884 2206 1927 de

1198 1939 1332 1973 Tezano,
1352 1937 1548 1967 Biterrensis
1562 1937 1727 1968 dioecesis.

1240 2004 1254 2019 α
1276 1991 1443 2022 Gloriosus
1466 1991 1553 2021 Deus
1574 1991 1647 2022 iu...
1667 2008 1704 2012 —
1722 1991 1792 2022 Dat.
1816 1991 1900 2029 apud
1924 1991 2204 2025 Urbemveterem.

1199 2054 1216 2074 x
1232 2045 1385 2075 kalendas
1400 2044 1552 2079 octobris,
1571 2053 1657 2074 anno
1675 2044 1776 2074 tertio.
1794 2056 1808 2070 »

1681 2123 1810 2158 Orvieto,
1832 2125 1860 2150 153
1877 2124 2040 2158 septembre
2060 2124 2135 2151 1290.

1238 2187 1276 2216 In
1295 2196 1322 2215 e.
1344 2195 1386 2215 m.
1403 2185 1572 2216 Universis
1590 2189 1662 2222 etc.‚
1680 2194 1735 2223 pro
1750 2185 1884 2215 ecclesia
1900 2185 2076 2215 cathedrali
2091 2184 2207 2214 Catha-

1196 2239 1348 2270 lannensi
1361 2263 1368 2276 ,
1402 2239 1437 2268 in
1470 2239 1625 2269 honorem
1659 2239 1744 2269 beati
1777 2239 1933 2278 Stephani
1968 2240 2208 2277 protomartyris

1197 2297 1388 2324 constructa.
1686 2326 1689 2327 ⁷

1240 2359 1253 2373 α
1276 2347 1362 2376 Licet
1381 2346 1408 2375 is
1428 2346 1504 2376 de...
1527 2362 1565 2367 —
1590 2346 1661 2374 Dat.
1688 2345 1771 2384 apud
1799 2345 2077 2380 Urbemveterem,
2103 2345 2209 2374 idibus

1198 2400 1399 2439 septembris,
1417 2407 1503 2429 anno
1520 2399 1621 2428 tertio.
1642 2410 1655 2423 ν

1271 2557 1384 2586 332¹?

1236 2621 1281 2647 Ad
1304 2620 1457 2646 ecclesiam
1482 2618 1675 2645 Nivellensem
1699 2617 1892 2644 reficiendam.
1917 2617 2000 2650 (Res.
2022 2618 2072 2651 45,
2089 2626 2114 2643 c.
2139 2618 2206 2649 432,

1199 2670 1219 2696 f.
1241 2669 1273 2696 86
1294 2670 1342 2701 10.)

1751 2555 1881 2586 Orvieto.
1900 2555 1934 2582 ‘35
1947 2556 2041 2590 juillet
2060 2555 2136 2582 1290.

1240 2772 1360 2800 Dilectis
1378 2770 1452 2806 filiis
1471 2792 1490 2798 ..
1510 2770 1674 2805 abbatisse,
1694 2792 1713 2798 ..
1732 2769 1841 2798 decano
1857 2774 1883 2797 ει
1900 2768 2034 2805 capitulo
2049 2769 2208 2798 canonico-

1200 2833 1272 2854 rum
1285 2830 1310 2852 et
1322 2824 1544 2852 canonicarum
1555 2823 1702 2852 secularis
1714 2821 1829 2851 ecclesie
1838 2822 2028 2857 Nirellensis,
2043 2822 2210 2850 Leodiensis

1200 2879 1332 2907 diocesis.
1347 2888 1360 2902 α
1369 2875 1555 2905 Gaudemus
1567 2875 1601 2904 in
1612 2875 1751 2904 Domino
1761 2874 1856 2913 quod,
1865 2874 1946 2903 sicut
1957 2874 2147 2912 accepimus,
2157 2873 2208 2902 in-

1200 2936 1248 2960 tra
1264 2930 1380 2959 mentis
1396 2933 1498 2958 vestre
1514 2927 1672 2958 desideria
1687 2927 1797 2965 geritis
1810 2926 1983 2956 admodum
2003 2926 2139 2965 speciale
2156 2934 2208 2956 ec-

1199 2984 1331 3014 clesiam
1342 2986 1490 3018 vestram,
1499 2986 1711 3012 constructam
1721 2984 1858 3010 scemate
1872 2989 1934 3010 non
1946 2980 2059 3010 decoro
2068 2984 2099 3010 et
2109 2980 2210 3009 nimia

1200 3040 1354 3066 vetustate
1373 3038 1612 3073 consumptam,
1629 3034 1664 3063 in
1684 3042 1800 3064 novam
1820 3038 1850 3062 et
1868 3032 2090 3063 honorabilem
2107 3037 2210 3062 struc-
