2477 3637
221 384 277 411 ’ΜΟ
966 382 1201 412 RnGtSTRES
1223 382 1278 412 DE
1299 382 1483 413 NICOLAS
1507 384 1561 414 IV.

219 449 299 478 alios
323 447 453 477 liberius
468 446 595 476 erudire
613 446 738 476 valeant
755 447 904 485 petierint
925 447 1084 485 exhiberi,
1102 452 1220 478 statuas

219 507 248 531 et
274 501 400 531 ordines
427 500 611 529 auctoritate
639 499 775 538 predicta
803 503 836 530 ut
860 501 895 530 in
917 501 990 539 jure
1011 502 1166 532 canonico
1192 505 1223 531 et

218 554 306 584 civili
332 561 454 582 necnon
476 556 506 582 et
528 553 560 582 in
581 552 738 582 medicina
758 557 788 582 et
807 554 928 584 artibus
949 554 1126 584 examinari
1152 563 1220 594 pos-

219 608 281 637 sint
306 606 425 635 ibidem
446 614 480 634 ac
509 605 541 634 in
570 605 689 635 eisdem
715 605 916 637 facultatibus
941 607 1105 637 dumtaxat
1131 607 1221 638 titulo

219 658 394 697 magisterii
417 658 569 688 decorari.
589 658 715 688 Statuas
734 659 865 698 iusuper
888 665 939 695 ut,
957 660 1104 698 quotiens
1119 660 1221 700 aliqui

217 712 255 742 ad
281 711 499 749 magisterium
525 711 646 741 fuerint
670 713 894 750 promovendi,
918 719 1141 752 presentemur
1162 715 1220 745 tibi

217 770 244 795 et
269 765 503 795 successoribus
525 765 602 799 tuis,
629 765 683 803 qui
704 774 759 804 pro
783 770 921 805 tempore
943 767 1081 805 suerint,
1103 767 1151 798 vel
1175 769 1220 798 eis

215 827 293 858 quos
310 818 348 848 ad
363 818 422 848 hoc
439 821 470 847 tu
491 822 521 847 et
540 818 650 856 prefati
669 827 864 850 successores
884 820 1039 850 duxeritis
1060 821 1218 860 deputan-

215 872 287 906 dos,
316 871 391 910 qui,
419 871 578 909 magistris
604 871 761 902 facultatis
781 872 871 902 illius
891 873 925 902 iu
944 882 1006 912 qua
1024 875 1220 906 examinatio

216 925 309 954 suerit
327 924 470 954 facienda
485 924 524 954 de
541 925 747 955 universitate
769 925 940 956 scolarium
960 927 993 956 in
1017 928 1128 958 eodem
1150 933 1219 958 stu-

215 977 266 1007 dio
282 977 480 1015 presentibus
502 978 690 1014 convocatis,
708 986 760 1008 eos
775 980 872 1017 gratis
889 984 919 1009 et
933 980 1119 1011 difficultate
1137 991 1217 1020 qua-

215 1039 351 1068 cumque
366 1029 507 1065 sublata,
525 1030 562 1059 ὼ·
581 1031 729 1068 scientia,
750 1032 913 1070 facundia,
931 1034 1026 1065 modo
1043 1035 1170 1073 legendi
1188 1040 1219 1066 et

213 1084 283 1114 aliis
308 1084 402 1113 etiam
429 1094 490 1123 que
515 1085 546 1113 in
572 1086 794 1123 promovendis
815 1087 854 1116 ad
880 1088 1058 1126 magisterii
1075 1090 1217 1120 officium

214 1137 423 1176 requiruntur
441 1139 624 1167 examinare
642 1139 790 1169 studeant
808 1140 990 1178 diligenter,
1008 1147 1038 1172 et
1051 1142 1123 1173 illos
1138 1152 1217 1183 quos

213 1190 354 1229 ydoneos
371 1191 563 1228 repererint,
581 1193 675 1230 petito
700 1197 818 1223 secrete
841 1195 1069 1232 magistrorum
1093 1205 1217 1227 eorum-

212 1243 284 1272 dem
307 1243 458 1281 consilio,
484 1244 567 1282 quod
594 1244 628 1273 in
657 1245 799 1283 ipsorum
824 1247 1063 1279 consulentium
1086 1249 1216 1289 dispen-

211 1297 301 1326 dium
332 1296 379 1326 vel
403 1298 560 1335 jacturam
591 1297 725 1328 revelari
752 1301 992 1338 quomodolibet
1019 1303 1078 1333 sub
1105 1304 1216 1335 divine

212 1349 446 1379 maledictionis
462 1350 725 1382 interminatione
740 1352 976 1385 districtissime
992 1356 1212 1395 prohibemus,

211 1402 383 1440 approbent
409 1407 439 1432 et
461 1403 648 1440 admittant,
672 1405 784 1444 eisque
807 1407 936 1445 petitam
962 1408 1126 1439 licentiam
1149 1411 1213 1441 lar-

210 1456 349 1493 giantur,
365 1455 444 1485 alios
462 1457 569 1487 minus
585 1457 726 1496 ydoneos
741 1460 868 1498 penitus
881 1461 1075 1500 repellendo,
1094 1468 1216 1504 postpo-

211 1509 281 1537 sitis
296 1509 429 1539 onmiuo
444 1511 554 1547 gratia,
569 1511 643 1540 odio
658 1516 688 1541 et
704 1512 821 1543 favore.
839 1513 999 1552 Ceterum,
1013 1525 1064 1553 ne,
1082 1522 1214 1548 vacante

212 1561 382 1591 Bisuutina
399 1563 539 1599 ecclesia,
560 1565 723 1603 contingat
741 1568 915 1604 promoveri
932 1568 1074 1600 volentes
1089 1571 1128 1601 ad
1145 1581 1214 1602 ma-

208 1615 374 1652 gisterium
407 1616 579 1654 impediri,
616 1618 762 1649 volumus
799 1625 833 1650 nt
868 1625 1007 1660 tempore
1038 1625 1214 1656 vacationis

208 1667 308 1706 ipsius
329 1667 476 1705 ecclesie,
493 1670 630 1708 capitulo
647 1671 819 1703 Bisuntino
835 1674 884 1704 vel
900 1676 969 1713 ejus
984 1675 1110 1715 ydoneo
1126 1679 1212 1708 vica-

209 1720 255 1750 rio
272 1720 309 1749 ad
331 1721 389 1751 hoc
405 1722 583 1761 specialiter
606 1726 775 1756 constituto
798 1729 1005 1765 promovendi
1026 1729 1213 1770 hujusmodi

209 1779 447 1813 presententur,
472 1778 527 1815 qui
550 1786 602 1808 eos
625 1779 810 1810 examinent
834 1786 863 1811 et
884 1783 1081 1814 examinatos
1100 1794 1212 1825 appro-

208 1827 284 1857 bent
299 1827 346 1857 vel
364 1829 532 1867 reprobent
548 1832 726 1862 secundum
745 1834 878 1864 modum
896 1836 929 1865 in
947 1840 975 1866 te
997 1839 1143 1877 superius
1158 1840 1212 1870 de-

208 1879 373 1910 claratum.
402 1881 452 1911 Illi
477 1887 584 1913 autem
609 1885 664 1922 qui
688 1885 721 1914 in
747 1885 815 1917 loco
838 1888 957 1925 pretato
982 1891 1157 1922 examinati
1183 1898 1214 1924 et

208 1933 371 1971 approbati
389 1934 508 1964 fuerint
523 1944 559 1965 ac
573 1936 708 1967 docendi
724 1938 889 1970 licentiam
904 1942 1113 1981 obtinuerint,
1131 1947 1213 1977 sicut

207 1986 398 2024 predicitur,
423 1996 459 2017 ex
485 1993 559 2019 tunc
583 1990 703 2029 absque
728 1993 963 2025 examinatione
987 1997 1037 2026 vel
1059 1999 1212 2037 approha-

208 2039 293 2069 tioue
309 2040 371 2069 alia
393 2041 525 2079 regendi
547 2048 577 2072 et
596 2043 732 2074 docendi
748 2046 866 2085 ubique
881 2047 1008 2086 plenam
1025 2055 1056 2080 et
1077 2051 1211 2084 liberam

208 2092 346 2123 habeant
363 2094 560 2129 facultatem.
579 2106 637 2127 nec
658 2107 675 2127 a
702 2108 862 2138 quoquam
887 2102 1013 2133 valeant
1035 2105 1209 2143 prohiberi.

207 2145 310 2183 Sane,
339 2152 371 2177 ut
397 2148 455 2178 rite
480 2149 513 2178 in
539 2151 668 2189 prefatis
689 2154 981 2186 examinationibus
1005 2159 1209 2198 procedatur,

207 2200 400 2239 precipimus
419 2206 452 2231 ut
470 2204 616 2241 magistri
638 2204 745 2243 legere
764 2207 798 2236 in
821 2208 932 2238 eodem
955 2211 1060 2242 studio
1081 2214 1211 2252 cupien—

209 2259 270 2287 tes,
288 2258 460 2292 antequam
482 2256 654 2295 incipiant,
678 2264 816 2297 prestent
840 2262 965 2300 publice
989 2265 1210 2302 juramentum

207 2306 290 2343 quod
311 2306 369 2345 ipsi
386 2309 486 2338 vocati
505 2310 543 2339 ad
564 2312 816 2344 examinationes
834 2316 960 2346 easdem
979 2318 1126 2357 venient,
1146 2321 1210 2352 nisi

206 2358 325 2389 suerint
342 2359 483 2399 legitime
503 2363 658 2402 impediti,
673 2371 703 2395 et
716 2367 825 2404 gratis,
841 2369 911 2399 sine
924 2369 1120 2410 difficultate,
1137 2375 1209 2406 odio

206 2418 235 2441 et
262 2413 366 2443 favore
391 2417 587 2454 postpositis,
605 2418 726 2449 dabunt
750 2422 959 2454 examinatori
984 2425 1077 2457 fidele
1103 2429 1210 2459 consi-

205 2463 284 2493 lium
303 2466 357 2504 qui
377 2466 416 2496 de
433 2470 624 2500 examinatis
645 2471 694 2502 vel
715 2478 749 2502 ut
770 2474 859 2512 digni
882 2478 1050 2516 approbari
1074 2480 1210 2512 debeant

205 2524 259 2547 aut
276 2518 401 2557 indigni
421 2522 535 2553 merito
550 2525 718 2562 reprobari.
738 2527 799 2563 Qui
820 2538 892 2559 vero
906 2530 1128 2569 juramentum
1146 2536 1209 2566 hu-

203 2571 346 2609 jusmodi
371 2579 509 2612 prestare
538 2577 718 2616 noluerint,
745 2589 802 2611 nec
827 2583 867 2612 ad
888 2582 1061 2622 legendum
1085 2596 1143 2619 nec
1168 2591 1209 2620 ad

206 2627 458 2658 examinationes
475 2630 613 2668 easdem,
630 2641 688 2663 nec
701 2634 796 2664 etiam
812 2636 851 2665 ad
867 2637 974 2677 aliqua
991 2641 1209 2674 universitatis

204 2677 344 2716 predicte
373 2682 504 2712 comoda.
534 2683 581 2713 vel
613 2685 768 2717 beneficia
798 2688 957 2721 ullatenus
985 2693 1206 2728 admittantur.

205 2729 277 2760 Dat.
295 2732 377 2770 apud
396 2733 675 2775 Urbemveterem,
693 2741 787 2770 nonis
805 2743 931 2779 martii,
948 2753 1033 2776 anno
1049 2754 1172 2786 quarto.
1192 2762 1206 2777 ι»

273 2883 384 2912 45³2!
768 2891 899 2926 Orvieto,
918 2895 947 2922 lt
967 2905 1043 2925 mars
1057 2899 1134 2927 1291.

240 2942 352 2971 Mandat
369 2951 399 2973 ut
414 2947 550 2981 Jacobus,
564 2950 696 2979 Massicus
711 2957 739 2980 et
754 2954 902 2989 Nicolaus,
919 2959 968 2986 filii
983 2962 1126 2995 quondam
1141 2963 1209 2992 Leo·

206 2991 283 3017 nardi
303 2992 466 3027 Bai-aetatis,
479 2997 550 3025 civis
567 2999 722 3033 spoletani,
738 3004 786 3037 qui
803 3005 868 3032 olim
884 3007 919 3033 de
936 3008 1048 3036 haeresi
1063 3011 1206 3040 immerito

205 3040 412 3070 condemnatus
428 3045 489 3079 suit,
508 3047 542 3073 ad
558 3057 756 3086 quascumque
769 3052 933 3088 dignitates,
950 3058 1035 3085 etiam
1051 3060 1206 3089 ecclesias-

1305 448 1389 478 ticas,
1408 448 1503 475 idonei
1524 449 1745 478 denuncientur.
1766 450 1849 485 (Rso.
1867 451 1915 486 46,
1939 460 1966 480 c.
1983 452 2031 487 56,
2049 454 2067 480 t'.
2087 453 2117 480 Η
2135 459 2177 488 r⁰;
2197 453 2311 489 Pom-m..

1303 496 1412 529 23596.)

1344 599 1452 629 Dilecto
1467 600 1532 636 filio
1547 601 1643 636 fratri
1657 601 1795 632 Johcmm·
1810 603 1845 632 de
1857 603 1991 640 Perusia,
2007 605 2126 635 ordinis
2142 607 2310 644 minorum,

1304 653 1483 689 inquisitori
1495 653 1621 683 heretice
1632 655 1796 691 pravitatis
1808 656 1843 685 in
1855 657 1980 689 civitate
1993 662 2020 687 ec
2035 658 2145 688 diocesi
2152 658 2312 697 Spoletana

1302 706 1484 735 anctoritate
1497 707 1577 735 sedis
1591 708 1752 745 apostolice
1769 709 1921 746 deputato.

1344 770 1357 784 «
1383 757 1448 788 Sua
1470 759 1563 789 nobis
1583 759 1733 791 dilecti...
1755 778 1794 784 —
1819 762 1890 794 Dat.
1917 763 2002 802 apud
2027 763 2308 804 Urbemveterem,

1301 821 1321 841 v
1337 811 1410 841 idus
1426 812 1546 849 martii,
1562 821 1650 843 anuo
1665 818 1790 852 quarto.
1810 827 1823 841 n

1370 971 1488 1000 4522

1334 1032 1470 1063 Johanni,
1488 1034 1632 1068 quondam
1648 1035 1827 1070 Trajectensi
1841 1036 1944 1067 electo.
1956 1037 2068 1064 fruetus
2080 1037 2115 1064 de
2126 1037 2209 1065 bonis
2220 1039 2299 1068 eccle

1299 1082 1360 1108 siae
1374 1082 1570 1117 Trajectensis
1587 1087 1739 1119 perceptos
1755 1085 1882 1112 remittit.
1900 1084 1984 1119 (Rau.
2001 1086 2049 1118 46,
2066 1094 2092 1113 c.
2110 1087 2158 1122 57,
2175 1087 2195 1114 s.
2215 1088 2244 1115 ll
2262 1090 2310 1124 1-0.)
2344 1119 2348 1122 Δ

1869 972 2001 1005 Orvieto,
2021 974 2052 1001 13
2069 983 2145 1002 mars
2162 974 2239 1003 1291.

1340 1185 1462 1215 Dz'tectis
1479 1186 1552 1223 filiis
1573 1208 1594 1216 ..
1621 1187 1787 1217 Μαωιήιιήιῗ
1805 1193 1891 1218 eoetra
1912 1188 2102 1218 Treverenses
2119 1194 2145 1219 et
2165 1212 2184 1219 ..
2203 1189 2310 1222 Sancti

1298 1239 1453 1276 Arnulphi
1471 1243 1558 1269 extra
1576 1241 1714 1269 Metenses
1738 1249 1843 1271 muros
1863 1243 2122 1271 monasteriorum
2137 1243 2306 1274 abbatibus.

1299 1304 1314 1318 «
1332 1291 1413 1322 Cum
1432 1292 1540 1322 dilecti
1556 1292 1616 1322 filii
1633 1293 1836 1331 Gisilbertus,
1857 1294 2104 1326 archidiaconus
2121 1295 2158 1326 in
2175 1295 2308 1328 ecclesia.
2335 1313 2344 1319 -

1299 1345 1503 1384 Trajectensi‚
1524 1351 1555 1376 et
1570 1347 1722 1385 magister
1735 1347 1903 1378 Jobannes
1921 1348 1960 1378 de
1978 1347 2116 1388 Syttert,
2134 1349 2307 1382 canonicus

1298 1399 1429 1428 ecclesie
1450 1394 1697 1438 Daventrensis,
1717 1400 1928 1439 Trajectensis
1952 1401 2104 1439 diocesis,
2123 1406 2305 1441 procurato·
2326 1395 2340 1434 s

1296 1461 1347 1482 res
1371 1452 1479 1482 dilecti
1495 1452 1555 1482 filii
1569 1453 1749 1488 Johannis,
1770 1454 1933 1492 quondam
1960 1454 2052 1485 electi
2075 1455 2304 1495 Trajectensis,

1296 1505 1451 1535 habentes
1471 1506 1511 1535 ab
1532 1505 1602 1544 ipso
1621 1506 1659 1535 ad
1682 1506 1742 1536 hoc
1761 1506 1899 1545 speciale
1918 1507 2126 1545 mandatum,
2144 1516 2242 1539 omne
2252 1509 2312 1549 Jus'

1295 1559 1381 1598 quod
1407 1560 1435 1589 ei
1464 1559 1497 1588 in
1525 1559 1660 1590 ecclesia
1684 1560 1891 1599 Trajectensi‚
1916 1560 2041 1591 ratione
2067 1560 2234 1592 electionis
2256 1561 2306 1593 vel
2336 1559 2340 1562 ’

1294 1611 1519 1651 postulationis
1548 1612 1588 1643 de
1614 1613 1683 1652 ipso
1707 1612 1863 1643 hactenus
1894 1613 2051 1645 celebrate
2079 1615 2114 1644 in
2142 1615 2222 1654 ipsa,
2249 1624 2305 1647 seu

1295 1670 1424 1705 propter
1442 1666 1531 1696 illius
1547 1667 1826 1697 confirmationem
1844 1671 2002 1705 secutum,
2021 1667 2071 1699 vel
2087 1668 2166 1699 alias
2181 1668 2212 1699 ei
2226 1677 2304 1708 quo·
2329 1689 2335 1698 .

1294 1719 1469 1750 modolibet
1487 1720 1700 1760 competebat,
1718 1724 1774 1750 aut
1790 1726 1970 1760 competere
1984 1725 2122 1760 poterat,
2143 1726 2255 1761 sponte
2268 1730 2305 1754 ac

1295 1773 1395 1804 libere
1416 1773 1450 1803 in
1468 1773 1586 1803 nostris
1602 1773 1754 1804 manibus
1770 1774 2005 1812 resignassent,
2026 1783 2099 1812 nos,
2118 1775 2304 1815 hujusmodi

1295 1827 1514 1865 resignatione
1537 1831 1679 1866 recepta,
1700 1827 1843 1866 benigna
1859 1828 2115 1859 consideratione
2134 1833 2304 1868 pensantes

1295 1880 1439 1919 ejusdem
1450 1880 1611 1911 Johaunis
1625 1880 1828 1911 nobilitatem
1840 1882 1979 1919 generis,
1992 1890 2033 1912 ne
2044 1882 2123 1921 ipse,
2139 1887 2203 1912 tam
2215 1881 2304 1913 nobi-

1294 1934 1380 1964 libus
1391 1939 1479 1964 ortus
1493 1934 1663 1971 natalibus,
1678 1935 1933 1964 necessariorum
1947 1936 2120 1966 sustineret
2131 1935 2303 1975 defectum,

1296 1988 1324 2017 ei
1349 1987 1512 2027 quandam
1536 1996 1698 2017 summam
1715 1988 1852 2026 pecunie
1870 1987 1908 2018 de
1927 1987 2106 2018 redditibus
2120 1993 2152 2018 et
2165 1997 2302 2028 proven-

1295 2042 1380 2071 tibus
1402 2040 1637 2080 episcopalibus
1656 2041 1789 2072 ecclesie
1808 2041 1989 2080 supradicte
2008 2042 2247 2081 percipiendam
2263 2042 2302 2074 ab

1295 2095 1406 2125 eodem
1430 2094 1581 2124 Johanne
1602 2093 1747 2133 quandiu
1775 2094 1892 2124 vixerit
1911 2094 1946 2124 in
1972 2095 2066 2125 certis
2090 2095 2185 2133 locis,
2208 2096 2338 2127 annis-1¹

1294 2148 1447 2186 singulis,
1465 2147 1502 2177 in
1522 2148 1768 2178 subventionem
1785 2147 2041 2178 necessariorum
2060 2157 2210 2187 suorum,
2226 2157 2300 2180 auo-

1294 2202 1420 2231 toritate
1451 2200 1631 2231 litterarum
1666 2205 1849 2231 nostrarum
1887 2201 2106 2232 concessimus
2134 2202 2174 2232 de
2200 2201 2301 2240 gratia

1293 2254 1431 2294 spetiali.
1448 2254 1619 2284 Voluimus
1636 2259 1743 2284 tamen
1759 2254 1843 2294 quod
1859 2255 1928 2293 ipse
1941 2255 2122 2292 Johannes,
2137 2255 2301 2295 quondam
2326 2276 2332 2286 .

1293 2309 1423 2347 electuS‚
1450 2308 1612 2339 civitatem
1637 2308 1887 2347 Trajectensem,
1904 2308 2029 2347 oppida,
2049 2312 2163 2348 castra,
2190 2308 2300 2340 muni·
2318 2314 2324 2355 ζ

1293 2364 1407 2400 tiones,
1425 2368 1536 2398 terras,
1553 2362 1621 2392 loca
1636 2366 1668 2393 et
1679 2362 1744 2392 alia
1758 2362 1842 2392 bona
1856 2370 1919 2401 que
1934 2362 1972 2392 ad
1996 2362 2212 2402 episcopatum
2227 2362 2301 2394 Tra·-
2315 2406 2321 2411 θ

1289 2417 1466 2456 jectensem
1496 2420 1636 2454 spectare
1665 2420 1843 2446 noscuntur
1871 2420 1948 2446 tunc
1974 2415 2081 2446 futuro
2106 2412 2309 2455 Trajectenni'

1292 2471 1406 2508 electo,
1429 2479 1485 2500 seu
1503 2470 1664 2509 episcopo,
1687 2469 1737 2500 vel
1753 2470 1821 2508 ejus
1841 2469 1982 2507 nuntiis,
2002 2469 2137 2508 receptis
2151 2468 2314 2509 predicti!-

1291 2524 1423 2560 litteris‚
1443 2524 1514 2554 sine
1531 2522 1719 2553 difficultate
1736 2522 1879 2562 qualibet
1898 2522 2096 2560 restitueret,
2120 2526 2151 2553 et
2169 2514 2327 2563 restitum}

1293 2578 1414 2608 tionem
1435 2576 1620 2616 hujusmodi
1638 2576 1744 2607 eidem
1760 2575 1860 2606 electo
1875 2584 1931 2606 seu
1947 2577 2104 2615 episcopo,
2122 2576 2190 2606 sive
2206 2575 2297 2609 dictis
2312 2596 2314 2601 ·

1291 2632 1360 2670 ejus
1386 2630 1528 2668 nuntiis,
1549 2630 1636 2660 infra
1657 2630 1737 2660 duos
1757 2638 1885 2660 menses
1905 2634 1973 2669 post
1996 2629 2212 2670 receptionem
2231 2629 2301 2661 dic<

1292 2690 1396 2715 tarum
1412 2683 1592 2714 litterarum
1607 2683 1848 2722 computandos,
1865 2691 1921 2722 per
1935 2682 2119 2714 Johannem
2137 2682 2319 2727 quondam,

1290 2737 1427 2768 electum
1449 2737 1518 2767 fieri
1539 2737 1766 2767 mandavimus
1793 2736 2033 2776 supradictum;
2056 2737 2205 2776 quodque
2225 2733 2306 2772 antet

1289 2791 1526 2822 restitutionem
1541 2791 1679 2821 civitatis
1690 2815 1697 2826 ,
1716 2790 1922 2829 oppidorum,
1940 2794 2133 2827 castrorum,
2149 2789 2296 2821 munitio*

1290 2853 1385 2880 num,
1408 2848 1564 2874 terrarum
1578 2868 1585 2882 ,
1603 2844 1745 2874 locorum
1764 2848 1795 2874 et
1813 2843 1952 2874 aliorum
1973 2843 2130 2874 bonorum
2148 2841 2296 2874 immabi--¹

1288 2896 1369 2927 lium
1394 2897 1497 2927 nichil
1520 2897 1559 2927 de
1580 2897 1761 2936 provisione
1782 2895 1969 2936 hujusmodi
1988 2905 2043 2935 per
2063 2904 2121 2942 nos
2138 2894 2199 2926 sihi
2216 2895 2295 2926 facta

1290 2953 1443 2992 percipiat
1459 2961 1517 2983 nec
1529 2953 1583 2992 jus
1597 2952 1727 2992 aliquod
1746 2952 1808 2982 sibi
1823 2955 1980 2991 competat
1993 2951 2028 2981 in
2046 2951 2170 2989 eadem,
2186 2949 2242 2982 sed
2255 2957 2295 2984 ex

1289 3010 1365 3036 tunc
1380 3005 1511 3036 demum
1529 3006 1671 3045 predicta
1693 3005 1832 3045 provisio
1853 3008 1958 3035 teneat
1977 3008 2008 3034 et
2029 3013 2123 3034 suum
2145 3003 2293 3035 sortiatur

1288 3059 1447 3090 effectum.
1475 3059 1681 3090 Postmodum
1702 3067 1776 3090 vero
1801 3058 1934 3098 predicti
1959 3061 2177 3097 procuratores
2201 3055 2292 3089 uobis
2324 3088 2326 3090 .
