2477 3637
203 371 260 403 328
950 359 1188 392 REGISTRES
1210 359 1265 390 DE
1286 357 1472 389 NICOLAS
1495 358 1550 388 IV.

208 436 423 475 tt'iyorniensis
439 433 572 466 diocesis,
588 431 702 461 merito
717 428 859 459 oddonis
875 427 913 458 de
929 427 1145 464 Grandisono,
1161 426 1210 456 in-

202 490 312 528 dulget
332 494 364 519 ut
387 486 554 518 ecclesiam
575 485 614 514 de
636 481 931 521 Ystonamntelup,
951 489 1047 520 quam
1066 488 1139 510 cum
1158 488 1209 510 ca-

203 544 352 574 nonicam
373 546 403 571 et
422 537 600 579 praebenda
622 537 654 565 in
681 535 887 565 Gebeuneusi
908 534 1042 564 ecclesia
1058 533 1128 563 sine
1145 532 1211 562 dis-

204 595 388 635 pensatione
417 592 569 626 detinuit,
598 594 628 619 et
655 589 776 618 fructus
803 597 838 618 ex
867 596 903 617 ea
931 591 1092 626 perceptos
1125 585 1210 615 licite

204 650 340 679 retinere
364 646 472 685 possit,
492 642 665 674 dummodo
683 642 822 672 valorem
846 641 1007 671 fructuum
1031 649 1086 679 per
1108 648 1211 669 unum

202 710 322 731 annum
355 710 390 729 ex
422 699 531 728 eadem
563 696 695 727 ecclesia
721 700 941 735 perceptorum
974 695 1006 723 in
1041 693 1210 724 utilitatem

202 759 384 795 perpetuam
402 752 544 790 ejusdem
564 750 717 780 ecclesiae
734 753 907 779 convertat.

244 821 257 835 α
277 808 313 837 Ιιι
330 807 393 836 hiis
409 815 508 845 qne...
525 821 564 827 —
580 804 652 834 Dat.
670 803 787 840 Rome,
805 802 888 842 apud
905 801 1055 832 Sanctam
1074 800 1211 844 Mariam

203 863 368 899 Major-em,
387 869 419 889 111
438 868 538 889 nonas
557 857 746 892 decembris,
765 865 850 886 anno
866 855 1016 886 secundo.
1036 867 1050 882 n

242 1035 262 1062 l
271 1033 398 1063 '283⁴
409 1033 496 1061 ’2¹20
533 1029 888 1064 sainte-Marie-Majeure,
901 1028 917 1055 ‘2
927 1028 1078 1054 decembre
1098 1027 1173 1054 1‘289.

239 1096 366 1123 Licentia
382 1095 516 1122 testandi.
534 1094 617 1127 (Rufi.
637 1093 680 1125 44,
701 1101 727 1120 c.
744 1092 806 1124 66¹,
819 1092 838 1118 f.
852 1091 904 1118 ‘259
915 1097 958 1122 νος
973 1090 1089 1121 Poma„
1101 1089 1210 1122 23128.)

250 1198 416 1228 Venerabili
430 1198 524 1234 fratri
545 1197 702 1232 Willelmo,
720 1196 852 1232 episcopo
869 1194 1074 1223 Brecht'nensi.

245 1265 256 1279 ι(
281 1252 364 1288 Quia
381 1251 536 1290 presentis
557 1250 657 1279 vite...
675 1265 714 1271 —
732 1248 802 1278 Dat.
822 1248 943 1282 Rome,
960 1246 1044 1284 apud
1060 1245 1211 1275 Sanctam

203 1307 337 1336 Mariam
354 1305 521 1343 Majorem,
537 1312 583 1332 ιιιι
601 1310 702 1332 nonas
718 1300 906 1336 decembris,
924 1307 1009 1329 anno
1025 1297 1174 1328 secundo.
1195 1309 1209 1324 ιι

464 1380 823 1414 Sainte-it1arie-Majeum,
842 1379 874 1406 13
890 1377 1043 1404 decembre
1060 1377 1138 1404 1289.

245 1448 279 1477 ln
297 1456 324 1476 e.
343 1455 384 1475 m.
408 1444 572 1482 Johanni,
590 1444 736 1483 episcopo
756 1441 958 1480 Agenneusi.
983 1441 1054 1470 Dat.
1076 1441 1209 1477 Romae,

161 1524 164 1527 .
201 1500 283 1539 apud
299 1500 447 1529 Sanctam
464 1498 599 1528 Mariam
617 1498 783 1536 Majorem,
798 1496 905 1525 idibus
920 1494 1110 1532 decembris,
1124 1502 1211 1524 anno

156 1580 158 1582 ,
200 1553 349 1584 secundo.

459 1604 821 1639 Sainte-Marie-Majeure,
837 1604 876 1629 1⁶³¹·
889 1602 1042 1630 decembre
1060 1601 1137 1629 1290.

243 1671 278 1699 In
300 1679 328 1700 e.
353 1678 396 1699 m.
422 1669 609 1704 Ranibotto,
632 1668 777 1706 episcopo
795 1665 1031 1696 Camerinensi.
1053 1665 1125 1694 Dat.
1143 1665 1210 1694 Ro-

201 1733 282 1759 mae,
302 1723 385 1761 apud
404 1723 553 1752 Sanctam
575 1721 708 1751 Mariam
733 1721 898 1758 Maiorem,
916 1718 1064 1748 kalendis
1083 1718 1210 1748 decem-

201 1777 278 1813 bris.v
296 1785 382 1806 anuo
398 1775 537 1806 secundo
553 1775 704 1814 (Poma,
723 1773 841 1812 231-25).

500 1855 864 1889 Sainte-Marie-Majeure‚
886 1854 916 1880 '13
929 1855 1043 1888 janvier
1061 1853 1138 1881 1290.

243 1922 279 1951 Ιιι
300 1931 327 1952 e.
346 1930 388 1950 m.
410 1920 447 1950 G.
464 1944 470 1956 ,
489 1920 634 1959 episcopo
648 1918 857 1956 vapincensi.
876 1918 946 1947 Dat.
969 1917 1107 1952 Romae,
1127 1917 1211 1955 apud

201 1977 349 2006 Sanctam
374 1973 511 2003 Mariam
536 1973 708 2010 MaJ'orem,
734 1971 840 2000 idibus
860 1971 1021 2009 Januarii,
1049 1979 1135 2000 anno
1161 1980 1211 2000 se-

202 2028 316 2059 cundo.
535 2059 542 2065 ‚

528 2077 886 2112 Sainte-Marie-Majenre‚
906 2078 1046 2112 4janvie1·
1063 2077 1139 2104 1290.

243 2145 279 2174 In
298 2153 325 2174 e.
344 2152 386 2172 m.
410 2141 587 2172 Pei-civallo
605 2141 644 2171 de
667 2141 822 2176 Lavania,
840 2140 1034 2170 subdiacono
1054 2143 1083 2169 et
1107 2139 1210 2178 capel-

203 2199 275 2228 lano
293 2206 408 2236 papae,
433 2196 656 2225 archidiacono
681 2194 943 2231 Bochungamiae
961 2193 1006 2233 (1)
1025 2194 1057 2222 in
1079 2193 1212 2223 ecclesia

204 2250 437 2282 Lincolniensi.
458 2250 530 2279 Dat.
556 2250 693 2285 Romae,
711 2248 794 2286 apud
820 2248 969 2277 Sanctam
987 2248 1122 2276 Mariam
1142 2247 1211 2276 Ma-

200 2307 322 2344 jor-em,
340 2314 360 2333 ιι
379 2312 480 2334 nonas
494 2302 653 2341 januarii,
672 2310 758 2331 auno
778 2301 927 2331 secundo.

500 2381 865 2416 Sainte-Marie-Mnjeure,
883 2381 917 2408 ‘23
930 2381 1043 2416 janvier
1061 2381 1138 2408 1290.

245 2450 280 2479 In
302 2458 330 2478 e.
354 2457 397 2478 m.
421 2447 574 2483 Ger-aldo,
592 2446 739 2485 episcopo
762 2445 956 2475 Lectoreusi.
979 2444 1049 2475 Dat.
1070 2445 1211 2481 Romae,

204 2503 287 2542 apud
306 2504 454 2533 Sanctam
479 2501 612 2531 Mariam
634 2500 807 2538 Maj0rem,
829 2508 848 2528 x
865 2498 1020 2528 kalendas
1045 2485 1210 2535 februarii,

203 2566 289 2587 anno
306 2556 445 2586 secundo
463 2556 518 2591 (En
536 2553 667 2593 marqe).

500 2633 850 2668 Sainte-Mavie-ltlajwre
862 2655 868 2664 ,
887 2633 920 2660 ‘23
932 2633 1046 2668 Janvier
1062 2633 1138 2660 1290.

246 2701 281 2730 In
307 2712 332 2729 ι».
359 2709 400 2729 m.
426 2698 614 2734 Guillelmo,
640 2698 784 2736 episcopo
807 2696 1114 2736 Gratianopolitano.
1139 2696 1210 2726 Dat.

208 2756 336 2789 Itoniae,
353 2753 435 2791 apud
453 2752 603 2782 Sanctam
621 2752 756 2780 Mariam
775 2751 943 2790 Majoiem,
961 2760 980 2780 x
994 2749 1148 2780 kalendas
1167 2749 1213 2780 fe-

207 2808 336 2843 bruarii,
353 2816 439 2837 anno
455 2806 594 2837 secundo
609 2804 723 2845 (ibid).

511 2885 875 2919 Sainte-Maue-Majeui-e,
894 2885 925 2912 13
942 2885 1045 2911 fevi-ier
1062 2884 1141 2911 1200.

251 2952 283 2980 ln
306 2961 332 2979 ιι.
351 2960 392 2979 ιιι,
413 2949 606 2985 Guillelmo,
628 2949 773 2987 episcopo
793 2948 959 2986 Dignensi.
984 2947 1056 2977 Dat.
1079 2948 1212 2985 Romae,

238 3058 256 3085 gl
287 3058 327 3078 (m
346 3060 409 3085 peut
426 3056 474 3079 lire
491 3056 563 3079 aussi
581 3056 817 3084 Bochimyamiac.

1292 424 1375 464 apud
1405 423 1555 453 Sanctam
1585 423 1720 453 Mariam
1746 423 1921 462 Majorem,
1943 423 2048 454 idibus
2074 421 2226 454 febru'arii
2247 424 2302 463 (1),

1291 486 1378 508 auno
1395 476 1536 507 seeundo
1549 476 1667 516 (Ibid.).

1367 622 1478 651 ¹¹⁷¹„

1329 685 1476 712 Prioratus
1492 684 1526 711 do
1542 684 1723 711 Grandisono
1739 688 1871 718 augetur.
1888 684 1970 717 (Rea.
1987 685 2031 718 44,
2048 692 2074 711 c.
2091 684 2153 715 662,
2166 685 2184 711 f.
2197 684 2300 718 2601-;
2335 700 2338 702 -

1293 734 1359 761 Lar.
1377 743 1411 761 nu
1428 734 1527 767 ΤιιΕιι,
1545 733 1583 767 11,
1601 733 1672 763 326.)
2357 732 2363 740 ⁸

1545 621 1916 657 Sainte-Marie-Majeure,
1935 623 1963 649 11
1983 622 2135 649 decembre
2151 623 2228 650 1‘389.

1339 824 1504 852 Venerabili
1525 823 1619 859 fratri
1640 847 1658 852 ..
1678 823 1809 860 episcopo
1828 822 2018 852 Gebennensi.
2042 834 2054 849 ‹
2071 821 2188 853 Petitio
2203 821 2302 854 dilec-

1293 881 1396 906 torum
1423 876 1561 906 tiliorum
1588 899 1608 906 ..
1635 876 1757 905 abbatis
1779 880 1809 905 et
1825 880 2002 906 conventus
2021 875 2210 905 monasterii
2225 875 2304 907 Caso

1292 930 1362 967 Dei,
1380 930 1418 959 ad
1438 938 1604 960 romanam
1621 929 1787 959 ecclesiam
1807 928 1898 959 nullo
1917 929 2023 959 medio
2039 930 2240 968 pertinentis,
2256 937 2305 960 01·-

1293 983 1378 1013 diuis
1395 983 1427 1014 S.
1448 984 1623 1020 Benedicti,
1641 982 1916 1013 Claromoutensis
1933 983 2086 1020 diocesis,
2104 983 2196 1014 nobis
2214 983 2304 1014 exhi-

1292 1037 1358 1067 bita
1376 1036 1560 1067 continebat
1583 1037 1668 1076 quod
1692 1036 1752 1075 ipsi
1777 1035 1920 1072 dudum,
1948 1036 2077 1075 provide
2103 1036 2304 1067 attendentes

1293 1089 1376 1129 quod
1392 1090 1430 1119 de
1448 1089 1575 1120 l'raelas
1596 1095 1626 1119 et
1644 1089 1752 1119 Sancti
1772 1088 1949 1126 Germani,
1971 1089 2140 1119 Bisuntiue
2159 1090 2316 1130 diocesis„

1293 1153 1329 1174 ac
1349 1144 1456 1174 Sancti
1482 1143 1645 1174 Laurentii
1665 1145 1756 1182 juxta
1782 1143 1991 1173 Matiscouem
2011 1143 2210 1182 prioratuum
2225 1167 2232 1180 ,
2256 1144 2306 1174 ei-

1293 1197 1365 1226 dem
1399 1197 1591 1227 monasterio
1621 1197 1858 1235 subjectorum,
1892 1196 2036 1226 redditus
2070 1201 2100 1226 et
2131 1201 2305 1236 proventus

1294 1256 1385 1281 erant
1407 1251 1485 1280 adeo
1508 1255 1619 1281 tenues
1640 1255 1670 1281 et
1693 1250 1792 1281 exiles
1814 1250 1898 1289 quod
1921 1250 1953 1279 in
1977 1250 2086 1289 aliquo
2105 1250 2248 1289 ipsorum
2265 1250 2305 1282 de
2335 1257 2342 1259 “

1294 1306 1360 1334 suis
1377 1304 1553 1334 redditibus
1567 1313 1631 1334 non
1649 1304 1713 1333 nisi
1732 1313 1816 1334 unus
1833 1304 2008 1333 monachus
2025 1303 2100 1334 dieti
2117 1303 2305 1335 monasterii

1293 1362 1413 1396 poterat
1436 1358 1646 1394 commorari,
1667 1367 1702 1387 ac
1730 1357 1869 1397 prioratu
1900 1357 1943 1396 (2)
1967 1365 2077 1387 eorum
2100 1357 2139 1387 de
2165 1356 2304 1388 Grandi-

1293 1420 1382 1448 sono,
1401 1411 1618 1441 Lausanensis
1634 1412 1784 1448 diocesiS‚
1801 1412 1853 1441 cui
1870 1410 2005 1441 dilectus
2021 1410 2107 1440 filius
2122 1411 2242 1441 nobilis
2257 1411 2306 1442 vir
2324 1409 2330 1416 “

1293 1464 1366 1496 Otto
1379 1488 1387 1502 ‚
1406 1465 1556 1494 dominus
1576 1464 1671 1494 castri
1691 1464 1730 1494 de
1751 1464 1966 1499 Grandisono,
1987 1469 2112 1503 propter
2126 1463 2306 1496 devotionis

1279 1519 1441 1548 affectum
1457 1527 1551 1556 quem
1567 1518 1696 1555 gerebat
1709 1517 1748 1547 ad
1763 1518 1939 1556 prioratum
1956 1522 1987 1558 et
2003 1519 2236 1548 monasterium
2252 1527 2304 1549 su·

1294 1572 1445 1612 pradicta,
1463 1571 1501 1601 de
1518 1571 1609 1601 bonis
1625 1572 1691 1600 suis
1710 1570 1882 1601 mobilibus
1899 1575 1929 1600 et
1943 1570 2164 1601 immobilibus
2180 1575 2307 1610 propter

1293 1625 1352 1656 hoc
1366 1625 1555 1655 donationes
1570 1618 1686 1654 fecerat
1700 1624 1858 1663 spetiales,
1872 1624 2019 1654 divinum
2036 1624 2158 1654 cultum
2171 1624 2307 1664 cupiens

1293 1680 1429 1709 summis
1447 1678 1614 1708 desideriis
1634 1678 1804 1716 adaugeri,
1827 1678 1911 1708 inter
1931 1678 1994 1707 alia
2011 1677 2203 1708 ordinarunt
2219 1682 2252 1708 ut
2269 1678 2305 1708 in

1293 1733 1404 1763 eodem
1425 1733 1561 1771 prioratu
1583 1731 1621 1761 de
1642 1731 1848 1774 Grandisono
1871 1730 2024 1761 tredecim
2044 1730 2206 1768 monachi,
2222 1739 2306 1761 com-

1293 1791 1400 1826 putato
1417 1786 1519 1825 priore
1531 1809 1539 1821 ,
1556 1785 1740 1815 assumendi
1760 1793 1815 1823 pro
1836 1789 1974 1823 tempore
1990 1784 2030 1814 de
2050 1789 2211 1814 conventu
2226 1784 2306 1816 dicti
2343 1803 2345 1805 -

1293 1839 1480 1870 monasterii
1495 1863 1500 1876 ‚
1528 1843 1678 1877 perpetuo
1708 1838 1843 1880 debeant
1873 1838 2084 1874 commorari,
2113 1841 2147 1867 ut
2176 1837 2305 1868 devotas

1293 1893 1378 1924 inibi
1398 1893 1570 1922 exhibeant
1590 1892 1654 1921 Deo
1670 1891 1797 1927 laudes;
1816 1895 1846 1920 et
1862 1895 1896 1920 ut
1914 1890 2045 1929 predicti
2065 1890 2306 1921 monachicum
2332 1900 2334 1902 ·

1293 1947 1484 1986 competenti
1500 1951 1530 1975 et
1545 1946 1677 1975 honesta
1694 1944 1828 1982 familia,
1845 1949 1908 1974 tam
1925 1944 1964 1974 ad
1982 1943 2223 1982 percipiendum
2241 1938 2325 1974 vite'

1294 1999 1474 2031 neccssaria
1491 2008 1586 2039 quam
1606 1998 1645 2028 ad
1661 1997 1913 2037 supportandum
1931 1997 2075 2036 ejusdem
2091 1997 2249 2036 prioratus
2266 1997 2306 2028 de

1294 2054 1498 2086 Grandisouo
1521 2053 1583 2082 alia
1607 2061 1705 2082 onera
1735 2056 1764 2081 et
1792 2060 1971 2090 expensas,
1997 2050 2139 2081 redditus
2166 2050 2306 2081 habeant

1293 2112 1519 2147 competentes,
1536 2107 1575 2136 de
1593 2105 1731 2141 Praelas,
1750 2105 1858 2134 Sancti
1876 2104 2030 2135 Germani
2047 2109 2078 2134 et
2095 2104 2206 2135 Sancti
2221 2104 2305 2134 Lau-

1294 2161 1389 2191 rentii
1406 2161 1563 2200 prioratus
1582 2159 1758 2198 predictos,
1777 2167 1850 2188 cum
1867 2158 2019 2189 omnibus
2040 2157 2206 2194 fructibus,
2220 2157 2304 2197 Juri-
2317 2186 2319 2190 ,
2332 2144 2340 2151 “

1294 2216 1352 2245 bus
1369 2220 1399 2244 et
1415 2214 1617 2253 pertiuentiis
1633 2212 1700 2241 suis
1713 2234 1721 2249 ‚
1739 2212 1845 2241 eidem
1863 2211 2016 2250 prioratui
2034 2211 2072 2241 de
2091 2210 2304 2247 Grandisono,

1294 2273 1324 2299 et
1341 2267 1508 2299 ecclesiam
1527 2267 1566 2296 de
1584 2266 1693 2302 Giaco,
1710 2265 1791 2295 dicte
1806 2265 2022 2294 Lausanensis
2036 2265 2180 2298 diocesis,
2195 2271 2305 2294 curam
2323 2278 2326 2279 ⁷

1293 2323 1477 2352 animarum
1495 2321 1677 2355 habentem,
1693 2324 1723 2348 et
1740 2318 1897 2357 quicquid
1915 2319 2001 2357 prior
2018 2318 2173 2356 prioratus
2190 2316 2304 2348 Vallis·
2316 2315 2331 2342 Ἰ

1296 2382 1475 2409 tranverse,
1500 2373 1692 2403 monasterio
1718 2372 1858 2411 predicto
1884 2372 2038 2410 san'ecti,
2062 2371 2096 2401 in
2120 2371 2242 2410 ipsius,
2263 2369 2303 2400 de

1294 2429 1392 2460 Giaco
1406 2433 1435 2458 et
1447 2428 1486 2457 de
1499 2427 1649 2458 Coucissa
1662 2425 1870 2456 ecclesiarum
1888 2424 2075 2464 parrochiis,
2089 2423 2232 2454 similem
2247 2432 2304 2454 cu-
2320 2455 2323 2458 ,

1295 2492 1363 2513 ram
1383 2482 1580 2517 habentium,
1593 2489 1671 2519 quus
1690 2480 1775 2509 idem
1790 2479 1876 2517 prior
1891 2478 2162 2508 Vallistranverse
2176 2477 2212 2507 in
2229 2485 2304 2508 usus

1296 2536 1438 2576 proprios
1454 2540 1528 2565 tuuc
1543 2533 1697 2564 canonice
1710 2533 1884 2569 obtinebat,
1897 2533 1945 2570 cuj
1953 2541 1989 2562 us
2000 2531 2132 2571 quidem
2146 2531 2305 2570 prioratus
2334 2520 2340 2532 ⁴

1295 2590 1334 2620 de
1350 2589 1623 2620 Vallet1·ansx=¹e1·sa
1640 2586 1739 2626 priori
1758 2586 1854 2616 abbas
1872 2590 1902 2615 et
1919 2589 2097 2615 conventus
2114 2583 2227 2623 prefati
2245 2590 2302 2613 an-

1296 2653 1397 2674 nuum
1426 2642 1587 2672 redditum
1615 2640 1855 2680 quatuordecim
1884 2638 2060 2669 solidorum
2091 2635 2304 2668 Lausanensis

1296 2702 1440 2733 monete,
1457 2705 1535 2735 quos
1555 2695 1658 2724 dictus
1675 2693 1760 2733 prior
1780 2692 2048 2723 Vallistranverse
2069 2690 2232 2730 percipere
2245 2688 2302 2720 de-

1295 2751 1348 2780 bet
1362 2750 1401 2779 ab
1417 2750 1528 2779 eodem
1548 2747 1646 2778 nobili
1671 2751 1700 2777 et
1723 2748 1791 2785 ejus
1809 2744 2044 2776 successoribus
2056 2766 2065 2782 ‚
2083 2739 2314 2779 reservarunt„

1295 2809 1326 2834 et
1342 2812 1397 2842 pro
1412 2803 1486 2832 aliis
1500 2803 1529 2832 ei
1547 2808 1577 2831 et
1592 2810 1649 2832 suo
1665 2800 1820 2840 prioratui
1835 2799 1882 2829 sic
1896 2797 2065 2828 subtractis
2080 2803 2303 2836 recompensa·
2328 2807 2331 2811 >

1327 2924 1359 2954 (1)
1376 2923 1466 2947 Potui.
1484 2922 1578 2952 (2:3127)
1596 2921 1657 2944 date
1675 2923 1745 2944 cette
1762 2921 1841 2943 lettre
1858 2919 1894 2943 du
1910 2918 1924 2942 2
1940 2918 2093 2942 decembre.

1327 2968 1359 2999 (Q)
1381 2968 1400 2991 11
1422 2974 1538 2997 numque
1560 2967 1766 2997 probabit-ment
1791 2964 1858 2988 dans
1880 2966 1950 2987 cette
1977 2962 2088 2994 phrase,
2110 2960 2157 2991 qui
2178 2959 2304 2992 presente
2331 2958 2334 2963 '

1297 3019 1351 3036 une
1367 3013 1463 3035 lncuno
1477 3011 1613 3040 cx‘idcnw,
1628 3010 1746 3041 quelque
1758 3008 1890 3040 participe
1904 3007 1919 3031 ἐι
1934 3006 2054 3035 rablatis,
2071 3012 2100 3030 se
2115 3004 2276 3036 rapportant
2286 3000 2304 3026 ὰ
2343 2998 2347 3004 ’

1296 3059 1436 3088 prioratu.
2230 3051 2232 3054 ’
