2342 3652
915 372 1168 420 QUA‘rfflnME
1191 371 1348 411 ANNEE.
2122 380 2177 409 ss57

86 457 177 494 cesis,
195 457 355 495 dispenset
374 456 455 485 utin
472 453 677 484 matrimonio
692 452 770 483 olim
785 452 825 482 ab
838 451 927 491 ipsis,
944 451 1093 488 ignoran-

87 510 171 540 tibus
184 519 252 540 sese
267 513 379 548 quarto
395 506 682 546 consanguinitatis
698 505 798 544 gradu
812 506 999 543 conjunctos
1012 511 1092 539 esse,

87 567 259 599 contracto,
276 571 444 592 remanere
459 560 596 590 valeant.

130 629 143 644 ‹
169 616 284 646 Petitio
306 615 412 645 dilecti
435 614 533 643 filii...
558 629 596 635 —
616 613 687 642 Dat,
711 611 795 650 apud
820 611 1093 645 Urbemveterem,

89 679 124 699 ιιι
142 677 245 700 nonas
264 668 383 703 martii,
400 675 486 697 anno
502 670 626 706 quarto.
646 678 660 692 »

159 847 277 877 455ss
678 843 808 873 Orvieto,
827 842 841 869 3
857 850 932 868 mars
950 841 1025 868 1291.

124 909 168 936 De
195 909 297 935 abbate
322 907 496 934 monasterio
521 907 556 933 de
579 906 698 941 lbreyo,
723 895 908 933 Ebu-'nicensis
937 904 1095 935 dioecesis,

88 956 288 994 praeficiendo.
307 956 390 990 (Res.
408 955 451 989 46,
468 963 494 982 c.
511 955 554 986 44,
574 955 594 981 f.
611 956 626 982 8
641 954 688 987 r0.)

134 1059 356 1089 Venerabilibus
371 1057 777 1094 fratribus..archiepiscopo
794 1056 1023 1092 Rothomayenst
1037 1061 1063 1084 et
1076 1078 1095 1085 ..

89 1115 221 1152 episcopo
240 1113 412 1141 Ebroicenszss
432 1110 562 1139 mandat
581 1115 616 1139 ut
632 1109 823 1139 monasterio
839 1109 877 1138 de
895 1109 1027 1146 IbreYO,
1046 1117 1096 1138 or-

89 1165 176 1196 dinis
193 1165 226 1195 S.
250 1164 433 1200 Benedicti,
456 1163 671 1201 Ebroycensis
691 1162 864 1198 dioecesis,
888 1171 942 1200 per
963 1161 1096 1191 liberam

89 1218 341 1257 resignationem
356 1217 461 1247 fratris
474 1216 603 1246 Radulfi
616 1216 737 1245 dudum
751 1215 883 1249 abbatis,
894 1215 931 1249 >iu
947 1215 1097 1244 manibus

90 1272 145 1308 H.‚
163 1271 297 1301 Sanctae
315 1270 464 1307 Sabinae,
483 1274 514 1299 et
528 1270 579 1306 P„
597 1269 704 1299 Sancti
722 1268 821 1298 Marci
839 1269 1096 1307 presbyterorum

91 1325 315 1357 cardinalium.
336 1325 461 1360 factam,
481 1323 614 1357 vacanti,
639 1322 677 1352 de
692 1323 803 1352 abbate
820 1322 1016 1360 provideant,
1034 1322 1097 1351 hn-

88 1378 230 1419 jusmodi
245 1378 460 1417 provisionem
477 1399 498 1408 ..
514 1377 614 1415 priori
627 1381 657 1406 et
670 1376 843 1406 conventui
857 1376 956 1414 ipsius
972 1384 1099 1405 monas-

92 1432 163 1462 terii
180 1431 394 1470 prohibentes,

134 1496 148 1512 α
168 1485 273 1514 Habet
294 1487 400 1514 nostre
423 1483 625 1522 plenitudo...
642 1499 680 1504 —
697 1483 768 1512 Dat.
786 1482 870 1521 apud
890 1482 1098 1512 Urbemvete-

92 1546 172 1573 rem,
190 1547 209 1567 v
224 1545 327 1567 nonas
344 1537 463 1574 martii,
481 1545 567 1566 anno
582 1540 705 1575 quarto.
726 1548 739 1562 n

161 1717 277 1745 455³?

128 1778 233 1805 Contra
246 1786 296 1804 eos
312 1778 360 1812 qui
373 1777 481 1812 injuste
497 1778 570 1804 bona
581 1777 721 1804 ecclesiae
732 1776 935 1804 Laterancnsis
947 1782 1099 1813 occupant.

92 1827 176 1861 (Rae.
193 1827 241 1858 46,
259 1835 284 1853 c.
304 1827 347 1857 45,
363 1827 382 1852 f.
400 1826 415 1853 8
431 1826 482 1858 vo.)

677 1714 808 1746 Orvieto,
827 1715 840 1741 5
858 1723 933 1741 mars
952 1716 1027 1743 1291.

139 1929 308 1958 Venerabili
328 1929 424 1965 fratri
443 1929 594 1964 Iohanni,
619 1929 750 1965 episcopo
778 1930 954 1958 Tusculano.
977 1942 989 1956 «
1015 1930 1101 1966 Quos

93 1982 172 2013 olim
190 1982 359 2011 vexabat...
379 1982 488 2020 Nuper
505 1981 664 2019 siquidem
681 1981 720 2010 ad
738 1981 935 2011 audientiam
960 1988 1099 2013 nostram

92 2035 241 2075 pervenit
255 2035 339 2075 quod
355 2034 512 2065 nonnulle
534 2039 597 2064 tam
620 2034 832 2064 ecclesiastice
854 2045 987 2074 persone
1004 2046 1099 2075 quam

93 2089 226 2120 comites
245 2093 276 2118 et
291 2088 426 2124 nobiles,
445 2097 571 2118 necnon
587 2093 617 2118 et
632 2088 688 2118 alii
704 2088 823 2118 milites
839 2094 868 2118 et
886 2089 958 2119 laici
976 2099 1101 2121 monas-

93 2143 173 2173 teria
195 2147 225 2172 et
251 2142 417 2178 ecclesias,
441 2150 566 2172 necnon
591 2146 712 2179 castra,
737 2142 867 2177 casalia,
895 2143 1097 2181 molendina,

91 2195 255 2235 aquimola
277 2199 305 2225 et
327 2195 542 2234 aqueductus,
570 2200 685 2231 terras,
703 2195 812 2225 domos
832 2200 862 2225 et
886 2197 1099 2234 possessiones
1122 2230 1123 2233 Ἴ

91 2249 170 2280 alias
187 2258 222 2279 ac
239 2249 332 2279 feuda
347 2249 386 2278 ad
402 2249 649 2278 Lateranensem
667 2248 834 2278 ecclesiam
849 2250 981 2288 ejusque
997 2259 1098 2280 mem-

90 2302 148 2332 bra
167 2302 343 2340 spectantia
366 2302 550 2340 frequenter
569 2301 711 2330 indebite
733 2307 887 2340 occupant
908 2307 938 2331 et
954 2303 1099 2333 detinent

91 2359 200 2386 contra
213 2354 371 2393 justitiam
389 2358 559 2392 occupata3
583 2377 602 2383 ..
620 2355 756 2392 priorem
779 2363 906 2393 quoque
922 2364 958 2384 ac
977 2357 1097 2394 capitu-

90 2408 160 2438 lum
178 2407 321 2446 ejusdem
342 2407 568 2437 Lateranensis
584 2407 734 2444 ecclesie,
757 2409 929 2446 quominus
950 2409 1098 2439 vassallos

91 2462 194 2501 ipsius
210 2461 343 2491 ecclesie
359 2460 414 2499 qui
433 2461 471 2490 de
493 2461 585 2490 dictis
606 2462 716 2491 castris
736 2465 765 2490 et
782 2463 890 2498 terris,
915 2472 969 2501 pro
991 2472 1098 2492 exces-

92 2514 182 2544 sibus
198 2523 278 2553 quos
294 2515 326 2543 in
344 2514 390 2544 eis
407 2514 622 2550 committunt,
640 2515 807 2545 discedunt
822 2516 948 2553 punire,
967 2526 1002 2545 ac
1018 2517 1099 2546 bona

93 2577 155 2607 qne
171 2567 210 2596 ab
226 2567 336 2597 eadem
354 2566 487 2596 ecclesia
508 2571 617 2597 tenent
630 2567 669 2596 ad
690 2576 803 2597 manus
820 2577 904 2604 suas,
927 2574 1015 2607 prout
1030 2570 1098 2608 jus-

93 2621 163 2651 titia
176 2625 205 2651 et
220 2620 416 2650 consuetudo
429 2620 614 2650 earumdem
630 2625 784 2650 terrarum
801 2622 971 2660 approbata
983 2627 1012 2651 et
1028 2622 1098 2652 hac-

94 2678 186 2705 tenus
202 2674 330 2712 pacifice
345 2674 511 2703 observata
529 2674 710 2712 requirunt,
728 2683 874 2704 revocare
889 2675 1023 2712 valeant,
1038 2676 1098 2705 im-

93 2727 202 2767 pedire
219 2730 422 2766 presumunt,
443 2736 499 2765 pro
522 2736 578 2757 sue
596 2727 687 2757 libito
709 2728 901 2763 voluntatis;
926 2738 982 2758 nec
1001 2729 1098 2758 iidem

93 2779 307 2818 multiplicare
333 2780 469 2818 injurias
490 2780 621 2819 injuriis
648 2785 841 2817 metuentes,
867 2781 964 2811 silvas
984 2786 1014 2811 et
1037 2781 1099 2811 alia

93 2841 226 2863 nemora
245 2837 275 2862 et
299 2841 413 2871 pascua
434 2833 576 2871 ejusdem
603 2833 732 2863 ecclesie
752 2835 818 2863 suis
845 2839 874 2864 et
893 2834 1007 2864 alienis
1029 2835 1100 2864 ani-

93 2885 247 2921 malibus,
268 2889 301 2914 ut
323 2885 465 2923 propria,
483 2885 641 2923 pascenda
661 2891 825 2924 exponunt
845 2890 875 2916 et
900 2886 1097 2916 herbaticum

93 2938 237 2977 aliosque
256 2938 375 2967 fructus
394 2946 428 2966 ex
447 2938 491 2967 eis
509 2938 699 2976 percipiunt,
718 2939 752 2967 in
772 2948 867 2976 grave
887 2939 1098 2978 prejidicium

94 2991 227 3022 ecclesie
245 2990 415 3029 prelibate;
432 2995 559 3029 propter
575 2991 659 3029 quod
680 2992 763 3021 inter
784 2991 862 3021 alias
882 3002 959 3030 quas
981 2993 1100 3030 jugiter

94 3053 131 3075 ex
149 3044 209 3074 hoc
232 3043 369 3073 incurrit
389 3042 522 3073 ecclesia
543 3044 779 3082 ipsaJ'acturas‚
805 3044 933 3074 vassalli
956 3046 1098 3083 ejusdem

236 3109 307 3136 Rso.
329 3109 452 3137 N1cocas
472 3109 525 3136 IV.

1175 447 1321 484 ecclesie,
1339 447 1498 485 segetibus
1522 447 1642 476 eisdem
1665 447 1789 485 pascuis
1811 446 1969 483 contiguis
1990 446 2125 476 corrosis
2148 450 2179 476 et

1174 501 1337 530 interdum
1355 500 1492 530 totaliter
1507 499 1688 535 devastatis,
1707 503 1823 528 terram
1840 498 1921 528 dicte
1937 498 2069 529 ecclesie
2087 499 2179 529 dere-

1175 552 1338 591 linquunt.
1358 552 1459 582 Iidem
1479 560 1621 590 quoque,
1642 551 1676 580 in
1703 550 1833 589 injuriis
1849 554 1878 579 et
1894 551 2028 589 jacturis
2051 559 2178 581 eornm-

1176 606 1249 636 dem
1265 606 1396 636 ecclesie
1415 610 1444 635 et
1461 606 1689 640 membrorum,
1707 604 1809 642 qnasi,
1827 604 1918 642 proth
1937 604 2039 634 dolor!
2059 604 2091 633 in
2108 603 2178 634 lau-

1178 659 1218 688 tis
1243 659 1344 697 epulis
1371 658 1581 693 delectantes,
1606 657 1782 696 quominus
1805 656 1997 686 laboratores
2022 656 2179 694 predictas

1178 712 1391 751 possessiones
1415 710 1559 740 excolant
1578 715 1608 739 et
1627 710 1796 748 piscatores
1817 710 1851 738 in
1870 714 1981 747 stagno
2002 719 2056 739 seu
2076 709 2180 748 plagia

1177 765 1276 794 maris
1299 769 1328 793 et
1352 764 1386 793 in
1409 763 1553 801 piscariis
1578 763 1722 792 ssuminis
1742 762 1780 791 ad
1804 762 1968 792 ecclesiam
1985 767 2015 791 et
2037 762 2181 792 membra

1177 818 1317 856 predicta
1333 816 1562 855 spectantibus,
1579 815 1616 845 ad
1634 815 1821 844 mandatum
1838 815 1994 844 dictorum
2018 815 2132 854 prioris
2152 819 2182 844 et

1178 870 1318 909 capituli,
1336 870 1419 899 sicut
1434 869 1564 899 solitum
1580 872 1641 904 est,
1659 868 1773 906 piscari
1790 867 1887 897 libere
1903 868 2029 897 valeant
2045 873 2075 897 et
2093 876 2179 898 com-

1178 923 1367 953 minationis
1386 922 1481 951 verbo
1504 921 1676 959 prohibent
1698 925 1727 949 et
1745 920 1942 959 spoliationis
1963 921 2069 959 jaculo
2091 921 2180 950 inse-

1179 980 1338 1016 quuntur,
1356 975 1435 1005 alias
1458 974 1601 1013 personis
1621 978 1650 1002 et
1671 973 1814 1002 vassallis
1830 973 1971 1011 ejusdem
1994 973 2124 1002 ecclesie
2146 973 2181 1002 in

1178 1039 1288 1059 eorum
1306 1029 1397 1058 bonis
1410 1028 1548 1065 graviter
1563 1035 1595 1056 se
1612 1026 1772 1055 reddendo
1784 1026 1914 1055 infestos
1929 1026 2057 1062 gravius
2071 1031 2100 1055 et
2116 1034 2180 1054 mo-

1178 1084 1284 1114 lestos.
1302 1082 1368 1112 Nos
1389 1082 1532 1118 itaque...
1553 1078 1638 1117 quod
1655 1079 1689 1107 in
1711 1078 1772 1107 hiis
1793 1088 1846 1116 per
1865 1078 1974 1107 omnia
1996 1078 2029 1106 in
2048 1078 2182 1107 sinceri-

1180 1142 1239 1167 tate
1262 1135 1427 1175 procedas,
1451 1131 1733 1171 circumspectioni
1759 1136 1810 1161 tue
1828 1136 1938 1161 contra
1953 1140 2064 1161 omnes
2087 1139 2182 1160 occu-

1178 1196 1319 1230 patores,
1346 1190 1528 1223 invasores,
1559 1185 1851 1224 dampnificatores,
1880 1185 2084 1223 injuriatores
2116 1185 2184 1214 sive

1178 1243 1396 1274 molestatores
1416 1245 1479 1271 tam
1502 1244 1663 1279 presentes
1682 1248 1777 1277 quani
1804 1239 1962 1269 futuros...
1988 1243 2103 1268 statuta
2127 1247 2182 1277 ge—

1180 1297 1300 1328 neralia
1330 1301 1360 1326 et
1389 1299 1498 1325 contra
1527 1293 1673 1331 singulos
1705 1292 1901 1330 singularia,
1931 1293 1999 1322 sine
2029 1293 2184 1331 cujusque

1180 1350 1389 1381 recusationis
1419 1349 1508 1378 obice
1539 1347 1588 1377 vel
1620 1346 1806 1385 suspitionis
1834 1346 1975 1384 objectu,
2000 1346 2184 1375 auctoritate

1179 1403 1351 1443 apostolica
1368 1401 1508 1432 faciendi
1524 1400 1650 1439 plenam
1668 1404 1697 1429 et
1713 1399 1847 1428 liberam
1865 1403 1972 1428 tenore
1987 1398 2184 1436 presentium

1179 1457 1384 1488 concedimus
1410 1459 1616 1494 potestatem,
1645 1458 1675 1482 et
1701 1452 1933 1481 nichilominus
1955 1451 2184 1481 committimus

1180 1516 1210 1541 et
1226 1510 1418 1540 mandamus
1431 1512 1589 1547 quatenus
1605 1506 1788 1545 »,quotiens
1805 1515 1899 1543 super
1914 1504 2103 1543 hujusmodi
2120 1513 2181 1534 mo-

1180 1563 1401 1595 lestationibus
1418 1574 1432 1589 «
1450 1561 1548 1591 fueris
1567 1560 1755 1598 requisitus,
1773 1558 1822 1588 vel
1844 1558 1922 1588 alias
1946 1558 2071 1587 noveris
2090 1566 2184 1595 expe-

1180 1618 1259 1653 dire,
1279 1621 1309 1646 tu
1327 1624 1421 1654 super
1436 1615 1520 1644 eis...
1537 1612 1724 1648 summarie,
1742 1612 1811 1642 sine
1827 1611 1955 1649 strepitu
1976 1614 2006 1640 et
2021 1610 2122 1648 figura
2135 1610 2185 1648 ju-

1180 1671 1273 1708 dicii,
1290 1669 1444 1706 indagine
1464 1666 1607 1706 plenaria
1626 1665 1794 1704 premissa,
1820 1664 2008 1703 procedens,
2029 1664 2054 1693 si
2075 1663 2130 1692 tibi
2146 1662 2185 1692 de

1181 1724 1258 1762 ipsis
1273 1721 1545 1760 occupationibus,
1562 1719 1795 1755 invasionibus,
1811 1718 1969 1756 dampnis,
1985 1716 2113 1755 injuriis
2129 1724 2184 1745 seu

1181 1777 1372 1808 molestiis...
1390 1774 1524 1813 patuerit
1542 1785 1568 1809 n,
1581 1772 1798 1802 molestatores
1810 1775 1843 1801 ut
1856 1773 2006 1808 occupata
2018 1770 2186 1799 restituant

1181 1836 1211 1860 et
1235 1830 1273 1859 de
1299 1829 1445 1866 dampnis
1471 1827 1554 1856 infra
1585 1825 1759 1855 terminum
1786 1824 1961 1862 praefixum
1991 1822 2187 1852 satisfaciant

1183 1897 1197 1911 «
1218 1892 1347 1913 monere
1363 1889 1527 1920 procures,
1546 1888 1599 1909 eos
1621 1879 1659 1908 ad
1682 1878 1714 1907 id
1733 1887 1788 1916 per
1808 1885 1975 1906 censuram
1995 1875 2186 1906 ecclesiasti-

1181 1947 1261 1971 cam,
1280 1935 1492 1974 appellatione
1508 1933 1688 1972 postposita,
1707 1930 1943 1970 compellendo,
1963 1934 1992 1959 et
2006 1929 2185 1959 invocando

1181 1991 1221 2020 ad
1235 1990 1305 2026 hoc,
1321 1990 1346 2018 si
1362 1997 1441 2027 opus
1458 1987 1562 2022 suerit,
1578 1985 1737 2015 auxilinm
1752 1984 1875 2014 brachii
1890 1983 2052 2019 secularis,
2067 1988 2095 2012 et
2107 1982 2186 2011 alias

1181 2042 1384 2082 aggravando
1399 2044 1507 2071 contra
1522 2049 1574 2069 eos
1591 2038 1823 2068 nichilominus
1835 2046 1967 2066 manum
1983 2041 2081 2071 tuam,
2097 2039 2187 2073 prout

1181 2097 1321 2134 exegerit
1343 2094 1501 2134 protervia
1524 2092 1721 2123 eorumdem.
1742 2090 1889 2120 Ceterum
1903 2113 1910 2126 ‚
1928 2094 1962 2119 nt
1980 2089 2114 2118 celerius
2135 2088 2185 2117 in-

1181 2150 1300 2180 vocatio
1318 2146 1505 2187 hujusmodi
1528 2145 1640 2175 auxilii
1655 2144 1693 2174 ad
1711 2153 1807 2182 quam
1830 2143 1998 2181 procedere
2015 2146 2042 2171 te
2060 2141 2184 2170 contin-

1181 2209 1232 2242 get
1248 2204 1302 2233 fiat
1317 2203 1420 2232 eidem
1437 2200 1568 2230 ecclesie
1587 2200 1621 2228 in
1639 2199 1699 2228 tuis
1717 2197 1914 2236 processibus
1932 2196 2110 2231 fructuosa,
2131 2202 2184 2223 vo-

1181 2258 1289 2287 lumus
1305 2256 1404 2294 qnod,
1424 2255 1450 2284 si
1466 2257 1626 2283 senatores
1644 2251 1756 2287 Urbis,
1776 2251 1842 2280 sive
1860 2249 1965 2287 plnres
1982 2249 2100 2277 suerint
2119 2247 2185 2276 sive

1181 2319 1282 2347 unuS,
1298 2314 1353 2339 aut
1368 2311 1535 2347 potestates
1551 2306 1600 2335 vel
1618 2309 1752 2334 rectores
1771 2307 1826 2332 ant
1848 2301 2070 2332 universitates
2086 2304 2115 2329 et
2129 2299 2185 2328 alii

1181 2363 1305 2393 domini
1339 2359 1526 2399 temporales
1555 2359 1738 2393 civitatum,
1764 2361 1939 2385 castrorum
1965 2354 2014 2383 vel
2044 2353 2184 2382 locorum

1180 2415 1423 2446 consistentium
1440 2414 1472 2443 in
1491 2417 1572 2441 terra
1589 2419 1719 2440 romane
1735 2409 1866 2439 ecclesie
1883 2408 2022 2446 subjecta
2038 2419 2050 2432 n
2066 2406 2121 2435 tibi
2138 2414 2185 2434 as-

1181 2469 1291 2498 sistere
1308 2466 1494 2502 recusarint,
1517 2477 1531 2492 «
1551 2464 1589 2493 ad
1608 2463 1638 2492 id
1662 2462 1869 2501 spiritualiter
1886 2460 1935 2490 vel
1953 2458 2183 2498 temporaliter,

1180 2520 1378 2551 districtione
1397 2527 1458 2557 qua
1481 2517 1599 2547 videris
1618 2515 1783 2554 expedire,
1809 2515 1983 2543 monitione
2010 2511 2182 2550 preposita,

1180 2574 1366 2604 auctoritate
1396 2576 1516 2607 nostra,
1548 2573 1690 2599 cessante
1721 2567 1949 2607 appellatione,
1975 2564 2182 2602 compellas„

1182 2628 1252 2657 Dat.
1265 2626 1348 2665 apud
1362 2626 1635 2659 Urbemveterem,
1648 2632 1680 2651 111
1696 2630 1796 2651 nouas
1809 2620 1927 2656 martii,
1940 2627 2025 2648 anno
2036 2622 2156 2656 quarto.
2172 2630 2182 2639 ›-

1250 2811 1368 2840 4558
1764 2806 1893 2835 Οινίοῐο,
1914 2805 1928 2830 5
1944 2811 2019 2829 mars
2037 2802 2113 2829 1‘291.

1217 2874 1259 2900 De
1273 2873 1372 2900 eodem
1390 2872 1513 2907 negotio.
1532 2871 1614 2904 (Rea.
1631 2869 1674 2902 46,
1689 2877 1714 2895 c.
1732 2869 1774 2899 46,
1792 2868 1810 2894 f.
1828 2869 1843 2893 ‘A
1859 2869 1906 2898 νο.)

1222 2990 1341 3018 Dilectis
1361 2989 1435 3025 filiis
1462 2987 1651 3016 senatoribus
1675 2985 1776 3020 Urbis,
1806 2992 1918 3012 necnon
1946 2980 2139 3020 potestatibus
2161 2985 2186 3008 et

1181 3043 1360 3077 rectoribus,
1388 3040 1640 3070 universitatibus
1664 3043 1689 3067 et
1713 3037 1785 3066 alii's
1814 3036 1947 3065 dominis
1974 3032 2186 3071 temporalibus

2012 3100 2044 3126 83
