2342 3652
935 375 1167 413 TROISIEME
1189 372 1345 411 ANNEE.
2127 379 2184 409 559

92 452 310 488 Carnotensis,
331 456 362 481 et
378 452 576 490 Raynerium
595 452 633 481 de
649 451 790 489 Casufis,
808 451 999 481 canonicum
1015 448 1097 478 Vul-

95 512 252 541 teranum‚
271 504 451 543 capellanos
467 514 576 543 papae,
597 505 731 534 idoneus
748 509 793 535 est
812 509 964 544 repertus.

135 571 148 586 α
169 559 216 588 Ν8
232 561 455 588 contractuum
473 557 666 587 memoria..
684 574 722 580 —
737 558 809 588 Dat.
827 558 909 596 apud
925 557 1100 587 Urbemve-

96 617 205 648 terem,
219 610 327 640 idibus
342 610 538 646 novembris,
555 619 641 640 anno
658 611 761 641 tertio.
782 622 793 637 ι

134 665 173 694 In
189 673 216 693 e.
234 672 278 692 m.
297 662 460 701 Stephano
476 662 560 692 dicto
578 663 674 692 Letur
690 663 728 693 de
746 663 968 699 Montebarris,
987 662 1101 692 clerico

95 719 128 748 in
144 716 322 746 minoribus
337 715 507 745 ordinibus
523 716 706 752 constituto,
723 716 919 746 Senonensis
937 715 1098 745 dioecesis.

134 771 172 801 In
189 779 218 799 e.
236 779 280 799 tn.
297 769 442 799 Jobanni
460 768 598 798 Arnaldi
613 769 696 799 dicto
713 769 814 799 Grillo
826 792 833 806 ‚
851 769 966 799 clerico
987 769 1101 798 Lemo—

95 823 228 860 vicensi‚
245 823 279 852 in
296 822 476 852 minoribus
491 822 661 852 ordinibus
677 823 860 852 constituto.

136 878 174 908 In
200 885 226 907 e.
255 885 299 906 m.
324 875 477 905 Milliacio
502 875 540 905 de
567 876 751 913 Querciola‚
778 875 872 911 laico,
898 874 1102 905 Florentinae

97 930 259 962 dioecesis.

136 984 175 1014 In
192 992 217 1014 e,
236 992 280 1013 m.
300 983 385 1022 Lapo
401 983 571 1021 Recuperi‚
590 983 650 1012 civi
669 982 864 1013 Florentino.

136 1038 173 1068 In
197 1046 223 1067 e.
250 1046 294 1066 m.
318 1037 456 1067 Roberto
478 1036 628 1066 Maurelli
648 1036 687 1066 de
709 1036 917 1074 Traynliaco,
935 1035 1050 1064 clerico
1067 1035 1100 1064 in

97 1091 273 1122 minoribus
291 1090 461 1121 ordinibus
477 1090 664 1126 constituto,
683 1089 919 1119 Lemovicensis
937 1088 1099 1119 dioecesis.

135 1145 171 1175 In
188 1153 216 1174 e.
233 1153 277 1173 m.
298 1143 441 1174 Johanni
457 1142 631 1182 Choygner
648 1143 685 1172 de
704 1142 819 1172 Sancto
838 1142 1000 1172 Maxentio
1015 1165 1020 1178 ‚
1038 1141 1100 1171 cle-

95 1200 160 1230 rico
174 1198 209 1227 in
226 1197 407 1233 minoribus
421 1196 588 1227 ordinibus
603 1196 783 1232 constituto,
801 1195 999 1226 Pictavensis
1015 1195 1101 1224 dioe-

95 1251 186 1283 cesis.

135 1305 173 1335 In
201 1314 229 1334 e.
260 1313 305 1334 m.
337 1302 464 1333 Aldello
490 1302 644 1333 Riconeri
677 1302 716 1332 de
745 1301 860 1332 Sancto
891 1300 1099 1336 Geininiano,

96 1359 187 1395 laico,
203 1358 399 1388 Vulteranae
413 1356 578 1387 dioecesis.

135 1413 174 1443 In
191 1421 218 1442 e.
239 1421 282 1441 m.
301 1411 460 1441 Visinetto
476 1410 650 1445 Francisci,
668 1409 729 1439 civi
746 1407 968 1439 Foroliviensi.

135 1467 173 1496 In
195 1474 223 1495 e.
248 1475 290 1495 m.
316 1465 505 1495 Benvenuto
527 1463 660 1494 Oliverii
678 1463 717 1492 ’(18
740 1462 845 1501 Sexto,
861 1461 950 1496 laico,
972 1460 1101 1491 Floren-

98 1519 183 1550 tinae
201 1519 364 1549 dioecesis.

136 1573 174 1603 Iu
193 1581 221 1603 e.
239 1581 281 1601 m.
300 1571 449 1610 Philippo
470 1571 508 1600 de
531 1570 647 1600 Sancto
670 1570 834 1605 Romano,
852 1567 965 1598 clerico
983 1567 1016 1596 in
1038 1566 1103 1596 mi-

99 1624 230 1656 noribus
252 1623 418 1653 ordinibus
443 1622 631 1657 constituto,
652 1620 921 1658 Petragoricensis
940 1618 1100 1649 dioecesis.

138 1678 176 1708 In
198 1686 226 1707 e.
248 1686 292 1707 m.
316 1676 488 1706 Benedicto
507 1674 707 1710 Constantii,
730 1673 845 1704 elerico
869 1674 1047 1706 Aversano,
1071 1671 1104 1701 in

101 1731 282 1761 minoribus
299 1730 466 1760 ordinibus
482 1729 665 1759 constituto.
681 1727 741 1766 (En
759 1727 886 1764 marye.)

140 1784 178 1814 In
200 1792 228 1813 e.
251 1792 294 1813 m.
318 1782 468 1813 Donadeo
489 1781 634 1820 magistri
652 1780 812 1811 Jobannis
835 1778 1008 1809 Cardarelli
1023 1802 1028 1814 ,
1046 1777 1107 1807 civi

101 1837 284 1868 Narniensi.
302 1835 409 1876 (Ibid.)

597 1901 725 1931 Orvieto,
741 1900 770 1927 16
787 1899 941 1926 novembre
961 1898 1035 1925 1290.

141 1968 180 1998 In
202 1976 229 1997 e.
247 1976 291 1996 m.
312 1965 430 1996 Jacobo
445 1964 590 1995 Oddonis
609 1964 648 1993 de
665 1964 768 1993 Rocca
791 1962 830 1992 de
850 1963 960 1998 Butte,
978 1960 1105 1997 militis,

102 2020 216 2051 clerieo
237 2020 271 2049 in
297 2018 479 2049 minoribus
505 2017 674 2048 ordinibus
698 2016 888 2051 constituto,
912 2015 1109 2044 Marsicanae

102 2072 266 2104 dioecesis.
293 2071 362 2101 Dat.
388 2070 471 2109 apud
496 2069 781 2102 Urbemveterem,
806 2077 856 2097 xvi
878 2066 1031 2096 kalendas
1053 2066 1109 2095 de-

102 2125 250 2162 cembris,
267 2133 353 2155 anno
370 2124 470 2154 tertio.
488 2123 590 2162 (Ibid.)

142 2180 179 2210 ln
210 2188 239 2209 e.
266 2188 309 2209 m.
336 2177 531 2208 Thomasiuo
556 2176 719 2215 quondam
743 2174 888 2205 Petrizoli
915 2173 1108 2211 Armanini,

104 2233 165 2264 civi
183 2232 391 2263 Bononiensi.
409 2231 511 2270 (Ibid.)

601 2309 727 2343 Orvieto,
746 2309 777 2336 13
795 2309 948 2336 novembre
965 2307 1039 2335 1290.

146 2378 183 2408 ln
201 2386 228 2407 e.
243 2385 284 2406 m.
300 2374 434 2406 Nicolao
449 2374 553 2404 Lucae
569 2374 607 2403 de
618 2373 790 2407 Guarcino,
804 2371 917 2402 clerico
932 2371 964 2400 in
981 2370 1113 2400 minori-

111 2431 169 2461 bus
186 2430 354 2461 ordinibus
369 2428 559 2464 constituto,
575 2427 742 2457 Alatrinae
760 2425 924 2456 dioecesis·
942 2425 1012 2454 Dat.
1029 2423 1114 2463 apud

113 2485 385 2520 Urbemvetmem,
404 2482 511 2513 idibus
528 2481 724 2518 novembris,
741 2488 828 2510 anno
847 2479 949 2509 tertio.
969 2477 1074 2518 (Ibz'd.)

147 2538 185 2568 In
205 2547 232 2568 e.
251 2546 294 2567 m.
312 2535 474 2575 Stephano
491 2535 644 2572 Maurini,
661 2533 776 2565 clerico
791 2532 982 2569 Tholosano,
999 2531 1033 2561 in
1052 2530 1112 2560 mi-

109 2591 238 2622 noribus
257 2589 424 2621 ordinibus
441 2588 624 2619 constituto.
644 2586 752 2627 (Ibid.)

648 2667 775 2698 Orvieto,
795 2667 826 2694 13
839 2667 952 2701 Janvier
966 2665 1043 2692 1291.

151 2735 188 2765 In
204 2743 232 2764 e.
250 2742 294 2763 m.
311 2732 453 2763 Gnidoni
469 2731 508 2761 de
524 2730 684 2761 Vervenia
696 2753 704 2767 ,
723 2729 837 2759 clerico
854 2728 1044 2758 Novariensi
1056 2750 1063 2762 ,
1082 2727 1115 2756 in

112 2787 291 2818 minoribus
314 2785 484 2816 ordinibus
507 2785 687 2814 constituto.
710 2783 782 2813 Dat.
802 2782 887 2821 apud
908 2781 1117 2812 Urbemvete-

116 2850 193 2877 rem,
211 2840 318 2870 idibus
330 2838 484 2878 januarii,
504 2846 590 2868 anno
606 2837 708 2867 tertio.
728 2836 833 2875 (Ibid.)

152 2894 190 2924 In
209 2903 236 2924 e.
257 2902 301 2922 m.
319 2893 412 2923 Petro
434 2892 472 2921 de
494 2892 635 2926 Horeco,
653 2889 769 2920 clerico
784 2889 818 2919 in
835 2888 1016 2919 minoribus
1032 2886 1117 2917 ordi-

115 2947 208 2977 nibus
223 2946 404 2981 constituto,
425 2944 611 2975 Leodiensis
627 2943 790 2973 dioecesis.
809 2942 915 2981 (Ibid.)

154 3001 190 3030 In
209 3009 236 3030 e.
257 3009 301 3030 m.
318 2999 462 3030 Johanni
478 2998 564 3028 Petri
581 2996 725 3035 magistri
740 2995 869 3031 Jacotfi,
886 2994 1000 3025 clerico
1018 2994 1120 3023 Veru-

115 3049 199 3090 lano,
217 3053 249 3083 in
267 3052 450 3083 minoribus
465 3051 632 3081 ordinibus
647 3049 829 3080 constituto.
846 3047 951 3087 (Ibid.)

1221 448 1259 477 In
1286 457 1314 478 e.
1339 457 1382 477 m.
1410 447 1594 478 Hominidei
1619 447 1732 477 Leonis
1754 446 1915 477 ι1011311015
1944 446 1981 475 de
2007 445 2183 482 Guarcino,

1181 500 1295 531 clerico
1328 502 1361 530 in
1395 501 1577 531 minoribus
1605 500 1770 530 ordinibus
1802 500 1989 536 constituto,
2021 499 2185 529 Alatrinae

1181 553 1347 584 dioecesis.
1365 554 1473 593 (Ibid.)

1221 608 1260 637 In
1279 616 1306 637 e.
1324 616 1367 637 m.
1386 608 1478 637 Petro
1494 606 1659 637 Amelheti
1676 607 1759 636 dicto
1778 606 1817 635 de
1834 606 1930 642 Pinu,
1947 605 2061 635 clerico
2078 606 2184 635 Lemo-

1182 662 1313 698 vicensi,
1335 662 1367 690 in
1384 661 1564 691 minoribus
1582 661 1750 691 ordinibus
1766 660 1947 690 constituto.
1967 658 2068 698 (Ibid.)

1222 714 1259 743 In
1277 723 1303 744 e.
1322 723 1364 743 m.
1383 713 1538 743 Gaufrido
1551 713 1712 751 Enguelor
1725 712 1808 742 dicto
1821 712 1934 751 Galop,
1948 711 2062 741 clerico
2077 712 2111 740 in
2128 711 2187 740 mi-

1182 767 1314 797 noribus
1337 767 1504 797 ordinibus
1528 767 1715 802 constituto,
1734 765 1881 796 Dolensis
1901 765 2064 795 dioecesis.
2083 763 2187 802 (Ibid.)

1737 846 1864 879 Orvieto,
1882 845 2019 879 5janvie1-
2036 844 2114 871 1291.

1224 910 1260 939 In
1284 919 1311 939 e.
1335 919 1379 938 m.
1404 908 1597 947 Raymundo
1619 908 1657 937 de
1680 908 1796 941 Luxat,
1817 906 1931 937 clerico
1949 907 1984 935 in
2006 905 2187 935 minoribus

1184 963 1350 993 ordinibus
1372 962 1558 998 constituto,
1583 960 1798 991 Xantonensis
1814 959 1978 989 dioecesis.
2006 959 2077 988 Dat.
2103 957 2188 996 apud

1184 1016 1459 1050 Urbemveterem‚
1479 1014 1574 1044 nonis
1589 1013 1742 1051 januarii,
1762 1021 1846 1042 anno
1867 1012 1966 1041 tertio.
1985 1010 2088 1050 (Ibid.)

1223 1070 1261 1099 In
1276 1078 1303 1099 e.
1318 1078 1361 1098 m.
1379 1068 1475 1098 Iterio
1489 1067 1634 1104 Seguini,
1649 1066 1763 1095 clerico
1777 1065 1810 1095 in
1827 1064 2006 1094 minoribus
2022 1063 2188 1094 ordinibus

1183 1122 1365 1157 constituto,
1384 1119 1658 1158 Petragoricensis
1673 1118 1837 1148 dioecesis.
1855 1117 1960 1156 (Ibid.)

1721 1198 1847 1230 Orvieto,
1868 1198 1897 1224 15
1909 1197 2022 1231 311111181-
2042 1196 2117 1224 1291.

1225 1266 1263 1295 In
1287 1274 1314 1295 e.
1338 1274 1382 1295 m.
1406 1263 1549 1294 Johanni
1569 1263 1653 1293 dicto
1674 1261 1712 1292 de
1730 1261 1880 1299 Fignies‚
1902 1260 2018 1290 clerico
2039 1259 2190 1290 Camera-

1183 1318 1283 1353 censi,
1301 1318 1336 1347 in
1354 1317 1534 1347 minoribus
1552 1316 1719 1347 ordinibus
1738 1315 1919 1345 constituto.
1937 1314 2009 1343 Dat.
2026 1312 2109 1352 apud
2125 1312 2189 1342 Ur-

1184 1372 1409 1407 bemveterem,
1427 1380 1503 1400 xvnx
1519 1369 1673 1400 kalendas
1690 1368 1852 1403 februarii,
1868 1375 1954 1397 anno
1969 1366 2072 1397 tertio.
2087 1365 2189 1405 (lbid.)

1716 1447 1848 1478 Orvieto,
1867 1446 1899 1474 13
1912 1447 2025 1481 janvier
2040 1445 2118 1473 1291.

1226 1515 1263 1544 In
1284 1523 1310 1544 e.
1332 1523 1376 1543 m.
1399 1513 1571 1543 Thomasio
1594 1512 1677 1541 dicto
1699 1511 1738 1541 de
1759 1509 1907 1547 Puteolo,
1929 1509 1992 1539 civi
2012 1509 2188 1538 Aversano.

1186 1568 1258 1598 Dat.
1280 1563 1364 1606 apud
1384 1566 1646 1597 Urbemveterem
1659 1587 1667 1601 ,
1684 1564 1790 1594 idibus
1804 1563 1967 1602 januarii,
1984 1570 2069 1592 anno
2087 1561 2188 1591 tertio.

1189 1621 1285 1658 uhta.)

1228 1674 1266 1703 In
1283 1682 1310 1703 e.
1331 1682 1374 1702 m.
1392 1671 1608 1702 Bonohomini
1628 1670 1865 1703 Bonibominis,
1885 1668 1999 1699 clerico
2017 1666 2188 1702 Verulano,

1188 1727 1222 1757 in
1237 1726 1417 1756 minoribns
1436 1725 1604 1756 ordinibus
1621 1723 1801 1754 constituto.
1818 1722 1923 1761 ([ὸίά.)

1261 1910 1509 1941 364Ἷ-3648

1225 1975 1268 2002 Ι)8
1283 1974 1433 2001 ordinibus
1455 1977 1483 2000 et
1501 1971 1728 1999 consecrationis
1751 1978 1869 1997 munere
1890 1970 2026 2005 episcopo
2041 1968 2194 2003 Anagnino

1190 2023 1382 2051 conferendis.
1401 2022 1484 2056 (Rae.
1500 2022 1550 2054 45,
1566 2029 1592 2048 c.
1609 2021 1669 2052 527,
1687 2021 1706 2047 s.
1725 2021 1773 2047 106
1789 2023 1838 2051 vo.)

1698 1909 1825 1939 Orvieto,
1841 1908 1857 1935 8
1874 1907 2028 1934 novembre
2044 1906 2122 1933 1290.

1231 2126 1394 2162 Leonardo,
1408 2125 1494 2155 electo
1507 2125 1660 2160 Alatrino,
1673 2121 1854 2152 facultatem
1868 2120 2013 2151 concedit
2022 2119 2197 2158 recipiendi

1191 2180 1378 2210 diaconatus
1400 2182 1430 2208 et
1451 2177 1689 2217 presbyteratus
1709 2175 1839 2206 ordines
1859 2174 1984 2204 statutis
2006 2171 2198 2211 temporibus

1192 2242 1211 2264 a
1227 2240 1428 2272 quocumque
1446 2230 1596 2261 maluerit
1611 2230 1766 2269 episcopo.

1235 2298 1249 2313 α
1267 2286 1317 2315 Ne
1332 2285 1496 2315 occasione
1512 2282 1728 2322 prolixioris...
1745 2282 1873 2328 —⁴Dat.
1891 2280 1975 2319 apud
1990 2279 2200 2310 Urbemvete-

1193 2348 1274 2376 rem,
1291 2348 1323 2368 vr
1340 2337 1413 2367 idus
1429 2336 1624 2371 novembris,
1641 2344 1728 2366 anno
1746 2335 1847 2365 tertio.
1866 2346 1879 2361 n

1234 2392 1271 2422 In
1295 2401 1323 2421 e.
1348 2400 1392 2420 m.
1412 2413 1432 2420 ..
1450 2389 1595 2429 episcopo
1615 2388 1790 2426 Anagnino
1811 2386 1942 2417 mandat.
1962 2390 2011 2422 ut,
2032 2389 2201 2424 postquam

1195 2445 1374 2485 praedictus
1396 2442 1581 2473 Leonardus
1603 2441 1788 2472 diaconatus
1811 2445 1841 2470 et
1858 2440 2095 2479 presbyteratus
2116 2446 2200 2467 rece-

1195 2498 1276 2538 perit
1297 2497 1443 2534 ordines,
1468 2496 1498 2526 ei
1521 2494 1700 2534 requirenti
1722 2503 1842 2524 munus
1867 2491 2116 2523 consecrationis
2140 2490 2202 2520 im-

1197 2551 1324 2591 pendat.

1271 2721 1387 2751 3649
1691 2717 1818 2749 Orvieto,
1836 2717 1866 2743 11
1884 2715 2039 2743 novembre
2056 2714 2134 2742 1290.

1234 2784 1394 2811 Translatio
1424 2783 1547 2817 Rogmi,
1571 2780 1770 2816 Strugulensis
1794 2778 1937 2814 episcopi,
1961 2777 1994 2804 ad
2019 2776 2204 2812 Rapollanani

1201 2834 1364 2861 ecclesiam.
1382 2832 1465 2865 (Rm.
1482 2832 1526 2865 45,
1539 2839 1564 2858 c.
1583 2830 1642 2862 5⁶28,
1660 2830 1680 2856 f.
1698 2829 1748 2856 106
1763 2829 1813 2861 νο.)

1248 2936 1417 2965 Venerabili
1435 2935 1529 2971 fratri
1552 2955 1572 2963 ..
1594 2933 1726 2970 episcopo
1745 2931 1939 2965 Penestrino,
1959 2929 2117 2967 apostolice
2133 2928 2210 2957 sedis

1206 2991 1310 3027 Ieyato7
1329 2987 1458 3018 mandat
1474 2990 1520 3023 ut,
1531 2985 1739 3016 consideratis
1754 2983 1900 3023 postulati
1916 2982 2041 3013 meritis
2057 2986 2087 3012 et
2102 2985 2207 3020 postu-

1204 3042 1332 3073 lationis
1348 3049 1507 3080 processu‚
1525 3040 1550 3069 si
1568 3040 1611 3069 ita
1627 3038 1775 3077 expedire
1791 3037 1918 3074 viderit,
1936 3034 2210 3074 Rogerum,St1·u-
