<?xml version="1.0" encoding="UTF-8"?>
<!DOCTYPE html PUBLIC "-//W3C//DTD XHTML 1.0 Transitional//EN"
    "http://www.w3.org/TR/xhtml1/DTD/xhtml1-transitional.dtd">
<html xmlns="http://www.w3.org/1999/xhtml" xml:lang="en" lang="en">
 <head>
  <title>
</title>
<meta http-equiv="Content-Type" content="text/html;charset=utf-8" />
  <meta name='ocr-system' content='tesseract 3.04.00' />
  <meta name='ocr-capabilities' content='ocr_page ocr_carea ocr_par ocr_line ocrx_word'/>
</head>
<body>
  <div class='ocr_page' id='page_1' title='image "./lesregistresdeni01romeuoft_0270.png"; bbox 0 0 2477 3637; ppageno 0'>
   <div class='ocr_carea' id='block_1_1' title="bbox 231 352 1583 393">
    <p class='ocr_par' dir='ltr' id='par_1_1' title="bbox 231 352 1583 393">
     <span class='ocr_line' id='line_1_1' title="bbox 231 352 1583 393; baseline -0.007 0"><span class='ocrx_word' id='word_1_1' title='bbox 231 362 289 393; x_wconf 80' lang='lat'>260</span> <span class='ocrx_word' id='word_1_2' title='bbox 504 385 506 387; x_wconf 96' lang='lat'>.</span> <span class='ocrx_word' id='word_1_3' title='bbox 984 354 1220 386; x_wconf 87' lang='lat' dir='ltr'>REGISTRES</span> <span class='ocrx_word' id='word_1_4' title='bbox 1243 355 1298 385; x_wconf 79' lang='lat' dir='ltr'>DE</span> <span class='ocrx_word' id='word_1_5' title='bbox 1320 352 1504 384; x_wconf 85' lang='lat' dir='ltr'>NICOLAS</span> <span class='ocrx_word' id='word_1_6' title='bbox 1527 353 1583 383; x_wconf 89' lang='lat' dir='ltr'>IV.</span> 
     </span>
    </p>
   </div>
   <div class='ocr_carea' id='block_1_2' title="bbox 231 421 1240 780">
    <p class='ocr_par' dir='ltr' id='par_1_2' title="bbox 231 421 1240 679">
     <span class='ocr_line' id='line_1_2' title="bbox 231 421 1239 461; baseline -0.009 -1"><span class='ocrx_word' id='word_1_7' title='bbox 231 430 358 460; x_wconf 81' lang='lat' dir='ltr'><strong><em>dioceses</em></strong></span> <span class='ocrx_word' id='word_1_8' title='bbox 376 427 560 457; x_wconf 67' lang='lat' dir='ltr'>constitutis.</span> <span class='ocrx_word' id='word_1_9' title='bbox 583 423 823 461; x_wconf 85' lang='lat' dir='ltr'>Indulgentiam</span> <span class='ocrx_word' id='word_1_10' title='bbox 848 422 945 452; x_wconf 91' lang='lat' dir='ltr'>unius</span> <span class='ocrx_word' id='word_1_11' title='bbox 964 422 1044 452; x_wconf 88' lang='lat' dir='ltr'>anni</span> <span class='ocrx_word' id='word_1_12' title='bbox 1062 426 1092 452; x_wconf 92' lang='lat' dir='ltr'>et</span> <span class='ocrx_word' id='word_1_13' title='bbox 1112 431 1150 452; x_wconf 61' lang='lat' dir='ltr'>xi„</span> <span class='ocrx_word' id='word_1_14' title='bbox 1171 421 1239 452; x_wconf 90' lang='lat' dir='ltr'>die-</span> 
     </span>
     <span class='ocr_line' id='line_1_3' title="bbox 231 474 1240 517; baseline -0.008 -5"><span class='ocrx_word' id='word_1_15' title='bbox 231 491 303 512; x_wconf 91' lang='lat' dir='ltr'>rum</span> <span class='ocrx_word' id='word_1_16' title='bbox 326 480 469 511; x_wconf 88' lang='lat' dir='ltr'>concedit</span> <span class='ocrx_word' id='word_1_17' title='bbox 492 479 537 509; x_wconf 84' lang='lat' dir='ltr'>eis</span> <span class='ocrx_word' id='word_1_18' title='bbox 556 478 611 517; x_wconf 82' lang='lat' dir='ltr'>qui</span> <span class='ocrx_word' id='word_1_19' title='bbox 633 501 652 508; x_wconf 93' lang='lat'>..</span> <span class='ocrx_word' id='word_1_20' title='bbox 673 477 825 514; x_wconf 86' lang='lat' dir='ltr'>magistro</span> <span class='ocrx_word' id='word_1_21' title='bbox 848 479 878 505; x_wconf 90' lang='lat' dir='ltr'>et</span> <span class='ocrx_word' id='word_1_22' title='bbox 899 475 1051 505; x_wconf 83' lang='lat' dir='ltr'>fratribus</span> <span class='ocrx_word' id='word_1_23' title='bbox 1073 474 1240 514; x_wconf 86' lang='lat' dir='ltr'>hospitalis</span> 
     </span>
     <span class='ocr_line' id='line_1_4' title="bbox 232 528 1238 566; baseline -0.006 0"><span class='ocrx_word' id='word_1_24' title='bbox 232 535 368 566; x_wconf 83' lang='lat' dir='ltr'>Sanctae</span> <span class='ocrx_word' id='word_1_25' title='bbox 385 532 576 564; x_wconf 89' lang='lat' dir='ltr'>Catherinae</span> <span class='ocrx_word' id='word_1_26' title='bbox 595 530 634 560; x_wconf 86' lang='lat' dir='ltr'>de</span> <span class='ocrx_word' id='word_1_27' title='bbox 650 529 826 566; x_wconf 88' lang='lat' dir='ltr'>Exolduno,</span> <span class='ocrx_word' id='word_1_28' title='bbox 845 528 1056 559; x_wconf 87' lang='lat' dir='ltr'>Bituricensis</span> <span class='ocrx_word' id='word_1_29' title='bbox 1075 529 1238 560; x_wconf 81' lang='lat' dir='ltr'>dioecesis,</span> 
     </span>
     <span class='ocr_line' id='line_1_5' title="bbox 231 581 1239 622; baseline -0.007 -5"><span class='ocrx_word' id='word_1_30' title='bbox 231 595 365 618; x_wconf 89' lang='lat' dir='ltr'>manum</span> <span class='ocrx_word' id='word_1_31' title='bbox 390 585 529 615; x_wconf 88' lang='lat' dir='ltr'>caritatis</span> <span class='ocrx_word' id='word_1_32' title='bbox 557 582 775 622; x_wconf 72' lang='lat' dir='ltr'>porrexerint,</span> <span class='ocrx_word' id='word_1_33' title='bbox 803 581 1022 621; x_wconf 82' lang='lat' dir='ltr'>praesentibus</span> <span class='ocrx_word' id='word_1_34' title='bbox 1048 585 1116 620; x_wconf 86' lang='lat' dir='ltr'>post</span> <span class='ocrx_word' id='word_1_35' title='bbox 1142 581 1239 620; x_wconf 87' lang='lat' dir='ltr'>quin-</span> 
     </span>
     <span class='ocr_line' id='line_1_6' title="bbox 232 636 671 679; baseline -0.014 -8"><span class='ocrx_word' id='word_1_36' title='bbox 232 639 412 679; x_wconf 85' lang='lat' dir='ltr'>quennium</span> <span class='ocrx_word' id='word_1_37' title='bbox 428 646 492 668; x_wconf 88' lang='lat' dir='ltr'>non</span> <span class='ocrx_word' id='word_1_38' title='bbox 511 636 671 667; x_wconf 87' lang='lat' dir='ltr'>valituris.</span> 
     </span>
    </p>

    <p class='ocr_par' dir='ltr' id='par_1_3' title="bbox 232 687 1239 780">
     <span class='ocr_line' id='line_1_7' title="bbox 273 687 1239 728; baseline -0.002 -9"><span class='ocrx_word' id='word_1_39' title='bbox 273 704 287 719; x_wconf 83' lang='lat'>«</span> <span class='ocrx_word' id='word_1_40' title='bbox 311 691 472 728; x_wconf 87' lang='lat' dir='ltr'>Quoniam</span> <span class='ocrx_word' id='word_1_41' title='bbox 496 695 530 720; x_wconf 91' lang='lat' dir='ltr'>nt</span> <span class='ocrx_word' id='word_1_42' title='bbox 550 690 630 720; x_wconf 88' lang='lat' dir='ltr'>ait...</span> <span class='ocrx_word' id='word_1_43' title='bbox 660 705 695 712; x_wconf 88' lang='lat'>—</span> <span class='ocrx_word' id='word_1_44' title='bbox 715 688 786 718; x_wconf 88' lang='lat' dir='ltr'>Dat.</span> <span class='ocrx_word' id='word_1_45' title='bbox 811 688 928 725; x_wconf 83' lang='lat' dir='ltr'>Reate,</span> <span class='ocrx_word' id='word_1_46' title='bbox 951 697 970 717; x_wconf 82' lang='lat' dir='ltr'><strong>x</strong></span> <span class='ocrx_word' id='word_1_47' title='bbox 993 687 1146 718; x_wconf 83' lang='lat' dir='ltr'>kalendas</span> <span class='ocrx_word' id='word_1_48' title='bbox 1172 697 1239 726; x_wconf 86' lang='lat' dir='ltr'>sep—</span> 
     </span>
     <span class='ocr_line' id='line_1_8' title="bbox 232 742 685 780; baseline -0.013 -5"><span class='ocrx_word' id='word_1_49' title='bbox 232 744 378 780; x_wconf 85' lang='lat' dir='ltr'>tembris,</span> <span class='ocrx_word' id='word_1_50' title='bbox 396 752 482 774; x_wconf 86' lang='lat' dir='ltr'>anno</span> <span class='ocrx_word' id='word_1_51' title='bbox 499 742 650 773; x_wconf 90' lang='lat' dir='ltr'>secundo.</span> <span class='ocrx_word' id='word_1_52' title='bbox 671 754 685 769; x_wconf 85' lang='lat'>»</span> 
     </span>
    </p>
   </div>
   <div class='ocr_carea' id='block_1_3' title="bbox 305 913 1167 947">
    <p class='ocr_par' dir='ltr' id='par_1_4' title="bbox 305 913 1167 947">
     <span class='ocr_line' id='line_1_9' title="bbox 305 913 1167 947; baseline -0.007 -2"><span class='ocrx_word' id='word_1_53' title='bbox 305 915 422 945; x_wconf 64' lang='lat'>{2⁵20</span> <span class='ocrx_word' id='word_1_54' title='bbox 853 913 940 947; x_wconf 69' lang='lat' dir='ltr'>Rieu,</span> <span class='ocrx_word' id='word_1_55' title='bbox 957 913 988 940; x_wconf 85' lang='grc'>21</span> <span class='ocrx_word' id='word_1_56' title='bbox 1006 914 1074 940; x_wconf 76' lang='lat' dir='ltr'>aout</span> <span class='ocrx_word' id='word_1_57' title='bbox 1089 913 1167 941; x_wconf 90' lang='grc'>1289.</span> 
     </span>
    </p>
   </div>
   <div class='ocr_carea' id='block_1_4' title="bbox 268 976 1112 1015">
    <p class='ocr_par' dir='ltr' id='par_1_5' title="bbox 268 976 1112 1015">
     <span class='ocr_line' id='line_1_10' title="bbox 268 976 1112 1015; baseline -0.005 -9"><span class='ocrx_word' id='word_1_58' title='bbox 268 978 453 1015; x_wconf 87' lang='lat' dir='ltr'>Dispensatio</span> <span class='ocrx_word' id='word_1_59' title='bbox 469 978 653 1005; x_wconf 80' lang='lat' dir='ltr'>matrimonii.</span> <span class='ocrx_word' id='word_1_60' title='bbox 670 977 753 1011; x_wconf 74' lang='lat' dir='ltr'>(Res.</span> <span class='ocrx_word' id='word_1_61' title='bbox 772 977 815 1011; x_wconf 85' lang='grc'>44,</span> <span class='ocrx_word' id='word_1_62' title='bbox 835 985 863 1005; x_wconf 88' lang='grc'>0.</span> <span class='ocrx_word' id='word_1_63' title='bbox 885 977 944 1007; x_wconf 86' lang='grc'>410,</span> <span class='ocrx_word' id='word_1_64' title='bbox 962 976 980 1003; x_wconf 84' lang='lat' dir='ltr'>s.</span> <span class='ocrx_word' id='word_1_65' title='bbox 1000 977 1050 1004; x_wconf 85' lang='lat'>199</span> <span class='ocrx_word' id='word_1_66' title='bbox 1066 979 1112 1008; x_wconf 71' lang='lat' dir='ltr'>ro.)</span> 
     </span>
    </p>
   </div>
   <div class='ocr_carea' id='block_1_5' title="bbox 230 1079 1242 1653">
    <p class='ocr_par' dir='ltr' id='par_1_6' title="bbox 230 1079 1241 1546">
     <span class='ocr_line' id='line_1_11' title="bbox 278 1079 1239 1119; baseline -0.004 -7"><span class='ocrx_word' id='word_1_67' title='bbox 278 1083 447 1112; x_wconf 79' lang='lat' dir='ltr'><em>Venerabili</em></span> <span class='ocrx_word' id='word_1_68' title='bbox 461 1082 557 1118; x_wconf 76' lang='lat' dir='ltr'>fratri</span> <span class='ocrx_word' id='word_1_69' title='bbox 573 1104 592 1110; x_wconf 95' lang='lat'>..</span> <span class='ocrx_word' id='word_1_70' title='bbox 611 1082 743 1119; x_wconf 80' lang='lat' dir='ltr'>episcopo</span> <span class='ocrx_word' id='word_1_71' title='bbox 759 1080 918 1110; x_wconf 82' lang='lat' dir='ltr'><em>Parmensi</em></span> <span class='ocrx_word' id='word_1_72' title='bbox 933 1079 1065 1109; x_wconf 88' lang='lat' dir='ltr'>mandat</span> <span class='ocrx_word' id='word_1_73' title='bbox 1080 1083 1239 1118; x_wconf 79' lang='lat' dir='ltr'>quatenus</span> 
     </span>
     <span class='ocr_line' id='line_1_12' title="bbox 232 1132 1240 1171; baseline -0.003 -6"><span class='ocrx_word' id='word_1_74' title='bbox 232 1143 307 1167; x_wconf 82' lang='lat' dir='ltr'>cum</span> <span class='ocrx_word' id='word_1_75' title='bbox 331 1134 500 1171; x_wconf 65' lang='grc' dir='ltr'>ι1011311110,</span> <span class='ocrx_word' id='word_1_76' title='bbox 518 1138 592 1163; x_wconf 90' lang='lat' dir='ltr'>nato</span> <span class='ocrx_word' id='word_1_77' title='bbox 617 1133 762 1163; x_wconf 87' lang='lat' dir='ltr'>Thedisii</span> <span class='ocrx_word' id='word_1_78' title='bbox 788 1133 826 1163; x_wconf 90' lang='lat' dir='ltr'>de</span> <span class='ocrx_word' id='word_1_79' title='bbox 855 1133 971 1163; x_wconf 88' lang='lat' dir='ltr'>Sancto</span> <span class='ocrx_word' id='word_1_80' title='bbox 996 1132 1112 1168; x_wconf 81' lang='lat' dir='ltr'>vitali,</span> <span class='ocrx_word' id='word_1_81' title='bbox 1140 1132 1240 1162; x_wconf 90' lang='lat' dir='ltr'>domi-</span> 
     </span>
     <span class='ocr_line' id='line_1_13' title="bbox 233 1186 1241 1225; baseline -0.002 -7"><span class='ocrx_word' id='word_1_82' title='bbox 233 1187 333 1225; x_wconf 87' lang='lat' dir='ltr'>cello,</span> <span class='ocrx_word' id='word_1_83' title='bbox 352 1192 383 1218; x_wconf 87' lang='lat' dir='ltr'>et</span> <span class='ocrx_word' id='word_1_84' title='bbox 409 1196 473 1217; x_wconf 87' lang='lat' dir='ltr'>una</span> <span class='ocrx_word' id='word_1_85' title='bbox 496 1196 533 1217; x_wconf 83' lang='lat' dir='ltr'>ex</span> <span class='ocrx_word' id='word_1_86' title='bbox 558 1186 685 1217; x_wconf 88' lang='lat' dir='ltr'>filiabus</span> <span class='ocrx_word' id='word_1_87' title='bbox 708 1186 875 1216; x_wconf 86' lang='lat' dir='ltr'>Guillelmi</span> <span class='ocrx_word' id='word_1_88' title='bbox 895 1186 934 1216; x_wconf 91' lang='lat' dir='ltr'>de</span> <span class='ocrx_word' id='word_1_89' title='bbox 952 1186 1073 1216; x_wconf 91' lang='lat' dir='ltr'>Rubeis</span> <span class='ocrx_word' id='word_1_90' title='bbox 1087 1210 1094 1223; x_wconf 92' lang='lat'>,</span> <span class='ocrx_word' id='word_1_91' title='bbox 1116 1186 1241 1216; x_wconf 86' lang='lat' dir='ltr'>civibus</span> 
     </span>
     <span class='ocr_line' id='line_1_14' title="bbox 232 1239 1241 1279; baseline -0.002 -8"><span class='ocrx_word' id='word_1_92' title='bbox 232 1240 481 1277; x_wconf 87' lang='lat' dir='ltr'>Parmensibus,</span> <span class='ocrx_word' id='word_1_93' title='bbox 505 1240 685 1279; x_wconf 72' lang='lat' dir='ltr'><strong>dispenset,</strong></span> <span class='ocrx_word' id='word_1_94' title='bbox 703 1244 753 1276; x_wconf 90' lang='lat' dir='ltr'>ut,</span> <span class='ocrx_word' id='word_1_95' title='bbox 771 1247 958 1278; x_wconf 78' lang='lat' dir='ltr'>quanquam</span> <span class='ocrx_word' id='word_1_96' title='bbox 975 1239 1067 1270; x_wconf 89' lang='lat' dir='ltr'>tertio</span> <span class='ocrx_word' id='word_1_97' title='bbox 1084 1242 1115 1269; x_wconf 85' lang='lat' dir='ltr'>et</span> <span class='ocrx_word' id='word_1_98' title='bbox 1129 1243 1241 1278; x_wconf 84' lang='lat' dir='ltr'>quarto</span> 
     </span>
     <span class='ocr_line' id='line_1_15' title="bbox 232 1292 1241 1332; baseline -0.003 -7"><span class='ocrx_word' id='word_1_99' title='bbox 232 1294 519 1332; x_wconf 79' lang='lat' dir='ltr'>consanguinitatis</span> <span class='ocrx_word' id='word_1_100' title='bbox 541 1292 640 1331; x_wconf 82' lang='lat' dir='ltr'>gradu</span> <span class='ocrx_word' id='word_1_101' title='bbox 667 1292 832 1331; x_wconf 89' lang='lat' dir='ltr'>conjuncti</span> <span class='ocrx_word' id='word_1_102' title='bbox 852 1296 947 1330; x_wconf 90' lang='lat' dir='ltr'>sunt,</span> <span class='ocrx_word' id='word_1_103' title='bbox 972 1296 1079 1322; x_wconf 88' lang='lat' dir='ltr'>tamen</span> <span class='ocrx_word' id='word_1_104' title='bbox 1097 1293 1182 1322; x_wconf 88' lang='lat' dir='ltr'>inter</span> <span class='ocrx_word' id='word_1_105' title='bbox 1208 1301 1241 1323; x_wconf 91' lang='lat' dir='ltr'>se</span> 
     </span>
     <span class='ocr_line' id='line_1_16' title="bbox 230 1346 1241 1385; baseline -0.001 -8"><span class='ocrx_word' id='word_1_106' title='bbox 230 1347 476 1377; x_wconf 82' lang='lat' dir='ltr'>matrimonium</span> <span class='ocrx_word' id='word_1_107' title='bbox 508 1346 696 1377; x_wconf 78' lang='lat' dir='ltr'>contrahere</span> <span class='ocrx_word' id='word_1_108' title='bbox 723 1347 863 1385; x_wconf 83' lang='lat' dir='ltr'>possint,</span> <span class='ocrx_word' id='word_1_109' title='bbox 889 1347 985 1383; x_wconf 80' lang='lat' dir='ltr'>sicut,</span> <span class='ocrx_word' id='word_1_110' title='bbox 1016 1347 1054 1376; x_wconf 93' lang='lat' dir='ltr'>ad</span> <span class='ocrx_word' id='word_1_111' title='bbox 1085 1346 1241 1377; x_wconf 87' lang='lat' dir='ltr'>sedandas</span> 
     </span>
     <span class='ocr_line' id='line_1_17' title="bbox 232 1399 1241 1439; baseline 0 -9"><span class='ocrx_word' id='word_1_112' title='bbox 232 1400 421 1430; x_wconf 86' lang='lat' dir='ltr'>inimicitias</span> <span class='ocrx_word' id='word_1_113' title='bbox 436 1400 520 1430; x_wconf 90' lang='lat' dir='ltr'>inter</span> <span class='ocrx_word' id='word_1_114' title='bbox 547 1400 709 1439; x_wconf 86' lang='lat' dir='ltr'>quondam</span> <span class='ocrx_word' id='word_1_115' title='bbox 734 1400 906 1437; x_wconf 85' lang='lat' dir='ltr'>Hugonem</span> <span class='ocrx_word' id='word_1_116' title='bbox 931 1399 1081 1430; x_wconf 86' lang='lat' dir='ltr'>Rubeum</span> <span class='ocrx_word' id='word_1_117' title='bbox 1107 1402 1138 1429; x_wconf 86' lang='lat' dir='ltr'>et</span> <span class='ocrx_word' id='word_1_118' title='bbox 1161 1399 1241 1430; x_wconf 88' lang='lat' dir='ltr'>alios</span> 
     </span>
     <span class='ocr_line' id='line_1_18' title="bbox 232 1452 1241 1492; baseline -0.001 -9"><span class='ocrx_word' id='word_1_119' title='bbox 232 1453 355 1484; x_wconf 89' lang='lat' dir='ltr'>nobiles</span> <span class='ocrx_word' id='word_1_120' title='bbox 376 1453 489 1483; x_wconf 90' lang='lat' dir='ltr'>domus</span> <span class='ocrx_word' id='word_1_121' title='bbox 509 1453 578 1492; x_wconf 89' lang='lat' dir='ltr'>ejus</span> <span class='ocrx_word' id='word_1_122' title='bbox 601 1453 640 1483; x_wconf 90' lang='lat' dir='ltr'>de</span> <span class='ocrx_word' id='word_1_123' title='bbox 659 1453 794 1489; x_wconf 79' lang='lat' dir='ltr'>Rubeis,</span> <span class='ocrx_word' id='word_1_124' title='bbox 813 1457 843 1483; x_wconf 91' lang='lat' dir='ltr'>et</span> <span class='ocrx_word' id='word_1_125' title='bbox 862 1453 1026 1492; x_wconf 84' lang='lat' dir='ltr'>qnondam</span> <span class='ocrx_word' id='word_1_126' title='bbox 1048 1452 1241 1483; x_wconf 86' lang='lat' dir='ltr'>Thedisinm</span> 
     </span>
     <span class='ocr_line' id='line_1_19' title="bbox 234 1506 1204 1546; baseline 0.001 -9"><span class='ocrx_word' id='word_1_127' title='bbox 234 1512 264 1538; x_wconf 93' lang='lat' dir='ltr'>et</span> <span class='ocrx_word' id='word_1_128' title='bbox 280 1507 359 1538; x_wconf 88' lang='lat' dir='ltr'>alios</span> <span class='ocrx_word' id='word_1_129' title='bbox 374 1507 498 1537; x_wconf 89' lang='lat' dir='ltr'>nobiles</span> <span class='ocrx_word' id='word_1_130' title='bbox 515 1507 628 1537; x_wconf 87' lang='lat' dir='ltr'>domus</span> <span class='ocrx_word' id='word_1_131' title='bbox 644 1507 712 1544; x_wconf 87' lang='lat' dir='ltr'>ejus</span> <span class='ocrx_word' id='word_1_132' title='bbox 732 1506 842 1536; x_wconf 82' lang='lat' dir='ltr'>Sancti</span> <span class='ocrx_word' id='word_1_133' title='bbox 857 1506 986 1543; x_wconf 87' lang='lat' dir='ltr'>Vitalis,</span> <span class='ocrx_word' id='word_1_134' title='bbox 1004 1511 1130 1546; x_wconf 89' lang='lat' dir='ltr'>pactum</span> <span class='ocrx_word' id='word_1_135' title='bbox 1147 1511 1204 1538; x_wconf 89' lang='lat' dir='ltr'>est.</span> 
     </span>
    </p>

    <p class='ocr_par' dir='ltr' id='par_1_7' title="bbox 234 1560 1242 1653">
     <span class='ocr_line' id='line_1_20' title="bbox 279 1560 1242 1599; baseline 0.001 -8"><span class='ocrx_word' id='word_1_136' title='bbox 279 1573 291 1587; x_wconf 73' lang='grc'>11</span> <span class='ocrx_word' id='word_1_137' title='bbox 307 1560 389 1591; x_wconf 88' lang='lat' dir='ltr'>Cum</span> <span class='ocrx_word' id='word_1_138' title='bbox 405 1569 550 1590; x_wconf 88' lang='lat' dir='ltr'>summus</span> <span class='ocrx_word' id='word_1_139' title='bbox 566 1560 745 1599; x_wconf 81' lang='lat' dir='ltr'>pontifex...</span> <span class='ocrx_word' id='word_1_140' title='bbox 760 1576 799 1583; x_wconf 89' lang='lat'>-</span> <span class='ocrx_word' id='word_1_141' title='bbox 813 1560 884 1590; x_wconf 89' lang='lat' dir='ltr'>Dat.</span> <span class='ocrx_word' id='word_1_142' title='bbox 904 1561 1014 1596; x_wconf 81' lang='lat' dir='ltr'>Reate,</span> <span class='ocrx_word' id='word_1_143' title='bbox 1031 1570 1074 1590; x_wconf 83' lang='lat' dir='ltr'>xn</span> <span class='ocrx_word' id='word_1_144' title='bbox 1087 1560 1242 1592; x_wconf 83' lang='lat' dir='ltr'>kalendas</span> 
     </span>
     <span class='ocr_line' id='line_1_21' title="bbox 234 1613 746 1653; baseline -0.008 -9"><span class='ocrx_word' id='word_1_145' title='bbox 234 1614 441 1653; x_wconf 85' lang='lat' dir='ltr'>septembris,</span> <span class='ocrx_word' id='word_1_146' title='bbox 457 1622 542 1643; x_wconf 90' lang='lat' dir='ltr'>anno</span> <span class='ocrx_word' id='word_1_147' title='bbox 558 1613 710 1644; x_wconf 88' lang='lat' dir='ltr'>secundo.</span> <span class='ocrx_word' id='word_1_148' title='bbox 731 1624 746 1640; x_wconf 81' lang='lat'>›&gt;</span> 
     </span>
    </p>
   </div>
   <div class='ocr_carea' id='block_1_6' title="bbox 308 1786 1170 1820">
    <p class='ocr_par' dir='ltr' id='par_1_8' title="bbox 308 1786 1170 1820">
     <span class='ocr_line' id='line_1_22' title="bbox 308 1786 1170 1820; baseline 0 -5"><span class='ocrx_word' id='word_1_149' title='bbox 308 1787 418 1815; x_wconf 67' lang='lat' dir='ltr'>12*ss</span> <span class='ocrx_word' id='word_1_150' title='bbox 855 1786 943 1820; x_wconf 74' lang='lat' dir='ltr'>Rieu,</span> <span class='ocrx_word' id='word_1_151' title='bbox 959 1786 993 1813; x_wconf 84' lang='grc'>20</span> <span class='ocrx_word' id='word_1_152' title='bbox 1009 1788 1076 1814; x_wconf 77' lang='lat' dir='ltr'>aont</span> <span class='ocrx_word' id='word_1_153' title='bbox 1092 1787 1170 1815; x_wconf 81' lang='grc'>1289.</span> 
     </span>
    </p>
   </div>
   <div class='ocr_carea' id='block_1_7' title="bbox 235 1847 1243 1931">
    <p class='ocr_par' dir='ltr' id='par_1_9' title="bbox 235 1847 1243 1931">
     <span class='ocr_line' id='line_1_23' title="bbox 271 1847 1243 1883; baseline 0.003 -9"><span class='ocrx_word' id='word_1_154' title='bbox 271 1847 419 1883; x_wconf 80' lang='lat' dir='ltr'>Hospitalc</span> <span class='ocrx_word' id='word_1_155' title='bbox 436 1847 534 1875; x_wconf 77' lang='lat' dir='ltr'>Sancti</span> <span class='ocrx_word' id='word_1_156' title='bbox 549 1848 675 1875; x_wconf 88' lang='lat' dir='ltr'>Mauritii</span> <span class='ocrx_word' id='word_1_157' title='bbox 692 1848 726 1874; x_wconf 83' lang='lat' dir='ltr'>de</span> <span class='ocrx_word' id='word_1_158' title='bbox 742 1848 886 1875; x_wconf 78' lang='lat' dir='ltr'>Modoetia</span> <span class='ocrx_word' id='word_1_159' title='bbox 900 1848 997 1876; x_wconf 91' lang='lat' dir='ltr'>domui</span> <span class='ocrx_word' id='word_1_160' title='bbox 1015 1848 1154 1876; x_wconf 87' lang='lat' dir='ltr'>Dominae</span> <span class='ocrx_word' id='word_1_161' title='bbox 1170 1849 1243 1878; x_wconf 86' lang='lat' dir='ltr'>Bea-</span> 
     </span>
     <span class='ocr_line' id='line_1_24' title="bbox 235 1897 875 1931; baseline 0 -8"><span class='ocrx_word' id='word_1_162' title='bbox 235 1897 316 1924; x_wconf 83' lang='lat' dir='ltr'>tricis</span> <span class='ocrx_word' id='word_1_163' title='bbox 332 1897 424 1923; x_wconf 83' lang='lat' dir='ltr'>datur.</span> <span class='ocrx_word' id='word_1_164' title='bbox 443 1897 526 1930; x_wconf 75' lang='lat' dir='ltr'>(Rno.</span> <span class='ocrx_word' id='word_1_165' title='bbox 544 1897 586 1928; x_wconf 83' lang='lat'>44,</span> <span class='ocrx_word' id='word_1_166' title='bbox 604 1905 629 1924; x_wconf 82' lang='lat' dir='ltr'>e.</span> <span class='ocrx_word' id='word_1_167' title='bbox 647 1897 708 1931; x_wconf 91' lang='lat'>411,</span> <span class='ocrx_word' id='word_1_168' title='bbox 726 1897 743 1923; x_wconf 83' lang='lat' dir='ltr'>f.</span> <span class='ocrx_word' id='word_1_169' title='bbox 763 1897 813 1925; x_wconf 83' lang='lat'>199</span> <span class='ocrx_word' id='word_1_170' title='bbox 828 1899 875 1930; x_wconf 70' lang='lat' dir='ltr'>ro.)</span> 
     </span>
    </p>
   </div>
   <div class='ocr_carea' id='block_1_8' title="bbox 235 1999 1247 2516">
    <p class='ocr_par' dir='ltr' id='par_1_10' title="bbox 235 1999 1247 2408">
     <span class='ocr_line' id='line_1_25' title="bbox 283 1999 1246 2037; baseline 0.005 -10"><span class='ocrx_word' id='word_1_171' title='bbox 283 1999 450 2028; x_wconf 78' lang='lat' dir='ltr'>Venerabili</span> <span class='ocrx_word' id='word_1_172' title='bbox 472 1999 566 2034; x_wconf 78' lang='lat' dir='ltr'>fratri</span> <span class='ocrx_word' id='word_1_173' title='bbox 589 2022 608 2028; x_wconf 91' lang='lat'>..</span> <span class='ocrx_word' id='word_1_174' title='bbox 631 2000 852 2037; x_wconf 73' lang='lat' dir='ltr'>archiepiscopo</span> <span class='ocrx_word' id='word_1_175' title='bbox 873 2000 1089 2031; x_wconf 76' lang='lat' dir='ltr'>Mediolanensi</span> <span class='ocrx_word' id='word_1_176' title='bbox 1114 2002 1246 2032; x_wconf 86' lang='lat' dir='ltr'>mandat</span> 
     </span>
     <span class='ocr_line' id='line_1_26' title="bbox 236 2052 1245 2092; baseline 0.004 -11"><span class='ocrx_word' id='word_1_177' title='bbox 236 2056 396 2091; x_wconf 86' lang='lat' dir='ltr'>quatenus</span> <span class='ocrx_word' id='word_1_178' title='bbox 414 2052 569 2090; x_wconf 88' lang='lat' dir='ltr'>hospitale</span> <span class='ocrx_word' id='word_1_179' title='bbox 588 2052 697 2083; x_wconf 83' lang='lat' dir='ltr'>Sancti</span> <span class='ocrx_word' id='word_1_180' title='bbox 717 2052 861 2082; x_wconf 87' lang='lat' dir='ltr'>Mauritii</span> <span class='ocrx_word' id='word_1_181' title='bbox 878 2053 917 2083; x_wconf 88' lang='lat' dir='ltr'>de</span> <span class='ocrx_word' id='word_1_182' title='bbox 933 2053 1104 2092; x_wconf 89' lang='lat' dir='ltr'>Modoetia,</span> <span class='ocrx_word' id='word_1_183' title='bbox 1124 2055 1245 2085; x_wconf 90' lang='lat' dir='ltr'>Medio-</span> 
     </span>
     <span class='ocr_line' id='line_1_27' title="bbox 235 2104 1246 2148; baseline 0.005 -14"><span class='ocrx_word' id='word_1_184' title='bbox 235 2104 378 2135; x_wconf 89' lang='lat' dir='ltr'>lanensis</span> <span class='ocrx_word' id='word_1_185' title='bbox 397 2104 567 2142; x_wconf 85' lang='lat' dir='ltr'>dioecesis,</span> <span class='ocrx_word' id='word_1_186' title='bbox 590 2105 624 2134; x_wconf 88' lang='lat' dir='ltr'>in</span> <span class='ocrx_word' id='word_1_187' title='bbox 646 2114 709 2144; x_wconf 87' lang='lat' dir='ltr'>quo</span> <span class='ocrx_word' id='word_1_188' title='bbox 729 2114 788 2136; x_wconf 90' lang='lat' dir='ltr'>nec</span> <span class='ocrx_word' id='word_1_189' title='bbox 809 2110 911 2136; x_wconf 85' lang='lat' dir='ltr'>rector</span> <span class='ocrx_word' id='word_1_190' title='bbox 932 2115 992 2136; x_wconf 86' lang='lat' dir='ltr'>nec</span> <span class='ocrx_word' id='word_1_191' title='bbox 1010 2107 1123 2138; x_wconf 85' lang='lat' dir='ltr'>fratres</span> <span class='ocrx_word' id='word_1_192' title='bbox 1146 2108 1246 2148; x_wconf 83' lang='lat' dir='ltr'>aliqui</span> 
     </span>
     <span class='ocr_line' id='line_1_28' title="bbox 236 2158 1245 2198; baseline 0.006 -12"><span class='ocrx_word' id='word_1_193' title='bbox 236 2166 254 2187; x_wconf 93' lang='lat' dir='ltr'>a</span> <span class='ocrx_word' id='word_1_194' title='bbox 271 2158 385 2195; x_wconf 80' lang='lat' dir='ltr'>viginti</span> <span class='ocrx_word' id='word_1_195' title='bbox 403 2158 547 2196; x_wconf 83' lang='lat' dir='ltr'>quinque</span> <span class='ocrx_word' id='word_1_196' title='bbox 568 2159 663 2188; x_wconf 87' lang='lat' dir='ltr'>annis</span> <span class='ocrx_word' id='word_1_197' title='bbox 679 2163 710 2188; x_wconf 89' lang='lat' dir='ltr'>et</span> <span class='ocrx_word' id='word_1_198' title='bbox 725 2159 864 2198; x_wconf 88' lang='lat' dir='ltr'>amplius</span> <span class='ocrx_word' id='word_1_199' title='bbox 880 2159 1030 2197; x_wconf 82' lang='lat' dir='ltr'>fuerunt,</span> <span class='ocrx_word' id='word_1_200' title='bbox 1048 2169 1123 2191; x_wconf 87' lang='lat' dir='ltr'>cum</span> <span class='ocrx_word' id='word_1_201' title='bbox 1139 2162 1245 2192; x_wconf 88' lang='lat' dir='ltr'>domi-</span> 
     </span>
     <span class='ocr_line' id='line_1_29' title="bbox 235 2210 1247 2252; baseline 0.005 -12"><span class='ocrx_word' id='word_1_202' title='bbox 235 2210 306 2247; x_wconf 85' lang='lat' dir='ltr'>bus,</span> <span class='ocrx_word' id='word_1_203' title='bbox 324 2211 427 2247; x_wconf 86' lang='lat' dir='ltr'>terris,</span> <span class='ocrx_word' id='word_1_204' title='bbox 445 2211 700 2249; x_wconf 84' lang='lat' dir='ltr'>possessionibus</span> <span class='ocrx_word' id='word_1_205' title='bbox 717 2216 748 2241; x_wconf 94' lang='lat' dir='ltr'>et</span> <span class='ocrx_word' id='word_1_206' title='bbox 761 2212 914 2242; x_wconf 86' lang='lat' dir='ltr'>omnibus</span> <span class='ocrx_word' id='word_1_207' title='bbox 927 2213 1056 2251; x_wconf 86' lang='lat' dir='ltr'>juribus</span> <span class='ocrx_word' id='word_1_208' title='bbox 1074 2215 1155 2252; x_wconf 84' lang='lat' dir='ltr'>ejus,</span> <span class='ocrx_word' id='word_1_209' title='bbox 1173 2224 1247 2245; x_wconf 89' lang='lat' dir='ltr'>con-</span> 
     </span>
     <span class='ocr_line' id='line_1_30' title="bbox 237 2263 1246 2298; baseline 0.004 -5"><span class='ocrx_word' id='word_1_210' title='bbox 237 2263 327 2293; x_wconf 88' lang='lat' dir='ltr'>cedat</span> <span class='ocrx_word' id='word_1_211' title='bbox 345 2287 363 2294; x_wconf 96' lang='lat'>..</span> <span class='ocrx_word' id='word_1_212' title='bbox 382 2263 550 2293; x_wconf 80' lang='lat' dir='ltr'>ministrae</span> <span class='ocrx_word' id='word_1_213' title='bbox 571 2269 600 2294; x_wconf 87' lang='lat' dir='ltr'>et</span> <span class='ocrx_word' id='word_1_214' title='bbox 621 2265 795 2295; x_wconf 81' lang='lat' dir='ltr'>conventui</span> <span class='ocrx_word' id='word_1_215' title='bbox 819 2265 933 2295; x_wconf 88' lang='lat' dir='ltr'>domus</span> <span class='ocrx_word' id='word_1_216' title='bbox 956 2274 1102 2296; x_wconf 86' lang='lat' dir='ltr'>sororum</span> <span class='ocrx_word' id='word_1_217' title='bbox 1118 2267 1156 2297; x_wconf 91' lang='lat' dir='ltr'>de</span> <span class='ocrx_word' id='word_1_218' title='bbox 1179 2268 1246 2298; x_wconf 89' lang='lat' dir='ltr'>Mo-</span> 
     </span>
     <span class='ocr_line' id='line_1_31' title="bbox 236 2317 1246 2358; baseline 0.005 -11"><span class='ocrx_word' id='word_1_219' title='bbox 236 2317 358 2354; x_wconf 83' lang='lat' dir='ltr'>doetia,</span> <span class='ocrx_word' id='word_1_220' title='bbox 389 2317 514 2347; x_wconf 86' lang='lat' dir='ltr'>ordinis</span> <span class='ocrx_word' id='word_1_221' title='bbox 546 2318 578 2349; x_wconf 80' lang='lat' dir='ltr'>S.</span> <span class='ocrx_word' id='word_1_222' title='bbox 611 2319 803 2356; x_wconf 78' lang='lat' dir='ltr'>Augustini,</span> <span class='ocrx_word' id='word_1_223' title='bbox 836 2328 918 2358; x_wconf 87' lang='lat' dir='ltr'>quae</span> <span class='ocrx_word' id='word_1_224' title='bbox 948 2319 1061 2350; x_wconf 88' lang='lat' dir='ltr'>domus</span> <span class='ocrx_word' id='word_1_225' title='bbox 1089 2321 1246 2352; x_wconf 87' lang='lat' dir='ltr'>Dominae</span> 
     </span>
     <span class='ocr_line' id='line_1_32' title="bbox 237 2370 725 2408; baseline 0.002 -8"><span class='ocrx_word' id='word_1_226' title='bbox 237 2370 391 2400; x_wconf 85' lang='lat' dir='ltr'>Beat1·icis</span> <span class='ocrx_word' id='word_1_227' title='bbox 407 2370 582 2408; x_wconf 83' lang='lat' dir='ltr'>vulgariter</span> <span class='ocrx_word' id='word_1_228' title='bbox 598 2371 725 2401; x_wconf 87' lang='lat' dir='ltr'>dicitnr.</span> 
     </span>
    </p>

    <p class='ocr_par' dir='ltr' id='par_1_11' title="bbox 237 2424 1247 2516">
     <span class='ocr_line' id='line_1_33' title="bbox 279 2424 1247 2463; baseline 0.008 -11"><span class='ocrx_word' id='word_1_229' title='bbox 279 2436 293 2451; x_wconf 93' lang='lat'>«</span> <span class='ocrx_word' id='word_1_230' title='bbox 321 2424 366 2453; x_wconf 82' lang='lat' dir='ltr'>Ex</span> <span class='ocrx_word' id='word_1_231' title='bbox 393 2424 538 2463; x_wconf 85' lang='lat' dir='ltr'>injuncte</span> <span class='ocrx_word' id='word_1_232' title='bbox 564 2424 694 2455; x_wconf 86' lang='lat' dir='ltr'>nobis...</span> <span class='ocrx_word' id='word_1_233' title='bbox 718 2442 755 2446; x_wconf 98' lang='lat'><strong>—</strong></span> <span class='ocrx_word' id='word_1_234' title='bbox 778 2425 849 2456; x_wconf 86' lang='lat' dir='ltr'>Dat.</span> <span class='ocrx_word' id='word_1_235' title='bbox 876 2426 991 2463; x_wconf 84' lang='lat' dir='ltr'>Reate,</span> <span class='ocrx_word' id='word_1_236' title='bbox 1018 2437 1072 2457; x_wconf 83' lang='lat' dir='ltr'>xm</span> <span class='ocrx_word' id='word_1_237' title='bbox 1095 2428 1247 2460; x_wconf 84' lang='lat' dir='ltr'>kalendas</span> 
     </span>
     <span class='ocr_line' id='line_1_34' title="bbox 237 2477 746 2516; baseline 0.004 -9"><span class='ocrx_word' id='word_1_238' title='bbox 237 2477 443 2516; x_wconf 85' lang='lat' dir='ltr'>septembris,</span> <span class='ocrx_word' id='word_1_239' title='bbox 461 2486 546 2508; x_wconf 88' lang='lat' dir='ltr'>anno</span> <span class='ocrx_word' id='word_1_240' title='bbox 562 2478 712 2510; x_wconf 88' lang='lat' dir='ltr'>secundo.</span> <span class='ocrx_word' id='word_1_241' title='bbox 732 2490 746 2506; x_wconf 92' lang='lat'>»</span> 
     </span>
    </p>
   </div>
   <div class='ocr_carea' id='block_1_9' title="bbox 312 2658 1174 2694">
    <p class='ocr_par' dir='ltr' id='par_1_12' title="bbox 312 2658 1174 2694">
     <span class='ocr_line' id='line_1_35' title="bbox 312 2658 1174 2694; baseline 0.005 -8"><span class='ocrx_word' id='word_1_242' title='bbox 312 2658 560 2687; x_wconf 56' lang='lat' dir='ltr'>izvz-izv5</span> <span class='ocrx_word' id='word_1_243' title='bbox 855 2660 947 2694; x_wconf 83' lang='lat' dir='ltr'>Ricti,</span> <span class='ocrx_word' id='word_1_244' title='bbox 964 2661 997 2689; x_wconf 87' lang='grc'>26</span> <span class='ocrx_word' id='word_1_245' title='bbox 1013 2663 1081 2689; x_wconf 76' lang='lat' dir='ltr'>aont</span> <span class='ocrx_word' id='word_1_246' title='bbox 1096 2663 1174 2691; x_wconf 90' lang='grc'>1289.</span> 
     </span>
    </p>
   </div>
   <div class='ocr_carea' id='block_1_10' title="bbox 241 2718 1245 2800">
    <p class='ocr_par' dir='ltr' id='par_1_13' title="bbox 241 2718 1245 2800">
     <span class='ocr_line' id='line_1_36' title="bbox 275 2718 1245 2758; baseline 0.008 -13"><span class='ocrx_word' id='word_1_247' title='bbox 275 2718 484 2754; x_wconf 81' lang='lat' dir='ltr'>Indulgentiae.</span> <span class='ocrx_word' id='word_1_248' title='bbox 503 2720 587 2754; x_wconf 65' lang='lat' dir='ltr'>(Rea.</span> <span class='ocrx_word' id='word_1_249' title='bbox 605 2721 648 2756; x_wconf 83' lang='lat'>44,</span> <span class='ocrx_word' id='word_1_250' title='bbox 665 2729 689 2749; x_wconf 86' lang='lat' dir='ltr'>c.</span> <span class='ocrx_word' id='word_1_251' title='bbox 709 2722 770 2756; x_wconf 77' lang='grc'>412,</span> <span class='ocrx_word' id='word_1_252' title='bbox 786 2722 806 2749; x_wconf 80' lang='lat' dir='ltr'>s.</span> <span class='ocrx_word' id='word_1_253' title='bbox 826 2723 875 2750; x_wconf 88' lang='lat'>199</span> <span class='ocrx_word' id='word_1_254' title='bbox 891 2730 932 2757; x_wconf 86' lang='lat' dir='ltr'>r⁰;</span> <span class='ocrx_word' id='word_1_255' title='bbox 949 2723 1016 2751; x_wconf 66' lang='lat' dir='ltr'>Lar.</span> <span class='ocrx_word' id='word_1_256' title='bbox 1033 2734 1069 2753; x_wconf 84' lang='lat' dir='ltr'>nu</span> <span class='ocrx_word' id='word_1_257' title='bbox 1086 2725 1189 2758; x_wconf 68' lang='lat' dir='ltr'>Tuam,</span> <span class='ocrx_word' id='word_1_258' title='bbox 1209 2725 1245 2758; x_wconf 89' lang='lat' dir='ltr'>II,</span> 
     </span>
     <span class='ocr_line' id='line_1_37' title="bbox 241 2766 312 2800; baseline 0.014 -8"><span class='ocrx_word' id='word_1_259' title='bbox 241 2766 312 2800; x_wconf 71' lang='lat'>223.)</span> 
     </span>
    </p>
   </div>
   <div class='ocr_carea' id='block_1_11' title="bbox 241 2869 1246 3077">
    <p class='ocr_par' dir='ltr' id='par_1_14' title="bbox 241 2869 1246 3077">
     <span class='ocr_line' id='line_1_38' title="bbox 284 2869 1246 2908; baseline 0.014 -13"><span class='ocrx_word' id='word_1_260' title='bbox 284 2890 302 2896; x_wconf 93' lang='lat'>..</span> <span class='ocrx_word' id='word_1_261' title='bbox 321 2869 419 2898; x_wconf 79' lang='lat' dir='ltr'>abbati</span> <span class='ocrx_word' id='word_1_262' title='bbox 437 2874 463 2900; x_wconf 81' lang='lat' dir='ltr'>et</span> <span class='ocrx_word' id='word_1_263' title='bbox 477 2874 639 2902; x_wconf 69' lang='lat' dir='ltr'>conventui</span> <span class='ocrx_word' id='word_1_264' title='bbox 662 2875 842 2904; x_wconf 78' lang='lat' dir='ltr'>monasterii</span> <span class='ocrx_word' id='word_1_265' title='bbox 856 2874 944 2905; x_wconf 72' lang='lat' dir='ltr'>Beate</span> <span class='ocrx_word' id='word_1_266' title='bbox 962 2877 1057 2906; x_wconf 72' lang='lat' dir='ltr'>Mat-ie</span> <span class='ocrx_word' id='word_1_267' title='bbox 1077 2877 1246 2908; x_wconf 82' lang='lat' dir='ltr'>Mosonien-</span> 
     </span>
     <span class='ocr_line' id='line_1_39' title="bbox 242 2920 1246 2968; baseline 0.014 -21"><span class='ocrx_word' id='word_1_268' title='bbox 242 2920 296 2956; x_wconf 82' lang='lat' dir='ltr'>sis,</span> <span class='ocrx_word' id='word_1_269' title='bbox 314 2922 433 2951; x_wconf 75' lang='lat' dir='ltr'>ordinis</span> <span class='ocrx_word' id='word_1_270' title='bbox 454 2924 485 2953; x_wconf 89' lang='lat' dir='ltr'>S.</span> <span class='ocrx_word' id='word_1_271' title='bbox 510 2925 656 2956; x_wconf 66' lang='lat' dir='ltr'>Benedicti</span> <span class='ocrx_word' id='word_1_272' title='bbox 663 2949 671 2963; x_wconf 91' lang='lat'>,</span> <span class='ocrx_word' id='word_1_273' title='bbox 688 2927 839 2958; x_wconf 77' lang='lat' dir='ltr'>Itemensis</span> <span class='ocrx_word' id='word_1_274' title='bbox 854 2929 987 2958; x_wconf 55' lang='lat' dir='ltr'>diocesi&amp;</span> <span class='ocrx_word' id='word_1_275' title='bbox 1006 2929 1246 2968; x_wconf 84' lang='lat' dir='ltr'>Indulgentiam</span> 
     </span>
     <span class='ocr_line' id='line_1_40' title="bbox 241 2973 1246 3015; baseline 0.015 -15"><span class='ocrx_word' id='word_1_276' title='bbox 241 2973 339 3002; x_wconf 89' lang='lat' dir='ltr'>unius</span> <span class='ocrx_word' id='word_1_277' title='bbox 355 2975 432 3004; x_wconf 88' lang='lat' dir='ltr'>anni</span> <span class='ocrx_word' id='word_1_278' title='bbox 450 2980 479 3005; x_wconf 88' lang='lat' dir='ltr'>et</span> <span class='ocrx_word' id='word_1_279' title='bbox 494 2987 532 3006; x_wconf 69' lang='grc'>111.</span> <span class='ocrx_word' id='word_1_280' title='bbox 550 2978 676 3009; x_wconf 86' lang='lat' dir='ltr'>dierum</span> <span class='ocrx_word' id='word_1_281' title='bbox 695 2980 838 3010; x_wconf 82' lang='lat' dir='ltr'>concedit</span> <span class='ocrx_word' id='word_1_282' title='bbox 860 2981 1063 3012; x_wconf 84' lang='lat' dir='ltr'>visitantibus</span> <span class='ocrx_word' id='word_1_283' title='bbox 1079 2983 1246 3015; x_wconf 89' lang='lat' dir='ltr'>ecclesiam</span> 
     </span>
     <span class='ocr_line' id='line_1_41' title="bbox 241 3026 1246 3077; baseline 0.014 -23"><span class='ocrx_word' id='word_1_284' title='bbox 241 3026 382 3064; x_wconf 89' lang='lat' dir='ltr'>ejusdem</span> <span class='ocrx_word' id='word_1_285' title='bbox 400 3031 584 3060; x_wconf 87' lang='lat' dir='ltr'>monasterii</span> <span class='ocrx_word' id='word_1_286' title='bbox 599 3032 632 3061; x_wconf 89' lang='lat' dir='ltr'>in</span> <span class='ocrx_word' id='word_1_287' title='bbox 646 3033 871 3065; x_wconf 80' lang='lat' dir='ltr'>festivitatibus</span> <span class='ocrx_word' id='word_1_288' title='bbox 883 3035 993 3066; x_wconf 87' lang='lat' dir='ltr'>beatae</span> <span class='ocrx_word' id='word_1_289' title='bbox 1009 3036 1142 3074; x_wconf 86' lang='lat' dir='ltr'>Mariae,</span> <span class='ocrx_word' id='word_1_290' title='bbox 1155 3038 1246 3077; x_wconf 88' lang='lat' dir='ltr'>cujus</span> 
     </span>
    </p>
   </div>
   <div class='ocr_carea' id='block_1_12' title="bbox 2237 491 2460 3637">
    <p class='ocr_par' dir='ltr' id='par_1_15' title="bbox 2237 491 2460 3637">
     <span class='ocr_line' id='line_1_42' title="bbox 2313 491 2459 782; baseline 0 0"><span class='ocrx_word' id='word_1_291' title='bbox 2313 642 2459 782; x_wconf 95' lang='lat' dir='ltr'>   </span> <span class='ocrx_word' id='word_1_292' title='bbox 2343 491 2459 656; x_wconf 95' lang='lat' dir='ltr'>   </span> 
     </span>
     <span class='ocr_line' id='line_1_43' title="bbox 2286 782 2459 943; baseline 0 0"><span class='ocrx_word' id='word_1_293' title='bbox 2286 782 2459 943; x_wconf 95' lang='lat' dir='ltr'>     </span> 
     </span>
     <span class='ocr_line' id='line_1_44' title="bbox 2315 964 2459 1158; baseline 0 -156"><span class='ocrx_word' id='word_1_294' title='bbox 2315 964 2459 1158; x_wconf 95' lang='lat' dir='ltr'>    </span> 
     </span>
     <span class='ocr_line' id='line_1_45' title="bbox 2275 1158 2458 1355; baseline 0.005 -69"><span class='ocrx_word' id='word_1_295' title='bbox 2275 1158 2458 1355; x_wconf 95' lang='lat' dir='ltr'>    </span> 
     </span>
     <span class='ocr_line' id='line_1_46' title="bbox 2287 1355 2459 1436; baseline 0 -18"><span class='ocrx_word' id='word_1_296' title='bbox 2287 1355 2459 1436; x_wconf 95' lang='lat' dir='ltr'>  </span> 
     </span>
     <span class='ocr_line' id='line_1_47' title="bbox 2285 1436 2459 1643; baseline 0 -84"><span class='ocrx_word' id='word_1_297' title='bbox 2285 1436 2459 1643; x_wconf 95' lang='lat' dir='ltr'>     </span> 
     </span>
     <span class='ocr_line' id='line_1_48' title="bbox 2299 1643 2458 1921; baseline 0 0"><span class='ocrx_word' id='word_1_298' title='bbox 2299 1643 2458 1921; x_wconf 95' lang='lat' dir='ltr'>   </span> 
     </span>
     <span class='ocr_line' id='line_1_49' title="bbox 2237 1921 2458 2173; baseline 0 -164"><span class='ocrx_word' id='word_1_299' title='bbox 2237 1921 2458 2173; x_wconf 95' lang='lat' dir='ltr'>     </span> 
     </span>
     <span class='ocr_line' id='line_1_50' title="bbox 2284 2173 2457 2311; baseline 0 -111"><span class='ocrx_word' id='word_1_300' title='bbox 2284 2173 2457 2311; x_wconf 95' lang='lat' dir='ltr'>    </span> 
     </span>
     <span class='ocr_line' id='line_1_51' title="bbox 2269 2311 2457 2418; baseline 0 0"><span class='ocrx_word' id='word_1_301' title='bbox 2269 2311 2457 2418; x_wconf 95' lang='lat' dir='ltr'>    </span> 
     </span>
     <span class='ocr_line' id='line_1_52' title="bbox 2286 2418 2460 2552; baseline 0 -79"><span class='ocrx_word' id='word_1_302' title='bbox 2286 2418 2460 2552; x_wconf 95' lang='lat' dir='ltr'>    </span> 
     </span>
     <span class='ocr_line' id='line_1_53' title="bbox 2283 2552 2460 2694; baseline 0 0"><span class='ocrx_word' id='word_1_303' title='bbox 2283 2552 2460 2694; x_wconf 95' lang='lat' dir='ltr'>   </span> 
     </span>
     <span class='ocr_line' id='line_1_54' title="bbox 2273 2709 2460 3637; baseline 0 0"><span class='ocrx_word' id='word_1_304' title='bbox 2273 2709 2460 3637; x_wconf 95' lang='lat' dir='ltr'>     </span> 
     </span>
    </p>
   </div>
   <div class='ocr_carea' id='block_1_13' title="bbox 1322 418 2343 1675">
    <p class='ocr_par' dir='ltr' id='par_1_16' title="bbox 1322 418 2343 1675">
     <span class='ocr_line' id='line_1_55' title="bbox 1324 418 2326 458; baseline 0.002 -8"><span class='ocrx_word' id='word_1_305' title='bbox 1324 419 1477 450; x_wconf 86' lang='lat' dir='ltr'>vocabulo</span> <span class='ocrx_word' id='word_1_306' title='bbox 1494 418 1649 457; x_wconf 84' lang='lat' dir='ltr'>insignita</span> <span class='ocrx_word' id='word_1_307' title='bbox 1668 422 1732 454; x_wconf 88' lang='lat' dir='ltr'>est,</span> <span class='ocrx_word' id='word_1_308' title='bbox 1755 426 1812 457; x_wconf 86' lang='lat' dir='ltr'>per</span> <span class='ocrx_word' id='word_1_309' title='bbox 1825 421 1895 449; x_wconf 87' lang='lat' dir='ltr'>octo</span> <span class='ocrx_word' id='word_1_310' title='bbox 1909 418 1977 448; x_wconf 87' lang='lat' dir='ltr'>dies</span> <span class='ocrx_word' id='word_1_311' title='bbox 1991 422 2159 458; x_wconf 88' lang='lat' dir='ltr'>sequentes</span> <span class='ocrx_word' id='word_1_312' title='bbox 2173 419 2253 450; x_wconf 88' lang='lat' dir='ltr'>etin</span> <span class='ocrx_word' id='word_1_313' title='bbox 2267 429 2326 452; x_wconf 81' lang='lat' dir='ltr'>an-</span> 
     </span>
     <span class='ocr_line' id='line_1_56' title="bbox 1325 462 2136 511; baseline -0.001 -8"><span class='ocrx_word' id='word_1_314' title='bbox 1325 472 1502 503; x_wconf 90' lang='lat' dir='ltr'>niversario</span> <span class='ocrx_word' id='word_1_315' title='bbox 1517 472 1568 502; x_wconf 90' lang='lat' dir='ltr'>die</span> <span class='ocrx_word' id='word_1_316' title='bbox 1585 462 1955 511; x_wconf 73' lang='lat' dir='ltr'>dedicationis&#39;ejusdem</span> <span class='ocrx_word' id='word_1_317' title='bbox 1972 471 2136 503; x_wconf 88' lang='lat' dir='ltr'>ecclesiae.</span> 
     </span>
     <span class='ocr_line' id='line_1_57' title="bbox 1366 524 2327 566; baseline 0.005 -12"><span class='ocrx_word' id='word_1_318' title='bbox 1366 539 1380 554; x_wconf 66' lang='grc' dir='ltr'>α</span> <span class='ocrx_word' id='word_1_319' title='bbox 1401 527 1489 557; x_wconf 88' lang='lat' dir='ltr'>Licet</span> <span class='ocrx_word' id='word_1_320' title='bbox 1505 525 1561 556; x_wconf 89' lang='lat' dir='ltr'>ille</span> <span class='ocrx_word' id='word_1_321' title='bbox 1575 525 1652 556; x_wconf 88' lang='lat' dir='ltr'>de...</span> <span class='ocrx_word' id='word_1_322' title='bbox 1667 542 1706 547; x_wconf 97' lang='lat'><strong>—</strong></span> <span class='ocrx_word' id='word_1_323' title='bbox 1722 524 1793 555; x_wconf 90' lang='lat' dir='ltr'>Dat.</span> <span class='ocrx_word' id='word_1_324' title='bbox 1817 525 1931 563; x_wconf 81' lang='lat' dir='ltr'>Beate,</span> <span class='ocrx_word' id='word_1_325' title='bbox 1948 534 1994 555; x_wconf 84' lang='lat' dir='ltr'>vn</span> <span class='ocrx_word' id='word_1_326' title='bbox 2016 525 2171 556; x_wconf 88' lang='lat' dir='ltr'>kalendas</span> <span class='ocrx_word' id='word_1_327' title='bbox 2190 530 2327 566; x_wconf 86' lang='lat' dir='ltr'>septem—</span> 
     </span>
     <span class='ocr_line' id='line_1_58' title="bbox 1324 578 2282 618; baseline -0.002 -8"><span class='ocrx_word' id='word_1_328' title='bbox 1324 580 1406 618; x_wconf 88' lang='lat' dir='ltr'>bris,</span> <span class='ocrx_word' id='word_1_329' title='bbox 1423 587 1508 610; x_wconf 91' lang='lat' dir='ltr'>anno</span> <span class='ocrx_word' id='word_1_330' title='bbox 1526 578 1676 609; x_wconf 91' lang='lat' dir='ltr'>secundo.</span> <span class='ocrx_word' id='word_1_331' title='bbox 1696 590 1710 605; x_wconf 78' lang='grc'>11</span> <span class='ocrx_word' id='word_1_332' title='bbox 2280 587 2282 590; x_wconf 65' lang='grc'>’</span> 
     </span>
     <span class='ocr_line' id='line_1_59' title="bbox 1943 626 2343 698; baseline 0.005 -13"><span class='ocrx_word' id='word_1_333' title='bbox 1943 658 2032 690; x_wconf 68' lang='lat' dir='ltr'>Rieu,</span> <span class='ocrx_word' id='word_1_334' title='bbox 2047 658 2082 686; x_wconf 89' lang='grc'>23</span> <span class='ocrx_word' id='word_1_335' title='bbox 2097 659 2164 686; x_wconf 72' lang='lat' dir='ltr'>nont</span> <span class='ocrx_word' id='word_1_336' title='bbox 2179 659 2256 687; x_wconf 89' lang='grc'>1289.</span> <span class='ocrx_word' id='word_1_337' title='bbox 2292 696 2294 698; x_wconf 26' lang='lat'>¹</span> <span class='ocrx_word' id='word_1_338' title='bbox 2331 626 2343 646; x_wconf 38' lang='grc' dir='ltr'>ι</span> 
     </span>
     <span class='ocr_line' id='line_1_60' title="bbox 1363 721 2328 762; baseline -0.001 -9"><span class='ocrx_word' id='word_1_339' title='bbox 1363 723 1402 753; x_wconf 89' lang='lat' dir='ltr'>In</span> <span class='ocrx_word' id='word_1_340' title='bbox 1419 731 1446 753; x_wconf 90' lang='lat' dir='ltr'>e.</span> <span class='ocrx_word' id='word_1_341' title='bbox 1464 731 1507 753; x_wconf 91' lang='lat' dir='ltr'>m.</span> <span class='ocrx_word' id='word_1_342' title='bbox 1527 744 1548 753; x_wconf 90' lang='lat'>..</span> <span class='ocrx_word' id='word_1_343' title='bbox 1566 721 1672 751; x_wconf 90' lang='lat' dir='ltr'>abbati</span> <span class='ocrx_word' id='word_1_344' title='bbox 1692 724 1722 751; x_wconf 85' lang='lat' dir='ltr'>et</span> <span class='ocrx_word' id='word_1_345' title='bbox 1736 721 1910 751; x_wconf 88' lang='lat' dir='ltr'>conventui</span> <span class='ocrx_word' id='word_1_346' title='bbox 1928 721 2115 752; x_wconf 87' lang='lat' dir='ltr'>monasterii</span> <span class='ocrx_word' id='word_1_347' title='bbox 2133 721 2242 753; x_wconf 84' lang='lat' dir='ltr'>Sancti</span> <span class='ocrx_word' id='word_1_348' title='bbox 2258 722 2328 762; x_wconf 68' lang='lat' dir='ltr'>Eu·</span> 
     </span>
     <span class='ocr_line' id='line_1_61' title="bbox 1322 773 2324 812; baseline -0.003 -6"><span class='ocrx_word' id='word_1_349' title='bbox 1322 776 1403 806; x_wconf 90' lang='lat' dir='ltr'>berti</span> <span class='ocrx_word' id='word_1_350' title='bbox 1419 776 1452 806; x_wconf 91' lang='lat' dir='ltr'>in</span> <span class='ocrx_word' id='word_1_351' title='bbox 1472 775 1638 812; x_wconf 80' lang='lat' dir='ltr'>Ardenna,</span> <span class='ocrx_word' id='word_1_352' title='bbox 1654 774 1778 805; x_wconf 87' lang='lat' dir='ltr'>ordinis</span> <span class='ocrx_word' id='word_1_353' title='bbox 1795 773 1827 805; x_wconf 89' lang='lat' dir='ltr'>S.</span> <span class='ocrx_word' id='word_1_354' title='bbox 1846 774 2024 811; x_wconf 81' lang='lat' dir='ltr'>Benedicti,</span> <span class='ocrx_word' id='word_1_355' title='bbox 2043 774 2230 806; x_wconf 82' lang='lat' dir='ltr'>Leodiensis</span> <span class='ocrx_word' id='word_1_356' title='bbox 2241 775 2286 806; x_wconf 89' lang='lat' dir='ltr'>di</span> <span class='ocrx_word' id='word_1_357' title='bbox 2300 789 2324 804; x_wconf 70' lang='grc'>;,-,</span> 
     </span>
     <span class='ocr_line' id='line_1_62' title="bbox 1322 827 2328 870; baseline 0 -10"><span class='ocrx_word' id='word_1_358' title='bbox 1322 830 1414 867; x_wconf 86' lang='grc'>00515,</span> <span class='ocrx_word' id='word_1_359' title='bbox 1432 838 1488 868; x_wconf 89' lang='lat' dir='ltr'>pro</span> <span class='ocrx_word' id='word_1_360' title='bbox 1504 837 1615 859; x_wconf 90' lang='lat' dir='ltr'>eorum</span> <span class='ocrx_word' id='word_1_361' title='bbox 1628 827 1775 865; x_wconf 87' lang='lat' dir='ltr'>ecclesia,</span> <span class='ocrx_word' id='word_1_362' title='bbox 1789 828 1823 857; x_wconf 90' lang='lat' dir='ltr'>in</span> <span class='ocrx_word' id='word_1_363' title='bbox 1841 828 2009 859; x_wconf 84' lang='lat' dir='ltr'>festivitate</span> <span class='ocrx_word' id='word_1_364' title='bbox 2023 828 2054 858; x_wconf 87' lang='lat' dir='ltr'>S.</span> <span class='ocrx_word' id='word_1_365' title='bbox 2075 828 2221 865; x_wconf 85' lang='lat' dir='ltr'>Huberti,</span> <span class='ocrx_word' id='word_1_366' title='bbox 2238 829 2287 870; x_wconf 80' lang='lat' dir='ltr'>cuj</span> <span class='ocrx_word' id='word_1_367' title='bbox 2298 842 2328 855; x_wconf 83' lang='grc'>1.·</span> 
     </span>
     <span class='ocr_line' id='line_1_63' title="bbox 1323 879 2322 922; baseline 0 -8"><span class='ocrx_word' id='word_1_368' title='bbox 1323 883 1476 914; x_wconf 86' lang='lat' dir='ltr'>vocabulo</span> <span class='ocrx_word' id='word_1_369' title='bbox 1496 882 1651 921; x_wconf 84' lang='lat' dir='ltr'>insignita</span> <span class='ocrx_word' id='word_1_370' title='bbox 1673 885 1729 912; x_wconf 87' lang='lat' dir='ltr'>est.</span> <span class='ocrx_word' id='word_1_371' title='bbox 1751 879 1822 911; x_wconf 72' lang='lat' dir='ltr'>Dat.</span> <span class='ocrx_word' id='word_1_372' title='bbox 1847 881 1947 912; x_wconf 88' lang='lat' dir='ltr'>Reate</span> <span class='ocrx_word' id='word_1_373' title='bbox 1959 904 1968 918; x_wconf 92' lang='lat'>,</span> <span class='ocrx_word' id='word_1_374' title='bbox 1984 890 2002 911; x_wconf 87' lang='lat' dir='ltr'><strong>x</strong></span> <span class='ocrx_word' id='word_1_375' title='bbox 2020 881 2176 912; x_wconf 87' lang='lat' dir='ltr'>kalendas</span> <span class='ocrx_word' id='word_1_376' title='bbox 2192 885 2322 922; x_wconf 79' lang='lat' dir='ltr'>septem</span> 
     </span>
     <span class='ocr_line' id='line_1_64' title="bbox 1323 935 1675 974; baseline -0.009 -7"><span class='ocrx_word' id='word_1_377' title='bbox 1323 937 1404 974; x_wconf 85' lang='lat' dir='ltr'>bris,</span> <span class='ocrx_word' id='word_1_378' title='bbox 1421 944 1507 966; x_wconf 87' lang='lat' dir='ltr'>anno</span> <span class='ocrx_word' id='word_1_379' title='bbox 1525 935 1675 966; x_wconf 88' lang='lat' dir='ltr'>secundo.</span> 
     </span>
     <span class='ocr_line' id='line_1_65' title="bbox 1944 981 2275 1016; baseline 0.009 -8"><span class='ocrx_word' id='word_1_380' title='bbox 1944 981 2031 1016; x_wconf 83' lang='lat' dir='ltr'>Rieti,</span> <span class='ocrx_word' id='word_1_381' title='bbox 2046 981 2081 1010; x_wconf 89' lang='grc'>29</span> <span class='ocrx_word' id='word_1_382' title='bbox 2095 983 2164 1009; x_wconf 66' lang='grc'>30111</span> <span class='ocrx_word' id='word_1_383' title='bbox 2179 981 2258 1011; x_wconf 85' lang='grc'>1289.</span> <span class='ocrx_word' id='word_1_384' title='bbox 2269 993 2275 997; x_wconf 51' lang='grc'>“</span> 
     </span>
     <span class='ocr_line' id='line_1_66' title="bbox 1363 1039 2334 1077; baseline -0.001 0"><span class='ocrx_word' id='word_1_385' title='bbox 1363 1047 1403 1077; x_wconf 87' lang='lat' dir='ltr'>In</span> <span class='ocrx_word' id='word_1_386' title='bbox 1424 1056 1452 1077; x_wconf 79' lang='lat' dir='ltr'>e.</span> <span class='ocrx_word' id='word_1_387' title='bbox 1474 1055 1517 1076; x_wconf 86' lang='lat' dir='ltr'>m.</span> <span class='ocrx_word' id='word_1_388' title='bbox 1542 1046 1703 1076; x_wconf 83' lang='lat' dir='ltr'>universis</span> <span class='ocrx_word' id='word_1_389' title='bbox 1726 1044 1848 1075; x_wconf 74' lang='lat' dir='ltr'>Christi</span> <span class='ocrx_word' id='word_1_390' title='bbox 1869 1044 2029 1075; x_wconf 76' lang='lat' dir='ltr'>fidelihus.</span> <span class='ocrx_word' id='word_1_391' title='bbox 2052 1044 2197 1076; x_wconf 78' lang='lat' dir='ltr'>Eandem</span> <span class='ocrx_word' id='word_1_392' title='bbox 2219 1045 2279 1076; x_wconf 73' lang='lat' dir='ltr'>ina</span> <span class='ocrx_word' id='word_1_393' title='bbox 2332 1039 2334 1044; x_wconf 83' lang='grc'>’</span> 
     </span>
     <span class='ocr_line' id='line_1_67' title="bbox 1323 1097 2318 1138; baseline 0 -7"><span class='ocrx_word' id='word_1_394' title='bbox 1323 1101 1467 1138; x_wconf 86' lang='lat' dir='ltr'>gentiam</span> <span class='ocrx_word' id='word_1_395' title='bbox 1483 1099 1627 1130; x_wconf 89' lang='lat' dir='ltr'>concedit</span> <span class='ocrx_word' id='word_1_396' title='bbox 1642 1099 1689 1129; x_wconf 91' lang='lat' dir='ltr'>eis</span> <span class='ocrx_word' id='word_1_397' title='bbox 1705 1098 1760 1138; x_wconf 87' lang='lat' dir='ltr'>qui</span> <span class='ocrx_word' id='word_1_398' title='bbox 1778 1097 1947 1128; x_wconf 88' lang='lat' dir='ltr'>ecclesiam</span> <span class='ocrx_word' id='word_1_399' title='bbox 1965 1098 2004 1128; x_wconf 87' lang='lat' dir='ltr'>de</span> <span class='ocrx_word' id='word_1_400' title='bbox 2026 1098 2142 1130; x_wconf 89' lang='lat' dir='ltr'>Sancto</span> <span class='ocrx_word' id='word_1_401' title='bbox 2157 1098 2318 1131; x_wconf 77' lang='lat' dir='ltr'>Amantio</span> 
     </span>
     <span class='ocr_line' id='line_1_68' title="bbox 1325 1151 2284 1191; baseline 0 -7"><span class='ocrx_word' id='word_1_402' title='bbox 1325 1154 1562 1185; x_wconf 83' lang='lat' dir='ltr'>Lemovicensis</span> <span class='ocrx_word' id='word_1_403' title='bbox 1577 1152 1742 1190; x_wconf 86' lang='lat' dir='ltr'>dioecesis,</span> <span class='ocrx_word' id='word_1_404' title='bbox 1760 1152 1793 1181; x_wconf 88' lang='lat' dir='ltr'>in</span> <span class='ocrx_word' id='word_1_405' title='bbox 1810 1151 1890 1182; x_wconf 80' lang='lat' dir='ltr'>festo</span> <span class='ocrx_word' id='word_1_406' title='bbox 1905 1151 1937 1182; x_wconf 83' lang='lat' dir='ltr'>S.</span> <span class='ocrx_word' id='word_1_407' title='bbox 1957 1152 2057 1191; x_wconf 90' lang='lat' dir='ltr'>Lupi,</span> <span class='ocrx_word' id='word_1_408' title='bbox 2074 1151 2284 1185; x_wconf 76' lang='lat' dir='ltr'>visitaverint.</span> 
     </span>
     <span class='ocr_line' id='line_1_69' title="bbox 1366 1204 2274 1246; baseline 0.002 -11"><span class='ocrx_word' id='word_1_409' title='bbox 1366 1219 1381 1235; x_wconf 81' lang='lat'>«</span> <span class='ocrx_word' id='word_1_410' title='bbox 1398 1208 1486 1238; x_wconf 88' lang='lat' dir='ltr'>Licet</span> <span class='ocrx_word' id='word_1_411' title='bbox 1500 1207 1527 1237; x_wconf 92' lang='lat' dir='ltr'>is</span> <span class='ocrx_word' id='word_1_412' title='bbox 1542 1207 1618 1237; x_wconf 88' lang='lat' dir='ltr'>de...</span> <span class='ocrx_word' id='word_1_413' title='bbox 1631 1223 1671 1229; x_wconf 92' lang='lat'>—</span> <span class='ocrx_word' id='word_1_414' title='bbox 1682 1206 1753 1236; x_wconf 83' lang='lat' dir='ltr'>Dat.</span> <span class='ocrx_word' id='word_1_415' title='bbox 1770 1205 1883 1242; x_wconf 80' lang='lat' dir='ltr'>Reate,</span> <span class='ocrx_word' id='word_1_416' title='bbox 1902 1214 1947 1235; x_wconf 89' lang='grc'>1111</span> <span class='ocrx_word' id='word_1_417' title='bbox 1964 1204 2117 1236; x_wconf 83' lang='lat' dir='ltr'>kalendas</span> <span class='ocrx_word' id='word_1_418' title='bbox 2132 1206 2274 1246; x_wconf 86' lang='lat' dir='ltr'>septemb</span> 
     </span>
     <span class='ocr_line' id='line_1_70' title="bbox 1325 1256 2119 1291; baseline -0.001 0"><span class='ocrx_word' id='word_1_419' title='bbox 1325 1269 1410 1291; x_wconf 88' lang='lat' dir='ltr'>anno</span> <span class='ocrx_word' id='word_1_420' title='bbox 1427 1260 1577 1291; x_wconf 88' lang='lat' dir='ltr'>secundo.</span> <span class='ocrx_word' id='word_1_421' title='bbox 1595 1271 1610 1287; x_wconf 87' lang='lat'>»</span> <span class='ocrx_word' id='word_1_422' title='bbox 2118 1256 2119 1259; x_wconf 71' lang='grc'>’</span> 
     </span>
     <span class='ocr_line' id='line_1_71' title="bbox 1946 1304 2260 1338; baseline 0 -6"><span class='ocrx_word' id='word_1_423' title='bbox 1946 1304 2033 1338; x_wconf 69' lang='lat' dir='ltr'>meti,</span> <span class='ocrx_word' id='word_1_424' title='bbox 2051 1304 2084 1332; x_wconf 88' lang='grc'>12</span> <span class='ocrx_word' id='word_1_425' title='bbox 2097 1305 2166 1332; x_wconf 70' lang='grc'>30111</span> <span class='ocrx_word' id='word_1_426' title='bbox 2182 1305 2260 1334; x_wconf 84' lang='grc'>1289.</span> 
     </span>
     <span class='ocr_line' id='line_1_72' title="bbox 1365 1367 2325 1401; baseline -0.001 0"><span class='ocrx_word' id='word_1_427' title='bbox 1365 1370 1405 1401; x_wconf 85' lang='lat' dir='ltr'>In</span> <span class='ocrx_word' id='word_1_428' title='bbox 1423 1380 1450 1401; x_wconf 93' lang='lat' dir='ltr'>e.</span> <span class='ocrx_word' id='word_1_429' title='bbox 1470 1379 1514 1400; x_wconf 91' lang='lat' dir='ltr'>m.</span> <span class='ocrx_word' id='word_1_430' title='bbox 1534 1393 1554 1400; x_wconf 90' lang='lat'>..</span> <span class='ocrx_word' id='word_1_431' title='bbox 1577 1370 1754 1400; x_wconf 81' lang='lat' dir='ltr'>abbatissae</span> <span class='ocrx_word' id='word_1_432' title='bbox 1771 1373 1802 1399; x_wconf 90' lang='lat' dir='ltr'>et</span> <span class='ocrx_word' id='word_1_433' title='bbox 1818 1368 1990 1399; x_wconf 89' lang='lat' dir='ltr'>conventui</span> <span class='ocrx_word' id='word_1_434' title='bbox 2014 1368 2200 1399; x_wconf 89' lang='lat' dir='ltr'>monasterii</span> <span class='ocrx_word' id='word_1_435' title='bbox 2223 1367 2325 1401; x_wconf 77' lang='lat' dir='ltr'>Sanc</span> 
     </span>
     <span class='ocr_line' id='line_1_73' title="bbox 1325 1421 2321 1466; baseline -0.003 -11"><span class='ocrx_word' id='word_1_436' title='bbox 1325 1424 1445 1463; x_wconf 85' lang='lat' dir='ltr'>Angeli</span> <span class='ocrx_word' id='word_1_437' title='bbox 1461 1423 1500 1453; x_wconf 89' lang='lat' dir='ltr'>de</span> <span class='ocrx_word' id='word_1_438' title='bbox 1512 1424 1641 1454; x_wconf 87' lang='lat' dir='ltr'>Ursano</span> <span class='ocrx_word' id='word_1_439' title='bbox 1654 1423 1693 1453; x_wconf 91' lang='lat' dir='ltr'>de</span> <span class='ocrx_word' id='word_1_440' title='bbox 1708 1422 1833 1460; x_wconf 87' lang='lat' dir='ltr'>Trebis‚</span> <span class='ocrx_word' id='word_1_441' title='bbox 1850 1422 1974 1453; x_wconf 86' lang='lat' dir='ltr'>ordinis</span> <span class='ocrx_word' id='word_1_442' title='bbox 1989 1421 2021 1452; x_wconf 87' lang='lat' dir='ltr'>S.</span> <span class='ocrx_word' id='word_1_443' title='bbox 2041 1421 2225 1460; x_wconf 85' lang='lat' dir='ltr'>Benedicti,</span> <span class='ocrx_word' id='word_1_444' title='bbox 2243 1422 2321 1466; x_wconf 65' lang='lat' dir='ltr'>Arj</span> 
     </span>
     <span class='ocr_line' id='line_1_74' title="bbox 1325 1474 2320 1517; baseline -0.002 -9"><span class='ocrx_word' id='word_1_445' title='bbox 1325 1479 1445 1517; x_wconf 82' lang='lat' dir='ltr'>guinae</span> <span class='ocrx_word' id='word_1_446' title='bbox 1461 1477 1624 1508; x_wconf 88' lang='lat' dir='ltr'>dioecesis.</span> <span class='ocrx_word' id='word_1_447' title='bbox 1643 1477 1786 1507; x_wconf 88' lang='lat' dir='ltr'>Eandem</span> <span class='ocrx_word' id='word_1_448' title='bbox 1801 1475 2040 1514; x_wconf 85' lang='lat' dir='ltr'>indulgentiam</span> <span class='ocrx_word' id='word_1_449' title='bbox 2055 1475 2200 1506; x_wconf 88' lang='lat' dir='ltr'>concedit</span> <span class='ocrx_word' id='word_1_450' title='bbox 2215 1475 2263 1506; x_wconf 80' lang='lat' dir='ltr'>eis</span> <span class='ocrx_word' id='word_1_451' title='bbox 2275 1484 2298 1516; x_wconf 86' lang='lat' dir='ltr'>q</span> <span class='ocrx_word' id='word_1_452' title='bbox 2311 1474 2320 1502; x_wconf 91' lang='grc'>’1</span> 
     </span>
     <span class='ocr_line' id='line_1_75' title="bbox 1326 1528 2326 1570; baseline -0.002 -8"><span class='ocrx_word' id='word_1_453' title='bbox 1326 1531 1493 1563; x_wconf 87' lang='lat' dir='ltr'>ecclesiam</span> <span class='ocrx_word' id='word_1_454' title='bbox 1515 1530 1666 1570; x_wconf 86' lang='lat' dir='ltr'>praedicti</span> <span class='ocrx_word' id='word_1_455' title='bbox 1691 1529 1876 1561; x_wconf 86' lang='lat' dir='ltr'>monasterii</span> <span class='ocrx_word' id='word_1_456' title='bbox 1891 1553 1898 1567; x_wconf 88' lang='lat'>,</span> <span class='ocrx_word' id='word_1_457' title='bbox 1913 1529 1949 1559; x_wconf 89' lang='grc'>111</span> <span class='ocrx_word' id='word_1_458' title='bbox 1973 1528 2006 1559; x_wconf 86' lang='lat' dir='ltr'>S.</span> <span class='ocrx_word' id='word_1_459' title='bbox 2033 1528 2152 1568; x_wconf 83' lang='lat' dir='ltr'>Angeli</span> <span class='ocrx_word' id='word_1_460' title='bbox 2173 1532 2205 1559; x_wconf 88' lang='lat' dir='ltr'>et</span> <span class='ocrx_word' id='word_1_461' title='bbox 2224 1528 2284 1560; x_wconf 85' lang='lat' dir='ltr'>bea</span> <span class='ocrx_word' id='word_1_462' title='bbox 2301 1542 2326 1564; x_wconf 54' lang='lat'>:2</span> 
     </span>
     <span class='ocr_line' id='line_1_76' title="bbox 1326 1580 2323 1622; baseline -0.003 -7"><span class='ocrx_word' id='word_1_463' title='bbox 1326 1585 1448 1615; x_wconf 83' lang='lat' dir='ltr'>Mariae</span> <span class='ocrx_word' id='word_1_464' title='bbox 1464 1583 1705 1621; x_wconf 84' lang='lat' dir='ltr'>festivitatibus,</span> <span class='ocrx_word' id='word_1_465' title='bbox 1729 1587 1760 1613; x_wconf 93' lang='lat' dir='ltr'>et</span> <span class='ocrx_word' id='word_1_466' title='bbox 1774 1592 1830 1622; x_wconf 89' lang='lat' dir='ltr'>per</span> <span class='ocrx_word' id='word_1_467' title='bbox 1844 1585 1912 1613; x_wconf 89' lang='lat' dir='ltr'>octo</span> <span class='ocrx_word' id='word_1_468' title='bbox 1931 1582 2000 1613; x_wconf 90' lang='lat' dir='ltr'>dies</span> <span class='ocrx_word' id='word_1_469' title='bbox 2015 1585 2187 1622; x_wconf 84' lang='lat' dir='ltr'>sequentes</span> <span class='ocrx_word' id='word_1_470' title='bbox 2200 1605 2208 1620; x_wconf 96' lang='lat'>,</span> <span class='ocrx_word' id='word_1_471' title='bbox 2223 1580 2285 1612; x_wconf 86' lang='lat' dir='ltr'>visi</span> <span class='ocrx_word' id='word_1_472' title='bbox 2315 1612 2323 1619; x_wconf 76' lang='grc'>,</span> 
     </span>
     <span class='ocr_line' id='line_1_77' title="bbox 1324 1634 2222 1675; baseline -0.003 -7"><span class='ocrx_word' id='word_1_473' title='bbox 1324 1639 1440 1669; x_wconf 89' lang='lat' dir='ltr'>verint.</span> <span class='ocrx_word' id='word_1_474' title='bbox 1459 1638 1530 1668; x_wconf 86' lang='lat' dir='ltr'>Dat.</span> <span class='ocrx_word' id='word_1_475' title='bbox 1549 1637 1664 1675; x_wconf 86' lang='lat' dir='ltr'>Reate,</span> <span class='ocrx_word' id='word_1_476' title='bbox 1680 1646 1701 1666; x_wconf 90' lang='lat'>11</span> <span class='ocrx_word' id='word_1_477' title='bbox 1717 1636 1790 1667; x_wconf 90' lang='lat' dir='ltr'>idus</span> <span class='ocrx_word' id='word_1_478' title='bbox 1802 1635 1948 1674; x_wconf 82' lang='lat' dir='ltr'>angusti,</span> <span class='ocrx_word' id='word_1_479' title='bbox 1965 1643 2052 1666; x_wconf 88' lang='lat' dir='ltr'>anno</span> <span class='ocrx_word' id='word_1_480' title='bbox 2069 1634 2222 1666; x_wconf 84' lang='lat' dir='ltr'>secundo.</span> 
     </span>
    </p>
   </div>
   <div class='ocr_carea' id='block_1_14' title="bbox 1400 1780 2261 1814">
    <p class='ocr_par' dir='ltr' id='par_1_17' title="bbox 1400 1780 2261 1814">
     <span class='ocr_line' id='line_1_78' title="bbox 1400 1780 2261 1814; baseline -0.007 0"><span class='ocrx_word' id='word_1_481' title='bbox 1400 1785 1514 1814; x_wconf 61' lang='lat' dir='ltr'>12¹2ss</span> <span class='ocrx_word' id='word_1_482' title='bbox 1942 1781 2034 1813; x_wconf 84' lang='lat' dir='ltr'>Rieti,</span> <span class='ocrx_word' id='word_1_483' title='bbox 2049 1781 2084 1808; x_wconf 87' lang='grc'>23</span> <span class='ocrx_word' id='word_1_484' title='bbox 2099 1781 2168 1808; x_wconf 74' lang='lat' dir='ltr'>aodt</span> <span class='ocrx_word' id='word_1_485' title='bbox 2183 1780 2261 1810; x_wconf 83' lang='grc'>1289.</span> 
     </span>
    </p>
   </div>
   <div class='ocr_carea' id='block_1_15' title="bbox 1326 1842 2320 1933">
    <p class='ocr_par' dir='ltr' id='par_1_18' title="bbox 1326 1842 2328 1933">
     <span class='ocr_line' id='line_1_79' title="bbox 1362 1842 2320 1880; baseline -0.003 -5"><span class='ocrx_word' id='word_1_486' title='bbox 1362 1847 1513 1876; x_wconf 87' lang='lat' dir='ltr'>Contentio</span> <span class='ocrx_word' id='word_1_487' title='bbox 1549 1847 1622 1873; x_wconf 87' lang='lat' dir='ltr'>inter</span> <span class='ocrx_word' id='word_1_488' title='bbox 1654 1845 1785 1880; x_wconf 85' lang='lat' dir='ltr'>diversos</span> <span class='ocrx_word' id='word_1_489' title='bbox 1821 1845 1930 1872; x_wconf 86' lang='lat' dir='ltr'>ratione</span> <span class='ocrx_word' id='word_1_490' title='bbox 1963 1844 2104 1871; x_wconf 88' lang='lat' dir='ltr'>ecclesiae</span> <span class='ocrx_word' id='word_1_491' title='bbox 2135 1843 2171 1870; x_wconf 89' lang='lat' dir='ltr'>de</span> <span class='ocrx_word' id='word_1_492' title='bbox 2203 1842 2320 1872; x_wconf 68' lang='grc' dir='ltr'>Νοιιῐσ</span> 
     </span>
     <span class='ocr_line' id='line_1_80' title="bbox 1326 1887 2222 1933; baseline -0.01 -7"><span class='ocrx_word' id='word_1_493' title='bbox 1326 1898 1410 1933; x_wconf 73' lang='lat' dir='ltr'>(Rea.</span> <span class='ocrx_word' id='word_1_494' title='bbox 1428 1897 1472 1932; x_wconf 86' lang='lat'>44,</span> <span class='ocrx_word' id='word_1_495' title='bbox 1489 1905 1514 1924; x_wconf 87' lang='grc'>0.</span> <span class='ocrx_word' id='word_1_496' title='bbox 1532 1896 1591 1928; x_wconf 87' lang='grc'>413,</span> <span class='ocrx_word' id='word_1_497' title='bbox 1609 1895 1627 1922; x_wconf 85' lang='lat' dir='ltr'>f.</span> <span class='ocrx_word' id='word_1_498' title='bbox 1649 1894 1699 1923; x_wconf 89' lang='lat'>199</span> <span class='ocrx_word' id='word_1_499' title='bbox 1714 1896 1766 1928; x_wconf 84' lang='lat' dir='ltr'>v0.)</span> <span class='ocrx_word' id='word_1_500' title='bbox 2215 1887 2222 1895; x_wconf 90' lang='lat'>&#39;</span> 
     </span>
    </p>
   </div>
   <div class='ocr_carea' id='block_1_16' title="bbox 1327 1981 2391 2990">
    <p class='ocr_par' dir='ltr' id='par_1_19' title="bbox 1328 1981 2391 2881">
     <span class='ocr_line' id='line_1_81' title="bbox 1369 1981 2320 2025; baseline -0.006 -8"><span class='ocrx_word' id='word_1_501' title='bbox 1369 2011 1390 2018; x_wconf 92' lang='lat'>..</span> <span class='ocrx_word' id='word_1_502' title='bbox 1414 1987 1562 2025; x_wconf 63' lang='lat' dir='ltr'>magistro</span> <span class='ocrx_word' id='word_1_503' title='bbox 1581 1985 1697 2023; x_wconf 80' lang='lat' dir='ltr'>Gifrz&#39;do</span> <span class='ocrx_word' id='word_1_504' title='bbox 1717 1985 1752 2014; x_wconf 83' lang='lat' dir='ltr'>de</span> <span class='ocrx_word' id='word_1_505' title='bbox 1782 1984 1915 2019; x_wconf 79' lang='lat' dir='ltr'>Vezano,</span> <span class='ocrx_word' id='word_1_506' title='bbox 1940 1983 2086 2013; x_wconf 78' lang='lat' dir='ltr'>canonico</span> <span class='ocrx_word' id='word_1_507' title='bbox 2108 1981 2236 2012; x_wconf 84' lang='lat' dir='ltr'>Gamera</span> <span class='ocrx_word' id='word_1_508' title='bbox 2259 1995 2262 1999; x_wconf 49' lang='lat' dir='ltr'><em>s</em></span> <span class='ocrx_word' id='word_1_509' title='bbox 2299 1984 2320 2010; x_wconf 60' lang='lat'>1&#39;</span> 
     </span>
     <span class='ocr_line' id='line_1_82' title="bbox 1329 2031 2324 2075; baseline -0.004 -4"><span class='ocrx_word' id='word_1_510' title='bbox 1329 2049 1445 2071; x_wconf 78' lang='lat' dir='ltr'>camere</span> <span class='ocrx_word' id='word_1_511' title='bbox 1470 2044 1572 2070; x_wconf 73' lang='lat' dir='ltr'>nostre</span> <span class='ocrx_word' id='word_1_512' title='bbox 1604 2039 1727 2075; x_wconf 75' lang='lat' dir='ltr'>clerico,</span> <span class='ocrx_word' id='word_1_513' title='bbox 1754 2039 1787 2067; x_wconf 81' lang='lat' dir='ltr'>in</span> <span class='ocrx_word' id='word_1_514' title='bbox 1813 2037 1926 2074; x_wconf 72' lang='lat' dir='ltr'>Anqlia</span> <span class='ocrx_word' id='word_1_515' title='bbox 1952 2036 2175 2073; x_wconf 78' lang='lat' dir='ltr'>commoranti,</span> <span class='ocrx_word' id='word_1_516' title='bbox 2204 2031 2324 2068; x_wconf 81' lang='lat' dir='ltr'>mand</span> 
     </span>
     <span class='ocr_line' id='line_1_83' title="bbox 1328 2079 2376 2135; baseline -0.006 -10"><span class='ocrx_word' id='word_1_517' title='bbox 1328 2099 1488 2135; x_wconf 87' lang='lat' dir='ltr'>quatenus</span> <span class='ocrx_word' id='word_1_518' title='bbox 1510 2091 1725 2123; x_wconf 89' lang='lat' dir='ltr'>Guillelmum</span> <span class='ocrx_word' id='word_1_519' title='bbox 1744 2090 1782 2121; x_wconf 89' lang='lat' dir='ltr'>de</span> <span class='ocrx_word' id='word_1_520' title='bbox 1806 2090 1973 2120; x_wconf 89' lang='lat' dir='ltr'>Hebbeton</span> <span class='ocrx_word' id='word_1_521' title='bbox 1987 2113 1996 2127; x_wconf 89' lang='lat'>‚</span> <span class='ocrx_word' id='word_1_522' title='bbox 2019 2089 2176 2120; x_wconf 87' lang='lat' dir='ltr'>clericum</span> <span class='ocrx_word' id='word_1_523' title='bbox 2191 2079 2315 2120; x_wconf 57' lang='lat' dir='ltr'>Saros-1}</span> <span class='ocrx_word' id='word_1_524' title='bbox 2370 2089 2376 2092; x_wconf 84' lang='grc'><strong>“</strong></span> 
     </span>
     <span class='ocr_line' id='line_1_84' title="bbox 1329 2143 2333 2181; baseline -0.006 -2"><span class='ocrx_word' id='word_1_525' title='bbox 1329 2148 1446 2179; x_wconf 76' lang='grc'>11011515</span> <span class='ocrx_word' id='word_1_526' title='bbox 1462 2146 1627 2181; x_wconf 87' lang='lat' dir='ltr'>dioecesis,</span> <span class='ocrx_word' id='word_1_527' title='bbox 1645 2168 1666 2176; x_wconf 86' lang='lat'>..</span> <span class='ocrx_word' id='word_1_528' title='bbox 1681 2145 1828 2175; x_wconf 89' lang='lat' dir='ltr'>abbatem</span> <span class='ocrx_word' id='word_1_529' title='bbox 1843 2148 1874 2175; x_wconf 93' lang='lat' dir='ltr'>et</span> <span class='ocrx_word' id='word_1_530' title='bbox 1893 2148 2088 2175; x_wconf 87' lang='lat' dir='ltr'>conventum</span> <span class='ocrx_word' id='word_1_531' title='bbox 2103 2143 2142 2174; x_wconf 89' lang='lat' dir='ltr'>de</span> <span class='ocrx_word' id='word_1_532' title='bbox 2155 2143 2333 2179; x_wconf 54' lang='lat' dir='ltr'>Malnusu„</span> 
     </span>
     <span class='ocr_line' id='line_1_85' title="bbox 1329 2196 2283 2242; baseline -0.006 -9"><span class='ocrx_word' id='word_1_533' title='bbox 1329 2203 1377 2233; x_wconf 87' lang='lat' dir='ltr'>ria</span> <span class='ocrx_word' id='word_1_534' title='bbox 1393 2202 1454 2242; x_wconf 87' lang='lat'>(1),</span> <span class='ocrx_word' id='word_1_535' title='bbox 1470 2199 1595 2232; x_wconf 87' lang='lat' dir='ltr'>ordinis</span> <span class='ocrx_word' id='word_1_536' title='bbox 1614 2199 1646 2230; x_wconf 87' lang='lat' dir='ltr'>S.</span> <span class='ocrx_word' id='word_1_537' title='bbox 1666 2198 1855 2234; x_wconf 86' lang='lat' dir='ltr'>Benedicti,</span> <span class='ocrx_word' id='word_1_538' title='bbox 1871 2197 2016 2238; x_wconf 86' lang='lat' dir='ltr'>ejusdem</span> <span class='ocrx_word' id='word_1_539' title='bbox 2031 2197 2209 2235; x_wconf 78' lang='lat' dir='ltr'>dioecesis,</span> <span class='ocrx_word' id='word_1_540' title='bbox 2225 2196 2283 2237; x_wconf 87' lang='lat' dir='ltr'>qui</span> 
     </span>
     <span class='ocr_line' id='line_1_86' title="bbox 1329 2250 2316 2291; baseline -0.005 -4"><span class='ocrx_word' id='word_1_541' title='bbox 1329 2255 1462 2287; x_wconf 88' lang='lat' dir='ltr'>ecclesia</span> <span class='ocrx_word' id='word_1_542' title='bbox 1487 2253 1526 2284; x_wconf 91' lang='lat' dir='ltr'>de</span> <span class='ocrx_word' id='word_1_543' title='bbox 1552 2253 1681 2284; x_wconf 88' lang='lat' dir='ltr'>Nonton</span> <span class='ocrx_word' id='word_1_544' title='bbox 1700 2252 1753 2291; x_wconf 82' lang='lat' dir='ltr'>jus</span> <span class='ocrx_word' id='word_1_545' title='bbox 1776 2255 1962 2291; x_wconf 83' lang='lat' dir='ltr'>patronatus</span> <span class='ocrx_word' id='word_1_546' title='bbox 1991 2260 2026 2282; x_wconf 91' lang='lat' dir='ltr'>se</span> <span class='ocrx_word' id='word_1_547' title='bbox 2046 2250 2165 2282; x_wconf 85' lang='lat' dir='ltr'>habere</span> <span class='ocrx_word' id='word_1_548' title='bbox 2188 2253 2316 2290; x_wconf 68' lang='lat' dir='ltr'>praete</span> 
     </span>
     <span class='ocr_line' id='line_1_87' title="bbox 1329 2303 2391 2346; baseline -0.006 -6"><span class='ocrx_word' id='word_1_549' title='bbox 1329 2310 1427 2346; x_wconf 90' lang='lat' dir='ltr'>dunt,</span> <span class='ocrx_word' id='word_1_550' title='bbox 1447 2311 1478 2339; x_wconf 87' lang='lat' dir='ltr'>et</span> <span class='ocrx_word' id='word_1_551' title='bbox 1498 2331 1518 2339; x_wconf 88' lang='lat'>..</span> <span class='ocrx_word' id='word_1_552' title='bbox 1542 2307 1726 2346; x_wconf 88' lang='lat' dir='ltr'>episcopum</span> <span class='ocrx_word' id='word_1_553' title='bbox 1752 2305 2026 2336; x_wconf 86' lang='lat' dir='ltr'>Saresbiriensem</span> <span class='ocrx_word' id='word_1_554' title='bbox 2043 2304 2154 2344; x_wconf 86' lang='lat' dir='ltr'>jubeat</span> <span class='ocrx_word' id='word_1_555' title='bbox 2169 2303 2346 2335; x_wconf 78' lang='grc'>000105”</span> <span class='ocrx_word' id='word_1_556' title='bbox 2390 2331 2391 2334; x_wconf 75' lang='grc'>,</span> 
     </span>
     <span class='ocr_line' id='line_1_88' title="bbox 1329 2357 2323 2398; baseline -0.006 -4"><span class='ocrx_word' id='word_1_557' title='bbox 1329 2364 1369 2394; x_wconf 83' lang='grc'>(10</span> <span class='ocrx_word' id='word_1_558' title='bbox 1389 2362 1518 2393; x_wconf 90' lang='lat' dir='ltr'>Nonton</span> <span class='ocrx_word' id='word_1_559' title='bbox 1535 2360 1620 2390; x_wconf 79' lang='lat' dir='ltr'>infra</span> <span class='ocrx_word' id='word_1_560' title='bbox 1637 2360 1733 2390; x_wconf 90' lang='lat' dir='ltr'>unius</span> <span class='ocrx_word' id='word_1_561' title='bbox 1751 2359 1872 2389; x_wconf 89' lang='lat' dir='ltr'>mensis</span> <span class='ocrx_word' id='word_1_562' title='bbox 1890 2358 2028 2398; x_wconf 86' lang='lat' dir='ltr'>spatium</span> <span class='ocrx_word' id='word_1_563' title='bbox 2043 2357 2161 2389; x_wconf 87' lang='lat' dir='ltr'>Oberto</span> <span class='ocrx_word' id='word_1_564' title='bbox 2176 2357 2216 2388; x_wconf 83' lang='lat' dir='ltr'>de</span> <span class='ocrx_word' id='word_1_565' title='bbox 2226 2357 2323 2388; x_wconf 72' lang='lat' dir='ltr'>Mon</span> 
     </span>
     <span class='ocr_line' id='line_1_89' title="bbox 1329 2409 2324 2452; baseline -0.006 -5"><span class='ocrx_word' id='word_1_566' title='bbox 1329 2418 1464 2448; x_wconf 91' lang='lat' dir='ltr'>Donneo</span> <span class='ocrx_word' id='word_1_567' title='bbox 1487 2414 1667 2450; x_wconf 83' lang='lat' dir='ltr'>restituere,</span> <span class='ocrx_word' id='word_1_568' title='bbox 1696 2418 1726 2443; x_wconf 91' lang='lat' dir='ltr'>et</span> <span class='ocrx_word' id='word_1_569' title='bbox 1750 2412 1790 2443; x_wconf 89' lang='lat' dir='ltr'>de</span> <span class='ocrx_word' id='word_1_570' title='bbox 1816 2412 1965 2452; x_wconf 86' lang='lat' dir='ltr'>expensis</span> <span class='ocrx_word' id='word_1_571' title='bbox 1995 2415 2026 2442; x_wconf 90' lang='lat' dir='ltr'>et</span> <span class='ocrx_word' id='word_1_572' title='bbox 2051 2410 2201 2451; x_wconf 88' lang='lat' dir='ltr'>dampnis</span> <span class='ocrx_word' id='word_1_573' title='bbox 2231 2409 2324 2442; x_wconf 82' lang='lat' dir='ltr'>eid</span> 
     </span>
     <span class='ocr_line' id='line_1_90' title="bbox 1330 2463 2325 2505; baseline -0.008 -4"><span class='ocrx_word' id='word_1_574' title='bbox 1330 2470 1446 2502; x_wconf 87' lang='lat' dir='ltr'>Oberto</span> <span class='ocrx_word' id='word_1_575' title='bbox 1473 2468 1565 2499; x_wconf 88' lang='lat' dir='ltr'>factis</span> <span class='ocrx_word' id='word_1_576' title='bbox 1589 2466 1840 2497; x_wconf 83' lang='lat' dir='ltr'>satisfactionem</span> <span class='ocrx_word' id='word_1_577' title='bbox 1864 2465 2071 2505; x_wconf 85' lang='lat' dir='ltr'>impendere3</span> <span class='ocrx_word' id='word_1_578' title='bbox 2096 2463 2261 2504; x_wconf 86' lang='lat' dir='ltr'>alioquin,</span> <span class='ocrx_word' id='word_1_579' title='bbox 2286 2469 2325 2490; x_wconf 62' lang='grc' dir='ltr'>-1ῑ</span> 
     </span>
     <span class='ocr_line' id='line_1_91' title="bbox 1329 2517 2323 2560; baseline -0.008 -5"><span class='ocrx_word' id='word_1_580' title='bbox 1329 2525 1403 2555; x_wconf 89' lang='lat' dir='ltr'>citet</span> <span class='ocrx_word' id='word_1_581' title='bbox 1425 2525 1460 2554; x_wconf 88' lang='lat' dir='ltr'>ut</span> <span class='ocrx_word' id='word_1_582' title='bbox 1480 2520 1674 2553; x_wconf 88' lang='lat' dir='ltr'>Guillelmus</span> <span class='ocrx_word' id='word_1_583' title='bbox 1692 2519 1921 2560; x_wconf 85' lang='lat' dir='ltr'>personaliter,</span> <span class='ocrx_word' id='word_1_584' title='bbox 1941 2518 1996 2549; x_wconf 87' lang='lat' dir='ltr'>alii</span> <span class='ocrx_word' id='word_1_585' title='bbox 2012 2527 2068 2558; x_wconf 89' lang='lat' dir='ltr'>per</span> <span class='ocrx_word' id='word_1_586' title='bbox 2083 2527 2117 2549; x_wconf 85' lang='lat' dir='ltr'>se</span> <span class='ocrx_word' id='word_1_587' title='bbox 2134 2517 2184 2549; x_wconf 89' lang='lat' dir='ltr'>vel</span> <span class='ocrx_word' id='word_1_588' title='bbox 2197 2526 2252 2558; x_wconf 87' lang='lat' dir='ltr'>per</span> <span class='ocrx_word' id='word_1_589' title='bbox 2264 2525 2284 2558; x_wconf 85' lang='lat' dir='ltr'>p</span> <span class='ocrx_word' id='word_1_590' title='bbox 2308 2525 2323 2542; x_wconf 56' lang='lat' dir='ltr'>v*</span> 
     </span>
     <span class='ocr_line' id='line_1_92' title="bbox 1329 2565 2336 2613; baseline -0.006 -5"><span class='ocrx_word' id='word_1_591' title='bbox 1329 2581 1508 2613; x_wconf 86' lang='lat' dir='ltr'>curatores,</span> <span class='ocrx_word' id='word_1_592' title='bbox 1532 2575 1617 2605; x_wconf 82' lang='lat' dir='ltr'>infra</span> <span class='ocrx_word' id='word_1_593' title='bbox 1640 2578 1702 2604; x_wconf 88' lang='lat' dir='ltr'>tres</span> <span class='ocrx_word' id='word_1_594' title='bbox 1724 2582 1871 2610; x_wconf 87' lang='lat' dir='ltr'>menses,</span> <span class='ocrx_word' id='word_1_595' title='bbox 1895 2572 2066 2612; x_wconf 88' lang='lat' dir='ltr'>apostolico</span> <span class='ocrx_word' id='word_1_596' title='bbox 2094 2581 2128 2603; x_wconf 89' lang='lat' dir='ltr'>se</span> <span class='ocrx_word' id='word_1_597' title='bbox 2154 2565 2336 2613; x_wconf 31' lang='grc' dir='ltr'>0011500οᾖ1,-</span> 
     </span>
     <span class='ocr_line' id='line_1_93' title="bbox 1329 2625 2330 2671; baseline -0.006 -10"><span class='ocrx_word' id='word_1_598' title='bbox 1329 2632 1542 2671; x_wconf 87' lang='lat' dir='ltr'>praesentent.</span> <span class='ocrx_word' id='word_1_599' title='bbox 1566 2644 1605 2649; x_wconf 95' lang='lat'>—</span> <span class='ocrx_word' id='word_1_600' title='bbox 1630 2626 1817 2657; x_wconf 89' lang='lat' dir='ltr'>Praedictus</span> <span class='ocrx_word' id='word_1_601' title='bbox 1839 2625 2035 2657; x_wconf 88' lang='lat' dir='ltr'>Guillelmus</span> <span class='ocrx_word' id='word_1_602' title='bbox 2049 2649 2056 2663; x_wconf 89' lang='lat'>‚</span> <span class='ocrx_word' id='word_1_603' title='bbox 2075 2625 2229 2656; x_wconf 89' lang='lat' dir='ltr'>Obertum</span> <span class='ocrx_word' id='word_1_604' title='bbox 2248 2632 2294 2655; x_wconf 88' lang='lat' dir='ltr'>m·</span> <span class='ocrx_word' id='word_1_605' title='bbox 2310 2628 2330 2651; x_wconf 63' lang='grc'>12.</span> 
     </span>
     <span class='ocr_line' id='line_1_94' title="bbox 1328 2680 2278 2720; baseline -0.007 -5"><span class='ocrx_word' id='word_1_606' title='bbox 1328 2689 1421 2715; x_wconf 88' lang='lat' dir='ltr'>tuum</span> <span class='ocrx_word' id='word_1_607' title='bbox 1437 2691 1504 2713; x_wconf 84' lang='lat' dir='ltr'>esse</span> <span class='ocrx_word' id='word_1_608' title='bbox 1527 2682 1674 2720; x_wconf 86' lang='lat' dir='ltr'>fingens,</span> <span class='ocrx_word' id='word_1_609' title='bbox 1692 2689 1747 2720; x_wconf 88' lang='lat' dir='ltr'>per</span> <span class='ocrx_word' id='word_1_610' title='bbox 1763 2680 1911 2711; x_wconf 86' lang='lat' dir='ltr'>abbatem</span> <span class='ocrx_word' id='word_1_611' title='bbox 1932 2683 1963 2710; x_wconf 86' lang='lat' dir='ltr'>et</span> <span class='ocrx_word' id='word_1_612' title='bbox 1983 2682 2179 2710; x_wconf 85' lang='lat' dir='ltr'>conventum</span> <span class='ocrx_word' id='word_1_613' title='bbox 2192 2685 2278 2718; x_wconf 79' lang='lat' dir='ltr'>prae</span> 
     </span>
     <span class='ocr_line' id='line_1_95' title="bbox 1330 2731 2332 2775; baseline -0.006 -6"><span class='ocrx_word' id='word_1_614' title='bbox 1330 2743 1392 2774; x_wconf 89' lang='lat' dir='ltr'>tos,</span> <span class='ocrx_word' id='word_1_615' title='bbox 1423 2735 1587 2775; x_wconf 86' lang='lat' dir='ltr'>nequitiae</span> <span class='ocrx_word' id='word_1_616' title='bbox 1612 2735 1681 2774; x_wconf 91' lang='lat' dir='ltr'>ejus</span> <span class='ocrx_word' id='word_1_617' title='bbox 1699 2734 1862 2771; x_wconf 89' lang='lat' dir='ltr'>conscios,</span> <span class='ocrx_word' id='word_1_618' title='bbox 1886 2742 1920 2764; x_wconf 86' lang='lat' dir='ltr'>se</span> <span class='ocrx_word' id='word_1_619' title='bbox 1944 2732 2105 2772; x_wconf 86' lang='lat' dir='ltr'>praedicto</span> <span class='ocrx_word' id='word_1_620' title='bbox 2129 2731 2273 2772; x_wconf 81' lang='lat' dir='ltr'>episcopo</span> <span class='ocrx_word' id='word_1_621' title='bbox 2298 2732 2332 2773; x_wconf 41' lang='grc' dir='ltr'>’,ἐξ</span> 
     </span>
     <span class='ocr_line' id='line_1_96' title="bbox 1329 2783 2383 2827; baseline -0.007 -5"><span class='ocrx_word' id='word_1_622' title='bbox 1329 2791 1464 2823; x_wconf 87' lang='lat' dir='ltr'>eandem</span> <span class='ocrx_word' id='word_1_623' title='bbox 1485 2788 1651 2819; x_wconf 88' lang='lat' dir='ltr'>ecclesiam</span> <span class='ocrx_word' id='word_1_624' title='bbox 1669 2787 1863 2827; x_wconf 89' lang='lat' dir='ltr'>praesentari</span> <span class='ocrx_word' id='word_1_625' title='bbox 1879 2786 1971 2824; x_wconf 83' lang='lat' dir='ltr'>fecit,</span> <span class='ocrx_word' id='word_1_626' title='bbox 1989 2786 2233 2826; x_wconf 86' lang='lat' dir='ltr'>episcopusque,</span> <span class='ocrx_word' id='word_1_627' title='bbox 2247 2783 2329 2816; x_wconf 41' lang='lat' dir='ltr'>fras..</span> <span class='ocrx_word' id='word_1_628' title='bbox 2379 2813 2383 2822; x_wconf 89' lang='grc'>,</span> 
     </span>
     <span class='ocr_line' id='line_1_97' title="bbox 1328 2838 2280 2881; baseline -0.007 -5"><span class='ocrx_word' id='word_1_629' title='bbox 1328 2846 1377 2876; x_wconf 88' lang='lat' dir='ltr'>dis</span> <span class='ocrx_word' id='word_1_630' title='bbox 1394 2852 1457 2875; x_wconf 90' lang='lat' dir='ltr'>non</span> <span class='ocrx_word' id='word_1_631' title='bbox 1473 2843 1624 2881; x_wconf 84' lang='lat' dir='ltr'>ignarus,</span> <span class='ocrx_word' id='word_1_632' title='bbox 1639 2841 1778 2872; x_wconf 88' lang='lat' dir='ltr'>eundem</span> <span class='ocrx_word' id='word_1_633' title='bbox 1793 2844 1948 2871; x_wconf 88' lang='lat' dir='ltr'>rectorem</span> <span class='ocrx_word' id='word_1_634' title='bbox 1964 2839 2115 2870; x_wconf 84' lang='lat' dir='ltr'>ecclesiae</span> <span class='ocrx_word' id='word_1_635' title='bbox 2129 2838 2280 2870; x_wconf 83' lang='lat' dir='ltr'>instituit.</span> 
     </span>
    </p>

    <p class='ocr_par' dir='ltr' id='par_1_20' title="bbox 1327 2892 2331 2990">
     <span class='ocr_line' id='line_1_98' title="bbox 1370 2892 2331 2935; baseline -0.003 -8"><span class='ocrx_word' id='word_1_636' title='bbox 1370 2910 1384 2926; x_wconf 77' lang='grc' dir='ltr'>α</span> <span class='ocrx_word' id='word_1_637' title='bbox 1402 2895 1652 2935; x_wconf 87' lang='lat' dir='ltr'>Malignantium</span> <span class='ocrx_word' id='word_1_638' title='bbox 1664 2894 1764 2933; x_wconf 82' lang='lat' dir='ltr'>exigit</span> <span class='ocrx_word' id='word_1_639' title='bbox 1775 2894 1980 2925; x_wconf 89' lang='lat' dir='ltr'>temeraria...</span> <span class='ocrx_word' id='word_1_640' title='bbox 1991 2893 2112 2924; x_wconf 85' lang='lat' dir='ltr'>—Dat.</span> <span class='ocrx_word' id='word_1_641' title='bbox 2128 2893 2270 2931; x_wconf 83' lang='lat' dir='ltr'>Reate‚x</span> <span class='ocrx_word' id='word_1_642' title='bbox 2286 2903 2289 2917; x_wconf 83' lang='lat'><em>2</em></span> <span class='ocrx_word' id='word_1_643' title='bbox 2306 2892 2331 2930; x_wconf 43' lang='lat' dir='ltr'>,f</span> 
     </span>
     <span class='ocr_line' id='line_1_99' title="bbox 1327 2947 1959 2990; baseline -0.008 -8"><span class='ocrx_word' id='word_1_644' title='bbox 1327 2951 1439 2983; x_wconf 89' lang='lat' dir='ltr'>lendas</span> <span class='ocrx_word' id='word_1_645' title='bbox 1454 2949 1659 2990; x_wconf 88' lang='lat' dir='ltr'>septembris,</span> <span class='ocrx_word' id='word_1_646' title='bbox 1676 2957 1762 2979; x_wconf 88' lang='lat' dir='ltr'>anno</span> <span class='ocrx_word' id='word_1_647' title='bbox 1776 2947 1927 2979; x_wconf 88' lang='lat' dir='ltr'>secundo.</span> <span class='ocrx_word' id='word_1_648' title='bbox 1946 2959 1959 2975; x_wconf 81' lang='grc'>11</span> 
     </span>
    </p>
   </div>
   <div class='ocr_carea' id='block_1_17' title="bbox 1359 3042 1778 3076">
    <p class='ocr_par' dir='ltr' id='par_1_21' title="bbox 1359 3042 1778 3076">
     <span class='ocr_line' id='line_1_100' title="bbox 1359 3042 1778 3076; baseline -0.01 -7"><span class='ocrx_word' id='word_1_649' title='bbox 1359 3045 1392 3076; x_wconf 92' lang='grc'>(1)</span> <span class='ocrx_word' id='word_1_650' title='bbox 1410 3044 1484 3068; x_wconf 85' lang='lat' dir='ltr'>Ecrit</span> <span class='ocrx_word' id='word_1_651' title='bbox 1498 3043 1571 3067; x_wconf 83' lang='lat' dir='ltr'>aussi</span> <span class='ocrx_word' id='word_1_652' title='bbox 1587 3042 1778 3066; x_wconf 78' lang='lat' dir='ltr'>Manusderia.</span> 
     </span>
    </p>
   </div>
  </div>
 </body>
</html>
