2477 3637
206 357 265 387 240
952 349 1189 380 REGISTRES
1211 349 1266 378 DE
1288 345 1472 377 NICOLAS
1495 346 1552 375 IV.

210 423 285 453 tiam
299 446 307 460 ‚
327 426 501 452 vestrorum
527 419 672 450 omnium
698 415 983 447 ecclesiasticorum
1008 415 1210 452 reddituum,

208 480 418 514 proventuum
444 473 623 506 decimam,
647 474 682 499 ut
708 468 921 508 premittitur,
947 477 1002 507 per
1027 467 1212 506 hujusmodi

210 528 387 558 triennium
409 525 584 556 liberaliter
606 521 815 562 persolvatis;
840 522 883 552 sic
910 521 944 550 in
975 521 1034 551 bac
1056 526 1143 560 parte
1164 521 1212 550 di-

209 581 282 611 lecti
298 580 357 610 filii
373 579 517 618 magistri
534 576 682 608 Gaufridi
698 576 736 605 de
753 574 938 611 Launcello,
956 574 1104 613 prepositi
1118 573 1214 604 eccle-

207 635 251 664 sie
269 633 419 672 Aptensis
431 657 438 669 ,
456 630 612 670 capellani
631 629 746 666 nostri,
768 627 1046 668 persuasionibus,
1065 627 1212 656 exhorta-

210 686 350 716 tionibus
367 690 397 715 et
415 684 557 715 consiliis
574 683 719 722 parituri,
738 686 771 712 ut
787 690 806 711 a
821 681 899 718 Deo,
917 680 955 710 de
970 681 1061 720 cujus
1078 679 1212 718 negotiis

207 740 328 777 agitur,
349 743 456 768 eterne
479 736 696 767 retributionis
721 735 880 774 premium
900 738 930 764 et
950 733 989 763 ab
1009 733 1119 762 eadem
1139 732 1212 762 sede

206 792 347 831 precipui
367 792 484 821 favoris
498 793 707 828 augmentum
726 787 880 827 consequi
896 795 961 817 non
978 786 1140 816 immerito
1158 793 1213 814 va-

206 844 309 874 leatis.
321 845 387 875 Nos
396 845 484 874 enim
495 843 652 883 preposito
662 842 802 882 predicto
813 840 1034 871 commisimus
1047 843 1080 868 ut
1089 838 1213 877 aliquas

207 907 356 937 personas
375 898 515 938 ydoneas
533 902 563 927 et
583 895 692 926 fideles
710 895 860 934 deputare
877 897 1042 933 procuret,
1063 901 1117 931 per
1132 900 1212 930 quas

209 951 348 990 predicta
369 952 493 981 decima
508 950 646 980 fideliter
661 954 691 980 et
707 948 842 979 sollicite
860 948 1050 986 colligatur,
1068 954 1123 984 pro
1140 954 1210 984 pre-

207 1005 331 1043 missis,
349 1006 438 1044 juxta
462 1004 546 1034 sedis
567 1003 706 1042 predicte
728 1001 981 1041 beneplacitum,
1005 998 1210 1037 assignanda.

207 1057 356 1088 Ceterum
381 1058 512 1088 clericos
536 1057 608 1087 illos
636 1057 675 1087 ad
706 1056 931 1096 prestationem
962 1055 1061 1093 ipsius
1089 1052 1212 1082 decime

208 1112 308 1141 teneri
327 1111 477 1142 nolumus
492 1119 628 1150 quorum
646 1110 851 1141 ecclesiastici
868 1108 1010 1139 redditus
1025 1110 1054 1137 et
1074 1114 1211 1146 proven-

209 1168 257 1194 tus
280 1173 439 1194 summam
465 1168 585 1203 septem
608 1163 763 1193 librarum
796 1162 1017 1192 turonensium
1042 1167 1212 1200 parvorum

206 1217 304 1247 anuis
321 1217 459 1256 siugulis
477 1225 541 1247 nou
559 1217 726 1247 excedunt.
747 1216 818 1245 Dat.
836 1220 871 1245 ut
888 1224 994 1253 supra.
1017 1225 1030 1240 n

825 1296 918 1327 Rieu,
937 1295 969 1322 ‘2⁶2
982 1296 1046 1329 juin
1061 1294 1138 1321 1289.

246 1362 282 1391 Iu
303 1371 330 1392 e.
348 1370 390 1391 m.
411 1361 461 1396 R,
479 1361 623 1399 episcopo
642 1359 841 1395 Penestrino,
860 1357 1048 1397 apostolicae
1065 1356 1149 1386 sedis
1166 1355 1212 1386 le-

206 1418 298 1453 gato,
323 1414 479 1444 decimam
507 1413 792 1443 ecclesiasticorum
816 1411 1001 1441 reddituum
1027 1415 1057 1440 et
1076 1418 1212 1449 proven-

206 1472 296 1498 tuum
318 1468 352 1497 in
373 1476 472 1506 regno
495 1467 622 1498 Siciliae
644 1476 699 1506 pro
724 1467 850 1504 negotio
875 1466 959 1503 regis
974 1463 1212 1504 percipiendam

204 1522 383 1552 committit.
404 1521 472 1552 Dat.
488 1522 596 1557 Reate,
614 1530 633 1550 x
651 1520 804 1550 kalendas
817 1519 901 1558 julii,
922 1527 1009 1549 anno
1025 1517 1174 1548 secundo.

825 1601 913 1635 Ricti,
932 1601 963 1628 22
976 1601 1042 1636 juin
1062 1598 1139 1626 1289.

244 1667 283 1695 Iu
301 1675 328 1696 e.
351 1675 394 1696 m.
415 1666 569 1697 Gausrido
590 1666 628 1696 de
654 1664 842 1700 Launcello,
863 1664 1039 1704 praeposito
1062 1662 1213 1693 ecclesiae

205 1720 377 1757 Apteusis,
410 1718 574 1758 capellano
603 1727 675 1754 suo,
705 1718 863 1748 decimam
889 1718 923 1747 iu
954 1717 1212 1753 Tarantasiensi,

205 1773 438 1809 Ebredunensi,
451 1773 593 1811 Aquensi
605 1772 824 1802 etArelatensi
839 1771 1010 1810 provinciis
1021 1779 1076 1808 pro
1086 1770 1213 1808 negotio

205 1827 288 1864 regis
303 1826 430 1857 Siciliae
444 1826 681 1866 percipiendam
697 1825 876 1856 committit.
895 1825 966 1854 Dat.
986 1828 1020 1854 ut
1037 1832 1143 1863 supra.

791 1904 877 1936 Raeti,
896 1904 911 1930 7
928 1904 1045 1930 octobre
1062 1903 1141 1930 1289.

246 1969 285 1998 In
302 1978 328 1999 e.
350 1978 395 1998 m.
415 1992 435 1998 ..
453 1968 665 2007 Aquilegensi
684 1973 715 1998 et
735 1989 756 1999 ..
774 1967 932 1997 Gradensi
951 1966 1139 2005 patriarchis
1154 1990 1160 2003 ,
1178 1974 1214 1996 ac

208 2045 228 2053 ..
243 2021 477 2052 Mediolanensi
493 2026 523 2051 et
543 2044 560 2051 ..
581 2021 740 2052 Janueusi
756 2021 1021 2059 archiepiscopis,
1037 2028 1214 2058 eorumque

207 2075 419 2113 suffraganeis
431 2099 438 2112 ,
454 2084 579 2105 necnon
595 2075 745 2113 Papiensi
757 2097 765 2112 ,
785 2073 971 2104 Placentino
987 2079 1018 2103 et
1032 2073 1214 2104 Castellano

208 2129 381 2168 episcopis,
401 2133 430 2158 et
448 2128 576 2165 electis,
593 2128 771 2165 abbatibus,
793 2128 972 2167 prioribus,
989 2128 1134 2165 decanis,
1162 2137 1213 2157 ar·-

207 2182 429 2219 cbidiaconis,
451 2182 656 2221 praepositis,
681 2181 990 2220 archipresbyteris,
1012 2185 1084 2217 etc.,
1111 2190 1213 2220 usque

210 2240 240 2266 et
256 2235 393 2265 aliorum
411 2235 581 2272 ordinum,
598 2243 722 2265 necnon
744 2234 910 2273 hospitalis
926 2234 1034 2264 Sancti
1053 2234 1215 2264 Johannis

205 2288 481 2325 Jerosolimitani,
514 2288 682 2319 domorum
708 2288 845 2317 militiae
874 2287 1014 2326 Templi,
1043 2291 1074 2317 et
1099 2288 1215 2318 Beatae

207 2343 329 2372 Mariae
347 2342 615 2372 Theotonicorum
632 2341 791 2380 prioribus
805 2365 812 2378 ,
831 2341 1085 2380 praeceptoribus
1102 2345 1132 2371 et
1147 2350 1214 2371 ma-

205 2397 315 2436 gistris
331 2396 507 2435 ceterisque
525 2395 674 2425 omnibus
690 2395 834 2434 personis
852 2394 1084 2432 ecclesiasticis,
1103 2404 1215 2425 saecu-

206 2451 327 2480 laribus
347 2454 377 2479 et
392 2449 608 2488 regularibus,
624 2449 778 2487 exemptis
789 2453 819 2478 et
834 2457 898 2478 non
916 2450 1080 2488 exemptis,
1101 2453 1162 2479 tam
1179 2450 1213 2479 in

206 2503 417 2543 Aquilegensi
442 2507 472 2532 et
491 2502 646 2533 Gradensi
671 2502 935 2541 patriarchatibus
961 2510 1056 2540 quam
1083 2503 1118 2532 in
1145 2503 1213 2533 Me-

207 2557 401 2594 diolanensi,
417 2556 574 2586 Janueusi
590 2555 929 2594 archiepiscopatibus,
947 2558 978 2586 et
992 2556 1027 2585 iu
1040 2556 1191 2594 Papiensi
1205 2580 1212 2595 ,

207 2610 394 2640 Placentina
411 2613 442 2639 et
463 2608 644 2639 Castellana
660 2608 852 2645 civitatibus,
875 2608 1076 2638 dioecesibus
1091 2613 1121 2639 et
1141 2618 1213 2648 pro-

208 2663 324 2693 vinciis
341 2662 534 2693 constitutis.
555 2662 697 2692 Eandem
715 2662 873 2692 decimam
891 2663 924 2691 in
941 2671 1054 2692 eorum
1076 2663 1210 2702 patriar-

207 2716 353 2746 chatibus
369 2720 399 2745 et
416 2715 613 2746 dioecesibus
625 2715 862 2754 percipiendam
879 2715 998 2745 statuit.
1014 2715 1084 2744 Dat.
1104 2716 1212 2754 Reate,

208 2770 301 2799 nonis
317 2769 473 2806 octobris,
490 2778 576 2799 anno
593 2769 744 2800 secundo.
764 2770 838 2807 (Fol.
860 2768 912 2798 181
932 2774 973 2806 v0,
990 2779 1026 2799 en
1041 2769 1170 2809 marye).

826 2856 913 2888 Rieu,
929 2856 964 2884 20
981 2857 1045 2891 juin
1063 2856 1141 2884 1289.

249 2918 286 2947 Iu
303 2927 330 2947 e.
348 2927 392 2947 m.
411 2941 431 2947 ..
452 2919 660 2957 Aquilegensi
684 2923 713 2949 et
739 2942 758 2949 ..
782 2918 940 2949 Gradensi
965 2919 1171 2957 patriarchis,
1191 2943 1212 2952 .,

209 2971 406 3007 Ravennati,
425 2993 444 3000 ..
463 2972 713 3010 Mediolanensi,
736 2995 755 3002 ..
769 2972 929 3002 Jauuensi
945 2976 1010 3002 et..
1030 2972 1147 3003 Pisano
1162 2965 1220 3003 ar-⁴

939 3025 1156 3064 Bononiensi,
1191 3050 1212 3058 ..
1249 3058 1254 3075 Ι

209 3024 418 3063 chiepiscopis
444 3029 474 3053 et
499 3034 608 3055 eorum
638 3026 866 3064 suffraganeis,
887 3049 906 3055 ..

1297 412 1454 447 Lunensi,
1483 435 1502 440 ..
1529 409 1741 445 Feri-ariensi,
1768 431 1788 438 ..
1816 408 1981 447 Papieusi,
2008 431 2028 438 ..
2056 407 2256 447 Placentino,
2276 433 2297 440 ..

1294 464 1476 496 Castellano
1499 469 1529 493 et
1545 462 1704 493 universis
1725 461 1797 491 aliis
1813 461 1967 501 episcopis
1986 465 2016 491 et
2031 461 2158 497 electis,
2178 462 2299 494 abbati-

1295 520 1372 556 bus,
1401 518 1574 558 prioribus,
1603 515 1750 552 decanis,
1774 518 1846 552 etc.,
1870 524 1970 554 usque
1998 516 2151 554 exemptis
2178 520 2208 546 et
2236 525 2298 547 non

1295 572 1469 611 exemptis,
1491 575 1553 600 tam
1572 570 1605 600 iu
1625 568 1838 608 Aquilegensi
1857 573 1888 598 et
1903 567 2060 599 Gradensi
2078 569 2299 608 patriarchati-
2337 592 2349 594 v

1294 626 1352 656 bus
1379 634 1475 664 quam
1511 625 1544 654 in
1576 623 1776 659 Ravennati,
1804 621 2058 659 Mediolanensi,
2089 622 2248 653 Januensi
2270 625 2304 654 et

1296 679 1416 709 Pisano
1432 688 1467 708 ac
1484 676 1708 712 Bononiensi,
1728 675 1887 711 Lunensi,
1908 676 2120 712 Feri-ariensi,
2140 676 2309 715 papiensi„

1295 731 1482 762 Placentina
1518 736 1547 761 et
1583 729 1762 761 Castellana
1797 729 1980 759 civitatibus
2016 733 2046 759 et
2081 729 2300 767 dioecesibus,

1295 794 1418 816 necnon
1437 786 1471 815 in
1489 783 1700 815 Lombardiae
1712 808 1719 819 ,
1741 782 1921 820 Marchiae,
1938 783 1964 812 T
1965 782 2124 812 ervisinae
2142 791 2177 813 ac
2193 779 2318 814 Vene--l

1295 840 1425 875 tiarum,
1445 838 1606 868 marchiae
1623 837 1856 873 Anconitauae,
1875 836 2098 873 Romaniolae,
2117 836 2301 875 patrimonii

1293 893 1376 923 beati
1395 892 1480 922 Petri
1505 892 1537 921 in
1558 891 1689 927 Tuscia,
1707 890 1840 920 ducatus
1856 889 2036 929 spoletani,
2061 890 2256 929 Campaniae
2270 894 2305 922 ok

1297 945 1494 983 Maritimae,
1523 954 1558 975 ac
1581 943 1772 983 generaliter
1796 943 1891 973 totius
1916 942 2028 972 Italiae
2051 943 2194 982 partibus
2214 945 2302 979 extra

1295 1008 1430 1038 regumn
1456 998 1585 1029 Siciliae
1610 997 1802 1028 constitutis.
1822 996 1965 1026 Eandem
1981 996 2138 1026 decimam
2155 997 2189 1026 in
2209 994 2303 1028 totius

1294 1053 1406 1083 Italiae
1422 1052 1562 1092 partibus
1574 1075 1582 1089 ‚
1600 1051 1725 1081 civitate
1750 1051 1896 1080 Romana
1919 1054 1951 1080 et
1967 1049 2151 1080 civitatibus
2167 1053 2198 1080 et
2211 1049 2303 1082 dioe-

1294 1105 1418 1136 cesibus
1445 1106 1562 1144 quibus
1588 1113 1732 1144 praeesse
1753 1103 1929 1133 cardinalis
1952 1103 2118 1143 episcopus
2135 1095 2317 1136 consuevi&

1295 1159 1451 1198 exceptis,
1469 1158 1683 1197 colligendam
1707 1157 1826 1188 statuit.
1854 1157 1925 1187 Dat.
1944 1157 2059 1193 Reate,
2082 1166 2125 1187 xu
2147 1156 2308 1198 kalendas·

1291 1212 1379 1252 julii,
1397 1221 1483 1243 anno
1498 1212 1650 1243 secundo.

1880 1292 1959 1319 Rieti
1970 1313 1977 1325 ,
1992 1292 2006 1318 7
2021 1291 2138 1318 octobre
2153 1291 2231 1319 1289.

1337 1380 1351 1400 α
1369 1369 1407 1399 In
1425 1379 1452 1399 e.
1470 1378 1513 1399 m.
1531 1368 1708 1399 venerabili
1726 1368 1815 1399 fratri
1840 1392 1858 1398 ..
1878 1368 2024 1407 episcopo
2042 1367 2196 1398 Paduano
2209 1391 2216 1405 ,
2235 1366 2317 1402 col-1

1294 1422 1406 1453 lectori
1423 1422 1547 1453 decime
1570 1422 1604 1452 in
1625 1421 1838 1461 Aquilegensi
1858 1425 1888 1451 et
1907 1421 2067 1451 Gradensi
2083 1419 2307 1459 patriarchati·
2330 1422 2331 1427 ’

1295 1477 1354 1506 bus
1367 1500 1375 1514 ,
1395 1485 1430 1506 ac
1446 1476 1480 1505 in
1508 1475 1743 1506 Mediolanensi
1762 1479 1793 1504 et
1807 1475 1964 1505 Januensi
1981 1473 2318 1513 archiepiscopatibus>

1294 1534 1390 1568 atque
1404 1529 1585 1568 provintiis,
1603 1537 1727 1558 necnon
1745 1528 1778 1557 in
1798 1528 1962 1567 Papiensi,
1980 1527 2168 1557 Placentino
2183 1530 2214 1557 et
2225 1525 2307 1559 Cas-.

1297 1582 1414 1613 tellano
1440 1581 1672 1621 episcopatibus
1697 1586 1727 1611 et
1757 1580 1955 1617 diocesibus,
1982 1589 2038 1619 pro
2058 1579 2187 1619 negotio
2212 1579 2305 1618 regui
2320 1576 2327 1590 ³

1297 1635 1406 1666 Sicilie
1434 1635 1581 1674 deputate
1592 1659 1599 1669 ,
1627 1634 1760 1665 salutem
1772 1657 1780 1671 ‚
1798 1638 1857 1664 etc.
1881 1633 2087 1672 Divulgantis
2103 1633 2144 1663 ab
2159 1632 2254 1670 olim,
2270 1636 2320 1665 uti>>

1296 1689 1329 1718 in
1347 1689 1490 1728 proxima
1513 1688 1686 1727 superiori,
1716 1696 1818 1727 usque
1841 1687 1959 1726 quibus
1983 1695 2107 1726 preesse
2131 1685 2316 1729 cardinatis}

1297 1743 1464 1782 episcopus
1479 1742 1644 1772 consuevit
1659 1743 1815 1780 exceptis,
1834 1749 1888 1780 per
1906 1745 1969 1770 tres
1985 1748 2088 1770 annos
2105 1749 2123 1770 a
2138 1740 2218 1771 festo
2233 1739 2323 1771 Na--

1298 1796 1428 1826 tivitatis
1439 1795 1526 1826 beati
1538 1795 1698 1825 Johannis
1716 1795 1856 1833 Baptiste
1868 1795 2009 1833 proxime
2023 1794 2173 1832 preterito
2191 1799 2322 1824 nume—⁴
2345 1803 2349 1808 ’

1296 1849 1487 1886 τεηᾶοε,«ᾰθ
1502 1849 1635 1879 fratrum
1656 1854 1838 1881 nostrorum
1855 1847 2001 1884 consilio,
2022 1848 2080 1877 sub
2095 1851 2181 1878 certa
2202 1847 2322 1890 [οι-ως

1296 1903 1446 1933 duximus
1473 1902 1699 1942 deputandam.
1731 1902 1776 1933 Ut
1801 1903 1910 1941 itaque
1940 1901 2066 1931 [acilius
2095 1906 2125 1931 et
2149 1889 2264 1931 efficati
2292 1914 2323 1939 z,

1297 1966 1392 1995 super
1410 1956 1597 1987 collectione
1613 1955 1800 1995 hujusmodi
1813 1955 1936 1986 decime
1952 1954 2076 1984 debitus
2093 1954 2265 1994 subseqnat
2304 1949 2325 1985 ,’·’

1297 2010 1447 2047 effectus,
1471 2010 1661 2039 fraternitati
1689 2015 1754 2046 tue,
1784 2009 1823 2039 de
1851 2017 1915 2047 qua
1939 2009 1973 2038 in
2000 2008 2138 2038 Domino
2161 2007 2308 2046 gerimus

1296 2063 1447 2093 fiduciam
1464 2062 1647 2101 spetialem,
1673 2062 1871 2101 presentium
1898 2061 2087 2091 auctoritate
2111 2052 2322 2093 mandamus*

1296 2121 1454 2156 quatenus
1478 2115 1617 2154 predicte
1637 2114 1760 2145 decime
1783 2114 1963 2153 colligende
1982 2114 2017 2143 in
2042 2113 2253 2153 Aquilegeusi
2273 2111 2315 2150 et}

1296 2170 1454 2201 Gradensi
1483 2168 1768 2208 patriarchatibus,
1800 2177 1836 2198 ac
1864 2168 1898 2197 in
1927 2167 2163 2198 Mediolanensi
2190 2171 2220 2198 et
2246 2167 2322 2206 Ja-g

1297 2224 1414 2254 nueusi
1439 2222 1760 2261 archiepiscopatibus
1784 2226 1879 2261 atque
1905 2221 2091 2260 provintiis,
2119 2229 2244 2252 necnon
2267 2221 2303 2252 iu

1296 2277 1462 2316 Papiensi,
1482 2276 1670 2307 Placentino
1687 2280 1717 2305 et
1729 2275 1911 2305 Castellano
1927 2275 2160 2314 episcopatibus
2175 2281 2326 2306 eorum—
2342 2307 2346 2310 ,

1296 2341 1358 2371 que
1381 2330 1578 2366 diocesibus,
1602 2330 1756 2369 exemptis
1779 2333 1809 2359 et
1835 2337 1898 2359 non
1926 2329 2102 2368 exemptis,
2125 2323 2316 2367 subscripta·

1297 2384 1389 2415 modo
1404 2383 1538 2414 sollicite
1555 2391 1664 2413 curam
1683 2391 1791 2420 geras,
1815 2381 1964 2413 videlicet
1983 2385 2016 2412 ut
2034 2381 2174 2420 singulis
2189 2381 2314 2412 civita—⁵

1299 2438 1381 2468 tibus
1397 2442 1428 2467 et
1446 2435 1624 2466 diocesibus
1643 2435 1771 2465 illarum
1789 2436 1940 2475 partium,
1956 2434 1996 2465 de
2009 2434 2143 2466 consilio
2160 2431 2315 2471 locorut‘nf

1295 2491 1468 2528 ordinarii,
1493 2493 1547 2520 aut
1573 2490 1642 2529 ejus
1669 2490 1752 2519 vices
1777 2490 1938 2528 gerentis,
1966 2489 1993 2519 si
2020 2489 2210 2520 diocesanus
2235 2483 2318 2528 ips*

1296 2545 1410 2575 absens
1426 2544 1537 2581 fuerit,
1554 2548 1584 2573 et
1599 2543 1735 2574 duorum
1747 2543 1984 2582 fidedignorum
1998 2543 2037 2573 de
2053 2541 2187 2573 ecclesia
2199 2540 2300 2574 cathe-
2319 2556 2321 2561 ,

1295 2598 1377 2628 drali
1399 2597 1644 2628 constitutorum
1674 2596 1706 2625 in
1735 2596 1962 2635 dignitatibus,
1994 2605 2048 2627 seu
2075 2595 2213 2626 aliorum
2238 2589 2328 2626 tam''

1296 2651 1400 2691 quoad
1426 2659 1489 2681 non
1514 2654 1675 2689 exemptos
1698 2659 1795 2689 quam
1811 2650 1907 2680 etiam
1924 2649 2027 2689 quoad
2046 2652 2224 2688 exemptos,
2243 2646 2323 2682 deff„

1296 2710 1385 2745 putes
1400 2705 1479 2735 duas
1495 2712 1645 2743 personas
1661 2704 1722 2733 fide
1733 2727 1742 2741 ‚
1757 2703 1962 2734 facultatibus
1973 2727 1980 2740 ,
1993 2703 2020 2733 si
2037 2702 2114 2733 tales
2129 2701 2303 2732 invenian-

1296 2765 1346 2790 tur
1364 2758 1494 2789 comode
1505 2781 1513 2795 ‚
1528 2766 1564 2787 ac
1579 2757 1659 2787 alias
1676 2757 1834 2796 ydoneas,
1851 2756 1890 2787 ad
1903 2755 2102 2787 collectionis
2117 2749 2309 2793 huJusmodi‘
2326 2751 2330 2770 ·’

1296 2812 1511 2844 ministerium
1535 2811 1770 2851 exequendum.
1793 2810 1985 2842 Collectores
2011 2814 2119 2840 autem
2147 2817 2245 2849 quos,
2266 2810 2318 2840 ut

1296 2866 1506 2908 premittitur,
1521 2865 1687 2904 deputabis
1696 2865 1731 2894 iu
1743 2865 1845 2895 forma
1853 2865 1964 2903 jurare
1975 2863 2072 2894 facias
2087 2861 2300 2902 infrascripta.
2324 2901 2328 2908 .

1296 2920 1334 2950 Et
1350 2924 1380 2950 tu
1398 2917 1631 2948 nichilominus
1655 2922 1758 2957 partes
1775 2917 1920 2954 easdem,
1944 2916 2067 2947 circum
2090 2923 2143 2946 eas
2166 2913 2327 2953 diligen-‚¹

1297 2974 1360 3004 tius
1376 2976 1573 3003 scrutaturus
1588 2997 1594 3009 ‚
1614 2970 1751 3010 qualiter
1769 2972 1804 3001 in
1821 2970 1990 3001 commisso
2013 2969 2074 2999 sibi
2090 2969 2170 2999 dicte
2187 2961 2309 2999 culleo-²
2323 2959 2338 3005 'V
2382 2981 2387 2988 .

1297 3026 1392 3057 tionis
1410 3025 1515 3056 officio
1540 3024 1652 3063 prefati
1678 3034 1712 3055 se
1734 3024 1874 3055 habeant
1894 3022 2093 3061 collectores,
2117 3025 2148 3052 et
2166 3015 2337 3068 qualiter}

2462 954 2477 1384 iffle¹=filsuunn==

2467 2696 2470 2698 ·
2458 2626 2477 2654 Π

2459 2742 2477 3083 atAtffnff=
