<?xml version="1.0" encoding="UTF-8"?>
<!DOCTYPE html PUBLIC "-//W3C//DTD XHTML 1.0 Transitional//EN"
    "http://www.w3.org/TR/xhtml1/DTD/xhtml1-transitional.dtd">
<html xmlns="http://www.w3.org/1999/xhtml" xml:lang="en" lang="en">
 <head>
  <title>
</title>
<meta http-equiv="Content-Type" content="text/html;charset=utf-8" />
  <meta name='ocr-system' content='tesseract 3.04.00' />
  <meta name='ocr-capabilities' content='ocr_page ocr_carea ocr_par ocr_line ocrx_word'/>
</head>
<body>
  <div class='ocr_page' id='page_1' title='image "./lesregistresdeni01romeuoft_0397.png"; bbox 0 0 2342 3652; ppageno 0'>
   <div class='ocr_carea' id='block_1_1' title="bbox 916 396 2159 452">
    <p class='ocr_par' dir='ltr' id='par_1_1' title="bbox 916 396 2159 452">
     <span class='ocr_line' id='line_1_1' title="bbox 916 396 2159 452; baseline 0.012 -19"><span class='ocrx_word' id='word_1_1' title='bbox 916 396 1142 435; x_wconf 71' lang='lat' dir='ltr'>nnuxlnMn</span> <span class='ocrx_word' id='word_1_2' title='bbox 1164 399 1318 436; x_wconf 74' lang='lat' dir='ltr'>ANNEE.</span> <span class='ocrx_word' id='word_1_3' title='bbox 2105 421 2159 452; x_wconf 74' lang='lat'>387</span> 
     </span>
    </p>
   </div>
   <div class='ocr_carea' id='block_1_2' title="bbox 69 465 1080 1033">
    <p class='ocr_par' dir='ltr' id='par_1_2' title="bbox 69 465 1080 1033">
     <span class='ocr_line' id='line_1_2' title="bbox 75 465 1074 505; baseline 0.004 -9"><span class='ocrx_word' id='word_1_4' title='bbox 75 466 239 496; x_wconf 85' lang='lat' dir='ltr'>Perusinis</span> <span class='ocrx_word' id='word_1_5' title='bbox 261 466 296 495; x_wconf 93' lang='lat' dir='ltr'>in</span> <span class='ocrx_word' id='word_1_6' title='bbox 322 465 507 505; x_wconf 89' lang='lat' dir='ltr'>hujusmodi</span> <span class='ocrx_word' id='word_1_7' title='bbox 530 467 734 496; x_wconf 80' lang='lat' dir='ltr'>contumacia</span> <span class='ocrx_word' id='word_1_8' title='bbox 759 473 789 497; x_wconf 88' lang='lat' dir='ltr'>et</span> <span class='ocrx_word' id='word_1_9' title='bbox 814 468 988 499; x_wconf 78' lang='lat' dir='ltr'>rebellione</span> <span class='ocrx_word' id='word_1_10' title='bbox 1006 479 1074 499; x_wconf 86' lang='lat' dir='ltr'>ma-</span> 
     </span>
     <span class='ocr_line' id='line_1_3' title="bbox 75 517 1080 559; baseline 0.003 -11"><span class='ocrx_word' id='word_1_11' title='bbox 75 518 223 548; x_wconf 88' lang='lat' dir='ltr'>nentibus</span> <span class='ocrx_word' id='word_1_12' title='bbox 239 517 367 556; x_wconf 85' lang='lat' dir='ltr'>aliquod</span> <span class='ocrx_word' id='word_1_13' title='bbox 386 526 442 556; x_wconf 89' lang='lat' dir='ltr'>per</span> <span class='ocrx_word' id='word_1_14' title='bbox 463 526 496 547; x_wconf 89' lang='lat' dir='ltr'>se</span> <span class='ocrx_word' id='word_1_15' title='bbox 516 517 564 547; x_wconf 90' lang='lat' dir='ltr'>vel</span> <span class='ocrx_word' id='word_1_16' title='bbox 583 518 682 548; x_wconf 83' lang='lat' dir='ltr'>aliurn</span> <span class='ocrx_word' id='word_1_17' title='bbox 708 528 764 548; x_wconf 91' lang='lat' dir='ltr'>seu</span> <span class='ocrx_word' id='word_1_18' title='bbox 788 520 868 550; x_wconf 87' lang='lat' dir='ltr'>alios</span> <span class='ocrx_word' id='word_1_19' title='bbox 888 521 1080 559; x_wconf 82' lang='lat' dir='ltr'>impendant</span> 
     </span>
     <span class='ocr_line' id='line_1_4' title="bbox 74 569 1078 612; baseline 0.004 -12"><span class='ocrx_word' id='word_1_20' title='bbox 74 570 260 606; x_wconf 87' lang='lat' dir='ltr'>consilium,</span> <span class='ocrx_word' id='word_1_21' title='bbox 279 570 437 600; x_wconf 80' lang='lat' dir='ltr'>auxilium</span> <span class='ocrx_word' id='word_1_22' title='bbox 456 569 506 599; x_wconf 87' lang='lat' dir='ltr'>vel</span> <span class='ocrx_word' id='word_1_23' title='bbox 521 571 673 607; x_wconf 83' lang='lat' dir='ltr'>favorem,</span> <span class='ocrx_word' id='word_1_24' title='bbox 693 576 733 608; x_wconf 86' lang='lat' dir='ltr'>et,</span> <span class='ocrx_word' id='word_1_25' title='bbox 751 573 778 601; x_wconf 89' lang='lat' dir='ltr'>si</span> <span class='ocrx_word' id='word_1_26' title='bbox 801 572 929 612; x_wconf 86' lang='lat' dir='ltr'>aliquod</span> <span class='ocrx_word' id='word_1_27' title='bbox 946 574 1078 604; x_wconf 80' lang='lat' dir='ltr'>forsitan</span> 
     </span>
     <span class='ocr_line' id='line_1_5' title="bbox 73 622 1075 662; baseline 0.002 -8"><span class='ocrx_word' id='word_1_28' title='bbox 73 623 300 662; x_wconf 88' lang='lat' dir='ltr'>impenderunt</span> <span class='ocrx_word' id='word_1_29' title='bbox 314 622 448 659; x_wconf 91' lang='lat' dir='ltr'>eisdem,</span> <span class='ocrx_word' id='word_1_30' title='bbox 461 622 542 652; x_wconf 91' lang='lat' dir='ltr'>illud</span> <span class='ocrx_word' id='word_1_31' title='bbox 552 624 746 661; x_wconf 83' lang='lat' dir='ltr'>quamtotius</span> <span class='ocrx_word' id='word_1_32' title='bbox 761 625 908 654; x_wconf 88' lang='lat' dir='ltr'>studeant</span> <span class='ocrx_word' id='word_1_33' title='bbox 919 635 1075 656; x_wconf 85' lang='lat' dir='ltr'>revocare.</span> 
     </span>
     <span class='ocr_line' id='line_1_6' title="bbox 73 675 1077 716; baseline 0.002 -10"><span class='ocrx_word' id='word_1_34' title='bbox 73 676 225 715; x_wconf 87' lang='lat' dir='ltr'>Alioquin</span> <span class='ocrx_word' id='word_1_35' title='bbox 246 676 285 705; x_wconf 90' lang='lat' dir='ltr'>ad</span> <span class='ocrx_word' id='word_1_36' title='bbox 312 675 511 706; x_wconf 84' lang='lat' dir='ltr'>exactionem</span> <span class='ocrx_word' id='word_1_37' title='bbox 533 676 746 714; x_wconf 82' lang='lat' dir='ltr'>predictarum</span> <span class='ocrx_word' id='word_1_38' title='bbox 767 687 921 716; x_wconf 86' lang='lat' dir='ltr'>penarum</span> <span class='ocrx_word' id='word_1_39' title='bbox 948 683 977 708; x_wconf 88' lang='lat' dir='ltr'>et</span> <span class='ocrx_word' id='word_1_40' title='bbox 998 679 1077 708; x_wconf 87' lang='lat' dir='ltr'>alias</span> 
     </span>
     <span class='ocr_line' id='line_1_7' title="bbox 73 730 1076 770; baseline 0.001 -10"><span class='ocrx_word' id='word_1_41' title='bbox 73 730 167 761; x_wconf 87' lang='lat' dir='ltr'>etiam</span> <span class='ocrx_word' id='word_1_42' title='bbox 181 734 288 759; x_wconf 89' lang='lat' dir='ltr'>contra</span> <span class='ocrx_word' id='word_1_43' title='bbox 303 737 356 759; x_wconf 89' lang='lat' dir='ltr'>eos</span> <span class='ocrx_word' id='word_1_44' title='bbox 371 733 401 758; x_wconf 86' lang='lat' dir='ltr'>et</span> <span class='ocrx_word' id='word_1_45' title='bbox 418 733 534 759; x_wconf 86' lang='lat' dir='ltr'>terram</span> <span class='ocrx_word' id='word_1_46' title='bbox 558 738 667 759; x_wconf 86' lang='lat' dir='ltr'>eorum</span> <span class='ocrx_word' id='word_1_47' title='bbox 685 731 892 769; x_wconf 71' lang='lat' dir='ltr'>spiritualiter</span> <span class='ocrx_word' id='word_1_48' title='bbox 910 736 939 760; x_wconf 88' lang='lat' dir='ltr'>et</span> <span class='ocrx_word' id='word_1_49' title='bbox 957 736 1076 770; x_wconf 84' lang='lat' dir='ltr'>tempo-</span> 
     </span>
     <span class='ocr_line' id='line_1_8' title="bbox 73 781 1075 820; baseline 0.002 -8"><span class='ocrx_word' id='word_1_50' title='bbox 73 782 197 818; x_wconf 63' lang='lat' dir='ltr'>rainer,</span> <span class='ocrx_word' id='word_1_51' title='bbox 218 785 309 820; x_wconf 90' lang='lat' dir='ltr'>prout</span> <span class='ocrx_word' id='word_1_52' title='bbox 327 781 464 820; x_wconf 87' lang='lat' dir='ltr'>qualitas</span> <span class='ocrx_word' id='word_1_53' title='bbox 482 782 554 811; x_wconf 83' lang='lat' dir='ltr'>facti</span> <span class='ocrx_word' id='word_1_54' title='bbox 575 783 727 818; x_wconf 79' lang='lat' dir='ltr'>suaserit,</span> <span class='ocrx_word' id='word_1_55' title='bbox 747 784 948 813; x_wconf 86' lang='lat' dir='ltr'>contumacia</span> <span class='ocrx_word' id='word_1_56' title='bbox 965 793 1075 814; x_wconf 89' lang='lat' dir='ltr'>eorum</span> 
     </span>
     <span class='ocr_line' id='line_1_9' title="bbox 73 835 1075 875; baseline 0.001 -9"><span class='ocrx_word' id='word_1_57' title='bbox 73 835 210 873; x_wconf 83' lang='lat' dir='ltr'>exegerit</span> <span class='ocrx_word' id='word_1_58' title='bbox 231 844 267 864; x_wconf 91' lang='lat' dir='ltr'>ac</span> <span class='ocrx_word' id='word_1_59' title='bbox 291 835 439 873; x_wconf 81' lang='lat' dir='ltr'>expedire</span> <span class='ocrx_word' id='word_1_60' title='bbox 460 835 653 872; x_wconf 79' lang='lat' dir='ltr'>viderimus,</span> <span class='ocrx_word' id='word_1_61' title='bbox 671 840 775 865; x_wconf 86' lang='lat' dir='ltr'>actore</span> <span class='ocrx_word' id='word_1_62' title='bbox 794 837 950 870; x_wconf 87' lang='lat' dir='ltr'>Domino,</span> <span class='ocrx_word' id='word_1_63' title='bbox 968 846 1075 875; x_wconf 87' lang='lat' dir='ltr'>proce-</span> 
     </span>
     <span class='ocr_line' id='line_1_10' title="bbox 72 888 1076 929; baseline 0.001 -10"><span class='ocrx_word' id='word_1_64' title='bbox 72 889 193 920; x_wconf 83' lang='lat' dir='ltr'>demus.</span> <span class='ocrx_word' id='word_1_65' title='bbox 211 888 255 919; x_wconf 95' lang='lat' dir='ltr'>Ut</span> <span class='ocrx_word' id='word_1_66' title='bbox 272 893 377 918; x_wconf 86' lang='lat' dir='ltr'>autem</span> <span class='ocrx_word' id='word_1_67' title='bbox 393 888 578 927; x_wconf 87' lang='lat' dir='ltr'>hujusmodi</span> <span class='ocrx_word' id='word_1_68' title='bbox 591 893 699 918; x_wconf 89' lang='lat' dir='ltr'>noster</span> <span class='ocrx_word' id='word_1_69' title='bbox 710 898 874 927; x_wconf 83' lang='lat' dir='ltr'>processus</span> <span class='ocrx_word' id='word_1_70' title='bbox 891 894 961 925; x_wconf 88' lang='lat' dir='ltr'>etc.,</span> <span class='ocrx_word' id='word_1_71' title='bbox 976 900 1076 929; x_wconf 85' lang='lat' dir='ltr'>usque</span> 
     </span>
     <span class='ocr_line' id='line_1_11' title="bbox 69 941 249 972; baseline -0.011 0"><span class='ocrx_word' id='word_1_72' title='bbox 69 943 108 972; x_wconf 85' lang='lat' dir='ltr'>in</span> <span class='ocrx_word' id='word_1_73' title='bbox 122 941 198 971; x_wconf 89' lang='lat' dir='ltr'>fine.</span> <span class='ocrx_word' id='word_1_74' title='bbox 218 953 249 968; x_wconf 88' lang='lat'>»-</span> 
     </span>
     <span class='ocr_line' id='line_1_12' title="bbox 113 994 607 1033; baseline 0 -11"><span class='ocrx_word' id='word_1_75' title='bbox 113 1006 128 1022; x_wconf 69' lang='grc' dir='ltr'><strong>α</strong></span> <span class='ocrx_word' id='word_1_76' title='bbox 144 994 236 1025; x_wconf 85' lang='lat' dir='ltr'>Cives</span> <span class='ocrx_word' id='word_1_77' title='bbox 251 994 444 1024; x_wconf 87' lang='lat' dir='ltr'>Tudertinos</span> <span class='ocrx_word' id='word_1_78' title='bbox 460 995 572 1033; x_wconf 90' lang='lat' dir='ltr'>quia...</span> <span class='ocrx_word' id='word_1_79' title='bbox 594 1006 607 1021; x_wconf 77' lang='grc' dir='ltr'>ι»</span> 
     </span>
    </p>
   </div>
   <div class='ocr_carea' id='block_1_3' title="bbox 139 1152 394 1182">
    <p class='ocr_par' dir='ltr' id='par_1_3' title="bbox 139 1152 394 1182">
     <span class='ocr_line' id='line_1_13' title="bbox 139 1152 394 1182; baseline 0 -1"><span class='ocrx_word' id='word_1_80' title='bbox 139 1152 394 1182; x_wconf 64' lang='lat'>2181-2185</span> 
     </span>
    </p>
   </div>
   <div class='ocr_carea' id='block_1_4' title="bbox 105 1214 1073 1250">
    <p class='ocr_par' dir='ltr' id='par_1_4' title="bbox 105 1214 1073 1250">
     <span class='ocr_line' id='line_1_14' title="bbox 105 1214 1073 1250; baseline 0.001 -8"><span class='ocrx_word' id='word_1_81' title='bbox 105 1214 228 1249; x_wconf 84' lang='lat' dir='ltr'>Legatus</span> <span class='ocrx_word' id='word_1_82' title='bbox 239 1215 267 1241; x_wconf 90' lang='lat' dir='ltr'>in</span> <span class='ocrx_word' id='word_1_83' title='bbox 278 1223 400 1250; x_wconf 87' lang='lat' dir='ltr'>regnum</span> <span class='ocrx_word' id='word_1_84' title='bbox 413 1214 525 1242; x_wconf 81' lang='lat' dir='ltr'>Siciliae</span> <span class='ocrx_word' id='word_1_85' title='bbox 536 1215 668 1242; x_wconf 82' lang='lat' dir='ltr'>mittitur.</span> <span class='ocrx_word' id='word_1_86' title='bbox 681 1215 764 1245; x_wconf 64' lang='lat' dir='ltr'>(Rae.</span> <span class='ocrx_word' id='word_1_87' title='bbox 775 1216 818 1250; x_wconf 81' lang='lat'>44,</span> <span class='ocrx_word' id='word_1_88' title='bbox 833 1224 857 1243; x_wconf 87' lang='lat' dir='ltr'>c.</span> <span class='ocrx_word' id='word_1_89' title='bbox 872 1216 913 1247; x_wconf 87' lang='lat'>15,</span> <span class='ocrx_word' id='word_1_90' title='bbox 926 1216 946 1242; x_wconf 80' lang='lat' dir='ltr'>f.</span> <span class='ocrx_word' id='word_1_91' title='bbox 959 1216 1009 1243; x_wconf 77' lang='lat'>308</span> <span class='ocrx_word' id='word_1_92' title='bbox 1022 1219 1073 1250; x_wconf 73' lang='lat' dir='ltr'>vo.)</span> 
     </span>
    </p>
   </div>
   <div class='ocr_carea' id='block_1_5' title="bbox 689 1152 1003 1188">
    <p class='ocr_par' dir='ltr' id='par_1_5' title="bbox 689 1152 1003 1188">
     <span class='ocr_line' id='line_1_15' title="bbox 689 1152 1003 1188; baseline 0.01 -9"><span class='ocrx_word' id='word_1_93' title='bbox 689 1152 775 1184; x_wconf 84' lang='lat' dir='ltr'>Rieti,</span> <span class='ocrx_word' id='word_1_94' title='bbox 793 1153 826 1181; x_wconf 69' lang='lat'>‘22</span> <span class='ocrx_word' id='word_1_95' title='bbox 843 1154 908 1188; x_wconf 83' lang='lat' dir='ltr'>juin</span> <span class='ocrx_word' id='word_1_96' title='bbox 925 1154 1003 1182; x_wconf 70' lang='lat'>1289.</span> 
     </span>
    </p>
   </div>
   <div class='ocr_carea' id='block_1_6' title="bbox 59 1315 1074 2739">
    <p class='ocr_par' dir='ltr' id='par_1_6' title="bbox 66 1315 1074 1992">
     <span class='ocr_line' id='line_1_16' title="bbox 114 1315 1074 1356; baseline 0.001 -10"><span class='ocrx_word' id='word_1_97' title='bbox 114 1315 278 1347; x_wconf 81' lang='lat' dir='ltr'>Venerabili</span> <span class='ocrx_word' id='word_1_98' title='bbox 293 1317 388 1353; x_wconf 79' lang='lat' dir='ltr'>fratri</span> <span class='ocrx_word' id='word_1_99' title='bbox 404 1317 450 1354; x_wconf 89' lang='lat' dir='ltr'>B.‚</span> <span class='ocrx_word' id='word_1_100' title='bbox 471 1318 602 1355; x_wconf 79' lang='lat' dir='ltr'>episcopo</span> <span class='ocrx_word' id='word_1_101' title='bbox 618 1317 805 1354; x_wconf 75' lang='lat' dir='ltr'>Penestrim),</span> <span class='ocrx_word' id='word_1_102' title='bbox 825 1319 983 1356; x_wconf 78' lang='lat' dir='ltr'>apostolice</span> <span class='ocrx_word' id='word_1_103' title='bbox 996 1319 1074 1348; x_wconf 75' lang='lat' dir='ltr'>sedis</span> 
     </span>
     <span class='ocr_line' id='line_1_17' title="bbox 71 1369 1073 1408; baseline 0 -8"><span class='ocrx_word' id='word_1_104' title='bbox 71 1371 180 1408; x_wconf 74' lang='lat' dir='ltr'>leqato,</span> <span class='ocrx_word' id='word_1_105' title='bbox 198 1369 233 1398; x_wconf 93' lang='lat' dir='ltr'>in</span> <span class='ocrx_word' id='word_1_106' title='bbox 251 1377 350 1407; x_wconf 84' lang='lat' dir='ltr'>regno</span> <span class='ocrx_word' id='word_1_107' title='bbox 366 1369 494 1400; x_wconf 83' lang='lat' dir='ltr'>Siciliae</span> <span class='ocrx_word' id='word_1_108' title='bbox 511 1369 624 1408; x_wconf 83' lang='lat' dir='ltr'>plenae</span> <span class='ocrx_word' id='word_1_109' title='bbox 642 1369 810 1407; x_wconf 83' lang='lat' dir='ltr'>legationis</span> <span class='ocrx_word' id='word_1_110' title='bbox 825 1370 967 1400; x_wconf 84' lang='lat' dir='ltr'>officium</span> <span class='ocrx_word' id='word_1_111' title='bbox 986 1379 1073 1400; x_wconf 89' lang='lat' dir='ltr'>com-</span> 
     </span>
     <span class='ocr_line' id='line_1_18' title="bbox 70 1422 1074 1463; baseline 0.001 -11"><span class='ocrx_word' id='word_1_112' title='bbox 70 1423 181 1460; x_wconf 85' lang='lat' dir='ltr'>mittit,</span> <span class='ocrx_word' id='word_1_113' title='bbox 197 1435 210 1449; x_wconf 77' lang='grc' dir='ltr'><strong>α</strong></span> <span class='ocrx_word' id='word_1_114' title='bbox 232 1427 266 1452; x_wconf 92' lang='lat' dir='ltr'>ut</span> <span class='ocrx_word' id='word_1_115' title='bbox 281 1422 417 1460; x_wconf 86' lang='lat' dir='ltr'>evellas,</span> <span class='ocrx_word' id='word_1_116' title='bbox 434 1423 597 1460; x_wconf 82' lang='lat' dir='ltr'>destruas,</span> <span class='ocrx_word' id='word_1_117' title='bbox 616 1423 751 1462; x_wconf 87' lang='lat' dir='ltr'>dissipes</span> <span class='ocrx_word' id='word_1_118' title='bbox 767 1428 797 1453; x_wconf 88' lang='lat' dir='ltr'>et</span> <span class='ocrx_word' id='word_1_119' title='bbox 811 1424 989 1463; x_wconf 82' lang='lat' dir='ltr'>disperdas,</span> <span class='ocrx_word' id='word_1_120' title='bbox 1007 1424 1074 1453; x_wconf 90' lang='lat' dir='ltr'>edi-</span> 
     </span>
     <span class='ocr_line' id='line_1_19' title="bbox 68 1475 1073 1516; baseline 0 -10"><span class='ocrx_word' id='word_1_121' title='bbox 68 1475 143 1506; x_wconf 86' lang='lat' dir='ltr'>fices</span> <span class='ocrx_word' id='word_1_122' title='bbox 158 1480 189 1505; x_wconf 91' lang='lat' dir='ltr'>et</span> <span class='ocrx_word' id='word_1_123' title='bbox 210 1475 332 1514; x_wconf 86' lang='lat' dir='ltr'>plantes</span> <span class='ocrx_word' id='word_1_124' title='bbox 354 1485 390 1506; x_wconf 89' lang='lat' dir='ltr'>ac</span> <span class='ocrx_word' id='word_1_125' title='bbox 412 1475 510 1506; x_wconf 81' lang='lat' dir='ltr'>facias</span> <span class='ocrx_word' id='word_1_126' title='bbox 531 1476 719 1506; x_wconf 84' lang='lat' dir='ltr'>auctoritate</span> <span class='ocrx_word' id='word_1_127' title='bbox 742 1481 850 1506; x_wconf 89' lang='lat' dir='ltr'>nostra</span> <span class='ocrx_word' id='word_1_128' title='bbox 873 1486 1073 1516; x_wconf 82' lang='lat' dir='ltr'>quecumque</span> 
     </span>
     <span class='ocr_line' id='line_1_20' title="bbox 66 1529 1072 1568; baseline 0 -8"><span class='ocrx_word' id='word_1_129' title='bbox 66 1529 106 1560; x_wconf 84' lang='lat' dir='ltr'>ad</span> <span class='ocrx_word' id='word_1_130' title='bbox 122 1529 275 1559; x_wconf 88' lang='lat' dir='ltr'>honorem</span> <span class='ocrx_word' id='word_1_131' title='bbox 288 1529 350 1558; x_wconf 89' lang='lat' dir='ltr'>Dei</span> <span class='ocrx_word' id='word_1_132' title='bbox 366 1533 396 1558; x_wconf 88' lang='lat' dir='ltr'>et</span> <span class='ocrx_word' id='word_1_133' title='bbox 413 1538 598 1568; x_wconf 89' lang='lat' dir='ltr'>prosperum</span> <span class='ocrx_word' id='word_1_134' title='bbox 611 1533 727 1559; x_wconf 85' lang='lat' dir='ltr'>statum</span> <span class='ocrx_word' id='word_1_135' title='bbox 741 1529 871 1560; x_wconf 90' lang='lat' dir='ltr'>illarum</span> <span class='ocrx_word' id='word_1_136' title='bbox 888 1530 1024 1568; x_wconf 83' lang='lat' dir='ltr'>partium</span> <span class='ocrx_word' id='word_1_137' title='bbox 1037 1539 1072 1560; x_wconf 85' lang='lat' dir='ltr'>ac</span> 
     </span>
     <span class='ocr_line' id='line_1_21' title="bbox 68 1581 1072 1622; baseline 0.002 -11"><span class='ocrx_word' id='word_1_138' title='bbox 68 1581 324 1612; x_wconf 77' lang='lat' dir='ltr'>reformationem</span> <span class='ocrx_word' id='word_1_139' title='bbox 339 1583 479 1621; x_wconf 89' lang='lat' dir='ltr'>prosperi</span> <span class='ocrx_word' id='word_1_140' title='bbox 495 1587 594 1612; x_wconf 90' lang='lat' dir='ltr'>status</span> <span class='ocrx_word' id='word_1_141' title='bbox 610 1583 696 1621; x_wconf 85' lang='lat' dir='ltr'>regis</span> <span class='ocrx_word' id='word_1_142' title='bbox 709 1587 739 1612; x_wconf 92' lang='lat' dir='ltr'>et</span> <span class='ocrx_word' id='word_1_143' title='bbox 754 1583 846 1621; x_wconf 84' lang='lat' dir='ltr'>regni</span> <span class='ocrx_word' id='word_1_144' title='bbox 858 1584 1072 1622; x_wconf 88' lang='lat' dir='ltr'>predictorum</span> 
     </span>
     <span class='ocr_line' id='line_1_22' title="bbox 68 1635 1074 1674; baseline 0 -8"><span class='ocrx_word' id='word_1_145' title='bbox 68 1635 183 1666; x_wconf 84' lang='lat' dir='ltr'>videris</span> <span class='ocrx_word' id='word_1_146' title='bbox 198 1635 360 1674; x_wconf 88' lang='lat' dir='ltr'>pertinere</span> <span class='ocrx_word' id='word_1_147' title='bbox 372 1659 379 1672; x_wconf 79' lang='lat'>,</span> <span class='ocrx_word' id='word_1_148' title='bbox 397 1644 545 1666; x_wconf 90' lang='lat' dir='ltr'>concessa</span> <span class='ocrx_word' id='word_1_149' title='bbox 560 1636 617 1666; x_wconf 90' lang='lat' dir='ltr'>tibi</span> <span class='ocrx_word' id='word_1_150' title='bbox 634 1637 820 1666; x_wconf 86' lang='lat' dir='ltr'>auctoritate</span> <span class='ocrx_word' id='word_1_151' title='bbox 836 1637 936 1666; x_wconf 87' lang='lat' dir='ltr'>simili</span> <span class='ocrx_word' id='word_1_152' title='bbox 951 1642 1074 1667; x_wconf 88' lang='lat' dir='ltr'>contra-</span> 
     </span>
     <span class='ocr_line' id='line_1_23' title="bbox 69 1688 1073 1728; baseline 0.002 -10"><span class='ocrx_word' id='word_1_153' title='bbox 69 1688 202 1719; x_wconf 89' lang='lat' dir='ltr'>dictores</span> <span class='ocrx_word' id='word_1_154' title='bbox 218 1698 274 1728; x_wconf 89' lang='lat' dir='ltr'>per</span> <span class='ocrx_word' id='word_1_155' title='bbox 296 1689 637 1719; x_wconf 87' lang='lat' dir='ltr'>excommunicationis</span> <span class='ocrx_word' id='word_1_156' title='bbox 660 1694 691 1719; x_wconf 91' lang='lat' dir='ltr'>et</span> <span class='ocrx_word' id='word_1_157' title='bbox 712 1690 931 1728; x_wconf 85' lang='lat' dir='ltr'>suspensionis</span> <span class='ocrx_word' id='word_1_158' title='bbox 948 1695 1073 1720; x_wconf 87' lang='lat' dir='ltr'>senten-</span> 
     </span>
     <span class='ocr_line' id='line_1_24' title="bbox 71 1741 1072 1782; baseline 0.003 -11"><span class='ocrx_word' id='word_1_159' title='bbox 71 1743 128 1772; x_wconf 90' lang='lat' dir='ltr'>tias</span> <span class='ocrx_word' id='word_1_160' title='bbox 142 1742 208 1771; x_wconf 89' lang='lat' dir='ltr'>sive</span> <span class='ocrx_word' id='word_1_161' title='bbox 223 1741 302 1772; x_wconf 90' lang='lat' dir='ltr'>alias</span> <span class='ocrx_word' id='word_1_162' title='bbox 318 1751 373 1780; x_wconf 82' lang='lat' dir='ltr'>per</span> <span class='ocrx_word' id='word_1_163' title='bbox 390 1751 560 1772; x_wconf 87' lang='lat' dir='ltr'>censuram</span> <span class='ocrx_word' id='word_1_164' title='bbox 576 1741 841 1780; x_wconf 85' lang='lat' dir='ltr'>ecclesiasticam,</span> <span class='ocrx_word' id='word_1_165' title='bbox 860 1743 1072 1782; x_wconf 87' lang='lat' dir='ltr'>appellatione</span> 
     </span>
     <span class='ocr_line' id='line_1_25' title="bbox 69 1794 1070 1835; baseline 0.001 -10"><span class='ocrx_word' id='word_1_166' title='bbox 69 1795 235 1834; x_wconf 83' lang='lat' dir='ltr'>postposita</span> <span class='ocrx_word' id='word_1_167' title='bbox 246 1819 253 1832; x_wconf 85' lang='lat'>,</span> <span class='ocrx_word' id='word_1_168' title='bbox 278 1795 516 1834; x_wconf 86' lang='lat' dir='ltr'>compescendi,</span> <span class='ocrx_word' id='word_1_169' title='bbox 545 1795 743 1835; x_wconf 84' lang='lat' dir='ltr'>quibuslibet</span> <span class='ocrx_word' id='word_1_170' title='bbox 770 1794 983 1835; x_wconf 86' lang='lat' dir='ltr'>indulgentiis</span> <span class='ocrx_word' id='word_1_171' title='bbox 1016 1806 1070 1827; x_wconf 89' lang='lat' dir='ltr'>seu</span> 
     </span>
     <span class='ocr_line' id='line_1_26' title="bbox 69 1848 1072 1889; baseline 0.003 -11"><span class='ocrx_word' id='word_1_172' title='bbox 69 1848 244 1888; x_wconf 83' lang='lat' dir='ltr'>privilegiis</span> <span class='ocrx_word' id='word_1_173' title='bbox 262 1848 458 1888; x_wconf 88' lang='lat' dir='ltr'>apostolicis,</span> <span class='ocrx_word' id='word_1_174' title='bbox 477 1858 533 1887; x_wconf 90' lang='lat' dir='ltr'>per</span> <span class='ocrx_word' id='word_1_175' title='bbox 559 1858 621 1888; x_wconf 90' lang='lat' dir='ltr'>que</span> <span class='ocrx_word' id='word_1_176' title='bbox 637 1849 762 1880; x_wconf 90' lang='lat' dir='ltr'>nullum</span> <span class='ocrx_word' id='word_1_177' title='bbox 779 1850 929 1889; x_wconf 87' lang='lat' dir='ltr'>cuiquam</span> <span class='ocrx_word' id='word_1_178' title='bbox 952 1850 987 1879; x_wconf 89' lang='lat' dir='ltr'>in</span> <span class='ocrx_word' id='word_1_179' title='bbox 1012 1850 1072 1881; x_wconf 81' lang='lat' dir='ltr'>hac</span> 
     </span>
     <span class='ocr_line' id='line_1_27' title="bbox 69 1901 1070 1942; baseline 0.003 -11"><span class='ocrx_word' id='word_1_180' title='bbox 69 1906 153 1941; x_wconf 83' lang='lat' dir='ltr'>parte</span> <span class='ocrx_word' id='word_1_181' title='bbox 171 1901 318 1932; x_wconf 88' lang='lat' dir='ltr'>volumus</span> <span class='ocrx_word' id='word_1_182' title='bbox 335 1902 443 1932; x_wconf 87' lang='lat' dir='ltr'>afferri</span> <span class='ocrx_word' id='word_1_183' title='bbox 464 1902 670 1940; x_wconf 83' lang='lat' dir='ltr'>suffragium,</span> <span class='ocrx_word' id='word_1_184' title='bbox 689 1911 896 1942; x_wconf 83' lang='lat' dir='ltr'>nequaquam</span> <span class='ocrx_word' id='word_1_185' title='bbox 913 1903 1070 1934; x_wconf 88' lang='lat' dir='ltr'>obstanti-</span> 
     </span>
     <span class='ocr_line' id='line_1_28' title="bbox 67 1954 466 1992; baseline -0.003 -7"><span class='ocrx_word' id='word_1_186' title='bbox 67 1954 137 1992; x_wconf 86' lang='lat' dir='ltr'>bus,</span> <span class='ocrx_word' id='word_1_187' title='bbox 154 1955 256 1985; x_wconf 86' lang='lat' dir='ltr'>libera</span> <span class='ocrx_word' id='word_1_188' title='bbox 271 1955 430 1985; x_wconf 83' lang='lat' dir='ltr'>facultate.</span> <span class='ocrx_word' id='word_1_189' title='bbox 453 1967 466 1982; x_wconf 73' lang='lat' dir='ltr'>n</span> 
     </span>
    </p>

    <p class='ocr_par' dir='ltr' id='par_1_7' title="bbox 59 2008 1070 2474">
     <span class='ocr_line' id='line_1_29' title="bbox 108 2008 1068 2048; baseline 0.001 -11"><span class='ocrx_word' id='word_1_190' title='bbox 108 2020 123 2036; x_wconf 89' lang='lat'>«</span> <span class='ocrx_word' id='word_1_191' title='bbox 141 2008 180 2038; x_wconf 89' lang='lat' dir='ltr'>Iu</span> <span class='ocrx_word' id='word_1_192' title='bbox 204 2008 265 2038; x_wconf 86' lang='lat' dir='ltr'>hac</span> <span class='ocrx_word' id='word_1_193' title='bbox 287 2009 469 2039; x_wconf 86' lang='lat' dir='ltr'>terrestri...</span> <span class='ocrx_word' id='word_1_194' title='bbox 485 2026 524 2030; x_wconf 97' lang='lat'><strong>—</strong></span> <span class='ocrx_word' id='word_1_195' title='bbox 544 2009 617 2038; x_wconf 88' lang='lat' dir='ltr'>Dat.</span> <span class='ocrx_word' id='word_1_196' title='bbox 639 2009 752 2045; x_wconf 88' lang='lat' dir='ltr'>Reate,</span> <span class='ocrx_word' id='word_1_197' title='bbox 773 2017 792 2038; x_wconf 86' lang='lat' dir='ltr'><strong>x</strong></span> <span class='ocrx_word' id='word_1_198' title='bbox 811 2008 1068 2048; x_wconf 85' lang='lat' dir='ltr'>kalendasjulii,</span> 
     </span>
     <span class='ocr_line' id='line_1_30' title="bbox 66 2062 681 2101; baseline 0.002 -10"><span class='ocrx_word' id='word_1_199' title='bbox 66 2062 266 2101; x_wconf 85' lang='lat' dir='ltr'>pontificatus</span> <span class='ocrx_word' id='word_1_200' title='bbox 282 2063 382 2092; x_wconf 85' lang='lat' dir='ltr'>nostri</span> <span class='ocrx_word' id='word_1_201' title='bbox 397 2071 483 2092; x_wconf 90' lang='lat' dir='ltr'>anuo</span> <span class='ocrx_word' id='word_1_202' title='bbox 498 2063 648 2092; x_wconf 89' lang='lat' dir='ltr'>secundo.</span> <span class='ocrx_word' id='word_1_203' title='bbox 669 2075 681 2089; x_wconf 72' lang='lat' dir='ltr'>n</span> 
     </span>
     <span class='ocr_line' id='line_1_31' title="bbox 59 2107 1068 2155; baseline 0 -10"><span class='ocrx_word' id='word_1_204' title='bbox 59 2107 64 2113; x_wconf 61' lang='lat'>⁵</span> <span class='ocrx_word' id='word_1_205' title='bbox 106 2115 144 2145; x_wconf 89' lang='lat' dir='ltr'>In</span> <span class='ocrx_word' id='word_1_206' title='bbox 160 2124 187 2145; x_wconf 91' lang='lat' dir='ltr'>e.</span> <span class='ocrx_word' id='word_1_207' title='bbox 205 2124 248 2145; x_wconf 90' lang='lat' dir='ltr'>m.</span> <span class='ocrx_word' id='word_1_208' title='bbox 266 2115 517 2154; x_wconf 87' lang='lat' dir='ltr'>archiepiscopos</span> <span class='ocrx_word' id='word_1_209' title='bbox 534 2120 565 2145; x_wconf 91' lang='lat' dir='ltr'>et</span> <span class='ocrx_word' id='word_1_210' title='bbox 581 2116 756 2154; x_wconf 85' lang='lat' dir='ltr'>episcopos,</span> <span class='ocrx_word' id='word_1_211' title='bbox 776 2116 915 2152; x_wconf 86' lang='lat' dir='ltr'>abbates,</span> <span class='ocrx_word' id='word_1_212' title='bbox 936 2117 1068 2155; x_wconf 85' lang='lat' dir='ltr'>priores,</span> 
     </span>
     <span class='ocr_line' id='line_1_32' title="bbox 68 2167 1069 2208; baseline 0 -10"><span class='ocrx_word' id='word_1_213' title='bbox 68 2167 200 2199; x_wconf 85' lang='lat' dir='ltr'>decanos</span> <span class='ocrx_word' id='word_1_214' title='bbox 211 2193 218 2206; x_wconf 84' lang='lat'>,</span> <span class='ocrx_word' id='word_1_215' title='bbox 235 2169 490 2206; x_wconf 76' lang='lat' dir='ltr'>archidiaconos,</span> <span class='ocrx_word' id='word_1_216' title='bbox 508 2169 700 2208; x_wconf 87' lang='lat' dir='ltr'>praepositos</span> <span class='ocrx_word' id='word_1_217' title='bbox 716 2173 747 2199; x_wconf 92' lang='lat' dir='ltr'>et</span> <span class='ocrx_word' id='word_1_218' title='bbox 766 2168 845 2199; x_wconf 87' lang='lat' dir='ltr'>alios</span> <span class='ocrx_word' id='word_1_219' title='bbox 862 2168 1069 2199; x_wconf 86' lang='lat' dir='ltr'>ecclesiarum</span> 
     </span>
     <span class='ocr_line' id='line_1_33' title="bbox 67 2221 1068 2261; baseline 0.001 -10"><span class='ocrx_word' id='word_1_220' title='bbox 67 2221 220 2260; x_wconf 83' lang='lat' dir='ltr'>praelatos</span> <span class='ocrx_word' id='word_1_221' title='bbox 235 2222 302 2252; x_wconf 86' lang='lat' dir='ltr'>sive</span> <span class='ocrx_word' id='word_1_222' title='bbox 325 2226 460 2252; x_wconf 86' lang='lat' dir='ltr'>rectores</span> <span class='ocrx_word' id='word_1_223' title='bbox 482 2231 657 2261; x_wconf 88' lang='lat' dir='ltr'>eorumque</span> <span class='ocrx_word' id='word_1_224' title='bbox 677 2227 852 2252; x_wconf 86' lang='lat' dir='ltr'>conventus</span> <span class='ocrx_word' id='word_1_225' title='bbox 869 2226 899 2252; x_wconf 90' lang='lat' dir='ltr'>et</span> <span class='ocrx_word' id='word_1_226' title='bbox 918 2222 1068 2260; x_wconf 81' lang='lat' dir='ltr'>collegia,</span> 
     </span>
     <span class='ocr_line' id='line_1_34' title="bbox 67 2276 1069 2315; baseline -0.001 -10"><span class='ocrx_word' id='word_1_227' title='bbox 67 2279 226 2314; x_wconf 82' lang='lat' dir='ltr'>exemptos</span> <span class='ocrx_word' id='word_1_228' title='bbox 237 2279 268 2305; x_wconf 88' lang='lat' dir='ltr'>et</span> <span class='ocrx_word' id='word_1_229' title='bbox 282 2284 346 2305; x_wconf 90' lang='lat' dir='ltr'>non</span> <span class='ocrx_word' id='word_1_230' title='bbox 363 2279 536 2315; x_wconf 84' lang='lat' dir='ltr'>exemptos,</span> <span class='ocrx_word' id='word_1_231' title='bbox 555 2285 611 2315; x_wconf 91' lang='lat' dir='ltr'>per</span> <span class='ocrx_word' id='word_1_232' title='bbox 622 2285 758 2314; x_wconf 82' lang='lat' dir='ltr'>reguum</span> <span class='ocrx_word' id='word_1_233' title='bbox 776 2276 906 2306; x_wconf 83' lang='lat' dir='ltr'>Siciliae</span> <span class='ocrx_word' id='word_1_234' title='bbox 919 2276 1069 2305; x_wconf 88' lang='lat' dir='ltr'>constitu-</span> 
     </span>
     <span class='ocr_line' id='line_1_35' title="bbox 66 2327 1070 2368; baseline 0 -10"><span class='ocrx_word' id='word_1_235' title='bbox 66 2330 129 2364; x_wconf 89' lang='lat' dir='ltr'>tos,</span> <span class='ocrx_word' id='word_1_236' title='bbox 150 2327 294 2358; x_wconf 87' lang='lat' dir='ltr'>hortatur</span> <span class='ocrx_word' id='word_1_237' title='bbox 309 2332 344 2358; x_wconf 88' lang='lat' dir='ltr'>ut</span> <span class='ocrx_word' id='word_1_238' title='bbox 362 2329 524 2368; x_wconf 91' lang='lat' dir='ltr'>praedicto</span> <span class='ocrx_word' id='word_1_239' title='bbox 544 2329 689 2368; x_wconf 84' lang='lat' dir='ltr'>episcopo</span> <span class='ocrx_word' id='word_1_240' title='bbox 708 2334 861 2368; x_wconf 87' lang='lat' dir='ltr'>tanquam</span> <span class='ocrx_word' id='word_1_241' title='bbox 881 2328 1070 2368; x_wconf 85' lang='lat' dir='ltr'>apostolicae</span> 
     </span>
     <span class='ocr_line' id='line_1_36' title="bbox 67 2381 1070 2422; baseline 0 -10"><span class='ocrx_word' id='word_1_242' title='bbox 67 2381 150 2412; x_wconf 77' lang='lat' dir='ltr'>sedis</span> <span class='ocrx_word' id='word_1_243' title='bbox 165 2381 267 2420; x_wconf 85' lang='lat' dir='ltr'>legato</span> <span class='ocrx_word' id='word_1_244' title='bbox 284 2382 464 2419; x_wconf 82' lang='lat' dir='ltr'>intendant,</span> <span class='ocrx_word' id='word_1_245' title='bbox 482 2383 584 2421; x_wconf 89' lang='lat' dir='ltr'>ipsius</span> <span class='ocrx_word' id='word_1_246' title='bbox 601 2387 731 2420; x_wconf 84' lang='lat' dir='ltr'>statuta,</span> <span class='ocrx_word' id='word_1_247' title='bbox 749 2384 887 2418; x_wconf 91' lang='lat' dir='ltr'>monita,</span> <span class='ocrx_word' id='word_1_248' title='bbox 907 2386 1070 2422; x_wconf 87' lang='lat' dir='ltr'>praecepta</span> 
     </span>
     <span class='ocr_line' id='line_1_37' title="bbox 68 2435 490 2474; baseline 0.002 -10"><span class='ocrx_word' id='word_1_249' title='bbox 68 2437 98 2465; x_wconf 86' lang='lat' dir='ltr'>et</span> <span class='ocrx_word' id='word_1_250' title='bbox 111 2435 260 2465; x_wconf 88' lang='lat' dir='ltr'>mandata</span> <span class='ocrx_word' id='word_1_251' title='bbox 274 2435 490 2474; x_wconf 87' lang='lat' dir='ltr'>adimplendo.</span> 
     </span>
    </p>

    <p class='ocr_par' dir='ltr' id='par_1_8' title="bbox 67 2487 1070 2634">
     <span class='ocr_line' id='line_1_38' title="bbox 105 2487 1069 2527; baseline 0.001 -10"><span class='ocrx_word' id='word_1_252' title='bbox 105 2487 145 2517; x_wconf 91' lang='lat' dir='ltr'>In</span> <span class='ocrx_word' id='word_1_253' title='bbox 163 2493 190 2517; x_wconf 82' lang='lat' dir='ltr'>e.</span> <span class='ocrx_word' id='word_1_254' title='bbox 209 2497 252 2518; x_wconf 91' lang='lat' dir='ltr'>m.</span> <span class='ocrx_word' id='word_1_255' title='bbox 271 2488 431 2518; x_wconf 87' lang='lat' dir='ltr'>universis</span> <span class='ocrx_word' id='word_1_256' title='bbox 449 2489 636 2527; x_wconf 88' lang='lat' dir='ltr'>comitibus,</span> <span class='ocrx_word' id='word_1_257' title='bbox 655 2489 843 2525; x_wconf 86' lang='lat' dir='ltr'>baronibus,</span> <span class='ocrx_word' id='word_1_258' title='bbox 860 2488 1017 2518; x_wconf 87' lang='lat' dir='ltr'>militibus</span> <span class='ocrx_word' id='word_1_259' title='bbox 1034 2497 1069 2518; x_wconf 90' lang='lat' dir='ltr'>ac</span> 
     </span>
     <span class='ocr_line' id='line_1_39' title="bbox 67 2540 1070 2580; baseline 0 -9"><span class='ocrx_word' id='word_1_260' title='bbox 67 2540 190 2580; x_wconf 80' lang='lat' dir='ltr'>populis</span> <span class='ocrx_word' id='word_1_261' title='bbox 217 2541 285 2571; x_wconf 84' lang='lat' dir='ltr'>sive</span> <span class='ocrx_word' id='word_1_262' title='bbox 311 2542 596 2572; x_wconf 89' lang='lat' dir='ltr'>communitatibus</span> <span class='ocrx_word' id='word_1_263' title='bbox 625 2542 808 2578; x_wconf 86' lang='lat' dir='ltr'>civitatum,</span> <span class='ocrx_word' id='word_1_264' title='bbox 835 2547 1008 2572; x_wconf 83' lang='lat' dir='ltr'>castrorum</span> <span class='ocrx_word' id='word_1_265' title='bbox 1040 2546 1070 2571; x_wconf 87' lang='lat' dir='ltr'>et</span> 
     </span>
     <span class='ocr_line' id='line_1_40' title="bbox 67 2591 934 2634; baseline 0.001 -11"><span class='ocrx_word' id='word_1_266' title='bbox 67 2591 200 2624; x_wconf 81' lang='lat' dir='ltr'>aliorum</span> <span class='ocrx_word' id='word_1_267' title='bbox 216 2593 358 2624; x_wconf 90' lang='lat' dir='ltr'>locorum</span> <span class='ocrx_word' id='word_1_268' title='bbox 375 2603 429 2634; x_wconf 89' lang='lat' dir='ltr'>per</span> <span class='ocrx_word' id='word_1_269' title='bbox 445 2603 580 2633; x_wconf 86' lang='lat' dir='ltr'>regnum</span> <span class='ocrx_word' id='word_1_270' title='bbox 598 2595 726 2625; x_wconf 86' lang='lat' dir='ltr'>Siciliae</span> <span class='ocrx_word' id='word_1_271' title='bbox 741 2595 934 2625; x_wconf 86' lang='lat' dir='ltr'>constitutis.</span> 
     </span>
    </p>

    <p class='ocr_par' dir='ltr' id='par_1_9' title="bbox 105 2646 491 2686">
     <span class='ocr_line' id='line_1_41' title="bbox 105 2646 491 2686; baseline 0.003 -10"><span class='ocrx_word' id='word_1_272' title='bbox 105 2646 144 2676; x_wconf 91' lang='lat' dir='ltr'>In</span> <span class='ocrx_word' id='word_1_273' title='bbox 163 2656 189 2677; x_wconf 89' lang='lat' dir='ltr'>e.</span> <span class='ocrx_word' id='word_1_274' title='bbox 207 2656 250 2677; x_wconf 92' lang='lat' dir='ltr'>m.</span> <span class='ocrx_word' id='word_1_275' title='bbox 268 2648 337 2686; x_wconf 88' lang='lat' dir='ltr'>regi</span> <span class='ocrx_word' id='word_1_276' title='bbox 352 2647 491 2678; x_wconf 88' lang='lat' dir='ltr'>Siciliae.</span> 
     </span>
    </p>

    <p class='ocr_par' dir='ltr' id='par_1_10' title="bbox 105 2699 558 2739">
     <span class='ocr_line' id='line_1_42' title="bbox 105 2699 558 2739; baseline 0.002 -9"><span class='ocrx_word' id='word_1_277' title='bbox 105 2699 144 2730; x_wconf 90' lang='lat' dir='ltr'>In</span> <span class='ocrx_word' id='word_1_278' title='bbox 161 2709 189 2730; x_wconf 90' lang='lat' dir='ltr'>e.</span> <span class='ocrx_word' id='word_1_279' title='bbox 206 2709 250 2731; x_wconf 92' lang='lat' dir='ltr'>m.</span> <span class='ocrx_word' id='word_1_280' title='bbox 266 2702 397 2739; x_wconf 87' lang='lat' dir='ltr'>reginae</span> <span class='ocrx_word' id='word_1_281' title='bbox 413 2701 558 2731; x_wconf 86' lang='lat' dir='ltr'>Siciliae.</span> 
     </span>
    </p>
   </div>
   <div class='ocr_carea' id='block_1_7' title="bbox 136 2856 997 2892">
    <p class='ocr_par' dir='ltr' id='par_1_11' title="bbox 136 2856 997 2892">
     <span class='ocr_line' id='line_1_43' title="bbox 136 2856 997 2892; baseline -0.001 -7"><span class='ocrx_word' id='word_1_282' title='bbox 136 2856 257 2885; x_wconf 66' lang='lat' dir='ltr'>zise</span> <span class='ocrx_word' id='word_1_283' title='bbox 689 2858 775 2892; x_wconf 64' lang='lat' dir='ltr'>Rieu,</span> <span class='ocrx_word' id='word_1_284' title='bbox 791 2858 824 2885; x_wconf 70' lang='lat'>&lt;22</span> <span class='ocrx_word' id='word_1_285' title='bbox 838 2858 901 2892; x_wconf 75' lang='lat' dir='ltr'>jum</span> <span class='ocrx_word' id='word_1_286' title='bbox 919 2858 997 2885; x_wconf 64' lang='lat'>1289.</span> 
     </span>
    </p>
   </div>
   <div class='ocr_carea' id='block_1_8' title="bbox 67 2917 1066 3000">
    <p class='ocr_par' dir='ltr' id='par_1_12' title="bbox 67 2917 1066 3000">
     <span class='ocr_line' id='line_1_44' title="bbox 101 2917 1066 2955; baseline 0.002 -10"><span class='ocrx_word' id='word_1_287' title='bbox 101 2917 233 2946; x_wconf 85' lang='lat' dir='ltr'>Potestas</span> <span class='ocrx_word' id='word_1_288' title='bbox 247 2919 413 2946; x_wconf 88' lang='lat' dir='ltr'>absolvendi</span> <span class='ocrx_word' id='word_1_289' title='bbox 430 2929 446 2946; x_wconf 90' lang='lat' dir='ltr'>a</span> <span class='ocrx_word' id='word_1_290' title='bbox 466 2921 618 2947; x_wconf 80' lang='lat' dir='ltr'>sententiis</span> <span class='ocrx_word' id='word_1_291' title='bbox 634 2921 793 2947; x_wconf 84' lang='lat' dir='ltr'>canonicis.</span> <span class='ocrx_word' id='word_1_292' title='bbox 809 2920 890 2955; x_wconf 67' lang='lat' dir='ltr'>(Rae.</span> <span class='ocrx_word' id='word_1_293' title='bbox 908 2921 956 2954; x_wconf 83' lang='lat'>44,</span> <span class='ocrx_word' id='word_1_294' title='bbox 972 2928 996 2946; x_wconf 88' lang='lat' dir='ltr'>c.</span> <span class='ocrx_word' id='word_1_295' title='bbox 1016 2920 1047 2947; x_wconf 82' lang='lat'>16</span> <span class='ocrx_word' id='word_1_296' title='bbox 1060 2940 1066 2951; x_wconf 86' lang='lat'>.</span> 
     </span>
     <span class='ocr_line' id='line_1_45' title="bbox 67 2965 216 3000; baseline 0.013 -8"><span class='ocrx_word' id='word_1_297' title='bbox 67 2965 87 2994; x_wconf 77' lang='lat' dir='ltr'>f.</span> <span class='ocrx_word' id='word_1_298' title='bbox 103 2965 154 2994; x_wconf 82' lang='grc'>309</span> <span class='ocrx_word' id='word_1_299' title='bbox 168 2968 216 3000; x_wconf 71' lang='lat'>1⁸⁰.)</span> 
     </span>
    </p>
   </div>
   <div class='ocr_carea' id='block_1_9' title="bbox 111 3069 1068 3109">
    <p class='ocr_par' dir='ltr' id='par_1_13' title="bbox 111 3069 1068 3109">
     <span class='ocr_line' id='line_1_46' title="bbox 111 3069 1068 3109; baseline -0.001 -10"><span class='ocrx_word' id='word_1_300' title='bbox 111 3069 274 3100; x_wconf 76' lang='lat' dir='ltr'>Venerabili</span> <span class='ocrx_word' id='word_1_301' title='bbox 287 3069 383 3109; x_wconf 79' lang='lat' dir='ltr'>fratri</span> <span class='ocrx_word' id='word_1_302' title='bbox 399 3071 444 3108; x_wconf 85' lang='lat' dir='ltr'>B.‚</span> <span class='ocrx_word' id='word_1_303' title='bbox 463 3071 594 3109; x_wconf 78' lang='lat' dir='ltr'>episcopo</span> <span class='ocrx_word' id='word_1_304' title='bbox 610 3071 799 3107; x_wconf 60' lang='lat' dir='ltr'>Penescrtno,</span> <span class='ocrx_word' id='word_1_305' title='bbox 817 3071 975 3109; x_wconf 79' lang='lat' dir='ltr'>apostolice</span> <span class='ocrx_word' id='word_1_306' title='bbox 991 3069 1068 3098; x_wconf 84' lang='lat' dir='ltr'>sedis</span> 
     </span>
    </p>
   </div>
   <div class='ocr_carea' id='block_1_10' title="bbox 1160 472 2161 783">
    <p class='ocr_par' dir='ltr' id='par_1_14' title="bbox 1160 472 2161 728">
     <span class='ocr_line' id='line_1_47' title="bbox 1162 472 2159 516; baseline 0.018 -17"><span class='ocrx_word' id='word_1_307' title='bbox 1162 472 1266 508; x_wconf 66' lang='lat' dir='ltr'>legam,</span> <span class='ocrx_word' id='word_1_308' title='bbox 1284 477 1468 510; x_wconf 85' lang='lat' dir='ltr'>potestatem</span> <span class='ocrx_word' id='word_1_309' title='bbox 1485 477 1626 507; x_wconf 87' lang='lat' dir='ltr'>concedit</span> <span class='ocrx_word' id='word_1_310' title='bbox 1640 479 1827 510; x_wconf 89' lang='lat' dir='ltr'>absolvendi</span> <span class='ocrx_word' id='word_1_311' title='bbox 1841 481 1880 511; x_wconf 90' lang='lat' dir='ltr'>ab</span> <span class='ocrx_word' id='word_1_312' title='bbox 1902 488 2159 516; x_wconf 80' lang='lat' dir='ltr'>excommunica-</span> 
     </span>
     <span class='ocr_line' id='line_1_48' title="bbox 1163 523 2159 575; baseline 0.018 -24"><span class='ocrx_word' id='word_1_313' title='bbox 1163 523 1258 553; x_wconf 86' lang='lat' dir='ltr'>tionis</span> <span class='ocrx_word' id='word_1_314' title='bbox 1275 528 1431 556; x_wconf 80' lang='lat' dir='ltr'>seutentia</span> <span class='ocrx_word' id='word_1_315' title='bbox 1447 530 1598 566; x_wconf 87' lang='lat' dir='ltr'>quosdam</span> <span class='ocrx_word' id='word_1_316' title='bbox 1611 531 1739 562; x_wconf 88' lang='lat' dir='ltr'>clericos</span> <span class='ocrx_word' id='word_1_317' title='bbox 1757 537 1786 562; x_wconf 90' lang='lat' dir='ltr'>et</span> <span class='ocrx_word' id='word_1_318' title='bbox 1803 533 1898 564; x_wconf 87' lang='lat' dir='ltr'>laicos</span> <span class='ocrx_word' id='word_1_319' title='bbox 1914 536 1980 574; x_wconf 87' lang='lat' dir='ltr'>qui,</span> <span class='ocrx_word' id='word_1_320' title='bbox 1992 540 2100 575; x_wconf 87' lang='lat' dir='ltr'>coacti,</span> <span class='ocrx_word' id='word_1_321' title='bbox 2113 549 2159 569; x_wconf 88' lang='lat' dir='ltr'>re-</span> 
     </span>
     <span class='ocr_line' id='line_1_49' title="bbox 1160 575 2161 623; baseline 0.019 -19"><span class='ocrx_word' id='word_1_322' title='bbox 1160 575 1297 606; x_wconf 88' lang='lat' dir='ltr'>bellibus</span> <span class='ocrx_word' id='word_1_323' title='bbox 1314 578 1429 609; x_wconf 86' lang='lat' dir='ltr'>Siculis</span> <span class='ocrx_word' id='word_1_324' title='bbox 1444 581 1600 611; x_wconf 83' lang='lat' dir='ltr'>auxilium</span> <span class='ocrx_word' id='word_1_325' title='bbox 1618 586 1858 623; x_wconf 80' lang='lat' dir='ltr'>praestiterunt,</span> <span class='ocrx_word' id='word_1_326' title='bbox 1876 588 2041 620; x_wconf 85' lang='lat' dir='ltr'>relaxandi</span> <span class='ocrx_word' id='word_1_327' title='bbox 2059 592 2097 622; x_wconf 89' lang='lat' dir='ltr'>ab</span> <span class='ocrx_word' id='word_1_328' title='bbox 2114 593 2161 622; x_wconf 91' lang='lat' dir='ltr'>in-</span> 
     </span>
     <span class='ocr_line' id='line_1_50' title="bbox 1162 629 2160 684; baseline 0.02 -28"><span class='ocrx_word' id='word_1_329' title='bbox 1162 629 1291 659; x_wconf 89' lang='lat' dir='ltr'>terdicto</span> <span class='ocrx_word' id='word_1_330' title='bbox 1310 636 1406 661; x_wconf 88' lang='lat' dir='ltr'>terras</span> <span class='ocrx_word' id='word_1_331' title='bbox 1428 641 1537 663; x_wconf 90' lang='lat' dir='ltr'>eorum</span> <span class='ocrx_word' id='word_1_332' title='bbox 1554 639 1583 664; x_wconf 90' lang='lat' dir='ltr'>et</span> <span class='ocrx_word' id='word_1_333' title='bbox 1601 635 1807 674; x_wconf 81' lang='lat' dir='ltr'>dispensandi</span> <span class='ocrx_word' id='word_1_334' title='bbox 1825 649 1898 670; x_wconf 91' lang='lat' dir='ltr'>cum</span> <span class='ocrx_word' id='word_1_335' title='bbox 1920 642 2045 674; x_wconf 87' lang='lat' dir='ltr'>clericis</span> <span class='ocrx_word' id='word_1_336' title='bbox 2066 654 2160 684; x_wconf 85' lang='lat' dir='ltr'>super</span> 
     </span>
     <span class='ocr_line' id='line_1_51' title="bbox 1160 680 2024 728; baseline 0.021 -19"><span class='ocrx_word' id='word_1_337' title='bbox 1160 680 1459 721; x_wconf 81' lang='lat' dir='ltr'>irregularitatibus,</span> <span class='ocrx_word' id='word_1_338' title='bbox 1480 686 1505 715; x_wconf 92' lang='lat' dir='ltr'>si</span> <span class='ocrx_word' id='word_1_339' title='bbox 1523 696 1602 725; x_wconf 83' lang='lat' dir='ltr'>quas</span> <span class='ocrx_word' id='word_1_340' title='bbox 1621 689 1663 719; x_wconf 80' lang='lat' dir='ltr'>sic</span> <span class='ocrx_word' id='word_1_341' title='bbox 1682 689 1776 728; x_wconf 79' lang='lat' dir='ltr'>legati</span> <span class='ocrx_word' id='word_1_342' title='bbox 1796 697 2024 726; x_wconf 81' lang='lat' dir='ltr'>contraxerint.</span> 
     </span>
    </p>

    <p class='ocr_par' dir='ltr' id='par_1_15' title="bbox 1203 735 1839 783">
     <span class='ocr_line' id='line_1_52' title="bbox 1203 735 1839 783; baseline 0.017 -20"><span class='ocrx_word' id='word_1_343' title='bbox 1203 746 1215 760; x_wconf 85' lang='lat'><strong>«</strong></span> <span class='ocrx_word' id='word_1_344' title='bbox 1237 735 1280 764; x_wconf 77' lang='lat' dir='ltr'>Ex</span> <span class='ocrx_word' id='word_1_345' title='bbox 1300 742 1385 774; x_wconf 86' lang='lat' dir='ltr'>parte</span> <span class='ocrx_word' id='word_1_346' title='bbox 1403 743 1492 770; x_wconf 86' lang='lat' dir='ltr'>tua...</span> <span class='ocrx_word' id='word_1_347' title='bbox 1508 756 1547 762; x_wconf 90' lang='lat'><em>—</em></span> <span class='ocrx_word' id='word_1_348' title='bbox 1564 741 1633 770; x_wconf 77' lang='lat' dir='ltr'>Dat.</span> <span class='ocrx_word' id='word_1_349' title='bbox 1653 747 1804 783; x_wconf 83' lang='lat' dir='ltr'>utsupra.</span> <span class='ocrx_word' id='word_1_350' title='bbox 1827 758 1839 773; x_wconf 76' lang='lat' dir='ltr'>n</span> 
     </span>
    </p>
   </div>
   <div class='ocr_carea' id='block_1_11' title="bbox 1231 919 2087 963">
    <p class='ocr_par' dir='ltr' id='par_1_16' title="bbox 1231 919 2087 963">
     <span class='ocr_line' id='line_1_53' title="bbox 1231 919 2087 963; baseline 0.013 -16"><span class='ocrx_word' id='word_1_351' title='bbox 1231 919 1345 948; x_wconf 55' lang='lat'>2185</span> <span class='ocrx_word' id='word_1_352' title='bbox 1777 927 1865 961; x_wconf 88' lang='lat' dir='ltr'>Rieti,</span> <span class='ocrx_word' id='word_1_353' title='bbox 1883 929 1914 956; x_wconf 72' lang='lat'>22</span> <span class='ocrx_word' id='word_1_354' title='bbox 1927 931 1991 963; x_wconf 88' lang='lat' dir='ltr'>juin</span> <span class='ocrx_word' id='word_1_355' title='bbox 2012 932 2087 958; x_wconf 70' lang='lat'>1289.</span> 
     </span>
    </p>
   </div>
   <div class='ocr_carea' id='block_1_12' title="bbox 1158 979 2157 1060">
    <p class='ocr_par' dir='ltr' id='par_1_17' title="bbox 1158 979 2157 1060">
     <span class='ocr_line' id='line_1_54' title="bbox 1195 979 2157 1027; baseline 0.016 -22"><span class='ocrx_word' id='word_1_356' title='bbox 1195 979 1327 1006; x_wconf 83' lang='lat' dir='ltr'>Facultas</span> <span class='ocrx_word' id='word_1_357' title='bbox 1341 982 1505 1008; x_wconf 77' lang='lat' dir='ltr'>conferendi</span> <span class='ocrx_word' id='word_1_358' title='bbox 1521 983 1658 1011; x_wconf 81' lang='lat' dir='ltr'>beneficia</span> <span class='ocrx_word' id='word_1_359' title='bbox 1672 988 1877 1015; x_wconf 87' lang='lat' dir='ltr'>ecclesiastica.</span> <span class='ocrx_word' id='word_1_360' title='bbox 1899 990 1981 1022; x_wconf 70' lang='lat' dir='ltr'>(Rea.</span> <span class='ocrx_word' id='word_1_361' title='bbox 1999 992 2046 1025; x_wconf 83' lang='lat'>44,</span> <span class='ocrx_word' id='word_1_362' title='bbox 2063 1001 2087 1019; x_wconf 88' lang='lat' dir='ltr'>c.</span> <span class='ocrx_word' id='word_1_363' title='bbox 2108 994 2137 1019; x_wconf 90' lang='lat'>17</span> <span class='ocrx_word' id='word_1_364' title='bbox 2150 1015 2157 1027; x_wconf 85' lang='lat'>,</span> 
     </span>
     <span class='ocr_line' id='line_1_55' title="bbox 1158 1028 1310 1060; baseline 0 -6"><span class='ocrx_word' id='word_1_365' title='bbox 1158 1028 1178 1054; x_wconf 81' lang='lat' dir='ltr'>f.</span> <span class='ocrx_word' id='word_1_366' title='bbox 1197 1029 1246 1056; x_wconf 82' lang='grc'>309</span> <span class='ocrx_word' id='word_1_367' title='bbox 1263 1032 1310 1060; x_wconf 74' lang='lat'>1&#39;0).</span> 
     </span>
    </p>
   </div>
   <div class='ocr_carea' id='block_1_13' title="bbox 1157 1132 2158 1335">
    <p class='ocr_par' dir='ltr' id='par_1_18' title="bbox 1157 1132 2158 1271">
     <span class='ocr_line' id='line_1_56' title="bbox 1198 1132 2156 1172; baseline 0.013 -12"><span class='ocrx_word' id='word_1_368' title='bbox 1198 1132 1301 1161; x_wconf 77' lang='lat' dir='ltr'>Eidem</span> <span class='ocrx_word' id='word_1_369' title='bbox 1320 1132 1500 1163; x_wconf 80' lang='lat' dir='ltr'>facultatem</span> <span class='ocrx_word' id='word_1_370' title='bbox 1516 1135 1659 1165; x_wconf 90' lang='lat' dir='ltr'>concedit</span> <span class='ocrx_word' id='word_1_371' title='bbox 1677 1136 1862 1167; x_wconf 80' lang='lat' dir='ltr'>conferendi</span> <span class='ocrx_word' id='word_1_372' title='bbox 1881 1139 2034 1170; x_wconf 87' lang='lat' dir='ltr'>beneficia</span> <span class='ocrx_word' id='word_1_373' title='bbox 2056 1141 2156 1172; x_wconf 86' lang='lat' dir='ltr'>eccle-</span> 
     </span>
     <span class='ocr_line' id='line_1_57' title="bbox 1159 1183 2158 1228; baseline 0.012 -15"><span class='ocrx_word' id='word_1_374' title='bbox 1159 1183 1287 1214; x_wconf 88' lang='lat' dir='ltr'>siastica</span> <span class='ocrx_word' id='word_1_375' title='bbox 1302 1185 1492 1216; x_wconf 88' lang='lat' dir='ltr'>clericorum</span> <span class='ocrx_word' id='word_1_376' title='bbox 1509 1186 1561 1225; x_wconf 88' lang='lat' dir='ltr'>qui</span> <span class='ocrx_word' id='word_1_377' title='bbox 1578 1188 1612 1217; x_wconf 90' lang='lat' dir='ltr'>in</span> <span class='ocrx_word' id='word_1_378' title='bbox 1628 1188 1730 1228; x_wconf 88' lang='lat' dir='ltr'>ipsius</span> <span class='ocrx_word' id='word_1_379' title='bbox 1746 1191 1895 1222; x_wconf 88' lang='lat' dir='ltr'>comitatu</span> <span class='ocrx_word' id='word_1_380' title='bbox 1913 1191 1963 1222; x_wconf 91' lang='lat' dir='ltr'>vel</span> <span class='ocrx_word' id='word_1_381' title='bbox 1979 1194 2106 1224; x_wconf 86' lang='lat' dir='ltr'>servitio</span> <span class='ocrx_word' id='word_1_382' title='bbox 2123 1204 2158 1225; x_wconf 89' lang='lat' dir='ltr'>ea</span> 
     </span>
     <span class='ocr_line' id='line_1_58' title="bbox 1157 1238 1597 1271; baseline 0.009 -4"><span class='ocrx_word' id='word_1_383' title='bbox 1157 1239 1311 1268; x_wconf 86' lang='lat' dir='ltr'>cesserint</span> <span class='ocrx_word' id='word_1_384' title='bbox 1325 1238 1375 1268; x_wconf 90' lang='lat' dir='ltr'>vel</span> <span class='ocrx_word' id='word_1_385' title='bbox 1390 1239 1597 1271; x_wconf 87' lang='lat' dir='ltr'>decesserint.</span> 
     </span>
    </p>

    <p class='ocr_par' dir='ltr' id='par_1_19' title="bbox 1203 1291 1806 1335">
     <span class='ocr_line' id='line_1_59' title="bbox 1203 1291 1806 1335; baseline 0.008 -14"><span class='ocrx_word' id='word_1_386' title='bbox 1203 1303 1215 1318; x_wconf 86' lang='lat'>‹</span> <span class='ocrx_word' id='word_1_387' title='bbox 1233 1291 1313 1321; x_wconf 90' lang='lat' dir='ltr'>Cum</span> <span class='ocrx_word' id='word_1_388' title='bbox 1332 1296 1360 1322; x_wconf 87' lang='lat' dir='ltr'>te</span> <span class='ocrx_word' id='word_1_389' title='bbox 1376 1293 1452 1323; x_wconf 88' lang='lat' dir='ltr'>ad...</span> <span class='ocrx_word' id='word_1_390' title='bbox 1468 1311 1507 1315; x_wconf 90' lang='lat'><strong>—</strong></span> <span class='ocrx_word' id='word_1_391' title='bbox 1522 1294 1594 1324; x_wconf 89' lang='lat' dir='ltr'>Dat.</span> <span class='ocrx_word' id='word_1_392' title='bbox 1612 1300 1770 1335; x_wconf 86' lang='lat' dir='ltr'>utsupra.</span> <span class='ocrx_word' id='word_1_393' title='bbox 1793 1309 1806 1323; x_wconf 73' lang='lat' dir='ltr'>n</span> 
     </span>
    </p>
   </div>
   <div class='ocr_carea' id='block_1_14' title="bbox 1190 1477 2083 1578">
    <p class='ocr_par' dir='ltr' id='par_1_20' title="bbox 1190 1477 2083 1578">
     <span class='ocr_line' id='line_1_60' title="bbox 1226 1477 2083 1517; baseline 0.005 -11"><span class='ocrx_word' id='word_1_394' title='bbox 1226 1477 1346 1506; x_wconf 69' lang='lat'>2188</span> <span class='ocrx_word' id='word_1_395' title='bbox 1773 1481 1860 1516; x_wconf 84' lang='lat' dir='ltr'>Rieti,</span> <span class='ocrx_word' id='word_1_396' title='bbox 1879 1482 1911 1509; x_wconf 69' lang='lat'>‘22</span> <span class='ocrx_word' id='word_1_397' title='bbox 1924 1484 1987 1517; x_wconf 88' lang='lat' dir='ltr'>juin</span> <span class='ocrx_word' id='word_1_398' title='bbox 2006 1484 2083 1512; x_wconf 63' lang='lat'>1289.</span> 
     </span>
     <span class='ocr_line' id='line_1_61' title="bbox 1190 1537 1876 1578; baseline 0.009 -14"><span class='ocrx_word' id='word_1_399' title='bbox 1190 1537 1296 1566; x_wconf 88' lang='lat' dir='ltr'>Eadem</span> <span class='ocrx_word' id='word_1_400' title='bbox 1312 1540 1440 1567; x_wconf 80' lang='lat' dir='ltr'>facultas.</span> <span class='ocrx_word' id='word_1_401' title='bbox 1458 1541 1541 1574; x_wconf 67' lang='lat' dir='ltr'>(Rae.</span> <span class='ocrx_word' id='word_1_402' title='bbox 1557 1542 1601 1572; x_wconf 77' lang='lat'>44,</span> <span class='ocrx_word' id='word_1_403' title='bbox 1617 1550 1643 1569; x_wconf 87' lang='lat' dir='ltr'>c.</span> <span class='ocrx_word' id='word_1_404' title='bbox 1662 1543 1703 1577; x_wconf 83' lang='lat'>18,</span> <span class='ocrx_word' id='word_1_405' title='bbox 1721 1544 1741 1570; x_wconf 87' lang='lat' dir='ltr'>f.</span> <span class='ocrx_word' id='word_1_406' title='bbox 1759 1543 1809 1571; x_wconf 84' lang='lat'>309</span> <span class='ocrx_word' id='word_1_407' title='bbox 1825 1548 1876 1578; x_wconf 76' lang='lat' dir='ltr'>vo.)</span> 
     </span>
    </p>
   </div>
   <div class='ocr_carea' id='block_1_15' title="bbox 1153 1641 2153 1896">
    <p class='ocr_par' dir='ltr' id='par_1_21' title="bbox 1153 1641 2153 1833">
     <span class='ocr_line' id='line_1_62' title="bbox 1193 1641 2152 1677; baseline 0.009 -9"><span class='ocrx_word' id='word_1_408' title='bbox 1193 1641 1294 1669; x_wconf 72' lang='lat' dir='ltr'>Eidem</span> <span class='ocrx_word' id='word_1_409' title='bbox 1313 1641 1493 1672; x_wconf 86' lang='lat' dir='ltr'>facultatem</span> <span class='ocrx_word' id='word_1_410' title='bbox 1511 1643 1654 1673; x_wconf 90' lang='lat' dir='ltr'>concedit</span> <span class='ocrx_word' id='word_1_411' title='bbox 1675 1645 1861 1675; x_wconf 85' lang='lat' dir='ltr'>conferendi</span> <span class='ocrx_word' id='word_1_412' title='bbox 1878 1645 2033 1676; x_wconf 90' lang='lat' dir='ltr'>beneficia</span> <span class='ocrx_word' id='word_1_413' title='bbox 2052 1647 2152 1677; x_wconf 89' lang='lat' dir='ltr'>eccle-</span> 
     </span>
     <span class='ocr_line' id='line_1_63' title="bbox 1153 1693 2153 1738; baseline 0.009 -16"><span class='ocrx_word' id='word_1_414' title='bbox 1153 1693 1277 1723; x_wconf 84' lang='lat' dir='ltr'>siastica</span> <span class='ocrx_word' id='word_1_415' title='bbox 1293 1703 1375 1733; x_wconf 84' lang='lat' dir='ltr'>quae</span> <span class='ocrx_word' id='word_1_416' title='bbox 1390 1695 1425 1724; x_wconf 92' lang='lat' dir='ltr'>in</span> <span class='ocrx_word' id='word_1_417' title='bbox 1440 1696 1620 1726; x_wconf 83' lang='lat' dir='ltr'>civitatibus</span> <span class='ocrx_word' id='word_1_418' title='bbox 1637 1701 1666 1727; x_wconf 90' lang='lat' dir='ltr'>et</span> <span class='ocrx_word' id='word_1_419' title='bbox 1682 1697 1877 1730; x_wconf 76' lang='lat' dir='ltr'>dioecesibus</span> <span class='ocrx_word' id='word_1_420' title='bbox 1900 1699 1999 1737; x_wconf 88' lang='lat' dir='ltr'>ipsius</span> <span class='ocrx_word' id='word_1_421' title='bbox 2023 1700 2153 1738; x_wconf 83' lang='lat' dir='ltr'>legatio-</span> 
     </span>
     <span class='ocr_line' id='line_1_64' title="bbox 1153 1747 2152 1792; baseline 0.008 -16"><span class='ocrx_word' id='word_1_422' title='bbox 1153 1747 1204 1776; x_wconf 91' lang='lat' dir='ltr'>nis</span> <span class='ocrx_word' id='word_1_423' title='bbox 1220 1752 1306 1778; x_wconf 83' lang='lat' dir='ltr'>tanto</span> <span class='ocrx_word' id='word_1_424' title='bbox 1327 1753 1465 1787; x_wconf 87' lang='lat' dir='ltr'>tempore</span> <span class='ocrx_word' id='word_1_425' title='bbox 1482 1750 1663 1780; x_wconf 87' lang='lat' dir='ltr'>vacaverint</span> <span class='ocrx_word' id='word_1_426' title='bbox 1678 1751 1761 1789; x_wconf 89' lang='lat' dir='ltr'>quod</span> <span class='ocrx_word' id='word_1_427' title='bbox 1773 1751 1813 1782; x_wconf 91' lang='lat' dir='ltr'>ad</span> <span class='ocrx_word' id='word_1_428' title='bbox 1828 1752 1934 1782; x_wconf 89' lang='lat' dir='ltr'>sedem</span> <span class='ocrx_word' id='word_1_429' title='bbox 1948 1753 2152 1792; x_wconf 85' lang='lat' dir='ltr'>apostolicam</span> 
     </span>
     <span class='ocr_line' id='line_1_65' title="bbox 1154 1801 1635 1833; baseline 0.004 -3"><span class='ocrx_word' id='word_1_430' title='bbox 1154 1809 1264 1831; x_wconf 90' lang='lat' dir='ltr'>eorum</span> <span class='ocrx_word' id='word_1_431' title='bbox 1282 1801 1408 1832; x_wconf 83' lang='lat' dir='ltr'>collatio</span> <span class='ocrx_word' id='word_1_432' title='bbox 1423 1802 1568 1833; x_wconf 86' lang='lat' dir='ltr'>devoluta</span> <span class='ocrx_word' id='word_1_433' title='bbox 1585 1804 1635 1833; x_wconf 88' lang='lat' dir='ltr'>sit.</span> 
     </span>
    </p>

    <p class='ocr_par' dir='ltr' id='par_1_22' title="bbox 1195 1853 1796 1896">
     <span class='ocr_line' id='line_1_66' title="bbox 1195 1853 1796 1896; baseline 0.003 -14"><span class='ocrx_word' id='word_1_434' title='bbox 1195 1866 1208 1881; x_wconf 77' lang='grc' dir='ltr'>ι</span> <span class='ocrx_word' id='word_1_435' title='bbox 1228 1853 1308 1884; x_wconf 92' lang='lat' dir='ltr'>Cum</span> <span class='ocrx_word' id='word_1_436' title='bbox 1328 1859 1356 1884; x_wconf 91' lang='lat' dir='ltr'>te</span> <span class='ocrx_word' id='word_1_437' title='bbox 1371 1855 1447 1885; x_wconf 91' lang='lat' dir='ltr'>ad...</span> <span class='ocrx_word' id='word_1_438' title='bbox 1462 1871 1502 1878; x_wconf 97' lang='lat'><strong>—</strong></span> <span class='ocrx_word' id='word_1_439' title='bbox 1518 1856 1588 1885; x_wconf 88' lang='lat' dir='ltr'>Dat.</span> <span class='ocrx_word' id='word_1_440' title='bbox 1609 1861 1643 1886; x_wconf 89' lang='lat' dir='ltr'>ut</span> <span class='ocrx_word' id='word_1_441' title='bbox 1659 1865 1764 1896; x_wconf 87' lang='lat' dir='ltr'>supra.</span> <span class='ocrx_word' id='word_1_442' title='bbox 1783 1869 1796 1884; x_wconf 67' lang='lat' dir='ltr'>n</span> 
     </span>
    </p>
   </div>
   <div class='ocr_carea' id='block_1_16' title="bbox 1222 2040 2079 2076">
    <p class='ocr_par' dir='ltr' id='par_1_23' title="bbox 1222 2040 2079 2076">
     <span class='ocr_line' id='line_1_67' title="bbox 1222 2040 2079 2076; baseline 0.001 -8"><span class='ocrx_word' id='word_1_443' title='bbox 1222 2040 1338 2069; x_wconf 68' lang='lat'>2183</span> <span class='ocrx_word' id='word_1_444' title='bbox 1771 2042 1857 2074; x_wconf 80' lang='lat' dir='ltr'>Rieti,</span> <span class='ocrx_word' id='word_1_445' title='bbox 1874 2044 1906 2069; x_wconf 67' lang='lat'>-22</span> <span class='ocrx_word' id='word_1_446' title='bbox 1918 2044 1983 2076; x_wconf 89' lang='lat' dir='ltr'>juin</span> <span class='ocrx_word' id='word_1_447' title='bbox 2003 2044 2079 2071; x_wconf 76' lang='lat'>1289.</span> 
     </span>
    </p>
   </div>
   <div class='ocr_carea' id='block_1_17' title="bbox 1151 2101 2150 2184">
    <p class='ocr_par' dir='ltr' id='par_1_24' title="bbox 1151 2101 2150 2184">
     <span class='ocr_line' id='line_1_68' title="bbox 1187 2101 2150 2138; baseline 0.005 -10"><span class='ocrx_word' id='word_1_448' title='bbox 1187 2101 1319 2129; x_wconf 86' lang='lat' dir='ltr'>Facultas</span> <span class='ocrx_word' id='word_1_449' title='bbox 1335 2103 1488 2130; x_wconf 87' lang='lat' dir='ltr'>exercendi</span> <span class='ocrx_word' id='word_1_450' title='bbox 1502 2111 1654 2130; x_wconf 86' lang='lat' dir='ltr'>censuram</span> <span class='ocrx_word' id='word_1_451' title='bbox 1669 2104 1903 2131; x_wconf 82' lang='lat' dir='ltr'>ecclesiasticam.</span> <span class='ocrx_word' id='word_1_452' title='bbox 1916 2104 1999 2138; x_wconf 74' lang='lat' dir='ltr'>(Rea.</span> <span class='ocrx_word' id='word_1_453' title='bbox 2012 2105 2054 2137; x_wconf 77' lang='lat'>44,</span> <span class='ocrx_word' id='word_1_454' title='bbox 2070 2114 2094 2132; x_wconf 91' lang='lat' dir='ltr'>c.</span> <span class='ocrx_word' id='word_1_455' title='bbox 2111 2106 2150 2135; x_wconf 83' lang='lat'>19.</span> 
     </span>
     <span class='ocr_line' id='line_1_69' title="bbox 1151 2151 1307 2184; baseline -0.013 -6"><span class='ocrx_word' id='word_1_456' title='bbox 1151 2152 1170 2178; x_wconf 77' lang='lat' dir='ltr'>f.</span> <span class='ocrx_word' id='word_1_457' title='bbox 1189 2151 1238 2178; x_wconf 82' lang='grc'>309</span> <span class='ocrx_word' id='word_1_458' title='bbox 1256 2153 1307 2184; x_wconf 84' lang='grc' dir='ltr'>νο.)</span> 
     </span>
    </p>
   </div>
   <div class='ocr_carea' id='block_1_18' title="bbox 1148 2253 2150 2769">
    <p class='ocr_par' dir='ltr' id='par_1_25' title="bbox 1148 2253 2150 2769">
     <span class='ocr_line' id='line_1_70' title="bbox 1190 2253 2150 2285; baseline 0.003 -3"><span class='ocrx_word' id='word_1_459' title='bbox 1190 2253 1304 2284; x_wconf 77' lang='lat' dir='ltr'>Eidem.</span> <span class='ocrx_word' id='word_1_460' title='bbox 1315 2253 1418 2283; x_wconf 85' lang='lat' dir='ltr'>«Cum</span> <span class='ocrx_word' id='word_1_461' title='bbox 1428 2258 1455 2283; x_wconf 90' lang='lat' dir='ltr'>te</span> <span class='ocrx_word' id='word_1_462' title='bbox 1463 2254 1541 2285; x_wconf 89' lang='lat' dir='ltr'>ad...</span> <span class='ocrx_word' id='word_1_463' title='bbox 1552 2254 1725 2284; x_wconf 83' lang='lat' dir='ltr'>Exercendi</span> <span class='ocrx_word' id='word_1_464' title='bbox 1733 2263 1900 2285; x_wconf 88' lang='lat' dir='ltr'>censuram</span> <span class='ocrx_word' id='word_1_465' title='bbox 1908 2255 2150 2285; x_wconf 87' lang='lat' dir='ltr'>ecclesiasticam</span> 
     </span>
     <span class='ocr_line' id='line_1_71' title="bbox 1150 2305 2150 2345; baseline 0.004 -11"><span class='ocrx_word' id='word_1_466' title='bbox 1150 2305 1184 2335; x_wconf 89' lang='lat' dir='ltr'>in</span> <span class='ocrx_word' id='word_1_467' title='bbox 1201 2314 1312 2335; x_wconf 90' lang='lat' dir='ltr'>omnes</span> <span class='ocrx_word' id='word_1_468' title='bbox 1328 2306 1398 2336; x_wconf 88' lang='lat' dir='ltr'>illos</span> <span class='ocrx_word' id='word_1_469' title='bbox 1414 2307 1482 2345; x_wconf 89' lang='lat' dir='ltr'>qui,</span> <span class='ocrx_word' id='word_1_470' title='bbox 1500 2308 1534 2336; x_wconf 91' lang='lat' dir='ltr'>in</span> <span class='ocrx_word' id='word_1_471' title='bbox 1552 2307 1667 2343; x_wconf 83' lang='lat' dir='ltr'>eundo,</span> <span class='ocrx_word' id='word_1_472' title='bbox 1679 2308 1790 2338; x_wconf 87' lang='lat' dir='ltr'>stando</span> <span class='ocrx_word' id='word_1_473' title='bbox 1805 2312 1859 2337; x_wconf 87' lang='lat' dir='ltr'>aut</span> <span class='ocrx_word' id='word_1_474' title='bbox 1877 2308 2048 2343; x_wconf 87' lang='lat' dir='ltr'>redeundo,</span> <span class='ocrx_word' id='word_1_475' title='bbox 2068 2309 2150 2338; x_wconf 86' lang='lat' dir='ltr'>circa</span> 
     </span>
     <span class='ocr_line' id='line_1_72' title="bbox 1151 2359 2150 2399; baseline 0.004 -12"><span class='ocrx_word' id='word_1_476' title='bbox 1151 2362 1180 2388; x_wconf 91' lang='lat' dir='ltr'>te</span> <span class='ocrx_word' id='word_1_477' title='bbox 1196 2359 1245 2388; x_wconf 90' lang='lat' dir='ltr'>vel</span> <span class='ocrx_word' id='word_1_478' title='bbox 1262 2359 1421 2388; x_wconf 75' lang='lat' dir='ltr'>familiam</span> <span class='ocrx_word' id='word_1_479' title='bbox 1441 2364 1525 2390; x_wconf 88' lang='lat' dir='ltr'>tuam</span> <span class='ocrx_word' id='word_1_480' title='bbox 1543 2360 1694 2399; x_wconf 73' lang='lat' dir='ltr'>injuriosi</span> <span class='ocrx_word' id='word_1_481' title='bbox 1714 2361 1884 2398; x_wconf 82' lang='lat' dir='ltr'>extiterint,</span> <span class='ocrx_word' id='word_1_482' title='bbox 1903 2362 1929 2390; x_wconf 91' lang='lat' dir='ltr'>si</span> <span class='ocrx_word' id='word_1_483' title='bbox 1944 2361 2150 2399; x_wconf 81' lang='lat' dir='ltr'>injuriatores</span> 
     </span>
     <span class='ocr_line' id='line_1_73' title="bbox 1150 2412 2148 2451; baseline 0.002 -10"><span class='ocrx_word' id='word_1_484' title='bbox 1150 2412 1210 2451; x_wconf 91' lang='lat' dir='ltr'>ipsi</span> <span class='ocrx_word' id='word_1_485' title='bbox 1226 2421 1243 2441; x_wconf 90' lang='lat' dir='ltr'>a</span> <span class='ocrx_word' id='word_1_486' title='bbox 1261 2416 1288 2441; x_wconf 85' lang='lat' dir='ltr'>te</span> <span class='ocrx_word' id='word_1_487' title='bbox 1305 2413 1420 2442; x_wconf 87' lang='lat' dir='ltr'>moniti</span> <span class='ocrx_word' id='word_1_488' title='bbox 1438 2413 1476 2443; x_wconf 89' lang='lat' dir='ltr'>de</span> <span class='ocrx_word' id='word_1_489' title='bbox 1492 2413 1613 2451; x_wconf 89' lang='lat' dir='ltr'>injuria</span> <span class='ocrx_word' id='word_1_490' title='bbox 1628 2413 1716 2443; x_wconf 87' lang='lat' dir='ltr'>illata</span> <span class='ocrx_word' id='word_1_491' title='bbox 1732 2414 1789 2443; x_wconf 90' lang='lat' dir='ltr'>tibi</span> <span class='ocrx_word' id='word_1_492' title='bbox 1806 2419 1835 2443; x_wconf 86' lang='lat' dir='ltr'>et</span> <span class='ocrx_word' id='word_1_493' title='bbox 1850 2413 1932 2444; x_wconf 87' lang='lat' dir='ltr'>dicte</span> <span class='ocrx_word' id='word_1_494' title='bbox 1947 2414 2068 2443; x_wconf 79' lang='lat' dir='ltr'>familie</span> <span class='ocrx_word' id='word_1_495' title='bbox 2086 2422 2148 2444; x_wconf 92' lang='lat' dir='ltr'>non</span> 
     </span>
     <span class='ocr_line' id='line_1_74' title="bbox 1150 2465 2149 2505; baseline 0.002 -11"><span class='ocrx_word' id='word_1_496' title='bbox 1150 2465 1361 2495; x_wconf 86' lang='lat' dir='ltr'>satisfecerint</span> <span class='ocrx_word' id='word_1_497' title='bbox 1379 2470 1593 2504; x_wconf 88' lang='lat' dir='ltr'>competenter</span> <span class='ocrx_word' id='word_1_498' title='bbox 1617 2470 1647 2495; x_wconf 92' lang='lat' dir='ltr'>et</span> <span class='ocrx_word' id='word_1_499' title='bbox 1670 2466 1703 2495; x_wconf 87' lang='lat' dir='ltr'>in</span> <span class='ocrx_word' id='word_1_500' title='bbox 1726 2466 1802 2496; x_wconf 90' lang='lat' dir='ltr'>locis</span> <span class='ocrx_word' id='word_1_501' title='bbox 1826 2466 1861 2495; x_wconf 92' lang='lat' dir='ltr'>in</span> <span class='ocrx_word' id='word_1_502' title='bbox 1886 2467 2003 2505; x_wconf 90' lang='lat' dir='ltr'>quibus</span> <span class='ocrx_word' id='word_1_503' title='bbox 2028 2467 2149 2505; x_wconf 88' lang='lat' dir='ltr'>injuria</span> 
     </span>
     <span class='ocr_line' id='line_1_75' title="bbox 1151 2520 2148 2559; baseline 0.001 -10"><span class='ocrx_word' id='word_1_504' title='bbox 1151 2520 1335 2559; x_wconf 87' lang='lat' dir='ltr'>hujusmodi</span> <span class='ocrx_word' id='word_1_505' title='bbox 1353 2521 1433 2550; x_wconf 78' lang='lat' dir='ltr'>facta</span> <span class='ocrx_word' id='word_1_506' title='bbox 1448 2520 1559 2557; x_wconf 83' lang='lat' dir='ltr'>fuerit,</span> <span class='ocrx_word' id='word_1_507' title='bbox 1576 2521 1603 2550; x_wconf 87' lang='lat' dir='ltr'>si</span> <span class='ocrx_word' id='word_1_508' title='bbox 1620 2526 1726 2550; x_wconf 90' lang='lat' dir='ltr'>tamen</span> <span class='ocrx_word' id='word_1_509' title='bbox 1742 2521 1926 2551; x_wconf 84' lang='lat' dir='ltr'>eorumdem</span> <span class='ocrx_word' id='word_1_510' title='bbox 1942 2521 2081 2552; x_wconf 89' lang='lat' dir='ltr'>locorum</span> <span class='ocrx_word' id='word_1_511' title='bbox 2097 2522 2148 2551; x_wconf 91' lang='lat' dir='ltr'>do-</span> 
     </span>
     <span class='ocr_line' id='line_1_76' title="bbox 1149 2573 2147 2612; baseline 0 -10"><span class='ocrx_word' id='word_1_512' title='bbox 1149 2573 1242 2610; x_wconf 91' lang='lat' dir='ltr'>mini,</span> <span class='ocrx_word' id='word_1_513' title='bbox 1261 2574 1316 2612; x_wconf 88' lang='lat' dir='ltr'>qui</span> <span class='ocrx_word' id='word_1_514' title='bbox 1334 2573 1405 2602; x_wconf 90' lang='lat' dir='ltr'>laici</span> <span class='ocrx_word' id='word_1_515' title='bbox 1420 2573 1555 2610; x_wconf 83' lang='lat' dir='ltr'>fuerint,</span> <span class='ocrx_word' id='word_1_516' title='bbox 1574 2573 1736 2612; x_wconf 88' lang='lat' dir='ltr'>requisiti,</span> <span class='ocrx_word' id='word_1_517' title='bbox 1758 2573 1956 2611; x_wconf 78' lang='lat' dir='ltr'>neglexerint</span> <span class='ocrx_word' id='word_1_518' title='bbox 1970 2574 2072 2604; x_wconf 84' lang='lat' dir='ltr'>facere</span> <span class='ocrx_word' id='word_1_519' title='bbox 2089 2574 2147 2604; x_wconf 89' lang='lat' dir='ltr'>tibi</span> 
     </span>
     <span class='ocr_line' id='line_1_77' title="bbox 1149 2625 2146 2664; baseline 0.001 -10"><span class='ocrx_word' id='word_1_520' title='bbox 1149 2625 1198 2655; x_wconf 88' lang='lat' dir='ltr'>vel</span> <span class='ocrx_word' id='word_1_521' title='bbox 1225 2625 1306 2655; x_wconf 86' lang='lat' dir='ltr'>dicte</span> <span class='ocrx_word' id='word_1_522' title='bbox 1331 2625 1451 2655; x_wconf 84' lang='lat' dir='ltr'>familie</span> <span class='ocrx_word' id='word_1_523' title='bbox 1478 2626 1663 2664; x_wconf 83' lang='lat' dir='ltr'>hujusmodi</span> <span class='ocrx_word' id='word_1_524' title='bbox 1691 2626 1935 2655; x_wconf 82' lang='lat' dir='ltr'>satisfactionem</span> <span class='ocrx_word' id='word_1_525' title='bbox 1965 2626 2146 2664; x_wconf 82' lang='lat' dir='ltr'>impendi...</span> 
     </span>
     <span class='ocr_line' id='line_1_78' title="bbox 1148 2678 2146 2717; baseline 0.001 -10"><span class='ocrx_word' id='word_1_526' title='bbox 1148 2679 1338 2708; x_wconf 82' lang='lat' dir='ltr'>fraternitati</span> <span class='ocrx_word' id='word_1_527' title='bbox 1359 2682 1411 2708; x_wconf 89' lang='lat' dir='ltr'>tue</span> <span class='ocrx_word' id='word_1_528' title='bbox 1430 2678 1557 2717; x_wconf 89' lang='lat' dir='ltr'>plenam</span> <span class='ocrx_word' id='word_1_529' title='bbox 1578 2683 1608 2708; x_wconf 88' lang='lat' dir='ltr'>et</span> <span class='ocrx_word' id='word_1_530' title='bbox 1631 2678 1765 2708; x_wconf 88' lang='lat' dir='ltr'>liberam</span> <span class='ocrx_word' id='word_1_531' title='bbox 1787 2678 1988 2708; x_wconf 88' lang='lat' dir='ltr'>concedimus</span> <span class='ocrx_word' id='word_1_532' title='bbox 2010 2678 2146 2708; x_wconf 87' lang='lat' dir='ltr'>auctori-</span> 
     </span>
     <span class='ocr_line' id='line_1_79' title="bbox 1149 2730 1932 2769; baseline -0.003 -8"><span class='ocrx_word' id='word_1_533' title='bbox 1149 2735 1210 2761; x_wconf 87' lang='lat' dir='ltr'>tate</span> <span class='ocrx_word' id='word_1_534' title='bbox 1225 2731 1421 2769; x_wconf 86' lang='lat' dir='ltr'>presentium</span> <span class='ocrx_word' id='word_1_535' title='bbox 1439 2730 1630 2761; x_wconf 82' lang='lat' dir='ltr'>facultatem.</span> <span class='ocrx_word' id='word_1_536' title='bbox 1651 2731 1721 2760; x_wconf 86' lang='lat' dir='ltr'>Dat.</span> <span class='ocrx_word' id='word_1_537' title='bbox 1742 2735 1775 2760; x_wconf 94' lang='lat' dir='ltr'>ut</span> <span class='ocrx_word' id='word_1_538' title='bbox 1792 2739 1896 2769; x_wconf 84' lang='lat' dir='ltr'>supra.</span> <span class='ocrx_word' id='word_1_539' title='bbox 1919 2742 1932 2757; x_wconf 71' lang='lat'>³&gt;</span> 
     </span>
    </p>
   </div>
   <div class='ocr_carea' id='block_1_19' title="bbox 1183 2900 2076 3000">
    <p class='ocr_par' dir='ltr' id='par_1_26' title="bbox 1183 2900 2076 3000">
     <span class='ocr_line' id='line_1_80' title="bbox 1219 2900 2076 2941; baseline -0.004 -10"><span class='ocrx_word' id='word_1_540' title='bbox 1219 2903 1338 2931; x_wconf 70' lang='lat'>2190</span> <span class='ocrx_word' id='word_1_541' title='bbox 1766 2900 1853 2930; x_wconf 79' lang='lat' dir='ltr'>Rieti,</span> <span class='ocrx_word' id='word_1_542' title='bbox 1871 2900 1903 2941; x_wconf 68' lang='lat'>‘22</span> <span class='ocrx_word' id='word_1_543' title='bbox 1916 2901 1981 2935; x_wconf 88' lang='lat' dir='ltr'>juin</span> <span class='ocrx_word' id='word_1_544' title='bbox 1998 2900 2076 2928; x_wconf 75' lang='lat'>1289.</span> 
     </span>
     <span class='ocr_line' id='line_1_81' title="bbox 1183 2962 2068 3000; baseline -0.001 -8"><span class='ocrx_word' id='word_1_545' title='bbox 1183 2965 1314 2992; x_wconf 81' lang='lat' dir='ltr'>Facultas</span> <span class='ocrx_word' id='word_1_546' title='bbox 1330 2963 1458 3000; x_wconf 88' lang='lat' dir='ltr'>privandi</span> <span class='ocrx_word' id='word_1_547' title='bbox 1474 2963 1629 2990; x_wconf 84' lang='lat' dir='ltr'>beneficiis.</span> <span class='ocrx_word' id='word_1_548' title='bbox 1647 2963 1731 2997; x_wconf 78' lang='lat' dir='ltr'>(Rso.</span> <span class='ocrx_word' id='word_1_549' title='bbox 1749 2963 1792 2997; x_wconf 79' lang='lat'>44,</span> <span class='ocrx_word' id='word_1_550' title='bbox 1811 2970 1836 2989; x_wconf 88' lang='lat' dir='ltr'>c.</span> <span class='ocrx_word' id='word_1_551' title='bbox 1852 2962 1894 2994; x_wconf 75' lang='lat'>20,</span> <span class='ocrx_word' id='word_1_552' title='bbox 1911 2963 1931 2989; x_wconf 80' lang='lat' dir='ltr'>f.</span> <span class='ocrx_word' id='word_1_553' title='bbox 1950 2963 2001 2990; x_wconf 89' lang='grc'>309</span> <span class='ocrx_word' id='word_1_554' title='bbox 2017 2965 2068 2995; x_wconf 75' lang='grc' dir='ltr'><strong>νο.)</strong></span> 
     </span>
    </p>
   </div>
   <div class='ocr_carea' id='block_1_20' title="bbox 1187 3063 2146 3104">
    <p class='ocr_par' dir='ltr' id='par_1_27' title="bbox 1187 3063 2146 3104">
     <span class='ocr_line' id='line_1_82' title="bbox 1187 3063 2146 3104; baseline -0.001 -9"><span class='ocrx_word' id='word_1_555' title='bbox 1187 3067 1291 3096; x_wconf 84' lang='lat' dir='ltr'>Eidem</span> <span class='ocrx_word' id='word_1_556' title='bbox 1303 3069 1485 3104; x_wconf 84' lang='lat' dir='ltr'>potestatem</span> <span class='ocrx_word' id='word_1_557' title='bbox 1502 3064 1645 3095; x_wconf 82' lang='lat' dir='ltr'>concedit</span> <span class='ocrx_word' id='word_1_558' title='bbox 1661 3064 1807 3103; x_wconf 87' lang='lat' dir='ltr'>privandi</span> <span class='ocrx_word' id='word_1_559' title='bbox 1825 3063 1989 3094; x_wconf 88' lang='lat' dir='ltr'>beneficiis</span> <span class='ocrx_word' id='word_1_560' title='bbox 2005 3064 2071 3094; x_wconf 87' lang='lat' dir='ltr'>suis</span> <span class='ocrx_word' id='word_1_561' title='bbox 2085 3064 2146 3094; x_wconf 89' lang='lat' dir='ltr'>cle-</span> 
     </span>
    </p>
   </div>
  </div>
 </body>
</html>
