2477 3637
269 386 325 414 51ss

752 442 879 476 Orvieto,
900 441 928 468 13
944 441 1107 476 septembre
1123 439 1201 467 1‘290.
1311 438 1316 494 Ι

313 515 346 543 1ιι
365 522 391 542 e.
411 521 451 541 in.
469 509 605 540 Ger-aldo
622 508 659 537 de
678 508 781 542 Plato,
803 504 918 533 clerico
937 504 970 533 in
989 503 1171 533 minoribus
1186 501 1273 532 ordi-

271 568 365 597 nibus
387 564 573 598 constituto,
597 559 800 591 Calui-censis
821 557 984 587 dioecesis.
1010 557 1079 586 Dat.
1103 556 1187 595 apud
1212 555 1275 586 Ur-

270 621 492 653 bemveterem,
512 615 615 645 idibus
633 611 832 651 septembris,
851 618 936 640 anno
954 609 1056 639 tertio.
1070 609 1130 648 (En
1143 608 1277 648 vzarqe.)

751 690 878 719 Orvieto,
898 690 925 716 il
945 689 1108 724 septembre
1125 687 1204 715 1290.

312 761 345 789 lu
372 769 399 789 e.
423 768 465 788 in.
494 757 644 794 magistro
671 754 837 784 Grondiuo
866 751 1103 782 Bartholomaei
1127 749 1166 780 de
1194 749 1276 780 Buc-

270 814 371 845 clauo,
387 813 466 841 laico
481 810 657 840 'I'lieatinae
670 807 832 837 dioecesis.
853 806 923 834 Dat.
935 814 968 834 ιιι
986 804 1058 833 idus
1075 803 1275 842 septembris,

269 876 355 898 anuo
373 866 474 896 tertio.
491 863 598 903 (leid.)

757 941 884 971 Orvieto,
903 940 928 966 11
947 939 1111 974 septembre
1128 937 1205 965 1290.

313 1011 348 1040 ln
368 1020 391 1040 e.
413 1020 454 1038 in.
475 1007 617 1038 Johauui
636 1006 788 1038 Venture,
801 1003 916 1034 clerico
934 1001 1074 1032 civitatis
1090 1000 1278 1036 Castelli,in

273 1064 451 1094 minoribus
465 1061 631 1092 ordinibus
649 1059 830 1089 constituto.
847 1056 955 1095 (Iosd.)

344 1221 464 1251 3233
755 1216 882 1250 Orvieto,
902 1214 933 1242 10
949 1214 1112 1248 septembre
1129 1213 1207 1241 1290.

311 1285 349 1313 Ut
380 1284 552 1311 monasterio
578 1281 675 1308 Sancti
701 1280 766 1306 Rufi
795 1278 946 1304 Valentino
971 1277 1137 1311 assignetur
1165 1275 1281 1311 quidam

275 1336 427 1370 prioratus.
444 1333 527 1366 (Rau.
544 1331 585 1360 45,
604 1338 629 1356 c.
648 1328 713 1362 402,
730 1329 748 1355 f.
766 1328 798 1355 79
816 1333 863 1360 ro.)

316 1459 336 1465 ..
354 1435 573 1472 archiepiscopo
598 1433 754 1461 Viennensi
770 1429 902 1459 mandat
917 1432 1074 1467 quatenus
1088 1427 1230 1466 inquirat
1244 1427 1283 1457 de

275 1488 506 1529 opportunitate
530 1485 688 1525 petitionis
710 1493 773 1523 qua.
796 1507 816 1513 ..
841 1482 937 1512 abbas
959 1486 988 1511 et
1012 1486 1189 1512 conventus
1214 1490 1282 1511 mo-

276 1543 404 1574 nasterii
432 1541 539 1571 Sancti
564 1540 638 1569 Rufi
662 1538 845 1574 Valentini,
867 1537 906 1566 ad
927 1545 1094 1566 romanam
1116 1535 1283 1565 ecclesiam

276 1597 365 1627 nullo
389 1595 492 1625 medio
514 1593 718 1633 pertinentis,
737 1591 859 1621 ordinis
878 1590 910 1619 S.
936 1589 1129 1628 Augustini,
1150 1593 1285 1628 poscunt

276 1650 337 1680 sibi
361 1648 518 1686 assignari
543 1647 682 1685 aliquem
707 1655 741 1675 ex
769 1644 960 1683 prioratibus
984 1642 1127 1682 ejusdem
1154 1650 1283 1672 monas-

278 1704 359 1734 terii.

319 1770 331 1785 α
361 1758 449 1787 Lecta
474 1765 577 1786 coram
603 1754 730 1785 uobis„
754 1770 792 1775 —
809 1753 880 1783 Dat.
897 1751 979 1790 apud
1000 1751 1282 1788 Urbemveterem‚

278 1821 322 1841 nn
338 1811 410 1841 idus
427 1809 625 1849 septembris,
642 1802 728 1837 anno
749 1806 850 1836 tertio.
870 1817 883 1832 >⁷

349 1970 468 1999 3234
752 1966 880 1995 Orvieto,
898 1965 929 1992 10
947 1965 1110 2000 septembre
1128 1964 1206 1992 1290,

315 2032 356 2059 De
379 2039 483 2067 aggere
501 2039 516 2057 a
536 2030 710 2056 monasterio
732 2028 829 2055 Sancti
854 2027 919 2054 Rufi
935 2027 1088 2053 Valentino
1106 2030 1206 2054 contra
1228 2026 1289 2054 Ro-

279 2081 383 2108 danum
398 2079 602 2107 construendo.
619 2078 702 2113 (Rae.
722 2079 766 2110 45,
783 2086 809 2105 c.
827 2078 899 2108 4022,
917 2077 937 2104 s.
954 2077 987 2104 79
1004 2078 1051 2110 1¹⁰.)

320 2185 421 2214 Eidem
446 2183 576 2212 mandat
594 2186 753 2221 qnatenus
772 2180 916 2219 inquirat
933 2180 971 2210 de
985 2181 1219 2219 opportunitate
1235 2189 1289 2218 pe-

284 2238 401 2268 titionis
423 2246 485 2275 qua
511 2261 530 2266 ..
548 2236 644 2266 abbas
665 2241 695 2265 et
715 2240 891 2266 conventus
918 2234 1073 2273 praedicti
1102 2233 1290 2264 monasterii

282 2291 390 2321 Sancti
412 2290 484 2319 Rufi
507 2290 663 2319 decimam
680 2293 892 2327 proventuum
912 2288 1109 2327 prioratuum
1134 2291 1162 2317 et
1185 2296 1290 2316 mem-

282 2345 409 2375 brorum
428 2344 568 2382 ejusdem
591 2343 775 2372 monasterii
802 2342 860 2371 sibi
883 2342 1040 2379 assignari
1065 2341 1103 2370 ad
1129 2341 1290 2371 defensio-

284 2407 356 2428 nem
374 2398 476 2427 eidem
497 2397 690 2427 monasterio
713 2401 822 2426 contra
843 2396 1011 2425 Rodanum
1029 2395 1289 2425 construendam.

324 2465 337 2478 α
360 2452 457 2481 Habet
476 2451 607 2481 assertio
623 2450 850 2480 dilectorum...
867 2467 906 2470 —
922 2449 993 2478 Dat.
1015 2453 1048 2478 nt
1066 2457 1171 2487 supra.
1191 2460 1205 2475 »

354 2619 474 2648 3235

323 2681 364 2707 Ad
384 2682 589 2716 protectionem
610 2680 747 2706 nonensis
758 2679 884 2714 capituli.
898 2679 980 2712 (itm.
994 2680 1038 2713 45,
1054 2687 1080 2705 c.
1092 2679 1154 2712 403,
1167 2679 1186 2706 f.
1200 2679 1233 2706 79
1245 2680 1294 2713 ro.)

769 2617 895 2649 Orvieto,
913 2618 945 2643 10
962 2617 1125 2651 septembre
1142 2616 1220 2644 1290.

326 2784 442 2811 Dilectis
465 2783 541 2820 filiis
563 2805 582 2812 ..
605 2783 792 2820 primicerio,
814 2804 834 2811 ..
853 2782 961 2811 decano
982 2786 1007 2810 e!
1026 2783 1160 2819 capitulo
1178 2783 1295 2812 ecclesie

288 2836 430 2864 Metensis.
450 2835 578 2865 luliibet
595 2846 633 2864 ue
649 2839 831 2865 executores
849 2839 879 2864 et
895 2834 1021 2872 judices
1036 2834 1227 2873 apostolicae
1245 2845 1294 2865 se-

290 2888 337 2917 dis
363 2888 409 2917 vel
434 2888 607 2926 legatorum
632 2889 716 2927 ejus,
741 2888 767 2917 si
799 2888 906 2918 minor
935 2897 1007 2926 pars
1032 2893 1086 2918 aut
1115 2888 1233 2927 aliquis
1257 2899 1294 2919 ex

289 2943 446 2981 praedicto
461 2943 598 2981 capitulo
615 2944 773 2972 mandatis
789 2951 899 2973 eorum
915 2952 979 2973 uon
995 2947 1112 2981 pareat,
1130 2945 1164 2974 in
1181 2945 1294 2975 eadem

289 2996 458 3033 capitulum
476 3001 505 3024 et
521 2996 685 3025 ecclesiam
706 2996 924 3034 suspensionis
941 3001 997 3026 aut
1015 2996 1178 3027 interdicti
1195 2997 1244 3028 vel
1260 2998 1295 3028 in

291 3047 431 3084 singulos
448 3050 786 3079 excoinmnnicationis
803 3050 977 3080 sententias
995 3051 1211 3089 promulgent.

1017 372 1254 405 REGISTRES
1274 372 1329 403 DE
1351 371 1534 402 NICOLAS
1557 372 1614 402 lv.

1398 451 1411 465 α
1431 439 1573 476 Exigunt
1588 441 1689 468 vestre
1705 437 1920 468 devotionis...
1939 453 1978 458 —
1994 437 2065 467 Dat.
2082 436 2165 475 apud
2184 436 2363 468 Urbemve-

1358 497 1468 528 terem,
1486 501 1530 521 nu
1548 492 1620 521 idus
1637 490 1838 530 septembris,
1856 498 1942 520 anno
1959 490 2061 521 tertio.
2082 501 2096 517 υ»

1430 657 1687 687 azae-3240

1395 720 1438 746 De
1454 719 1553 746 eodem
1572 719 1697 753 negotio.
1715 718 1798 752 (Rea.
1815 718 1865 749 45,
1883 726 1908 745 c.
1926 717 1998 749 403²,
2016 718 2035 745 f.
2053 718 2086 745 79
2102 724 2137 752 ro,
2155 726 2190 744 en
2207 719 2326 753 marge.)

1886 656 2016 688 Orvieto,
2036 656 2069 683 10
2084 655 2201 683 octobre
2219 655 2296 683 1‘290.

1400 823 1543 853 Nicotaus
1568 827 1620 851 etc.
1649 821 1768 850 Dileclis
1797 821 1872 858 filiis
1892 842 1912 850 ..
1935 821 2132 858 primicerio,
2156 842 2176 850 ..
2206 819 2317 850 decano
2341 825 2371 851 et

1360 876 1494 913 capitulo
1513 875 1629 904 ecclesie
1652 875 1860 904 Virdunensis.
1881 885 1894 900 ιι
1914 873 2053 911 Exigunt
2068 877 2171 902 vestre
2192 871 2371 904 devotionis

1360 929 1485 965 merita,
1506 933 1564 959 etc.
1589 933 1622 959 ut
1644 928 1678 958 in
1701 927 1844 967 proxima
1867 927 2046 966 superiori,
2074 935 2174 966 usque
2191 926 2262 956 Dat.
2288 925 2372 966 apud

1362 982 1638 1016 Urbemveterem,
1656 991 1686 1011 v¹
1703 980 1776 1011 idus
1791 980 1941 1017 octobris,
1957 988 2044 1010 anno
2062 979 2165 1010 tertio.
2183 990 2198 1007 »

1895 1060 2023 1092 Orvieto,
2042 1060 2073 1087 15
2089 1059 2206 1087 octobre
2223 1059 2302 1088 1290.

1403 1125 1441 1155 In
1467 1134 1494 1154 e.
1524 1134 1567 1154 m.
1595 1147 1614 1155 ..
1638 1124 1760 1155 decano
1781 1128 1812 1154 et
1835 1122 1974 1162 capitulo
2000 1122 2152 1153 ecclesiae
2177 1121 2390 1153 Baiocensis.>

1363 1179 1434 1210 Dat.
1460 1178 1543 1217 apud
1570 1178 1850 1213 Urbemveterem,
1869 1176 1974 1206 idibus
1995 1175 2147 1213 octobris,
2164 1183 2251 1206 anno
2268 1174 2372 1207 tertio.
2395 1214 2398 1220 =

1364 1232 1423 1272 (En
1440 1232 1572 1271 marye.)

1406 1288 1442 1316 In
1460 1297 1486 1318 e.
1505 1296 1548 1316 m.
1571 1309 1591 1316 ..
1609 1286 1729 1316 decano
1750 1289 1781 1315 et
1798 1284 1937 1324 capitulo
1960 1283 2114 1314 ecclesiae
2133 1272 2373 1314 Ambiaueusis.
2391 1303 2393 1306 -

1366 1342 1437 1371 Dat.
1459 1344 1614 1379 utsupra.
1634 1338 1736 1378 (Ibid.)

1406 1395 1443 1424 In
1461 1390 1495 1423 e.
1519 1403 1562 1423 m.
1591 1417 1610 1422 ..
1633 1393 1753 1423 decano
1774 1397 1804 1422 et
1828 1391 1967 1431 capitulo
1989 1390 2140 1422 ecclesiae
2168 1389 2389 1422 Morineusim

1368 1448 1439 1478 Dat.
1460 1451 1614 1485 utsupra.
1634 1446 1737 1485 (lbid.)

1406 1501 1444 1531 In
1462 1510 1489 1531 e.
1506 1509 1549 1530 m.
1566 1499 1719 1530 ..decano
1735 1503 1764 1530 et
1780 1499 1918 1539 capitulo
1934 1498 2085 1529 ecclesiae
2103 1497 2285 1529 Remensis.
2302 1497 2374 1529 Dat.
2391 1502 2394 1509 ’

1367 1559 1402 1585 ut
1418 1563 1524 1594 supra.
1542 1554 1647 1593 (Ibid.)

1439 1715 1554 1744 3241
1951 1712 2085 1746 Orvieto,
2103 1711 2135 1739 13
2147 1711 2212 1746 juin
2229 1710 2307 1739 1290.

1404 1779 1450 1805 Ad
1467 1778 1673 1813 protectionem
1689 1771 1829 1803 MEtensis
1845 1774 1972 1810 capituli.
1989 1774 2072 1808 (Rse.
2085 1774 2128 1808 45,
2139 1782 2164 1801 c.
2177 1773 2239 1805 404,
2250 1773 2270 1800 f.
2283 1773 2317 1801 79
2327 1773 2384 1808 vt.)
2471 1810 2472 1822 ¹

1416 1881 1582 1910 Venerabili
1614 1880 1710 1916 fratri
1741 1900 1762 1908 ..
1793 1879 1924 1916 episcopo
1953 1882 1980 1907 et
2014 1877 2120 1907 dilecto
2149 1876 2214 1914 filio
2236 1897 2257 1906 ..
2282 1876 2390 1906 abbam

1369 1935 1551 1964 monasterii
1570 1933 1680 1964 Sancti
1704 1933 1853 1962 vincentii·
1878 1931 2054 1961 Metensibus
2073 1929 2206 1960 mandat
2225 1932 2389 1968 quatenu'

1370 1987 1544 2027 capitulum
1560 1986 1712 2016 ecclesiae
1726 1985 1879 2015 Metensis
1891 1984 2057 2014 absolvant
2070 1983 2110 2014 ab
2123 1982 2391 2014 excommunica?

1373 2042 1469 2072 tionis
1490 2041 1657 2071 sententiis
1675 2040 1708 2069 in
1732 2040 1838 2078 ipsum
1861 2037 1957 2067 illatis
1977 2037 2017 2067 ab
2033 2035 2256 2067 executoribus
2271 2034 2383 2066 eorum?

1371 2096 1439 2135 qui,
1456 2094 1669 2134 praebendam
1686 2094 1719 2122 in
1736 2092 1870 2123 ecclesia
1886 2091 2023 2121 Metensi
2041 2093 2274 2130 exspectantes,
2293 2097 2398 2130 eam,

1371 2149 1427 2179 alii
1446 2147 1641 2187 exspectanti
1659 2147 1782 2182 datam,
1801 2154 1865 2175 non
1883 2143 2075 2184 acceperint.

1415 2214 1428 2230 α
1446 2202 1680 2240 Significarunt
1695 2200 1788 2231 nobis
1804 2198 1950 2229 dilecti...
1962 2214 2002 2220 —
2015 2197 2087 2228 Dat.
2103 2196 2188 2236 apud
2204 2195 2390 2228 Urbemve-·

1373 2261 1484 2291 terem,
1502 2255 1611 2285 idibus
1626 2253 1726 2293 junii,
1745 2261 1831 2283 anno
1849 2252 1948 2283 tertio.
1968 2264 1981 2279 ι»

1445 2420 1698 2451 3242-3248
1879 2417 2006 2451 Orvieto,
2022 2417 2037 2444 8
2053 2416 2217 2452 septembre
2233 2415 2312 2444 1290.

1410 2485 1620 2520 Indulgentiae.
1636 2484 1720 2516 (lteo.
1738 2483 1780 2514 45,
1796 2491 1822 2509 c.
1840 2482 1902 2513 405,
1919 2482 1938 2508 f.
1956 2481 1989 2508 79
2005 2482 2057 2514 vo.)

1416 2611 1439 2619 ..
1459 2587 1569 2618 rectori
1587 2587 1702 2617 ecclesie
1719 2586 1801 2615 Beate
1818 2586 1913 2615 Marie
1934 2584 1968 2614 tle
1985 2584 2099 2622 Syoza,
2115 2582 2304 2621 Aqennensis
2319 2572 2386 2612 dio-⁷

1376 2645 1459 2674 cesis.
1478 2640 1718 2679 Indulgentiam
1736 2639 1834 2669 unius
1849 2638 1926 2667 anui
1942 2643 1972 2667 et
1986 2647 2024 2667 xe
2040 2636 2167 2666 dierum
2181 2634 2326 2666 concedit
2338 2632 2401 2665 ein*

1377 2696 1434 2736 qui
1450 2695 1616 2726 ecclesiam
1634 2694 1748 2723 Beatae
1766 2692 1886 2723 Mariae
1902 2691 1940 2721 de
1952 2691 2063 2731 Syoza,
2078 2689 2284 2728 Agennensis
2297 2687 2386 2719 dioe-

1376 2750 1473 2787 cesis,
1492 2749 1527 2779 in
1546 2747 1683 2787 singulis
1699 2747 1807 2777 beatae
1824 2745 1945 2776 Mariae
1962 2744 2186 2775 festivitatibus
2202 2747 2232 2773 et
2247 2751 2302 2782 per
2315 2741 2405 2773 octo.

1377 2804 1447 2834 dies
1464 2806 1633 2842 sequentes
1650 2800 1860 2830 visitaverint.
2127 2788 2129 2791 ⁸

1419 2869 1433 2884 (ι
1460 2857 1547 2887 Licet
1568 2856 1771 2894 omnipotens
1791 2854 1914 2884 Dens...
1930 2870 1969 2874 —
1989 2852 2049 2882 Dat
2071 2851 2154 2891 apud
2176 2850 2386 2882 Urbemvetefi

1377 2920 1457 2948 rem,
1474 2920 1505 2940 νι
1522 2910 1595 2940 idus
1613 2909 1812 2948 septembriS,
1828 2916 1914 2937 anno
1930 2906 2032 2936 tertio.
2055 2917 2066 2932 »ι

1872 2986 2007 3018 Οι-νίοῐο,
2025 2986 2040 3013 8
2056 2985 2220 3020 septembre
2236 2983 2314 3012 1290.

1419 3055 1456 3084 In
1473 3062 1500 3083 e.
1521 3062 1564 3083 m.
1582 3077 1601 3084 ..
1621 3052 1735 3083 rectori
1755 3051 1907 3081 ecclesiae
1926 3050 2013 3079 Beati
2031 3047 2191 3079 Johannis
2206 3046 2245 3077 de
2261 3043 2385 3077 Cazali-
