2342 3652
850 388 1069 430 PREMIERE
1091 396 1248 426 ANNEE.
2057 386 2096 415 67

11 483 270 519 attemptatum...
302 476 372 505 Dat.
410 474 525 509 Reate,
559 471 654 501 nonis
689 466 893 507 septembris,
923 472 1009 494 anno

10 535 124 574 primo.
153 544 165 558 ι»

84 706 170 734 363
596 696 680 728 Rieti,
699 696 712 721 7
728 693 844 720 octobre
862 691 940 718 1288.

50 767 167 795 Collatio
180 765 395 792 beneficiorum.
408 760 490 795 (Risu.
502 761 545 793 44,
555 767 580 786 c.
592 758 654 791 216,
665 757 684 783 f.
695 756 724 783 51
739 760 781 787 v⁰;
792 754 859 780 Lar.
870 762 904 780 nu
913 753 1011 786 Tuam,

14 816 38 851 1,
55 816 111 848 87.)

56 916 197 954 Magistro
214 916 334 944 Roberto
356 914 388 942 de
403 911 547 942 Arecuria
558 931 567 946 ,
587 908 798 937 archidiacono
818 906 851 934 de
870 906 1015 934 Constan-

18 971 81 1000 tino
101 971 135 998 in
160 969 280 998 ecclesia
304 964 543 998 constanciensi,
570 961 711 991 canonico
731 959 911 994 Beluae-ensi,
938 966 1015 987 con-

18 1023 79 1052 fert
93 1021 316 1052 canonicatum
329 1020 363 1048 in
378 1017 507 1048 ecclesia
518 1013 713 1049 Belvacenffi,
730 1021 802 1042 cnm
816 1011 1016 1051 plenitudine

15 1076 101 1115 juris
120 1074 285 1110 canonici⁷
305 1077 335 1102 et
350 1069 557 1111 praebendam
576 1068 733 1104 integram
752 1074 816 1095 non
837 1064 1015 1094 sacerdota-

18 1128 102 1165 lem,
119 1129 159 1158 de
173 1128 246 1166 jure
262 1126 342 1156 nulli
356 1124 411 1154 alii
432 1122 567 1152 debitam
583 1144 589 1157 ,
613 1123 777 1149 vacantem
803 1118 841 1148 ad
868 1121 1017 1156 praesens

20 1185 75 1212 aut
97 1179 333 1220 quamprimum
352 1181 545 1209 vacaturam,
564 1182 635 1203 cum
651 1172 799 1202 omnibns
815 1170 1018 1210 pertinentiis

22 1238 53 1265 et
65 1234 192 1273 juribus
208 1233 292 1270 ejus⁷
310 1238 445 1268 eumque
462 1228 499 1258 de
514 1227 590 1266 ipsis
610 1235 664 1264 per
680 1224 895 1264 pontificalem
911 1233 1016 1254 annu-

21 1288 90 1318 lum
110 1286 251 1324 investit,
272 1289 302 1315 et
317 1282 526 1313 nihilominus
541 1280 730 1318 dignitatem
746 1278 795 1308 vel
813 1282 1019 1317 personatum

22 1349 110 1371 nunc
125 1343 271 1370 vacantes
284 1338 402 1368 ibidem
417 1335 465 1365 vel
481 1334 719 1374 quamprimum
735 1336 899 1362 vacaturos
915 1331 1019 1361 eidem

23 1397 175 1425 reservat.

69 1459 82 1474 ι
98 1445 275 1485 Apostolice
295 1444 375 1474 sedis
396 1441 613 1479 benignitas...
633 1457 671 1461 —
692 1441 763 1470 Dat.
788 1440 906 1475 Reate,
927 1438 1020 1468 nonis

25 1499 175 1536 octobris,
194 1506 278 1528 anno
291 1497 402 1536 primo.
422 1507 436 1522 n

98 1676 280 1706 384365
534 1673 626 1703 Rieti,
641 1673 676 1700 2⁶2
692 1673 855 1707 septembre
871 1672 949 1699 1288.

63 1738 243 1774 Dispensatio
258 1737 435 1764 residentiae.
456 1736 536 1768 (Res.
555 1736 603 1766 44,
621 1744 645 1762 c.
662 1735 724 1768 217,
742 1735 760 1761 f.
779 1735 809 1762 51
828 1737 876 1766 v⁰.}

67 1841 172 1870 Dilecto
185 1841 219 1870 in
237 1839 352 1869 Christo
367 1839 429 1876 filie
443 1839 539 1868 nobili
553 1839 679 1867 mulieri
698 1838 842 1874 habene,
862 1839 954 1867 umori
977 1838 1024 1866 dt-

31 1895 95 1924 lecti
112 1895 170 1932 filii
186 1895 295 1924 nobilis
310 1895 372 1923 viri
390 1894 537 1923 Guidonis
549 1917 557 1931 ‚
574 1893 691 1921 comicis
707 1892 861 1928 Mando-ie,
880 1891 1026 1929 indulget

31 1951 66 1977 ut
79 1951 211 1985 quatuor
221 1946 326 1976 clerici
340 1947 407 1985 ejus
417 1946 601 1983 familiares,
613 1946 745 1983 fructus,
762 1945 903 1975 redditus
912 1949 943 1975 et
955 1954 1025 1984 pro-

31 2003 144 2030 ventus
155 1999 380 2030 beneficiorum
392 2008 521 2030 suorum
532 1999 817 2029 ecclesiasticorum
829 2007 901 2028 cum
915 1998 1026 2028 eadem

32 2052 211 2090 integritate
224 2061 277 2092 per
291 2053 549 2092 quinquennium
563 2053 739 2092 percipiant
753 2062 788 2082 ac
800 2053 871 2082 siin
884 2052 1027 2082 ecclesiis

32 2105 66 2135 in
103 2105 218 2144 quibus
237 2105 390 2143 beneficia
415 2106 482 2144 ipsa
506 2106 650 2136 obtinent
672 2105 882 2145 personaliter
908 2105 1028 2135 reside-

33 2163 114 2189 rent.

75 2224 89 2238 ιι
111 2212 225 2250 Magne
239 2211 411 2242 devotionis
426 2212 592 2243 affectus...
612 2213 736 2243 -Dat.
754 2213 868 2250 Reate,
885 2222 903 2242 x
919 2212 1030 2243 kalen-

35 2265 91 2295 das
105 2265 256 2302 octobris,
275 2273 359 2295 anno
373 2265 485 2304 primo.
505 2277 518 2293 »

74 2317 113 2347 In
129 2326 155 2347 e.
176 2327 218 2347 m.
240 2340 258 2346 ..
279 2317 502 2348 Bethuniensis
520 2323 582 2349 et..
602 2319 735 2349 Sanctae
758 2320 879 2350 Mariae
896 2320 930 2349 in
947 2321 1030 2350 Bru-

35 2370 95 2409 gis,
109 2371 328 2400 Atrebatensis
342 2376 371 2400 et
384 2371 590 2402 'Fornacensis
604 2372 810 2409 dioecesium,
825 2372 1030 2403 ecclesiarum

35 2424 233 2463 praepositis,
252 2424 381 2454 mandat
400 2428 554 2463 quatenus
577 2426 697 2456 eisdem
714 2426 838 2457 clericis
856 2428 1032 2466 praedictos

36 2478 156 2508 fructus
172 2482 202 2508 et
216 2478 358 2508 redditus
375 2477 496 2516 integre
513 2479 691 2509 ministrari
708 2480 833 2510 faciant.

0 2636 1 2663 1
108 2661 195 2690 366
551 2663 640 2696 Rieti,
657 2665 690 2693 26
705 2667 867 2701 septembre
884 2667 962 2694 1288.

0 2665 1 2677 1

2 2684 3 2700 1

2 2702 12 2794 'k
73 2722 240 2758 Gregorius,
258 2724 413 2758 episcopus
427 2723 633 2758 Traguriensis,
651 2726 816 2755 Leonardus
833 2728 954 2763 Faletro‚
973 2730 1034 2764 ple-

5 2784 7 2823 11
38 2771 131 2798 banus
141 2772 279 2798 ecclesiae
291 2772 388 2798 Sancti
400 2772 504 2806 Angeli
516 2773 550 2799 de
562 2773 705 2808 Venetiis,
717 2776 745 2803 in
757 2778 909 2812 episcopos
925 2778 1034 2804 Sibini-

7 2828 9 2859 Ἰ
39 2827 142 2847 censes
156 2820 326 2847 discorditer
341 2820 437 2849 electi.
455 2821 559 2855 aliique
581 2823 647 2849 cleri
662 2823 695 2850 de
710 2825 876 2859 hujusmodi
892 2827 1032 2853 electione

8 2864 10 2883 '
40 2870 223 2904 responsuri,
241 2877 336 2896 coram
359 2869 427 2896 sede
448 2871 603 2904 apostolica
618 2873 750 2900 citantur.
767 2874 850 2907 (Res.
866 2875 898 2902 44
931 2884 956 2902 c.
972 2875 1023 2903 ‘218

9 2899 13 2955 1
39 2917 60 2944 f.
77 2917 110 2945 52
124 2923 166 2950 r⁰;
184 2917 299 2950 Pom„
315 2918 424 2951 22818.)
909 2898 914 2907 ’
1026 2897 1033 2909 ’

13 2986 14 2999 1

14 3027 17 3064 t
87 3020 251 3050 Venerabili
265 3022 361 3057 fratri
374 3042 393 3050 ..
408 3023 540 3059 episcopo
554 3023 684 3053 Nonenst'
697 3029 722 3054 et
737 3026 852 3056 dilectis
866 3028 940 3064 filiis
956 3049 974 3056 ..
990 3027 1038 3056 ab·

15 3066 20 3111 1
45 3072 105 3102 bati
115 3074 293 3103 monasterii
305 3073 409 3103 Sancta·
422 3074 580 3112 Grtsoyom·
589 3076 744 3106 Jadrensis
754 3084 779 3108 et
792 3101 810 3108 ..
823 3081 1038 3110 archidiacono

1092 463 1294 501 Spatalensm
1315 461 1378 491 Sua
1397 459 1488 489 nobis
1504 457 1611 487 dilecti
1622 455 1677 485 filii
1691 453 1864 493 capitulum
1882 452 2011 482 ecclesie
2028 452 2094 480 Mo-

1092 516 1232 545 rinensis
1242 515 1277 544 in
1294 513 1466 549 Dalmatia,
1484 511 1541 550 qui
1556 510 1639 549 apud
1656 507 1822 538 ecclesiam
1834 506 1928 535 castri
1941 504 2093 540 Sibenici,

1093 569 1288 598 Morinensis
1305 567 1449 602 diocesis,
1470 564 1609 595 residere
1618 563 1781 597 dicuntur,
1795 559 1947 598 petitione
1962 566 2095 586 monue-

1093 626 1169 651 runt
1186 621 1270 660 quod
1291 620 1380 656 olim7
1405 619 1532 649 civitate
1557 615 1735 646 Morinensi
1752 623 1769 643 a
1785 610 1972 643 scismaticis
1994 610 2097 648 grecis

1082 674 1270 717 destructa,
1296 674 1378 703 bone
1394 671 1550 701 memorie
1566 668 1761 699 Morinensis
1776 664 2007 705 episcopusqui
2025 668 2097 693 tunc

1095 731 1162 757 erat
1181 727 1322 765 dictique
1338 725 1512 764 capitulum
1529 728 1558 752 et
1574 722 1677 752 clerus
1693 720 1835 759 ejusdem
1854 718 1992 748 civitatis
2010 726 2042 746 se
2059 715 2098 746 ad

1096 780 1273 819 predictum
1289 783 1428 809 castrum
1447 777 1603 813 Sibenici,
1622 775 1704 814 quod
1722 774 1936 812 propinquum
1953 771 2035 800 dicte
2052 770 2098 799 ci-

1096 834 1185 862 vitati
1201 833 1299 862 fuisse
1315 831 1501 867 dinoscitur,
1524 828 1772 863 transtulerunt,
1797 826 1851 855 ubi
1874 825 1993 854 dictum
2012 823 2099 861 capi-

1098 888 1201 917 tulum
1214 887 1344 916 fuerunt
1359 894 1414 923 per
1432 884 1527 921 longa
1555 887 1732 920 temporum
1749 879 1848 918 spatia
1863 876 2047 908 commorati
2071 879 2101 904 et

1097 941 1202 971 adhuc
1230 947 1420 978 permanere
1449 940 1640 971 noscuntur,
1675 934 1840 970 dictusque
1869 930 2032 969 episcopus
2061 929 2101 958 ad

1098 994 1258 1033 quoddam
1273 992 1502 1022 monasterium
1520 989 1659 1028 positum
1683 988 1717 1016 in
1730 986 1806 1016 villa
1827 994 1889 1023 que
1910 983 2101 1020 Tragurium

1098 1050 1302 1085 nuncupatur
1325 1044 1469 1079 accessit,
1489 1051 1524 1072 ac
1540 1043 1573 1071 in
1593 1041 1703 1070 eadem
1726 1038 1801 1068 villa
1816 1038 1901 1066 diem
1920 1036 2033 1065 clausit
2049 1043 2102 1064 ex-

1100 1106 1253 1136 tremum3
1276 1098 1330 1128 sed
1348 1107 1422 1128 cum
1438 1097 1521 1126 dicta
1542 1094 1675 1125 ecclesia
1690 1091 1884 1122 Mox-iriensis
1906 1093 1974 1129 post
1992 1087 2103 1127 prefati

1100 1153 1237 1193 episcopi
1256 1152 1381 1183 obitum
1400 1154 1522 1189 pastore
1541 1148 1641 1178 multo
1659 1151 1798 1184 tempore
1814 1144 2009 1178 vacavisset,
2031 1150 2104 1180 pre-

1099 1208 1172 1238 fatis
1195 1206 1333 1246 capitulo
1352 1205 1413 1244 ipsi
1434 1203 1565 1234 ecclesie
1585 1200 1753 1240 providere
1772 1207 1836 1228 non
1857 1196 2042 1227 curantibus
2066 1194 2104 1223 de

1101 1261 1235 1300 prelato,
1259 1259 1367 1289 clerici
1392 1257 1509 1297 prefate
1534 1254 1610 1285 ville
1633 1251 1857 1290 Traguriensis
1883 1248 2107 1288 pretendentes

1098 1316 1150 1354 jus
1170 1314 1209 1343 ad
1234 1322 1266 1342 se
1291 1311 1430 1350 eligendi
1446 1316 1660 1339 successorem
1683 1305 1760 1335 dicti
1781 1303 1918 1343 episcopi
1934 1301 2105 1340 pertinere,

1102 1377 1138 1398 ac
1149 1367 1176 1397 si
1192 1364 1418 1404 Traguriensis
1430 1362 1562 1393 ecclesia
1575 1361 1721 1390 existeret
1731 1356 1934 1389 cathedralis,
1947 1353 2107 1393 quendam

1102 1421 1136 1450 in
1166 1420 1413 1457 Traguriensem
1425 1439 1433 1453 ,
1467 1419 1499 1445 ut
1525 1414 1691 1448 dicebant,
1721 1411 1901 1450 episcopum
1930 1407 2105 1444 elegerunt.

1104 1474 1242 1503 Demum
1261 1476 1367 1501 autem
1386 1469 1522 1499 diversis
1544 1466 1738 1505 temporibus
1757 1462 1933 1493 successive
1955 1459 2073 1490 diversi
2091 1468 2108 1488 a

1104 1526 1287 1556 memoratis
1300 1523 1478 1554 Morinensi
1489 1520 1627 1560 capitulo
1641 1518 1732 1548 electi
1744 1518 1884 1551 fuerunt,
1898 1519 2029 1552 etsuper
2038 1521 2111 1542 con-

1104 1579 1339 1609 firmationibus
1357 1577 1552 1607 electionum
1577 1572 1762 1611 hujusmodi
1781 1570 1868 1599 varie
1885 1578 1903 1598 a
1924 1568 1997 1597 sede
2019 1575 2110 1605 apos-

1106 1634 1199 1663 tolica
1214 1632 1317 1662 littere
1335 1632 1517 1669 impetrate,
1538 1628 1570 1656 in
1590 1626 1706 1665 quibus
1722 1624 1784 1662 ipsi
1801 1632 1833 1652 se
1849 1620 2022 1660 capitulum
2039 1627 2111 1657 pre-

1105 1689 1167 1718 fate
1187 1684 1399 1716 Sibinicensis
1418 1682 1548 1712 ecclesie
1568 1679 1794 1714 nominabant,
1821 1676 1961 1706 dicentes
1976 1673 2059 1712 quod
2076 1672 2111 1701 in

1106 1742 1218 1772 eadem
1233 1736 1427 1770 Sibinicensi
1447 1735 1595 1770 ecclesia,
1619 1736 1742 1772 pastore
1757 1733 1907 1763 vacante,
1931 1727 2012 1757 dicte
2028 1726 2112 1755 elec-

1108 1796 1209 1825 tiones
1231 1793 1270 1823 ab
1293 1792 1337 1822 eis
1361 1791 1487 1820 fuerant
1513 1787 1685 1823 celebrate,
1708 1784 1783 1814 licet
1809 1782 1898 1811 nulla
1921 1780 2112 1810 electionum

1107 1850 1248 1887 ipsarum
1278 1845 1377 1875 variis
1399 1840 1691 1872 intervenientibus
1717 1837 1840 1867 casibus
1873 1834 2010 1865 extiterit
2035 1841 2113 1863 con-

1108 1903 1241 1932 firmata.
1280 1899 1339 1929 Ille
1366 1897 1498 1936 quidem
1526 1894 1583 1933 qui
1620 1891 1799 1932 penultimo
1833 1889 1892 1918 suit
1921 1897 1938 1917 a
1974 1885 2114 1925 capitulo

1108 1955 1257 1995 predictis
1286 1952 1404 1983 electus
1426 1949 1614 1980 electionem
1636 1954 1727 1976 suam
1749 1953 1804 1982 per
1834 1940 2115 1979 metropolitanum

1108 2009 1170 2040 loci
1188 2007 1327 2039 obtinuit
1351 2002 1556 2039 confirmari,
1580 2005 1610 2030 et
1635 2008 1689 2038 per
1711 1997 1839 2036 aliquod
1866 1994 2018 2033 temporis
2044 2001 2116 2031 spa-

1111 2063 1190 2093 tium
1215 2060 1343 2101 pacifice
1364 2054 1675 2087 administrationem
1700 2050 1894 2081 Morinensis
1921 2048 2117 2086 episcopatus

1110 2116 1215 2155 gessit.
1238 2112 1374 2144 Prefatis
1396 2110 1520 2140 clericis
1543 2108 1626 2137 dicte
1641 2105 1716 2135 ville
1731 2102 1954 2141 Traguriensis
1972 2109 2025 2138 per
2044 2108 2114 2138 pre-

1111 2170 1227 2208 scripta
1239 2172 1380 2205 tempora
1391 2163 1545 2203 quosdam
1555 2161 1636 2191 alios
1648 2159 1766 2197 eligere
1777 2154 2048 2196 presumentibus,
2060 2152 2116 2190 qui

1111 2224 1150 2254 ab
1166 2224 1211 2252 eis
1235 2220 1429 2251 vocabantur
1447 2215 1675 2253 Tragurienses
1699 2211 1808 2247 electi⁷
1829 2217 1966 2248 quorum
1987 2206 2116 2236 electio-

1113 2286 1170 2307 nes
1185 2276 1288 2305 dictus
1309 2257 1572 2309 metropolitanus
1588 2268 1626 2297 de
1647 2266 1728 2295 sacto
1750 2264 1867 2294 dicitur
1890 2261 2116 2294 confirmasse,

1113 2335 1142 2360 et
1152 2325 1397 2360 consecrationis
1411 2331 1529 2353 munus
1538 2329 1650 2351 eorum
1662 2317 1823 2356 aliquibus
1836 2313 2041 2353 impendisse.
2056 2312 2118 2340 De-

1113 2392 1203 2414 mum
1218 2385 1325 2412 autem
1342 2378 1417 2409 dicti
1433 2374 1609 2415 capitulum
1625 2372 1820 2406 Morinense,
1832 2379 1864 2398 se
1881 2370 2053 2397 memorate
2067 2364 2118 2394 Si-

1113 2434 1287 2466 binicensis
1304 2431 1434 2463 ecclesie
1453 2429 1669 2462 nominantes,
1688 2424 1840 2454 dilectum
1857 2421 1960 2450 filium
1979 2420 2117 2448 Leonar-

1114 2491 1191 2520 dum
1210 2488 1343 2521 Faletro‚
1363 2484 1535 2524 plebanum
1553 2479 1685 2510 ecclesie
1708 2478 1740 2507 S.
1765 2475 1884 2513 Angeli
1899 2475 1936 2503 de
1952 2471 2118 2506 Venetiis⁷

1114 2544 1221 2573 virum
1233 2539 1402 2580 providum
1414 2541 1445 2567 et
1458 2536 1643 2569 honestum,
1657 2541 1693 2561 ac
1709 2532 1742 2560 in
1758 2527 1978 2568 spiritualibus
1994 2529 2023 2554 et
2042 2529 2119 2553 tem-

1115 2598 1275 2638 poralibus
1299 2595 1587 2630 circumspectum,
1615 2589 1649 2618 in
1675 2586 1909 2616 Sibinicenseni
1940 2581 2120 2619 episcopum

1115 2650 1315 2682 concorditer
1339 2647 1520 2684 elegerunt3
1539 2642 1593 2672 sed
1611 2639 1803 2677 Gregorius,
1825 2636 1879 2674 qui
1902 2634 2012 2663 ultimo
2028 2633 2086 2661 fuit
2104 2640 2122 2661 a

1116 2704 1240 2736 clericis
1255 2699 1441 2732 memoratis
1457 2698 1574 2727 electus
1586 2718 1594 2732 ‚
1613 2698 1643 2723 et
1662 2701 1717 2731 per
1734 2690 1891 2730 prefatum
1908 2686 2121 2724 metropolita-

1117 2766 1196 2788 num
1218 2755 1424 2786 confirmatus
1453 2755 1483 2780 et
1504 2749 1728 2780 consecratus,
1749 2739 2021 2772 administrationi
2046 2737 2123 2767 dicti

1117 2812 1314 2850 episcopatus
1331 2811 1447 2837 temere
1463 2812 1496 2832 se
1514 2799 1668 2838 ingessit,
1690 2801 1719 2827 et
1736 2797 1882 2833 ingerere
1901 2802 1965 2823 non
1984 2795 2121 2821 veretur.

1118 2864 1292 2896 Occasione
1308 2869 1382 2890 vero
1400 2854 1617 2889 contentionis
1644 2861 1706 2892 que
1729 2859 1823 2889 super
1843 2846 2031 2887 hujusmodi
2052 2846 2124 2884 jure

1119 2917 1262 2956 eligendi
1280 2915 1461 2954 episcopum
1486 2910 1570 2939 inter
1592 2906 1727 2945 prefatos
1748 2902 1923 2942 capitulum
1942 2905 1972 2929 et
1995 2899 2125 2929 clericos

1120 2976 1166 3002 est
1186 2969 1289 3000 taliter
1309 2966 1438 3001 habita,
1466 2964 1550 2993 inter
1574 2959 1769 2990 habitatores
1796 2956 1955 2985 dictorum
1983 2952 2124 2982 locorum

1121 3020 1333 3055 Sibinicensis
1356 3023 1386 3049 et
1406 3013 1648 3054 Traguricensis
1670 3010 1747 3041 adeo
1768 3008 1875 3047 gravis
1899 3004 2056 3036 discordia
2080 3008 2126 3033 est

1122 3078 1251 3108 exhorta
1266 3073 1350 3114 quod
1367 3081 1402 3102 ex
1420 3080 1456 3100 ea
1474 3074 1593 3106 strages
1608 3064 1779 3096 hominum
1803 3065 1833 3092 et
1848 3060 1910 3090 alia
1927 3058 2027 3088 multa
2043 3056 2125 3095 peri-
