2477 3637
307 379 345 408 72
1057 376 1292 406 REGISTRES
1316 377 1370 406 DE
1392 376 1576 406 NICOLAS
1600 376 1655 405 IV.

377 446 465 474 395
827 442 916 474 Rieu,
933 441 967 468 ‘22
983 443 1146 476 septembre
1166 442 1241 468 1288.

342 507 556 534 Tabellionatus
575 506 708 532 officium.
730 505 812 537 (Rau.
831 505 879 535 44,
906 512 931 530 c.
953 504 1018 534 238,
1037 504 1055 529 s.
1075 504 1108 530 55
1130 512 1172 536 r⁰;
1194 504 1260 530 Lm).
1279 512 1313 531 nu

305 555 409 586 Tum,
426 556 453 586 Ι,
474 555 543 587 103.)

354 645 519 673 Venerabili
534 645 628 679 fratri
643 642 786 680 Syrticus,
803 642 934 680 episcopo
952 640 1148 676 Carnolensz'‚
1177 639 1312 670 faculta-

307 701 370 726 tem
395 696 540 726 concedit
565 694 751 725 conserendi
776 694 899 724 duabus
922 694 1066 733 personis
1089 693 1313 723 tabellionatus

304 750 456 780 officium.

347 816 358 830 ιι
386 804 434 833 Ne
452 808 672 833 contractuum
690 803 882 832 memoria...
902 818 940 823 —
955 801 1025 830 Dat.
1047 801 1154 837 Reate,
1172 810 1189 830 x
1205 800 1312 831 kalen-

304 857 360 887 das
375 857 527 893 octobris,
544 865 630 886 auno
646 856 760 894 primo.
777 868 790 882 >³

375 1004 462 1031 398
824 1002 915 1033 Ricti,
933 1003 965 1029 27
982 1001 1145 1037 septembre
1162 1001 1239 1028 1288.

339 1065 472 1092 Facultas
488 1065 674 1092 construendi
690 1065 937 1100 poenitenticriain
955 1064 981 1090 in
999 1065 1121 1091 ecclesia
1132 1064 1312 1091 Carnotensi.

303 1114 386 1147 (Rau.
405 1115 448 1147 44,
466 1123 492 1141 c.
509 1115 570 1147 239,
586 1114 605 1141 f.
624 1115 714 1147 551·⁰;
734 1114 800 1141 LAx‘.
819 1123 852 1141 on
869 1114 966 1146 Tuan„
984 1113 1007 1143 Ι,
1026 1114 1097 1146 104.)

344 1205 445 1233 Eidem
459 1205 679 1233 auctoritatem
695 1203 840 1233 concedit
853 1203 1058 1233 construendi
1075 1202 1123 1232 vel
1138 1202 1312 1232 ordinandi

304 1265 358 1286 seu
378 1257 551 1293 feudandi,
578 1257 616 1287 de
643 1257 744 1295 ipsius
768 1256 898 1294 capituli
926 1265 1099 1292 consensu,
1124 1256 1159 1285 in
1179 1255 1313 1285 ecclesia

303 1310 502 1346 Cat-notensi⁷
518 1310 807 1348 poenitentieriam.
824 1309 863 1339 de
878 1309 1046 1340 novalibus
1060 1319 1114 1339 seu
1131 1309 1202 1338 aliis
1218 1309 1312 1339 bonis

303 1372 384 1402 qnae
399 1363 439 1392 ad
453 1363 692 1401 dispositionem
704 1363 803 1401 ipsius
820 1372 875 1392 seu
891 1363 930 1392 ad
942 1362 1152 1401 episcopalem
1166 1371 1311 1392 mensam

302 1420 454 1455 spectant.

344 1482 357 1495 α
383 1469 432 1498 Ad
452 1478 487 1498 ea
502 1478 604 1508 que...
621 1485 661 1491 —
686 1469 758 1498 Dat.
785 1469 900 1505 Reate,
930 1479 949 1499 v
974 1468 1128 1499 kalendas
1155 1469 1308 1505 octobris,

302 1532 387 1554 anno
404 1523 517 1562 primo.
537 1535 550 1550 1)

336 1670 529 1698 397-398
673 1668 1021 1704 Sainte-Marie-Majeure‚
1035 1670 1065 1696 31
1079 1670 1196 1696 octobre
1207 1669 1286 1697 1288.

337 1731 512 1758 Electioncm
535 1731 606 1758 Ritii
628 1732 656 1758 in
679 1731 810 1758 abbatem
834 1732 1001 1758 monasterii
1017 1731 1188 1758 Sanctorum
1210 1731 1309 1759 Salva-

302 1781 372 1808 toris
395 1785 423 1807 et
439 1780 528 1807 Cirini
544 1781 578 1807 de
594 1780 691 1807 Insula
707 1781 866 1808 confirmat.
889 1781 969 1813 (nso.
988 1781 1029 1813 44,
1047 1790 1073 1807 c.
1090 1782 1152 1813 240,
1171 1782 1189 1809 f.
1207 1782 1240 1809 55
1255 1783 1305 1814 νο.)

345 1860 452 1887 Dilecto
468 1859 532 1895 filio
560 1860 654 1894 fficio,
684 1860 785 1888 abbati
806 1860 985 1888 monasterii
1001 1860 1183 1889 Sanctorum
1201 1859 1309 1890 Salva-

301 1914 375 1941 toris
392 1917 416 1941 e!
435 1912 539 1942 Cirz'ni
555 1913 588 1942 de
607 1913 722 1949 Insula,
741 1913 780 1941 ad
793 1921 954 1942 romanam
972 1914 1124 1943 ecclesiam
1140 1915 1227 1943 nullo
1245 1923 1308 1944 me-

300 1967 348 1995 dio
368 1968 563 2004 pertinentis,
591 1968 709 1995 ordinis
731 1968 830 1996 sancti
858 1967 1022 2003 Benedicti,
1057 1968 1214 1997 Vulnerane
1239 1969 1306 1998 clio-

300 2019 380 2049 cest's.
400 2019 595 2050 Electionem
619 2021 687 2058 ejus
705 2020 738 2049 in
759 2020 910 2058 praedicti
932 2021 1119 2051 monasterii
1141 2022 1305 2059 abbatem,

300 2074 513 2103 examinatam
531 2082 586 2112 per
602 2074 807 2109 Jotmnnem,
826 2073 1042 2104 Tusculanum
1061 2075 1259 2114 episcopum,
1278 2079 1308 2104 et

300 2128 482 2164 Hugonem,
500 2127 585 2156 tituli
599 2127 733 2157 Sanctae
745 2127 881 2157 Sabinae
898 2128 1131 2166 presbyterum,
1150 2133 1180 2158 et
1198 2129 1305 2168 Napo-

299 2180 435 2214 leonem,
454 2180 562 2210 Sancti
579 2180 715 2210 Adriani
734 2181 904 2210 diaconum
920 2181 1110 2219 cardinales,
1125 2183 1305 2212 confirmat.

300 2232 426 2263 Electus
442 2234 544 2263 fuerat
557 2242 612 2272 per
630 2234 852 2271 Paganellum,
868 2234 1006 2272 priorem
1023 2235 1194 2265 saecularis
1207 2236 1305 2265 eccle-

299 2288 363 2316 siae
383 2287 492 2317 Sancti
508 2287 658 2317 Andreae
674 2288 712 2317 de
728 2288 858 2323 Scarna,
871 2287 1236 2325 Vulteranaedioecesis,
1254 2289 1306 2319 cui

298 2341 397 2378 hujus
418 2340 584 2370 electionis
611 2341 774 2371 faciendae
798 2345 985 2380 potestatem
1008 2347 1206 2372 concesserat
1228 2351 1305 2373 con-

298 2398 412 2423 ventus
434 2399 502 2432 post
517 2398 651 2424 mortem
671 2394 831 2433 quondam
850 2395 1008 2424 Bernardi
1023 2396 1156 2425 abbatis.

340 2459 353 2473 α
379 2446 613 2477 Sollicitudinis
637 2447 806 2486 apostolice
832 2448 1015 2478 studium...
1041 2466 1080 2470 —
1105 2450 1174 2480 Dat.
1205 2451 1305 2481 Rome

296 2500 379 2538 apud
394 2500 543 2530 Sanctam
562 2500 697 2530 Mariam
717 2502 882 2539 Majorem,
899 2512 920 2531 11
937 2502 1090 2532 kalendas
1108 2505 1302 2541 novembris,

297 2563 383 2584 anno
399 2555 513 2592 primo.
537 2565 550 2580 n

292 2650 298 2651 V
338 2609 374 2638 In
392 2617 419 2637 e.
439 2617 481 2637 m.
507 2609 679 2639 conventui
705 2609 890 2639 monasterii
917 2610 1107 2640 Sanctorum
1131 2610 1303 2642 Salvatoris

298 2666 327 2691 et
344 2661 447 2691 Cirini
470 2661 508 2691 de
532 2661 644 2692 Insula
669 2663 800 2692 mandat
826 2667 984 2701 quatenus
1010 2664 1169 2702 praedicto
1197 2665 1303 2695 abbati

297 2714 434 2744 debitam
451 2715 667 2745 obedientiam
686 2716 867 2755 praebeant.

332 2859 418 2886 :39ss
634 2861 981 2897 sainte-Maric-MaJem-e,
995 2864 1009 2890 5
1023 2865 1177 2891 novembre
1190 2866 1266 2893 1288.

336 2914 460 2941 l'allcum
477 2916 693 2951 archiepiscopo
705 2917 844 2944 Trauensi
859 2919 1033 2953 assignatur.
1050 2920 1131 2952 (Rae.
1146 2921 1188 2954 44,
1201 2929 1226 2948 e.
1238 2921 1300 2953 241,

297 2965 314 2990 s.
335 2964 366 2988 ἴιῖι
385 2966 434 2994 vo.)

344 3041 509 3070 l'mzerabe‘ti
527 3039 623 3078 fratri
639 3042 790 3080 Philippo,
808 3044 1030 3082 archiepiscopo
1057 3046 1213 3080 Trauensi,
1234 3044 1302 3084 pal-

1397 442 1482 472 leum
1502 452 1555 482 per
1569 443 1625 478 M.,
1639 442 1772 472 Sanctae
1788 442 1907 472 Mariae
1922 442 1955 471 in
1973 442 2100 472 porticu
2113 442 2284 473 diaconum
2300 443 2401 473 cardi-

1397 495 1513 531 nalem,
1531 496 1681 534 assignat.

1437 562 1450 575 «
1475 549 1555 579 Cum
1584 549 1723 588 palleum
1740 549 1904 586 insigne...
1921 565 1961 570 —
1979 548 2049 578 Dat.
2079 549 2180 579 Rome
2196 548 2280 588 apud
2297 549 2400 579 Sanc-

1398 607 1458 632 tam
1478 603 1612 632 Mariani
1631 603 1796 642 Majorem,
1821 602 1913 632 nonis
1933 602 2126 638 novembris,
2145 610 2230 632 anno
2247 603 2360 641 primo.
2382 615 2396 630 ι»

1429 788 1628 818 :loo-4⁰3
1749 787 2094 822 Sainte-Marie-MaJeure‚
2108 789 2122 814 5
2135 788 2289 814 novembre
2303 787 2379 815 1283.

1432 851 1580 886 Philippus
1595 852 1733 878 ecclesiae
1747 851 1885 878 Trauensi
1907 852 1935 877 in
1958 851 2206 886 archiepiscopum
2224 851 2399 886 praeficitur.

1393 899 1476 932 (ltus.
1494 900 1541 934 44,
1558 908 1584 926 c.
1600 900 1662 931 242,
1679 901 1698 927 s.
1717 901 1749 927 55
1766 901 1817 932 vo.)

1435 1002 1549 1030 Eidem.
1576 1002 1733 1032 Trauensi
1758 1001 1891 1032 ecclesia
1920 1005 2043 1040 pastore
2067 1001 2236 1039 destituta,
2260 1001 2400 1032 Thoma-

1395 1055 1461 1084 sius
1485 1054 1524 1085 de
1545 1055 1657 1092 Fossa,
1678 1056 1873 1094 praepositus
1890 1054 2041 1085 ecclesiae
2057 1055 2095 1084 de
2111 1054 2226 1085 Sancto
2245 1055 2399 1093 Eusanto,

1395 1108 1582 1146 Aquilensis
1598 1109 1762 1147 dioecesis,
1782 1110 1842 1139 suit
1858 1110 1891 1138 iu
1910 1109 2186 1148 archiepiscopum
2201 1109 2399 1139 Tranensem

1395 1161 1513 1191 electus
1525 1172 1531 1198 ς
1550 1162 1603 1192 sed
1616 1161 1699 1192 hanc
1710 1162 1897 1193 electionem
1908 1163 1936 1192 N
1942 1162 2061 1192 icolaus
2073 1171 2151 1201 papa
2168 1162 2235 1192 IIII
2250 1162 2398 1200 cassavit,

1394 1215 1610 1254 provisionem
1628 1215 1728 1255 ipsius
1747 1215 1896 1246 ecclesiae
1913 1216 1973 1245 sibi
1994 1215 2200 1252 reservando,
2214 1220 2245 1245 et
2260 1219 2400 1254 postmo-

1395 1269 1470 1298 dum
1488 1268 1539 1305 0.,
1557 1269 1754 1307 patriarchae
1780 1269 2010 1306 Antiochensi,
2031 1270 2085 1308 qui
2102 1278 2157 1308 per
2179 1270 2345 1307 Agarenos
2360 1269 2400 1300 ab

1395 1322 1526 1352 ecclesia
1543 1331 1598 1352 sua
1617 1322 1768 1362 depulsus
1784 1327 1861 1360 erat,
1877 1323 2193 1353 administrationem
2210 1322 2310 1361 ipsius
2326 1323 2400 1353 Tra-

1395 1376 1504 1405 nensis
1521 1375 1671 1406 ecclesiae
1691 1376 1860 1406 commisit.
1878 1376 1988 1414 Nuper
2006 1385 2080 1405 vero
2097 1375 2255 1415 praedicto
2271 1375 2399 1415 patriar-

1393 1429 1472 1459 chae
1504 1429 1815 1459 administrationem
1852 1429 2003 1460 ecclesiae
2035 1429 2210 1459 Janueusis
2240 1429 2401 1459 commisit
2428 1426 2435 1434 ’

1393 1492 1483 1521 papa.
1506 1483 1609 1517 Quare
1627 1482 1830 1521 Philippum,
1851 1488 1925 1512 tuuc
1945 1483 2088 1513 abbatem
2106 1483 2281 1513 saecularis
2299 1482 2399 1513 eccle-

1393 1536 1459 1565 siae
1483 1536 1591 1566 Sancti
1615 1536 1765 1566 Herasmi
1782 1536 1979 1572 Verulanae,
2003 1536 2155 1566 ecclesiae
2177 1536 2338 1566 Trauensi
2362 1536 2396 1566 in

1391 1589 1667 1628 archiepiscopum
1684 1590 1835 1629 praeficit.

1434 1654 1447 1669 α
1468 1643 1564 1672 Recte
1582 1648 1657 1672 tunc
1675 1643 1918 1673 ecclesiarum...
1933 1659 1974 1666 —
1991 1644 2061 1673 Dat.
2080 1644 2181 1674 Rome
2197 1643 2280 1682 apud
2298 1643 2398 1674 Sauc-

1392 1700 1455 1726 tam
1473 1697 1607 1726 Mariam
1625 1697 1792 1735 Majorem,
1811 1697 1905 1726 nonis
1923 1697 2123 1732 novembris,
2141 1705 2227 1727 anno
2247 1697 2363 1736 primo.
2384 1708 2397 1723 υ

1431 1751 1468 1779 Iu
1489 1759 1516 1779 e.
1535 1759 1577 1779 rn.
1594 1750 1731 1788 capitulo
1745 1750 1897 1780 ecclesiae
1910 1751 2084 1780 Tranensis
2098 1750 2229 1780 mandat
2241 1754 2399 1788 quatenus

1390 1804 1550 1843 praedicto
1565 1804 1802 1842 archiepiscopo
1818 1804 1957 1834 debitam
1974 1804 2188 1834 obedientiam
2204 1803 2360 1842 praebeat.

1431 1858 1469 1887 In
1487 1866 1513 1887 e.
1532 1866 1574 1886 m.
1592 1857 1676 1887 clero
1695 1857 1833 1887 civitatis
1849 1862 1879 1887 et
1897 1857 2050 1887 dioecesis
2068 1858 2254 1887 Tranensis.

1430 1912 1468 1941 In
1486 1920 1513 1941 e.
1532 1920 1574 1940 m.
1594 1910 1709 1950 populo
1726 1911 1862 1941 civitatis
1880 1915 1910 1940 et
1926 1910 2080 1941 dioecesis
2096 1910 2283 1940 Tranensis.

1430 1965 1469 1994 In
1487 1973 1515 1994 e.
1535 1973 1581 1993 m.
1598 1965 1756 1994 universis
1772 1963 1918 1994 vassallis
1934 1964 2084 1994 ecclesiae
2100 1963 2286 1994 Tranensis.

1429 2019 1468 2048 In
1485 2028 1512 2048 e.
1531 2027 1574 2047 m.
1594 2018 1803 2056 suffraganeis
1819 2017 1970 2048 ecclesiae
1989 2018 2176 2047 Tranensis.

1429 2071 1467 2101 In
1487 2081 1514 2101 e.
1531 2080 1574 2100 m.
1591 2071 1642 2108 G.,
1662 2071 1845 2110 episcopum
1865 2071 2090 2107 Sabiuensem,
2109 2071 2298 2110 apostolicae
2315 2071 2398 2102 sedis

1388 2124 1541 2163 legatum,
1559 2128 1588 2154 et
1606 2124 1747 2154 nobilem
1766 2125 1871 2154 virum
1890 2124 1943 2160 R.‚
1961 2125 2110 2154 comitem
2138 2124 2396 2162 Atrebatensem,

1390 2177 1511 2217 bajulos
1536 2178 1627 2215 regni
1655 2177 1780 2208 Siciliae
1808 2187 1862 2216 per
1888 2187 2054 2208 romanam
2080 2178 2248 2209 ecclesiam
2273 2179 2394 2210 consti-

1389 2236 1483 2268 tutos,
1511 2231 1655 2261 hortatur
1671 2235 1704 2261 ut
1724 2231 1897 2262 Tranensis
1919 2232 2071 2262 ecclesiae
2094 2232 2168 2270 jura
2187 2236 2353 2271 protegant
2367 2235 2396 2263 et

1389 2285 1572 2315 defendant.

1423 2457 1513 2486 4⁰³2

1424 2520 1568 2556 Episcopo
1594 2520 1728 2547 paduano
1749 2521 2026 2548 administrationem
2043 2522 2209 2549 monasterii
2229 2521 2327 2549 Sancti
2341 2521 2394 2548 Mi-

1386 2570 1494 2596 chaelis
1508 2569 1543 2596 de
1558 2569 1702 2596 Gaudiana
1718 2570 1881 2596 committit.
1899 2570 1982 2603 (Rae.
2001 2571 2050 2605 44,
2069 2579 2094 2597 c.
2111 2571 2178 2602 243,
2195 2571 2215 2598 f.
2234 2571 2265 2598 56
2282 2573 2333 2605 νο.)

1724 2457 2074 2493 Salute-Maric-Majeure,
2087 2459 2101 2486 4
2113 2458 2267 2486 novembre
2282 2459 2358 2487 1288-

1432 2672 1595 2701 Venerabili
1611 2672 1707 2707 fratri
1733 2693 1754 2700 ..
1778 2673 1912 2710 episcopo
1931 2673 2089 2702 Paduano.
2108 2672 2248 2703 Vacante
2266 2681 2402 2704 monas·v

1386 2725 1463 2755 terio
1480 2725 1588 2755 Sancti
1605 2724 1772 2755 Michaelis
1788 2725 1826 2755 de
1841 2726 2018 2763 Gaudiana,
2032 2714 2156 2756 ordinis
2172 2727 2272 2757 sancti
2293 2726 2391 2757 Bene-

1384 2778 1476 2814 dicti,
1496 2776 1665 2807 paduanae
1681 2777 1847 2816 dioecesis,
1863 2787 1918 2817 per
1935 2783 2070 2809 mortem
2090 2778 2299 2818 Galenguini‚
2315 2779 2392 2810 duae
2440 2802 2445 2809 ι

1385 2830 1565 2867 electioneS,
1583 2839 1645 2860 una
1661 2830 1809 2861 videlicet
1819 2832 1858 2862 de
1874 2832 2054 2869 Francisco,
2068 2832 2225 2871 ejusdem,
2240 2836 2271 2863 et
2282 2832 2345 2863 alia
2353 2831 2392 2862 da
2406 2854 2415 2864 .

1384 2884 1525 2915 Jordano
1537 2908 1544 2921 ,
1564 2884 1698 2915 Sanctae
1713 2885 1862 2916 Justinae
1878 2886 2024 2916 Paduani
2041 2887 2309 2917 monasteriorum
2325 2893 2391 2916 mo·
2442 2924 2443 2927 Ἴ

1387 2938 1509 2975 machis,
1524 2938 1654 2968 fuerunt
1665 2939 1763 2969 sactae
1775 2951 1781 2977 ;
1795 2949 1890 2970 causa
1899 2940 1998 2978 igitur
2009 2949 2105 2979 super
2115 2939 2302 2979 hujusmodi
2313 2939 2390 2970 eleo-

1385 2992 1529 3022 tionibus
1542 3000 1648 3022 coram
1666 2993 1811 3032 episcopo
1828 2993 1981 3023 Paduano
1996 3002 2052 3032 per
2067 3002 2190 3024 annum
2209 2997 2240 3024 et
2257 2993 2390 3034 amplius

1384 3046 1516 3083 agitata,
1541 3044 1691 3076 electores
1704 3047 1836 3085 praefati
1851 3047 2025 3085 Francisci,
2041 3046 2176 3086 reliquis
2193 3047 2359 3078 monachis
2371 3053 2389 3076 a
