2342 3652
710 733 893 777 INCIPIT
923 733 1224 777 REGESTRUM
1256 735 1579 779 LITTERARUM

247 913 545 1003 TERTH
596 939 813 1003 ANNI
868 938 1156 1002 DOMNI
1210 939 1569 1002 NICOLAI
1623 888 1847 1004 PAPE
1901 945 2034 1006 IIII

162 1516 278 1546 2223
409 1515 607 1541 Sainte-Marie
623 1514 762 1550 MaJeure,
780 1516 813 1542 25
830 1515 933 1542 fevi-iei-
949 1516 1028 1543 1290.

128 1565 337 1600 Indulgentiae.
353 1564 436 1598 (Rae.
454 1564 497 1596 45,
515 1573 541 1591 c.
560 1565 585 1596 1,
601 1565 621 1591 f.
640 1564 651 1590 1
670 1566 718 1597 ro.)

131 1707 285 1744 Nicotaus,
297 1709 461 1746 episcopus,
472 1716 578 1737 servus
585 1716 741 1737 servorum
749 1708 811 1744 Dei,
819 1708 976 1737 universis
988 1708 1102 1737 Christi

91 1762 227 1801 fidelibus
247 1766 399 1799 presentes
417 1762 532 1790 litteras
553 1761 732 1798 inspecturis
756 1762 884 1790 salutem
907 1767 932 1791 et
957 1762 1100 1798 apostoti-

91 1824 157 1845 cam
182 1815 424 1844 benedictionem.
447 1813 689 1852 Indulgentiam
710 1814 806 1844 unius
829 1814 908 1844 anni
927 1818 957 1844 et
976 1823 1013 1843 xi,
1033 1814 1098 1843 die-

90 1877 162 1899 rum
187 1867 333 1898 concedit
358 1868 508 1898 omnibus
530 1877 603 1897 vere
628 1868 864 1906 poenitentibus
888 1872 918 1897 et
947 1868 1100 1898 confessis

91 1921 147 1960 qui
162 1920 329 1951 ecclesiam
347 1921 536 1951 monasterii
560 1920 668 1950 Sancti
694 1920 832 1959 Spiritus
854 1921 891 1950 de
908 1921 1026 1950 Bisano
1041 1921 1098 1951 Ja-

90 1974 240 2010 mensis,
259 1974 481 2004 Cisterciensis
505 1974 648 2010 ordinis,
674 1974 708 2003 in
729 1974 781 2003 die
799 1974 1000 2004 Pentecostes
1016 1979 1046 2003 et
1064 1975 1098 2003 in

91 2028 259 2058 festivitate
286 2027 318 2058 S.
348 2027 530 2065 Benedicti,
557 2037 612 2066 per
637 2031 705 2058 octo
730 2027 796 2057 dies
816 2032 983 2067 sequentes
1011 2032 1040 2057 et
1064 2028 1098 2056 in

90 2081 310 2111 anniversario
337 2080 387 2110 die
409 2081 620 2110 dedicationis
642 2081 786 2120 ejusdem
816 2080 967 2112 ecclesiae
987 2081 1097 2110 visita-

90 2133 203 2163 verint.

131 2197 145 2213 α
165 2186 256 2216 Licet
270 2186 297 2216 is
313 2186 389 2215 de...
407 2203 446 2208 —
461 2187 532 2216 Dat.
551 2187 672 2223 Rome,
691 2187 776 2226 apud
792 2187 941 2217 Sanctam
961 2187 1096 2217 Mariam

91 2238 262 2278 MaJ'orem,
287 2249 307 2269 v
330 2238 483 2269 kalendas
506 2240 630 2277 martii,
658 2240 860 2279 pontificatus
886 2240 986 2271 nostri
1011 2249 1096 2271 anno

90 2293 190 2323 tertio.
210 2305 224 2320 »

162 2519 279 2547 2224

400 2518 756 2554 Sainte-Marie-Majeure,
774 2521 808 2547 ‘25
829 2520 931 2547 fevi—ier
947 2521 1023 2548 1290.

127 2593 255 2621 Licentia
270 2595 449 2630 ingrediendi
465 2597 648 2623 monasteria.
667 2596 748 2629 (Rae.
762 2597 805 2628 45,
823 2606 848 2625 c.
865 2598 891 2629 ⁶2,
908 2598 927 2624 f.
945 2598 956 2623 1
975 2605 1015 2631 r⁰;
1028 2597 1094 2625 Lip.

91 2650 126 2670 nu
140 2642 238 2676 Tuam,
254 2643 306 2676 111,
326 2645 337 2670 1
350 2653 358 2678 ;
373 2644 490 2677 Poma„
509 2645 618 2678 23197.)

130 2785 237 2815 Dileete
252 2788 286 2816 in
303 2787 420 2816 Christo
438 2788 502 2824 filie
519 2789 615 2817 nobili
636 2789 764 2817 ‘mulieri
780 2789 932 2826 Johamze,
950 2791 1097 2819 comitisse

92 2836 220 2868 Blesensz‘
229 2862 236 2875 ‚
250 2839 442 2869 Carnotensis
454 2841 592 2877 diocesis,
605 2841 753 2879 indulget
765 2846 799 2871 ut
810 2842 1042 2872 monasterium
1058 2842 1097 2872 de

92 2888 195 2920 Garda
222 2891 337 2922 Beatae
369 2893 512 2930 Mariae,
538 2893 714 2924 claustrum
741 2900 771 2924 et
791 2895 856 2924 alia
881 2895 949 2926 loca
974 2895 1096 2925 ordinis

93 2941 225 2973 Sanctae
242 2944 368 2983 Clarae,
387 2946 594 2977 carnotensis
613 2947 785 2983 dioecesis,
810 2957 883 2978 cum
908 2957 961 2978 sex
984 2948 1098 2978 hones-

93 2994 133 3025 tis
148 2997 318 3034 matronis,
336 2999 485 3037 quotiens
501 2999 655 3037 voluerit,
671 3000 797 3038 ingredi
813 3001 926 3031 valeat.

134 3060 149 3075 «
166 3049 259 3080 Pium
279 3051 473 3083 arbitramur
488 3058 555 3083 et...
572 3071 610 3076 —
625 3054 695 3085 Dat.
714 3058 748 3084 ut
765 3063 872 3093 supra.
891 3066 904 3081 n

1257 1516 1373 1545 2275
1497 1516 1854 1553 Sainte-Marie-MaJ'eure,
1873 1519 1904 1546 95
1921 1520 2023 1546 fevi-ior
2040 1521 2116 1547 1290.

1220 1591 1263 1617 De
1279 1593 1463 1618 contentione
1479 1593 1553 1619 inter
1569 1594 1725 1628 capitulum
1741 1598 1769 1621 et
1784 1596 1951 1630 episcopum
1970 1595 2188 1630 Pergamenses.

1185 1640 1268 1674 (REG.
1288 1641 1332 1672 45,
1349 1649 1374 1667 c.
1393 1640 1416 1671 3,
1435 1640 1453 1666 f.
1470 1641 1480 1667 1
1499 1642 1545 1675 ro.)

1230 1777 1400 1806 Venerabili
1414 1779 1509 1814 fratri
1529 1800 1549 1807 ..
1567 1780 1699 1816 episcopo
1716 1779 1877 1809 Brioez'enst'.
1899 1792 1912 1805 «
1934 1780 2081 1818 Exposita
2097 1782 2188 1812 nobis

1183 1830 1379 1860 venerabiHs
1395 1831 1501 1860 fratris
1516 1832 1617 1861 nostri
1634 1832 1779 1869 Roherti,
1797 1833 1935 1872 episcopi
1951 1834 2186 1872 Pergamensis,

1183 1884 1291 1922 petitio
1310 1884 1493 1913 continebat
1509 1885 1607 1922 quod,
1628 1890 1759 1915 vacante
1775 1886 1896 1915 dudum
1915 1887 2119 1924 Pergamensi
2135 1897 2187 1917 ec-

1183 1936 1279 1966 clesia
1295 1947 1350 1975 per
1363 1937 1485 1967 obitum
1503 1938 1584 1968 bone
1601 1939 1755 1968 memorie
1772 1938 1823 1975 G.,
1842 1940 1979 1977 episcopi
1998 1940 2188 1977 Pergamen-

1183 1991 1237 2026 sis,
1256 1990 1432 2028 capitulum
1451 1991 1594 2029 ejusdem
1610 1991 1743 2021 ecclesie
1758 1997 1894 2030 quatuor
1910 2002 1944 2022 ex
1962 2002 1994 2022 se
2008 1993 2084 2031 ipsis
2100 1998 2187 2023 motu

1182 2044 1308 2082 proprio
1325 2043 1456 2073 ecclesie
1472 2044 1590 2082 prefate
1604 2053 1776 2082 yconomos
1789 2068 1797 2081 ‚
1816 2045 1854 2074 ad
1871 2046 2088 2084 recipiendum
2101 2047 2185 2084 jura,

1180 2097 1324 2126 redditus
1341 2101 1371 2127 et
1385 2102 1559 2135 proventus
1581 2107 1691 2127 mense
1710 2099 1878 2137 episcopali
1895 2099 2014 2129 debitos
2029 2123 2035 2134 ,
2057 2100 2186 2130 ordina-

1182 2154 1274 2186 runt,
1293 2154 1378 2180 certo
1394 2150 1514 2180 eisdem
1531 2151 1697 2189 yconomis
1713 2151 1921 2181 immoderato
1938 2152 2052 2182 salario
2068 2153 2187 2182 consti-

1183 2207 1258 2232 tuto.
1279 2203 1404 2232 Deinde
1422 2212 1495 2233 vero
1517 2212 1571 2241 per
1589 2212 1763 2241 yconomos
1783 2205 1866 2242 ipsos
1884 2205 2021 2242 quadam
2041 2205 2078 2234 de
2096 2205 2187 2235 bonis

1181 2256 1263 2286 dicte
1278 2265 1389 2285 mense
1409 2264 1472 2285 non
1492 2256 1616 2286 modica
1633 2262 1778 2295 percepta
1797 2258 1952 2295 pecnnia,
1972 2258 2047 2287 dicti
2066 2259 2186 2296 capitu-

1181 2309 1248 2339 lum
1266 2314 1384 2348 partem
1402 2309 1545 2347 ejusdem
1560 2310 1692 2348 pecunie
1709 2309 1793 2339 inter
1809 2319 1841 2339 se
1855 2315 1940 2339 motu
1958 2311 2056 2339 simili
2070 2311 2185 2340 divise-

1180 2366 1272 2397 runt,
1291 2362 1416 2400 reliqua
1432 2371 1505 2392 vero
1522 2371 1618 2401 penes
1634 2371 1807 2400 ycononios
1824 2363 1959 2401 prefatos
1983 2363 2136 2392 remansit
2157 2367 2186 2392 et

1180 2420 1243 2445 tarn
1265 2415 1327 2453 ipsi
1344 2414 1519 2453 capitulum
1541 2423 1637 2453 quam
1654 2415 1767 2453 prefati
1789 2415 1938 2454 yconomi
1959 2416 2113 2454 predictas
2130 2425 2184 2454 pe-

1180 2470 1350 2499 cuniarum
1368 2468 1561 2507 quantitates
1576 2468 1680 2498 eidem
1697 2469 1750 2504 R„
1769 2470 1930 2507 episcopo,
1950 2470 2114 2499 restituere
2133 2470 2182 2498 in-

1180 2523 1285 2552 debite
1305 2521 1543 2557 contradicunt;
1561 2530 1659 2560 quare
1679 2522 1817 2559 prefatus
1838 2523 1889 2557 R.‚
1908 2523 2089 2560 episcopus,
2109 2530 2183 2560 pro--

1179 2576 1280 2605 videri
1305 2574 1365 2604 sihi
1388 2582 1482 2612 super
1502 2574 1562 2603 hoc
1585 2583 1640 2612 per
1657 2574 1825 2612 apostolice
1844 2575 1926 2603 sedis
1948 2574 2183 2612 providentiam

1179 2629 1346 2659 humiliter
1363 2627 1556 2666 imploravit.
1578 2627 1732 2662 Quocirca
1748 2622 1937 2657 fraternitati
1956 2632 2007 2656 tue
2023 2636 2078 2665 per
2095 2636 2183 2666 apos-

1181 2681 1274 2712 tolica
1291 2680 1406 2718 scripta
1428 2679 1619 2709 mandamus
1637 2684 1812 2718 quatenus,
1835 2680 1861 2709 si
1885 2680 1942 2709 tihi
1961 2681 2135 2710 summarie
2154 2685 2184 2710 et

1181 2735 1250 2764 sine
1274 2733 1405 2771 strepitu
1427 2732 1541 2770 judicii
1565 2732 1740 2762 constiterit
1763 2732 1800 2761 de
1825 2733 2006 2770 premissis,
2027 2733 2184 2771 predictos

1180 2795 1355 2827 yconomos
1370 2786 1409 2815 ad
1426 2785 1625 2815 reddendum
1642 2785 1796 2815 rationem
1812 2786 1968 2823 integram
1984 2786 2184 2816 administra-

1181 2841 1279 2871 tionis
1295 2848 1362 2875 sue⁷
1380 2847 1416 2868 ac
1432 2843 1494 2867 tam
1515 2839 1612 2876 ipsos,
1627 2837 1741 2867 salario
1755 2842 1857 2867 tamen
1873 2846 2012 2875 congruo
2026 2838 2070 2867 eis
2087 2848 2141 2877 per
2155 2843 2184 2869 te

1180 2903 1235 2932 pro
1251 2894 1317 2922 suis
1335 2892 1497 2921 laboribus
1512 2891 1674 2928 assignato
1685 2913 1694 2926 ‚
1717 2899 1813 2928 quam
1828 2891 1983 2929 prefatum
2008 2891 2183 2930 capitulum

1180 2952 1210 2976 et
1225 2945 1398 2984 quemlibet
1416 2944 1454 2974 de
1477 2944 1544 2982 ipso
1561 2943 1698 2981 capitulo
1720 2943 1758 2972 ad
1779 2944 2036 2973 satisfaciendum
2062 2949 2092 2974 et
2109 2944 2182 2975 red-

1180 2999 1321 3030 dendum
1339 2997 1549 3036 pecuniarum
1564 3005 1716 3032 summaS,
1734 2988 1825 3035 prout
1841 2997 2073 3035 particulariter
2088 2998 2181 3028 deve-

1182 3054 1230 3083 nit
1244 3053 1284 3082 ad
1306 3052 1407 3090 ipsos,
1433 3051 1570 3081 Roberto
1588 3051 1732 3089 episcopo
1751 3051 1949 3089 supradicto,
1973 3052 2180 3090 quibuscum-
