2342 3652
933 360 1164 402 DEUXniMn
1185 359 1343 400 ΑΝΝΕΕ.
2122 372 2178 403 -263

91 445 256 475 Mancourt
289 445 319 471 et
346 441 385 471 de
412 440 578 478 Landages
609 438 783 475 ecclesias,
814 446 850 468 ac
878 437 1033 476 capellam
1059 437 1097 466 de

93 496 253 532 Omereis,
280 495 434 524 Metensis
460 493 615 529 diocesis,
643 493 677 522 in
702 492 819 530 quibus
843 500 861 520 a
887 491 991 528 longis
1013 493 1097 519 retro

94 548 286 589 temporibus
300 549 353 587 jus
368 551 554 586 patronatus
571 545 712 582 habetis,
735 554 809 574 cnm
826 535 999 580 fructibus,
1022 543 1097 573 red—

93 603 209 633 ditibus
225 604 255 630 et
270 600 478 639 proventibus
491 607 527 628 30
542 598 692 628 omnibus
705 597 833 636 juribus
850 601 879 627 et
894 596 1098 635 pertinentiis

93 655 177 692 suis,
202 653 311 690 vobis,
338 653 388 682 sui
418 650 549 690 capituli
573 650 613 679 ad
641 649 701 680 1100
725 649 895 679 accedente
918 657 1097 685 consensu,

93 707 275 740 auctoritate
295 705 473 741 ordinaria,
500 702 633 742 provida
653 701 899 738 deliberatione,
925 700 1097 737 concessit,

47 795 50 797 ,
94 760 271 792 infirmarie
285 759 361 788 dicti
378 757 565 787 monasterii
581 756 690 785 usibus
710 759 860 793 perpetuo
875 753 1097 792 applicandas,

93 815 138 845 ita
149 812 250 852 quod,
269 811 456 842 cedentibus
469 810 521 840 vel
536 808 765 839 decedentibus
780 807 954 837 rectoribus
970 815 1099 836 earum-

94 868 184 903 dem,
210 865 311 896 libere
333 864 461 903 ingredi
491 872 602 893 earum
625 862 857 901 possessiouem
887 860 1041 899 possetis,
1071 863 1101 888 et

94 920 220 952 vicariis
235 922 388 958 perpetuo*
400 917 567 948 servituris
582 916 702 946 ibidem
720 916 759 945 de
777 915 944 948 fructibus,
965 913 1100 943 redditi-

94 974 152 1005 bus
167 977 198 1004 et
210 972 418 1012 proventibus
434 970 639 1006 memoratis,
656 979 693 999 ex
709 969 826 1008 quibus
842 968 903 1007 ipsi
918 967 1031 997 vicarii
1047 974 1101 996 co-

95 1027 187 1058 mode
207 1026 379 1057 sustentari
397 1029 427 1055 et
450 1023 672 1055 incumbentia
696 1023 744 1053 eis
763 1031 859 1053 onera
880 1024 1008 1060 possent
1026 1028 1101 1057 sup-

95 1085 218 1122 portare
235 1103 244 1117 ,
288 1079 449 1119 portiones
486 1086 626 1115 congrue
668 1079 873 1106 servarentur
886 1098 893 1112 ,
937 1077 1031 1113 prout
1066 1072 1102 1101 in

95 1128 276 1175 patentibus
288 1132 403 1162 litteris
412 1132 489 1161 inde
500 1130 651 1168 confectis
662 1129 790 1169 plenius
803 1128 919 1158 dicitur
931 1126 1100 1162 contineri,

96 1188 161 1218 Nos
172 1187 280 1224 itaque
292 1209 299 1223 ,
317 1185 432 1215 vestris
449 1183 735 1223 supplicationibus
752 1181 913 1217 inclinati,
934 1180 1100 1219 premissa,

96 1241 177 1271 sicut
191 1238 320 1278 provide
342 1238 423 1267 facta
449 1241 543 1274 sunt,
568 1237 604 1265 in
622 1236 682 1265 hac
704 1239 792 1274 parte
810 1239 878 1264 rata
900 1234 1054 1264 habentes
1073 1236 1104 1261 et

97 1297 199 1332 grata,
216 1301 252 1322 ea
274 1291 460 1321 auctoritate
485 1289 655 1329 apostolica
671 1289 900 1319 confirmamus
918 1291 977 1317 etc.
1002 1294 1103 1325 usque

97 1345 346 1377 communimus.
373 1343 466 1374 Nulli
486 1352 560 1381 ergo
583 1347 641 1372 etc.
666 1341 918 1372 confirmationis
944 1344 1000 1370 etc.
1030 1339 1100 1368 Dat.

97 1399 213 1435 Reate,
230 1408 270 1428 xv
290 1397 444 1428 kalendas
461 1396 669 1435 septembris,
689 1403 775 1425 anno
795 1394 945 1424 secundo.
967 1406 991 1420 »·

716 1476 804 1509 Rieti,
822 1475 854 1502 28
870 1476 938 1502 aout
955 1475 1030 1502 1289.

139 1542 178 1572 In
195 1551 222 1572 e.
237 1551 280 1571 m.
296 1541 427 1577 eisdem,
441 1549 497 1579 pro
509 1539 640 1570 ecclesia
656 1539 694 1569 de
710 1538 882 1575 Geravilla,
899 1538 934 1567 iu
951 1537 1104 1567 suburbio

101 1595 295 1625 Albimontis
316 1593 436 1632 posita,
460 1592 621 1622 Tullensis
644 1592 814 1627 dioecesis,
841 1592 885 1621 eis
912 1600 930 1620 a
952 1590 1001 1627 C.,
1023 1590 1105 1629 epis—

101 1657 176 1688 copo
192 1647 353 1684 Tullensi,
372 1655 530 1677 concessa.
551 1647 622 1676 Dat.
640 1647 749 1679 Reate,
768 1656 787 1675 v
802 1645 956 1675 kalendas
972 1648 1105 1683 septem-

101 1702 181 1735 bris.
198 1710 283 1732 auno
300 1700 450 1731 secundo.

177 1889 292 1918 1285
718 1887 805 1920 Rieti,
825 1885 857 1913 18
873 1887 940 1913 aont
957 1886 1033 1914 1289.

138 1952 346 1979 Immunitates.
367 1951 447 1984 (Rae.
467 1951 515 1981 44,
533 1959 558 1977 0.
576 1950 636 1981 4-20,
653 1950 673 1976 f.
691 1949 739 1977 201
757 1956 798 1981 r⁰;
822 1949 926 1977 Porrn.
944 1949 1052 1982 23046.)

146 2077 165 2084 ..
198 2055 343 2084 abbatisse
371 2060 396 2083 et
426 2053 587 2083 conventui
613 2053 790 2082 monasterii
814 2053 922 2082 Sancte
950 2053 1044 2082 ,11ονἰο
1073 2053 1107 2081 de

105 2108 198 2138 Monte
219 2109 328 2138 Lucido
349 2108 505 2142 Perusini,
529 2107 650 2136 ordinis
665 2106 771 2136 Sancte
788 2106 886 2143 Clare,
905 2106 1049 2135 concedit
1067 2114 1108 2135 ne

105 2166 230 2200 propter
251 2161 395 2191 redditus
415 2165 469 2190 aut
493 2161 575 2190 bona
596 2168 653 2189 sua
676 2159 842 2198 quidpiam
863 2159 961 2189 3110111
987 2159 1108 2189 solvere

107 2219 284 2245 teneantur.

146 2280 161 2295 «
178 2268 327 2298 Personis
344 2276 405 2306 que
428 2266 586 2297 mundo...
613 2283 651 2287 —
671 2266 741 2295 Dat.
760 2266 874 2302 Reate,
896 2275 935 2295 xv
956 2265 1109 2295 kalendas

107 2322 310 2360 septembris,
328 2330 413 2351 anno
429 2321 578 2350 secundo.
598 2333 610 2347 n

181 2509 422 2539 1288-1282
725 2507 811 2540 Rieti,
828 2507 860 2534 ‘27
877 2508 944 2533 aout
961 2507 1037 2534 1289.

144 2571 350 2606 Indulgentiae.
372 2571 453 2603 (Res.
470 2570 518 2604 44,
535 2578 560 2596 c.
578 2570 645 2603 421,
660 2569 682 2596 f.
697 2569 745 2596 ‘201
764 2571 811 2602 r0.)

152 2696 170 2703 ..
191 2673 302 2703 decano
318 2678 343 2702 et
359 2673 492 2710 capitulo
508 2673 625 2702 ecclesie
639 2672 724 2701 Beate
735 2673 828 2702 Μανία
842 2672 1023 2707 Yvodiensis,
1045 2672 1110 2700 Tre-

112 2728 242 2757 verensis
263 2727 396 2755 diocesis.
416 2725 656 2763 Indulgentiam
677 2725 772 2755 unius
789 2725 867 2754 anni
887 2729 916 2755 et
931 2734 968 2754 xi.
986 2725 1112 2754 dierum

113 2779 256 2810 coneedit
278 2779 430 2809 omnibus
458 2788 532 2808 vere
562 2778 796 2816 poenitentibus
823 2782 853 2808 et
878 2779 1028 2808 confessis
1057 2778 1113 2816 qui

115 2832 303 2871 praedictam
328 2831 513 2868 ecclesiam,
540 2831 574 2860 in
596 2831 819 2861 festivitatibus
843 2831 952 2861 beatae
973 2831 1112 2866 Mariae,

113 2889 144 2914 et
158 2894 212 2924 per
229 2889 296 2915 octo
315 2884 383 2914 dies
399 2888 578 2922 sequentes,
597 2892 720 2913 necnon
737 2887 766 2912 et
782 2884 816 2912 in
829 2884 1050 2913 anniversario
1062 2883 1114 2912 die

116 2937 324 2968 dedicationis
340 2937 482 2976 ejusdem
499 2937 650 2966 ecclesiae
664 2960 670 2970 ,
688 2937 899 2966 visitaverint,

157 3003 171 3017 «
190 2991 270 3021 Loca
285 2995 466 3020 sanctorum
481 2990 664 3019 omnium...
686 3007 723 3010 —
741 2990 810 3018 Dat.
830 2990 938 3026 Reate,
953 2999 984 3019 vt
1002 2989 1115 3019 kalen-

116 3043 171 3072 das
186 3043 390 3082 septembris,
407 3051 492 3072 anno
508 3042 657 3072 secundo.
679 3054 691 3068 »

1796 435 1883 467 Rieti,
1900 436 1932 462 16
1948 437 2015 463 30111
2031 437 2108 464 1289.

1219 497 1259 526 In
1275 506 1302 527 e.
1321 506 1365 527 m.
1381 520 1401 527 ..
1418 498 1518 536 priori
1533 503 1563 528 et
1574 498 1712 537 capitulo
1727 498 1897 528 saecularis
1909 498 2061 528 ecclesiae
2072 499 2180 529 Sancti

1183 549 1349 579 Benedicti
1359 550 1396 579 de
1409 549 1580 588 Guarcino,
1594 551 1758 581 Alatrinae
1766 551 1931 581 dioecesis.
1942 551 2180 589 Indulgentiam

1181 607 1310 633 centum
1329 603 1454 633 dierum
1471 605 1615 634 concedit
1629 605 1673 634 eis
1689 605 1745 643 qui
1760 604 1843 634 hanc
1861 604 2039 642 ecclesiam,
2059 605 2093 634 in
2114 605 2181 635 sin-

1183 655 1269 693 gulis
1285 655 1509 686 festivitatibus
1531 657 1561 687 S.
1584 657 1750 687 Benedicti
1773 661 1802 687 et
1824 662 1950 687 sanctae
1972 658 2179 694 Scolasticae,

1182 712 1212 738 et
1241 718 1296 747 per
1321 712 1388 738 octo
1415 709 1481 738 dies
1507 714 1691 748 sequentes,
1718 711 1929 740 visitaverint.
1959 711 2031 741 Dat.
2061 712 2160 742 Reate
2173 735 2180 748 ,

1182 770 1245 790 xvn
1261 760 1415 791 kalendas
1431 762 1632 800 septembris,
1653 771 1738 801 anno
1753 763 1891 793 secundo
1906 763 1965 802 (En
1980 763 2106 802 mame).

1259 933 1280 960 1
1291 933 1377 961 288
1805 934 1889 965 Rieti,
1905 934 1938 960 27
1954 936 2021 961 aont
2039 935 2113 962 1289.

1219 994 1427 1029 Indulgentiae.
1444 994 1526 1027 (Rm.
1545 994 1592 1026 44,
1609 1003 1634 1021 c.
1653 995 1731 1027 4212,
1747 995 1767 1021 f.
1785 995 1832 1021 201
1850 996 1897 1028 ro.)

1226 1117 1247 1126 ,.
1265 1097 1408 1125 abbatisse
1431 1101 1457 1125 et
1479 1097 1640 1125 conventui
1662 1097 1840 1125 monasterii
1857 1096 1962 1126 Sancte
1982 1097 2136 1126 scolastice
2154 1098 2186 1126 cle

1187 1149 1368 1186 Guiyniaeo,
1396 1150 1515 1178 ordinis
1538 1149 1642 1178 Sancti
1661 1149 1824 1185 Benedicti,
1849 1151 2032 1179 Treverensis
2055 1151 2184 1179 diocesis.

1185 1201 1426 1239 Indulgentiam
1442 1201 1540 1230 0111115
1553 1201 1632 1231 anni
1649 1205 1678 1231 et
1690 1210 1727 1230 xi.
1745 1201 1870 1231 dierum
1884 1203 2186 1232 conceditomnibus

1185 1264 1258 1285 vere
1282 1255 1516 1293 poenitentibus
1543 1259 1572 1284 et
1592 1255 1743 1284 confessis
1765 1255 1821 1294 qui
1846 1255 2011 1285 ecclesiam
2036 1256 2187 1294 praedicti

1186 1309 1394 1344 monasterii,
1424 1308 1459 1337 in
1487 1308 1710 1338 festivitatibus
1733 1308 1868 1338 Sanctae
1892 1308 2002 1338 Crucis
2027 1314 2055 1338 et
2079 1309 2188 1339 beatae

1186 1361 1375 1392 Scolasticae
1389 1384 1396 1398 ‚
1417 1366 1446 1391 et
1463 1371 1518 1400 per
1532 1367 1600 1391 octo
1616 1361 1683 1391 dies
1699 1366 1884 1400 sequentes,
1902 1362 2111 1392 visitaverint.

1229 1428 1241 1442 α
1261 1416 1342 1446 Cum
1358 1415 1397 1445 ad
1416 1415 1663 1454 promerenda...
1678 1432 1716 1436 —-
1730 1415 1801 1445 Dat.
1819 1419 1853 1445 ut
1869 1424 1973 1454 supra.
1994 1427 2007 1442 >³

1262 1604 1280 1630 Ι
1288 1603 1389 1631 289-
1398 1604 1418 1630 1
1425 1603 1511 1630 296

1223 1665 1430 1700 Indulgentiae.
1447 1665 1529 1699 (Res.
1547 1665 1593 1696 44,
1611 1673 1636 1691 0.
1655 1664 1715 1695 422,
1733 1664 1751 1690 f.
1771 1664 1817 1690 201
1835 1665 1882 1696 ro.)

1725 1601 1812 1633 Rieti,
1830 1601 1844 1627 -2
1861 1601 2022 1635 septembre
2040 1601 2115 1628 1289.

1232 1768 1383 1797 Universis
1406 1767 1520 1796 Christi
1540 1768 1676 1804 fidelibus
1694 1770 1840 1805 presentes
1864 1767 1978 1795 litteras
2000 1765 2189 1802 inspecturis.

1188 1821 1429 1860 Indulgentiam
1448 1821 1544 1850 unius
1556 1820 1634 1850 anni
1651 1824 1682 1849 et
1695 1829 1732 1849 xi.
1750 1820 1876 1849 dierum
1888 1818 2031 1849 concedit
2042 1817 2193 1847 omnibus

1189 1883 1263 1905 vere
1279 1874 1515 1913 poenitentibus
1532 1878 1561 1903 et
1581 1873 1735 1903 confessis
1751 1872 1808 1911 qni
1825 1872 1990 1902 ecclesiam
2007 1871 2114 1901 Sancti
2133 1870 2192 1898 Ni-

1189 1927 1268 1958 colai
1296 1927 1527 1965 Nigellensem,
1559 1926 1787 1956 Noviomensis
1812 1925 1982 1961 dioecesis,
2006 1925 2040 1953 in
2067 1927 2192 1952 sanctae

1189 1982 1324 2020 Agnetis
1340 1981 1582 2017 festivitatibus,
1601 1984 1631 2010 et
1646 1989 1701 2018 per
1713 1983 1781 2009 octo
1797 1979 1864 2009 dies
1879 1982 2064 2017 sequentes,
2085 1976 2191 2006 visita-

1189 2034 1306 2064 verint.

1232 2100 1245 2115 «
1271 2088 1344 2118 Vite
1365 2087 1546 2126 perempnis
1570 2086 1709 2124 gloria...
1737 2102 1776 2108 —
1798 2085 1871 2115 Dat.
1894 2085 2006 2120 Reate,
2033 2093 2077 2112 nn
2096 2091 2196 2112 nonas

1191 2141 1395 2180 septembris,
1413 2148 1498 2170 anno
1514 2140 1663 2170 secundo.
1688 2152 1700 2165 1>

1813 2218 1900 2249 Rieti,
1920 2219 1950 2244 15
1966 2218 2033 2243 30111
2049 2216 2124 2243 1289.

1232 2285 1272 2314 In
1287 2293 1313 2313 e.
1329 2293 1373 2314 111.
1393 2283 1523 2313 eisdem.
1543 2281 1783 2319 Indulgentiam
1800 2285 1928 2310 centum
1945 2280 2071 2309 dierum
2087 2286 2195 2308 conce-

1193 2338 1239 2368 dit
1257 2338 1302 2367 eis
1319 2337 1374 2376 qui
1396 2336 1561 2366 ecclesiam
1583 2335 1691 2364 Sancti
1712 2333 1867 2372 Stephani
1883 2333 1920 2362 de
1942 2331 2069 2370 Capella
2088 2331 2195 2360 subtus

1193 2390 1398 2426 Charlatum,
1418 2387 1689 2419 Claromontensis
1707 2386 1877 2422 dioecesis,
1895 2386 1929 2415 in
1949 2383 2084 2421 singulis
2102 2382 2193 2412 festi-

1193 2445 1343 2474 vitatibus
1358 2443 1458 2472 sancti
1475 2441 1647 2480 Stephani,
1665 2445 1694 2470 et
1710 2449 1764 2478 per
1778 2444 1845 2470 octo
1861 2439 1927 2469 dies
1943 2442 2128 2477 sequentes,
2147 2436 2193 2464 vi-

1194 2498 1370 2528 sitaverint.
1391 2496 1463 2525 Dat.
1481 2496 1598 2531 Reate,
1617 2503 1695 2524 xvnt
1718 2493 1870 2523 kalendas
1887 2491 2090 2530 septembris,
2110 2497 2194 2518 anno

1196 2551 1335 2582 secundo
1352 2550 1409 2589 (En
1426 2548 1552 2587 marye).

1809 2625 1898 2655 Ricti,
1916 2625 1947 2650 v13
1963 2624 2030 2650 aout
2050 2622 2124 2649 1289.

1234 2695 1272 2724 In
1296 2702 1322 2723 e.
1348 2702 1389 2721 m.
1414 2691 1544 2721 eisdem.
1566 2689 1707 2719 Eandem
1727 2687 1962 2725 indulgentiam
1985 2684 2132 2715 concedit
2151 2684 2196 2713 eis

1196 2748 1250 2786 qui
1273 2745 1438 2776 ecclesiam
1460 2744 1569 2773 Sancti
1584 2742 1716 2771 Genesii
1732 2740 2038 2773 Claromontensem,
2056 2738 2091 2766 in
2110 2737 2195 2766 festi-

1196 2800 1345 2831 vitatibus
1359 2797 1501 2836 ejusdem
1518 2796 1631 2831 sancti,
1650 2794 1858 2823 visitaverint.
1876 2792 1946 2821 Dat.
1964 2792 2074 2821 Reate.
2092 2790 2197 2820 idibus

1196 2853 1320 2891 augusti
1335 2876 1340 2887 ,
1360 2859 1445 2880 311110
1462 2848 1599 2879 secundo
1614 2847 1731 2886 (Ibat).

1809 2913 1894 2945 Rieti,
1917 2912 1946 2938 13
1962 2912 2028 2938 aosit
2051 2911 2124 2937 1289.

1239 2985 1367 3013 1110111.
1381 2980 1510 3010 eisdem.
1527 2976 1763 3015 Indulgentiam
1776 2976 1870 3006 unius
1884 2975 1962 3005 anni
1978 2980 2008 3005 et
2020 2985 2056 3004 XL
2071 2974 2197 3004 dierum

1198 3035 1341 3068 concedit
1364 3034 1410 3063 eis
1434 3033 1487 3071 qni
1513 3031 1676 3061 ecclesiam
1699 3030 1888 3060 Sanctorum
1904 3028 2058 3059 Germani
2076 3032 2105 3057 et
2124 3027 2196 3056 Bal-
