2342 3652
907 357 1134 406 nnUXIEMn
1156 351 1313 392 ANNnn.

65 435 142 466 dicti
159 434 363 471 monasterii,
380 442 416 463 ac
431 433 600 471 magistros
622 432 807 462 Geraudum
826 435 857 461 et
876 430 1012 469 Helyam
1030 430 1068 460 de

65 489 258 520 Malomonte
270 510 278 524 ‚
296 487 477 526 capellanos
490 490 613 517 nostros
627 511 634 524 ,
651 486 762 515 fratres
778 485 880 524 ipsius
897 483 1066 520 Bernardi,

67 551 160 581 super
183 550 219 572 eo
242 541 326 579 quod
349 541 452 570 dictus
477 540 641 578 episcopus
661 539 808 568 abbatem
826 538 933 576 ipsum
950 546 968 566 a
986 537 1068 574 regi-

65 595 152 626 mine
177 594 301 624 abbatie
332 593 410 623 dicti
438 591 643 627 monasterii,
675 591 818 630 episcopo
844 590 1004 628 predicto,
1037 593 1071 618 ut

67 647 178 678 asserit
191 646 277 684 ipse,
298 645 448 683 sth'ecti,
468 653 505 673 ex
522 643 616 673 certis
637 642 762 678 causis,
783 643 969 672 auctoritate
984 641 1069 672 ordi-

67 700 175 739 naria,
198 699 376 736 amovisse3
402 706 438 727 ac
463 697 550 726 idem
582 695 767 725 Bernardus
794 699 919 734 propter
950 695 1007 724 hoc
1031 695 1071 724 ad

68 753 218 785 dilectum
235 751 340 781 filium
357 755 501 781 nostrum
517 750 562 787 J.‚
581 748 663 778 tituli
680 748 794 778 Sancte
810 748 927 778 Cecilie
943 748 1071 787 presby-

68 811 171 837 terum
188 804 400 840 cardinalem,
421 808 495 833 tunc
517 803 549 832 in
573 802 639 832 illis
662 802 805 840 partibus
825 800 965 839 legatum
989 801 1072 830 sedis

27 886 30 891 .
68 859 260 900 apostolice,'
276 858 452 897 appellasse
466 868 472 893 3
493 856 635 895 dictique
653 855 835 886 Bernardus
851 859 880 884 et
896 859 1072 884 conventus

68 913 271 944 medietatem
298 911 393 941 castri
416 915 445 940 et
466 909 651 940 castellanie
676 909 714 938 de
736 907 909 944 Burdelia,
934 907 1073 946 predicte

68 965 222 1002 diocesis,
247 965 286 994 ad
312 963 542 994 monasterium
568 963 675 1001 ipsum
702 961 930 1000 spectantium,
954 961 1073 999 absque

68 1019 212 1058 legitimo
227 1026 384 1048 consensu
401 1017 559 1047 dictorum
577 1015 691 1054 prioris
712 1019 742 1044 et
757 1018 949 1050 conventus,
969 1014 1023 1052 qui
1039 1014 1073 1043 in

68 1073 127 1103 hoc
139 1071 177 1101 de
187 1071 260 1110 jure
272 1071 468 1100 intervenire
480 1069 613 1099 debebat
625 1093 630 1105 ,
647 1068 752 1098 eidem
763 1067 916 1105 magistro
926 1066 1074 1097 Geraudo

69 1124 286 1156 reinreudasse
310 1123 428 1153 dicitnr
443 1134 450 1159 3
471 1122 619 1161 quodque
647 1121 814 1160 episcopus
841 1124 871 1150 et
899 1119 1075 1159 capitulum

69 1177 182 1218 prefati
197 1177 302 1208 eidem
318 1177 469 1214 magistro
488 1166 592 1214 HelYe
603 1198 611 1212 ,
628 1183 725 1214 quem
742 1174 844 1204 dictus
862 1174 1001 1212 legatus,
1019 1183 1075 1203 sue

69 1231 237 1271 legationis
266 1231 466 1265 auctoritate,
500 1230 534 1259 in
564 1228 860 1267 Petragoricensem
890 1227 1073 1261 ecclesiam,

70 1285 125 1317 ubi
151 1284 382 1315 canonicorum
408 1283 546 1322 receptio
573 1282 613 1312 ad
637 1282 819 1321 episcopum
846 1285 876 1311 et
900 1280 1077 1320 capitulum

71 1338 205 1379 prefatos
217 1361 224 1374 ,
241 1341 277 1367 ut
294 1337 412 1367 dicitur
423 1360 431 1373 ‚
450 1336 666 1367 communiter
680 1338 814 1375 spectat,
834 1339 865 1364 et
880 1334 915 1363 in
933 1343 996 1373 qua
1012 1343 1078 1364 non

72 1396 118 1423 est
131 1392 294 1422 distinctio
316 1391 570 1429 prebendarum,
597 1390 806 1419 mandaverat
828 1389 954 1418 admitti
970 1389 1004 1418 in
1027 1397 1079 1418 ca-

71 1445 240 1481 nonicum,
257 1449 288 1474 et
304 1445 367 1474 sibi
382 1445 421 1474 de
436 1444 596 1483 prebenda
611 1443 694 1473 inibi
709 1443 888 1482 provideri,
911 1452 1005 1481 super
1027 1451 1079 1471 re-

74 1499 218 1538 ceptione
228 1507 265 1528 ac
277 1498 461 1538 provisione
476 1497 662 1537 hujusmodi
675 1506 708 1526 se
721 1500 901 1536 opponunt,
919 1496 958 1526 ad
972 1496 1080 1526 sedem

75 1553 279 1591 apostolicam
291 1557 416 1591 propter
428 1551 487 1581 hoc
497 1551 676 1590 predictum
684 1550 860 1589 capitulum
870 1550 1078 1589 appellantes,

75 1604 157 1635 dicto
172 1605 337 1635 Bernardo
352 1629 358 1642 ,
375 1605 430 1643 qui
452 1613 508 1643 pro
525 1604 635 1634 abbate
660 1613 693 1634 se
710 1604 793 1641 gerit
810 1604 998 1634 monasterii,
1010 1612 1080 1632 me-

75 1658 210 1695 morati,
233 1667 270 1688 ac
286 1658 461 1697 capellanis
479 1658 607 1696 prefatis
630 1657 826 1687 contrarium
847 1657 1079 1693 asserentibus,

75 1719 169 1749 snper
184 1711 248 1741 hiis
267 1715 298 1741 et
319 1710 394 1741 aliis
419 1711 481 1741 ista
503 1711 708 1748 tangentibus
732 1715 762 1740 et
782 1710 1020 1748 emergentibus
1042 1710 1082 1740 ab

76 1764 206 1800 eisdem,
227 1773 265 1794 ex
280 1764 398 1801 altera,
416 1773 529 1802 graves
545 1769 575 1794 et
600 1764 723 1794 diverse
739 1769 814 1797 sunt
829 1768 934 1794 exorte
948 1764 1082 1793 materie

76 1818 281 1857 questionum
305 1823 335 1848 et
350 1818 500 1848 scandala
517 1819 551 1847 in
572 1818 636 1848 illis
658 1818 801 1857 partibus
825 1808 1082 1848 maxime'snsci-

77 1873 150 1901 tata.
181 1871 246 1901 Nos
281 1871 398 1909 igitur,
437 1880 526 1902 more
558 1872 642 1909 regis
678 1872 816 1910 pacifici,
852 1871 974 1902 domini
997 1872 1021 1901 -J
1027 1881 1082 1901 esu

77 1923 195 1954 Christi
210 1948 216 1961 ,
241 1925 350 1963 cujus,
367 1925 442 1954 licet
463 1925 617 1954 immeriti
631 1949 637 1961 ,
655 1924 741 1954 vices
758 1929 904 1954 tenemus
921 1925 953 1954 in
973 1925 1062 1954 terris
1073 1948 1081 1962 ,

78 1977 231 2016 cujusque
241 1978 391 2007 nativitas
405 1987 513 2016 pacem
524 1978 558 2007 in
571 1977 637 2007 illis
650 1978 765 2017 populo
778 1979 955 2016 nuntiavit,
973 1987 1083 2017 pacem

77 2030 145 2060 dari
161 2031 311 2061 omnibus
327 2031 512 2070 cupientes,
541 2031 616 2066 tibi,
638 2040 735 2069 quem
759 2031 921 2061 credimus
946 2032 1032 2070 pacis
1055 2036 1085 2061 et

78 2083 244 2114 concordie
268 2084 458 2121 zelatorem,
483 2094 538 2123 per
562 2084 732 2123 apostolica
756 2085 869 2123 scripta
893 2085 1085 2114 mandamus

79 2141 236 2176 quatenus
247 2161 254 2174 ,
271 2137 311 2167 ad
326 2138 431 2176 ipsum
448 2138 554 2167 Deum
568 2138 695 2176 erigens
713 2143 855 2168 mentem
871 2143 975 2175 tuam,
993 2147 1085 2168 voca-

78 2190 118 2220 tis
132 2191 188 2228 qni
204 2190 324 2220 suerint
339 2191 494 2221 evocandi
509 2215 515 2228 ,
532 2195 637 2230 partes
653 2191 748 2230 ipsas,
763 2192 854 2230 juxta
869 2192 1011 2222 infusam
1027 2192 1085 2222 tibi

80 2244 215 2282 gratiam
232 2243 272 2274 de
290 2244 423 2274 excelsis
439 2268 446 2280 ,
463 2244 502 2273 ad
520 2244 724 2275 concordiam
742 2244 914 2283 diligenter
931 2245 1085 2281 inducas,

80 2305 116 2326 ac
130 2305 241 2327 omnes
258 2297 446 2336 hujusmodi
463 2298 646 2336 questiones
662 2302 692 2327 et
710 2298 855 2336 singulas
871 2299 1086 2337 dependentes

81 2350 120 2380 ab
135 2350 180 2380 eis
205 2353 234 2380 et
253 2349 325 2380 illas
352 2354 539 2389 tangentes,
560 2351 734 2390 opitulante
753 2352 810 2382 tibi
833 2352 943 2382 divina
967 2353 1085 2390 gratia,

81 2412 136 2442 per
151 2403 329 2433 amicabilis
345 2404 432 2442 pacis
448 2408 479 2434 et
501 2404 740 2443 compositionis
764 2409 930 2435 tractatum
950 2410 980 2435 et
1000 2405 1087 2436 ordi-

83 2455 247 2486 nationem
263 2456 390 2486 studeas
408 2457 591 2488 terminare.
609 2457 700 2493 Quod
721 2458 747 2487 si
767 2458 847 2488 sorte
869 2458 904 2487 in
920 2458 984 2488 hiis
1005 2467 1087 2488 com-

46 2528 49 2532 ·
82 2509 274 2547 positionem
294 2513 324 2539 et
345 2509 581 2540 ordinationem
596 2510 782 2540 amicabiles
797 2511 967 2549 provenire
982 2512 1088 2542 conti-

83 2561 179 2599 gerit,
203 2571 277 2601 eas,
303 2567 471 2601 postquam
497 2572 515 2593 a
539 2563 681 2602 partibus
703 2564 824 2594 suerint
849 2569 1023 2604 acceptato,
1048 2574 1088 2594 ne

85 2616 268 2654 questiones
284 2617 352 2655 ipse
369 2617 404 2646 in
421 2617 561 2646 recidive
576 2618 789 2648 contentionis
805 2618 991 2657 scrupulum
1006 2617 1088 2648 rela-

85 2668 218 2706 bantur,
249 2671 433 2700 auctoritate
463 2674 572 2700 nostra
599 2671 790 2701 confirmare
822 2680 983 2710 procures.
1014 2672 1086 2701 Dat.

85 2721 182 2753 Reate
193 2747 200 2760 ‚
216 2733 261 2753 vn
276 2723 349 2754 idus
367 2724 570 2763 septembris,
586 2733 672 2755 anuo
685 2724 835 2755 secundo.
854 2737 868 2752 ι)

160 2836 407 2866 1325-1328
681 2838 768 2869 stimi,
785 2838 817 2865 23
831 2838 927 2873 juillet
940 2838 1017 2866 1289.

123 2896 259 2926 Nicotaus
280 2901 455 2927 monasterio
475 2900 575 2927 Sancti
597 2900 675 2927 Petri
690 2900 842 2935 Eugubino
857 2901 946 2928 abbas
962 2901 1091 2936 praefici-

87 2947 144 2972 tur.
161 2946 243 2979 (Rae.
260 2949 303 2980 44,
321 2956 347 2975 c.
365 2949 425 2983 443,
443 2949 461 2975 f.
481 2948 531 2975 2105
547 2951 594 2982 νῦ.)

127 3040 260 3076 Nicoma,
290 3040 391 3070 abbati
417 3037 594 3068 monasterii
617 3037 722 3067 Sancti
749 3038 830 3067 Petri
854 3038 1022 3076 Euaubint,
1052 3038 1091 3067 aa

2097 364 2156 394 269

1151 437 1313 458 romanam
1329 429 1480 458 ecclesiam
1497 431 1580 459 nullo
1597 431 1694 459 medio
1712 431 1908 468 pertinentis,
1929 430 2045 459 ordinis
2060 430 2091 460 S.
2105 431 2152 460 Be-

1151 481 1274 511 nedicti.
1295 481 1434 511 Vacante
1451 483 1643 512 monasterio
1661 483 1770 513 Sancti
1789 482 1876 512 Petri
1893 482 2078 520 Eugubino,
2100 492 2155 521 per

1152 539 1288 562 mortem
1304 534 1430 568 Jacobi,
1450 535 1531 564 dnae
1547 535 1719 565 electiones
1733 560 1738 572 ,
1759 535 1858 565 altera
1873 534 1912 564 de
1929 534 2079 565 Johanne
2096 536 2156 565 Bo-

1154 587 1283 616 nacursi
1297 610 1305 623 ,
1324 586 1422 616 altera
1438 588 1476 616 de
1490 588 1608 618 Jacobo
1626 587 1803 626 Compagni
1819 588 1995 618 celebratae
2015 588 2154 625 fuerunt,

1153 638 1281 669 bivero
1306 639 1414 676 electi,
1443 645 1511 679 post
1530 640 1775 679 appellationem
1802 641 1841 671 ad
1866 645 2007 671 sanctam
2029 641 2156 681 sedem,

1154 700 1249 721 omne
1261 693 1322 729 jus,
1342 693 1369 722 si
1391 693 1475 731 qnod
1492 693 1555 722 sibi
1573 703 1608 722 ex
1625 693 1833 724 electionibus
1853 694 2058 732 competebat,
2076 694 2157 724 resi-

1154 750 1305 782 gnarunt.
1332 746 1536 776 Postmodum
1562 755 1641 785 papa
1663 747 1767 776 eidem
1794 748 1986 777 monasterio
2011 748 2158 777 abbatem

1156 799 1350 833 Barnabam,
1365 799 1560 829 monachum
1578 800 1765 829 monasterii
1782 800 1997 836 Sublacensis,
2016 805 2090 830 tunc
2105 801 2160 830 ab-

1156 855 1280 881 sentem
1307 852 1475 890 praefecit,
1506 852 1558 881 hic
1580 860 1655 881 vero
1681 852 1756 881 huic
1782 853 1957 891 provisioni
1977 853 2159 883 consentire

1156 904 1274 939 noluit,
1295 913 1393 942 quare
1412 913 1497 933 nunc
1518 913 1596 942 papa
1612 904 1799 939 Nicolaum,
1818 905 2013 935 monachum
2030 914 2159 935 monas—

1158 957 1230 986 terii
1259 957 1368 987 Sancti
1397 957 1560 986 Benedicti
1590 957 1628 986 de
1658 957 1765 986 Monte
1791 957 1897 992 Fano,
1921 957 2161 987 Camerinensis

1157 1009 1310 1040 dioecesis
1321 1033 1329 1046 ‚
1346 1009 1540 1039 monasterio
1556 1009 1665 1039 Sancti
1682 1009 1770 1038 Petri
1789 1009 1934 1039 abbatem
1952 1010 2106 1047 praeficit.

1200 1075 1214 1090 «
1247 1063 1333 1093 Licet
1361 1067 1550 1093 cunctarum
1582 1062 1825 1092 ecclesiarum...
1860 1079 1900 1085 —
1932 1063 2004 1092 Dat.

1157 1126 1176 1146 x
1192 1116 1345 1146 kalendas
1361 1116 1502 1153 augusti,
1519 1124 1604 1145 anno
1620 1116 1770 1146 secundo.
1788 1128 1799 1142 1>

1200 1171 1238 1199 ln
1255 1179 1282 1199 e.
1300 1179 1344 1200 m.
1364 1169 1536 1199 conventui
1561 1164 1745 1199 monasterii
1762 1169 1870 1199 Sancti
1895 1169 1983 1199 Petri
2000 1168 2164 1207 Engnbini

1158 1223 1290 1253 mandat
1301 1227 1335 1252 ut
1345 1222 1504 1261 praedicto
1517 1222 1622 1252 abbati
1632 1222 1771 1252 debitam
1780 1214 2162 1261 reverentiampraebeat.

2046 1063 2160 1098 Reate,

1236 1397 1483 1425 laza-1328
1756 1395 1843 1428 Rieti,
1861 1395 1892 1422 23
1904 1396 1998 1430 juillet
2015 1395 2092 1422 1289.

1197 1446 1342 1473 Bonasius
1364 1446 1538 1473 monasterio
1565 1446 1663 1473 Sancti
1687 1445 1836 1472 Eustachii
1860 1445 1894 1471 de

1161 1495 1335 1531 praeficitur.
1354 1495 1438 1528 (Rea.
1459 1496 1500 1526 44,
1518 1503 1543 1521 c.
1562 1495 1622 1526 444,
1641 1495 1660 1521 s.
1677 1495 1727 1521 ‘2023
1747 1495 1795 1527 νο.)

1923 1444 2054 1471 Nervisia
2078 1444 2166 1470 abbas

1202 1598 1346 1633 Bonasio,
1361 1598 1460 1626 abbati.
1482 1596 1658 1626 monasterii
1678 1596 1782 1625 Sancti
1797 1596 1953 1625 Eustachii
1969 1596 2002 1623 de
2016 1595 2164 1627 Nervisia,

1164 1652 1203 1680 ad
1231 1660 1392 1680 romanam
1420 1651 1571 1679 ecelesiam
1595 1650 1680 1678 nullo
1702 1649 1798 1678 medio
1825 1649 2021 1686 pertinentis,
2050 1647 2168 1676 ordinis

1164 1704 1194 1734 S.
1211 1705 1382 1739 Benedicti,
1405 1704 1558 1733 Terrz'sizze
1577 1703 1707 1731 diocesis.
1730 1702 1823 1739 Ejus,
1852 1709 1916 1731 non
1944 1701 2086 1730 obstante
2111 1699 2166 1728 de—

1163 1758 1247 1788 fectu
1261 1766 1357 1796 quem
1374 1757 1408 1785 in
1424 1760 1524 1786 aetate
1539 1756 1673 1794 patitur,
1699 1755 1806 1784 minor
1828 1754 1943 1791 viginti
1969 1757 2000 1783 et
2026 1753 2169 1791 quinque

1163 1820 1266 1842 annos
1284 1815 1393 1847 natus,
1419 1809 1607 1840 electionem
1624 1813 1659 1838 ut
1682 1808 1827 1838 abbatem
1848 1807 2036 1837 monasterii
2061 1806 2169 1835 Sancti

1166 1864 1344 1900 Eustachii,
1362 1872 1417 1902 per
1435 1867 1570 1893 mortem
1587 1862 1669 1892 Boni
1683 1861 1824 1891 vacantis
1835 1884 1842 1897 ,
1859 1860 2036 1890 confirmat.

1211 1931 1224 1944 α
1247 1918 1333 1947 Licet
1356 1926 1393 1947 ex
1417 1915 1655 1946 incumbenti...
1676 1931 1716 1938 —
1742 1915 1811 1944 Dat.
1839 1914 1953 1950 Reate,
1975 1923 1993 1943 x
2015 1912 2169 1942 kalendas

1166 1972 1314 2010 augusti,
1330 1979 1416 2001 anno
1431 1969 1580 2000 secundo.
1601 1981 1614 1996 »

1206 2026 1245 2056 In
1273 2034 1299 2054 e.
1329 2033 1372 2054 m.
1400 2023 1573 2054 conventui
1599 2022 1742 2061 eJusdem
1766 2020 1954 2051 monasterii
1980 2019 2110 2049 mandat
2136 2023 2170 2048 ut

1166 2079 1306 2119 praefato
1322 2078 1428 2108 abbati
1440 2077 1579 2107 debitam
1594 2076 1806 2106 reverentiam
1822 2074 1981 2113 praebeat.

1242 2252 1356 2280 1329

1203 2315 1322 2342 Collatio
1337 2314 1479 2340 ordinum.
1497 2312 1579 2346 (Rsc.
1597 2312 1644 2341 44,
1662 2320 1687 2337 c.
1706 2311 1777 2341 4442,
1795 2310 1812 2335 f.
1830 2310 1882 2336 ‘205
1898 2310 1950 2341 νῦ.)

1782 2247 1870 2278 Rieti,
1887 2247 1920 2273 ‘28
1937 2247 2006 2273 aout
2022 2246 2098 2272 1089.

1215 2417 1380 2447 Venerabili
1397 2417 1491 2453 fratri
1518 2437 1537 2444 ..
1559 2415 1690 2452 episcopo
1706 2413 1849 2442 Feltrensi.
1868 2410 1999 2441 mandat
2014 2413 2170 2448 quatenns

1168 2470 1385 2509 supradictum
1403 2467 1591 2503 Bonasium,
1611 2466 1793 2500 diaconum,
1811 2464 1937 2503 quando
1958 2463 1997 2492 ab
2015 2470 2049 2492 eo
2066 2461 2168 2500 requi-

1169 2524 1248 2553 situs
1262 2522 1369 2557 suerit,
1383 2521 1423 2550 ad
1438 2520 1583 2550 ordinem
1600 2518 1824 2548 sacerdotalem
1840 2519 2032 2555 promoveat.

1212 2588 1225 2603 t(
1243 2575 1373 2605 Pridem
1386 2573 1578 2604 monasterio
1594 2571 1702 2601 Sancti
1712 2569 1915 2600 Eustachii...
1927 2585 1964 2590 --
1977 2568 2047 2596 Dat.
2061 2567 2168 2602 Reate,

1170 2640 1190 2660 v
1204 2628 1358 2659 kalendas
1374 2626 1561 2665 septembris
1575 2649 1581 2661 ,
1595 2633 1681 2654 anno
1697 2623 1845 2653 secundo.
1862 2634 1874 2647 ¹>

1245 2813 1360 2843 1330
1802 2807 1893 2837 Rieti,
1909 2807 1924 2833 9
1940 2807 2006 2833 aout
2026 2806 2101 2833 1289.

1208 2876 1390 2912 Dispensatio
1406 2883 1492 2909 super
1508 2873 1620 2899 defectu
1635 2872 1746 2898 aetatis.
1760 2871 1842 2904 (nm.
1857 2870 1902 2900 44,
1918 2878 1944 2896 c.
1959 2869 2019 2902 445,
2030 2869 2048 2896 f.
2062 2868 2111 2896 *206
2124 2871 2169 2899 ro.)

1214 2980 1339 3010 GIlberlo
1360 2979 1393 3007 de
1416 2977 1486 3011 Ver,
1512 2975 1636 3011 clm-sco,
1659 2978 1729 3003 nato
1745 2973 1846 3002 (illecti
1860 2973 1920 3010 filit
1940 2972 2049 3001 nobilis
2074 2972 2133 3000 riri
2150 2992 2169 2999 ..

1173 3033 1287 3065 comicis
1310 3031 1438 3067 Ooeonz'e,
1455 3028 1671 3058 Ltncolniensz's
1688 3027 1821 3056 diocesis.
1843 3025 1923 3055 Cum
1940 3033 1994 3061 eo,
2014 3024 2126 3062 viginti
2144 3028 2174 3053 et
