<?xml version="1.0" encoding="UTF-8"?>
<!DOCTYPE html PUBLIC "-//W3C//DTD XHTML 1.0 Transitional//EN"
    "http://www.w3.org/TR/xhtml1/DTD/xhtml1-transitional.dtd">
<html xmlns="http://www.w3.org/1999/xhtml" xml:lang="en" lang="en">
 <head>
  <title>
</title>
<meta http-equiv="Content-Type" content="text/html;charset=utf-8" />
  <meta name='ocr-system' content='tesseract 3.04.00' />
  <meta name='ocr-capabilities' content='ocr_page ocr_carea ocr_par ocr_line ocrx_word'/>
</head>
<body>
  <div class='ocr_page' id='page_1' title='image "./lesregistresdeni01romeuoft_0340.png"; bbox 0 0 2477 3637; ppageno 0'>
   <div class='ocr_carea' id='block_1_1' title="bbox 248 357 1594 390">
    <p class='ocr_par' dir='ltr' id='par_1_1' title="bbox 248 357 1594 390">
     <span class='ocr_line' id='line_1_1' title="bbox 248 357 1594 390; baseline 0.002 -3"><span class='ocrx_word' id='word_1_1' title='bbox 248 357 306 388; x_wconf 76' lang='lat'>330</span> <span class='ocrx_word' id='word_1_2' title='bbox 998 358 1235 390; x_wconf 79' lang='lat' dir='ltr'>REGISTRES</span> <span class='ocrx_word' id='word_1_3' title='bbox 1256 360 1309 390; x_wconf 85' lang='lat' dir='ltr'>DE</span> <span class='ocrx_word' id='word_1_4' title='bbox 1331 359 1516 390; x_wconf 83' lang='lat' dir='ltr'>NICOLAS</span> <span class='ocrx_word' id='word_1_5' title='bbox 1538 360 1594 390; x_wconf 89' lang='lat' dir='ltr'>lv.</span> 
     </span>
    </p>
   </div>
   <div class='ocr_carea' id='block_1_2' title="bbox 242 422 1252 1421">
    <p class='ocr_par' dir='ltr' id='par_1_2' title="bbox 245 422 1252 781">
     <span class='ocr_line' id='line_1_2' title="bbox 249 422 1252 460; baseline 0.003 -8"><span class='ocrx_word' id='word_1_6' title='bbox 249 424 399 454; x_wconf 89' lang='lat' dir='ltr'>videlicet</span> <span class='ocrx_word' id='word_1_7' title='bbox 415 423 454 452; x_wconf 90' lang='lat' dir='ltr'>de</span> <span class='ocrx_word' id='word_1_8' title='bbox 468 423 603 458; x_wconf 76' lang='lat' dir='ltr'>Jacobo,</span> <span class='ocrx_word' id='word_1_9' title='bbox 631 428 704 451; x_wconf 81' lang='lat' dir='ltr'>tnnc</span> <span class='ocrx_word' id='word_1_10' title='bbox 724 422 949 454; x_wconf 88' lang='lat' dir='ltr'>archidiacono</span> <span class='ocrx_word' id='word_1_11' title='bbox 970 424 1132 460; x_wconf 88' lang='lat' dir='ltr'>Tullensi,</span> <span class='ocrx_word' id='word_1_12' title='bbox 1153 425 1252 455; x_wconf 87' lang='lat' dir='ltr'>altera</span> 
     </span>
     <span class='ocr_line' id='line_1_3' title="bbox 249 476 1252 516; baseline 0.001 -8"><span class='ocrx_word' id='word_1_13' title='bbox 249 478 286 507; x_wconf 90' lang='lat' dir='ltr'>de</span> <span class='ocrx_word' id='word_1_14' title='bbox 296 478 446 508; x_wconf 87' lang='lat' dir='ltr'>Johanne</span> <span class='ocrx_word' id='word_1_15' title='bbox 459 477 496 506; x_wconf 86' lang='lat' dir='ltr'>de</span> <span class='ocrx_word' id='word_1_16' title='bbox 508 478 749 514; x_wconf 79' lang='lat' dir='ltr'>Asperomonte,</span> <span class='ocrx_word' id='word_1_17' title='bbox 761 476 954 507; x_wconf 84' lang='lat' dir='ltr'>Virdunensi</span> <span class='ocrx_word' id='word_1_18' title='bbox 969 479 1133 516; x_wconf 87' lang='lat' dir='ltr'>canonico,</span> <span class='ocrx_word' id='word_1_19' title='bbox 1146 480 1178 509; x_wconf 89' lang='lat' dir='ltr'>in</span> <span class='ocrx_word' id='word_1_20' title='bbox 1189 479 1252 509; x_wconf 90' lang='lat' dir='ltr'>dis-</span> 
     </span>
     <span class='ocr_line' id='line_1_4' title="bbox 248 529 1251 571; baseline 0.002 -10"><span class='ocrx_word' id='word_1_21' title='bbox 248 531 355 561; x_wconf 82' lang='lat' dir='ltr'>cordia</span> <span class='ocrx_word' id='word_1_22' title='bbox 370 530 543 560; x_wconf 70' lang='lat' dir='ltr'>celebratae</span> <span class='ocrx_word' id='word_1_23' title='bbox 559 529 698 558; x_wconf 85' lang='lat' dir='ltr'>suerunt.</span> <span class='ocrx_word' id='word_1_24' title='bbox 719 529 834 559; x_wconf 82' lang='lat' dir='ltr'>Earum</span> <span class='ocrx_word' id='word_1_25' title='bbox 856 539 928 561; x_wconf 89' lang='lat' dir='ltr'>vero</span> <span class='ocrx_word' id='word_1_26' title='bbox 942 531 1134 562; x_wconf 76' lang='lat' dir='ltr'>electionum</span> <span class='ocrx_word' id='word_1_27' title='bbox 1152 541 1251 571; x_wconf 82' lang='lat' dir='ltr'>nego-</span> 
     </span>
     <span class='ocr_line' id='line_1_5' title="bbox 248 582 1248 622; baseline 0.002 -8"><span class='ocrx_word' id='word_1_28' title='bbox 248 585 291 614; x_wconf 90' lang='lat' dir='ltr'>tio</span> <span class='ocrx_word' id='word_1_29' title='bbox 316 584 354 614; x_wconf 87' lang='lat' dir='ltr'>ad</span> <span class='ocrx_word' id='word_1_30' title='bbox 378 583 483 612; x_wconf 80' lang='lat' dir='ltr'>sedem</span> <span class='ocrx_word' id='word_1_31' title='bbox 509 582 714 620; x_wconf 85' lang='lat' dir='ltr'>apostolicam</span> <span class='ocrx_word' id='word_1_32' title='bbox 745 592 798 620; x_wconf 88' lang='lat' dir='ltr'>per</span> <span class='ocrx_word' id='word_1_33' title='bbox 823 583 1067 622; x_wconf 76' lang='lat' dir='ltr'>appellationem</span> <span class='ocrx_word' id='word_1_34' title='bbox 1093 585 1248 621; x_wconf 78' lang='lat' dir='ltr'>devoluto,</span> 
     </span>
     <span class='ocr_line' id='line_1_6' title="bbox 248 635 1248 675; baseline 0.002 -9"><span class='ocrx_word' id='word_1_35' title='bbox 248 642 379 675; x_wconf 80' lang='lat' dir='ltr'>uterque</span> <span class='ocrx_word' id='word_1_36' title='bbox 394 635 566 665; x_wconf 89' lang='lat' dir='ltr'>electorum</span> <span class='ocrx_word' id='word_1_37' title='bbox 581 635 669 665; x_wconf 86' lang='lat' dir='ltr'>omni</span> <span class='ocrx_word' id='word_1_38' title='bbox 681 635 749 673; x_wconf 89' lang='lat' dir='ltr'>juri</span> <span class='ocrx_word' id='word_1_39' title='bbox 763 636 823 666; x_wconf 86' lang='lat' dir='ltr'>sibi</span> <span class='ocrx_word' id='word_1_40' title='bbox 834 638 1024 675; x_wconf 74' lang='lat' dir='ltr'><strong>competenti</strong></span> <span class='ocrx_word' id='word_1_41' title='bbox 1036 639 1248 675; x_wconf 82' lang='lat' dir='ltr'>renuntiavit;</span> 
     </span>
     <span class='ocr_line' id='line_1_7' title="bbox 246 688 1251 730; baseline 0.002 -11"><span class='ocrx_word' id='word_1_42' title='bbox 246 689 331 719; x_wconf 88' lang='lat' dir='ltr'>unde</span> <span class='ocrx_word' id='word_1_43' title='bbox 348 697 426 727; x_wconf 87' lang='lat' dir='ltr'>papa</span> <span class='ocrx_word' id='word_1_44' title='bbox 445 688 581 718; x_wconf 90' lang='lat' dir='ltr'>eundem</span> <span class='ocrx_word' id='word_1_45' title='bbox 601 688 759 718; x_wconf 86' lang='lat' dir='ltr'>Jacobum</span> <span class='ocrx_word' id='word_1_46' title='bbox 775 689 925 719; x_wconf 85' lang='lat' dir='ltr'>ecclesiae</span> <span class='ocrx_word' id='word_1_47' title='bbox 946 690 1144 721; x_wconf 86' lang='lat' dir='ltr'>Virdunensi</span> <span class='ocrx_word' id='word_1_48' title='bbox 1166 691 1251 730; x_wconf 90' lang='lat' dir='ltr'>epis-</span> 
     </span>
     <span class='ocr_line' id='line_1_8' title="bbox 245 741 524 781; baseline -0.007 -9"><span class='ocrx_word' id='word_1_49' title='bbox 245 751 357 781; x_wconf 90' lang='lat' dir='ltr'>copum</span> <span class='ocrx_word' id='word_1_50' title='bbox 373 741 524 780; x_wconf 83' lang='lat' dir='ltr'>praeficit.</span> 
     </span>
    </p>

    <p class='ocr_par' dir='ltr' id='par_1_3' title="bbox 246 795 1250 887">
     <span class='ocr_line' id='line_1_9' title="bbox 286 795 1250 837; baseline 0.005 -14"><span class='ocrx_word' id='word_1_51' title='bbox 286 808 298 823; x_wconf 69' lang='grc' dir='ltr'>ι</span> <span class='ocrx_word' id='word_1_52' title='bbox 326 795 471 826; x_wconf 79' lang='lat' dir='ltr'>Rationis</span> <span class='ocrx_word' id='word_1_53' title='bbox 493 795 595 826; x_wconf 88' lang='lat' dir='ltr'>oculis</span> <span class='ocrx_word' id='word_1_54' title='bbox 618 800 684 826; x_wconf 86' lang='lat' dir='ltr'>et...</span> <span class='ocrx_word' id='word_1_55' title='bbox 710 813 750 819; x_wconf 89' lang='lat'><strong>—</strong></span> <span class='ocrx_word' id='word_1_56' title='bbox 778 797 847 828; x_wconf 78' lang='lat' dir='ltr'>Dat.</span> <span class='ocrx_word' id='word_1_57' title='bbox 871 798 981 834; x_wconf 77' lang='lat' dir='ltr'>Rome,</span> <span class='ocrx_word' id='word_1_58' title='bbox 999 798 1082 837; x_wconf 89' lang='lat' dir='ltr'>apud</span> <span class='ocrx_word' id='word_1_59' title='bbox 1100 799 1250 829; x_wconf 84' lang='lat' dir='ltr'>Sanctam</span> 
     </span>
     <span class='ocr_line' id='line_1_10' title="bbox 246 849 1209 887; baseline 0.001 -9"><span class='ocrx_word' id='word_1_60' title='bbox 246 850 380 879; x_wconf 84' lang='lat' dir='ltr'>Mariam</span> <span class='ocrx_word' id='word_1_61' title='bbox 399 849 571 887; x_wconf 70' lang='lat' dir='ltr'>Maiorem,</span> <span class='ocrx_word' id='word_1_62' title='bbox 590 849 696 880; x_wconf 89' lang='lat' dir='ltr'>idibus</span> <span class='ocrx_word' id='word_1_63' title='bbox 709 850 905 887; x_wconf 90' lang='lat' dir='ltr'>decembris,</span> <span class='ocrx_word' id='word_1_64' title='bbox 923 860 1008 881; x_wconf 88' lang='lat' dir='ltr'>anuo</span> <span class='ocrx_word' id='word_1_65' title='bbox 1025 851 1175 882; x_wconf 88' lang='lat' dir='ltr'>secundo.</span> <span class='ocrx_word' id='word_1_66' title='bbox 1197 863 1209 879; x_wconf 72' lang='grc' dir='ltr'>ι</span> 
     </span>
    </p>

    <p class='ocr_par' dir='ltr' id='par_1_4' title="bbox 243 902 1251 1047">
     <span class='ocr_line' id='line_1_11' title="bbox 284 902 1251 942; baseline 0.003 -10"><span class='ocrx_word' id='word_1_67' title='bbox 284 902 321 933; x_wconf 94' lang='lat' dir='ltr'>In</span> <span class='ocrx_word' id='word_1_68' title='bbox 341 912 368 932; x_wconf 89' lang='lat' dir='ltr'>e.</span> <span class='ocrx_word' id='word_1_69' title='bbox 392 911 433 932; x_wconf 93' lang='lat' dir='ltr'>m.</span> <span class='ocrx_word' id='word_1_70' title='bbox 458 925 477 932; x_wconf 89' lang='lat'>..</span> <span class='ocrx_word' id='word_1_71' title='bbox 499 903 619 933; x_wconf 88' lang='lat' dir='ltr'>decano</span> <span class='ocrx_word' id='word_1_72' title='bbox 645 908 676 933; x_wconf 87' lang='lat' dir='ltr'>et</span> <span class='ocrx_word' id='word_1_73' title='bbox 697 904 835 942; x_wconf 88' lang='lat' dir='ltr'>capitulo</span> <span class='ocrx_word' id='word_1_74' title='bbox 860 904 1011 934; x_wconf 86' lang='lat' dir='ltr'>ecclesiae</span> <span class='ocrx_word' id='word_1_75' title='bbox 1039 905 1251 935; x_wconf 84' lang='lat' dir='ltr'>Virdunensis</span> 
     </span>
     <span class='ocr_line' id='line_1_12' title="bbox 243 955 1251 994; baseline 0.005 -10"><span class='ocrx_word' id='word_1_76' title='bbox 243 955 375 985; x_wconf 88' lang='lat' dir='ltr'>mandat</span> <span class='ocrx_word' id='word_1_77' title='bbox 403 959 562 994; x_wconf 89' lang='lat' dir='ltr'>quatenus</span> <span class='ocrx_word' id='word_1_78' title='bbox 593 956 697 986; x_wconf 86' lang='lat' dir='ltr'>eidem</span> <span class='ocrx_word' id='word_1_79' title='bbox 730 957 829 987; x_wconf 86' lang='lat' dir='ltr'>electo</span> <span class='ocrx_word' id='word_1_80' title='bbox 859 958 998 988; x_wconf 78' lang='lat' dir='ltr'>debitam</span> <span class='ocrx_word' id='word_1_81' title='bbox 1031 958 1251 989; x_wconf 79' lang='lat' dir='ltr'>obedientiam</span> 
     </span>
     <span class='ocr_line' id='line_1_13' title="bbox 244 1008 428 1047; baseline 0.005 -9"><span class='ocrx_word' id='word_1_82' title='bbox 244 1008 428 1047; x_wconf 88' lang='lat' dir='ltr'>praebeant.</span> 
     </span>
    </p>

    <p class='ocr_par' dir='ltr' id='par_1_5' title="bbox 285 1061 1136 1094">
     <span class='ocr_line' id='line_1_14' title="bbox 285 1061 1136 1094; baseline 0.002 -2"><span class='ocrx_word' id='word_1_83' title='bbox 285 1062 322 1092; x_wconf 92' lang='lat' dir='ltr'>In</span> <span class='ocrx_word' id='word_1_84' title='bbox 339 1071 366 1093; x_wconf 84' lang='lat' dir='ltr'>e.</span> <span class='ocrx_word' id='word_1_85' title='bbox 385 1071 427 1092; x_wconf 81' lang='lat' dir='ltr'>m.</span> <span class='ocrx_word' id='word_1_86' title='bbox 445 1061 529 1092; x_wconf 83' lang='lat' dir='ltr'>clero</span> <span class='ocrx_word' id='word_1_87' title='bbox 547 1062 682 1092; x_wconf 86' lang='lat' dir='ltr'>civitatis</span> <span class='ocrx_word' id='word_1_88' title='bbox 697 1067 727 1093; x_wconf 90' lang='lat' dir='ltr'>et</span> <span class='ocrx_word' id='word_1_89' title='bbox 742 1063 894 1094; x_wconf 84' lang='lat' dir='ltr'>dioecesis</span> <span class='ocrx_word' id='word_1_90' title='bbox 911 1064 1136 1094; x_wconf 89' lang='lat' dir='ltr'>Virdunensis.</span> 
     </span>
    </p>

    <p class='ocr_par' dir='ltr' id='par_1_6' title="bbox 244 1116 1249 1199">
     <span class='ocr_line' id='line_1_15' title="bbox 285 1116 1249 1157; baseline 0.003 -11"><span class='ocrx_word' id='word_1_91' title='bbox 285 1116 322 1146; x_wconf 90' lang='lat' dir='ltr'>In</span> <span class='ocrx_word' id='word_1_92' title='bbox 347 1125 374 1145; x_wconf 88' lang='lat' dir='ltr'>e.</span> <span class='ocrx_word' id='word_1_93' title='bbox 395 1124 438 1145; x_wconf 87' lang='lat' dir='ltr'>m.</span> <span class='ocrx_word' id='word_1_94' title='bbox 465 1139 483 1145; x_wconf 90' lang='lat'>..</span> <span class='ocrx_word' id='word_1_95' title='bbox 508 1116 679 1154; x_wconf 83' lang='lat' dir='ltr'>magistro,</span> <span class='ocrx_word' id='word_1_96' title='bbox 709 1117 848 1147; x_wconf 87' lang='lat' dir='ltr'>scabinis</span> <span class='ocrx_word' id='word_1_97' title='bbox 873 1122 903 1147; x_wconf 89' lang='lat' dir='ltr'>et</span> <span class='ocrx_word' id='word_1_98' title='bbox 924 1118 1040 1157; x_wconf 88' lang='lat' dir='ltr'>populo</span> <span class='ocrx_word' id='word_1_99' title='bbox 1066 1118 1249 1149; x_wconf 89' lang='lat' dir='ltr'>Virdunen—</span> 
     </span>
     <span class='ocr_line' id='line_1_16' title="bbox 244 1169 341 1199; baseline -0.01 0"><span class='ocrx_word' id='word_1_100' title='bbox 244 1169 341 1199; x_wconf 83' lang='lat' dir='ltr'>sibus.</span> 
     </span>
    </p>

    <p class='ocr_par' dir='ltr' id='par_1_7' title="bbox 285 1223 1176 1256">
     <span class='ocr_line' id='line_1_17' title="bbox 285 1223 1176 1256; baseline 0.003 -4"><span class='ocrx_word' id='word_1_101' title='bbox 285 1223 322 1252; x_wconf 92' lang='lat' dir='ltr'>In</span> <span class='ocrx_word' id='word_1_102' title='bbox 338 1232 366 1253; x_wconf 91' lang='lat' dir='ltr'>e.</span> <span class='ocrx_word' id='word_1_103' title='bbox 384 1232 427 1253; x_wconf 79' lang='lat' dir='ltr'>ni.</span> <span class='ocrx_word' id='word_1_104' title='bbox 446 1223 604 1253; x_wconf 81' lang='lat' dir='ltr'>universis</span> <span class='ocrx_word' id='word_1_105' title='bbox 620 1223 770 1254; x_wconf 83' lang='lat' dir='ltr'>ecclesiae</span> <span class='ocrx_word' id='word_1_106' title='bbox 789 1224 1003 1254; x_wconf 88' lang='lat' dir='ltr'>Virdunensis</span> <span class='ocrx_word' id='word_1_107' title='bbox 1019 1224 1176 1256; x_wconf 83' lang='lat' dir='ltr'>vassallis.</span> 
     </span>
    </p>

    <p class='ocr_par' dir='ltr' id='par_1_8' title="bbox 242 1276 1251 1370">
     <span class='ocr_line' id='line_1_18' title="bbox 286 1276 1251 1317; baseline 0.004 -13"><span class='ocrx_word' id='word_1_108' title='bbox 286 1276 320 1304; x_wconf 94' lang='lat' dir='ltr'>ln</span> <span class='ocrx_word' id='word_1_109' title='bbox 344 1286 370 1306; x_wconf 90' lang='lat' dir='ltr'>e.</span> <span class='ocrx_word' id='word_1_110' title='bbox 396 1285 435 1305; x_wconf 89' lang='lat' dir='ltr'>m.</span> <span class='ocrx_word' id='word_1_111' title='bbox 459 1277 509 1312; x_wconf 65' lang='lat' dir='ltr'>R..</span> <span class='ocrx_word' id='word_1_112' title='bbox 530 1285 635 1314; x_wconf 86' lang='lat' dir='ltr'>regem</span> <span class='ocrx_word' id='word_1_113' title='bbox 662 1277 893 1314; x_wconf 80' lang='lat' dir='ltr'>Romanorum,</span> <span class='ocrx_word' id='word_1_114' title='bbox 914 1282 1003 1315; x_wconf 84' lang='lat' dir='ltr'>rogat</span> <span class='ocrx_word' id='word_1_115' title='bbox 1020 1282 1069 1313; x_wconf 84' lang='lat' dir='ltr'>ut,</span> <span class='ocrx_word' id='word_1_116' title='bbox 1093 1278 1251 1317; x_wconf 83' lang='lat' dir='ltr'>praedicto</span> 
     </span>
     <span class='ocr_line' id='line_1_19' title="bbox 242 1328 1248 1370; baseline 0.003 -11"><span class='ocrx_word' id='word_1_117' title='bbox 242 1328 341 1359; x_wconf 80' lang='lat' dir='ltr'>electo</span> <span class='ocrx_word' id='word_1_118' title='bbox 367 1329 484 1366; x_wconf 73' lang='lat' dir='ltr'>regalia</span> <span class='ocrx_word' id='word_1_119' title='bbox 509 1330 704 1366; x_wconf 88' lang='lat' dir='ltr'>concedens,</span> <span class='ocrx_word' id='word_1_120' title='bbox 729 1331 756 1360; x_wconf 90' lang='lat' dir='ltr'>ei</span> <span class='ocrx_word' id='word_1_121' title='bbox 784 1331 907 1368; x_wconf 80' lang='lat' dir='ltr'>regium</span> <span class='ocrx_word' id='word_1_122' title='bbox 932 1331 1071 1361; x_wconf 83' lang='lat' dir='ltr'>favorem</span> <span class='ocrx_word' id='word_1_123' title='bbox 1090 1332 1248 1370; x_wconf 86' lang='lat' dir='ltr'>praebeat.</span> 
     </span>
    </p>

    <p class='ocr_par' dir='ltr' id='par_1_9' title="bbox 284 1382 997 1421">
     <span class='ocr_line' id='line_1_20' title="bbox 284 1382 997 1421; baseline 0.004 -11"><span class='ocrx_word' id='word_1_124' title='bbox 284 1395 296 1408; x_wconf 66' lang='grc' dir='ltr'>κ</span> <span class='ocrx_word' id='word_1_125' title='bbox 321 1383 366 1411; x_wconf 73' lang='lat' dir='ltr'>Ad</span> <span class='ocrx_word' id='word_1_126' title='bbox 385 1383 699 1412; x_wconf 68' lang='lat' dir='ltr'>t“0ve11dumin...-</span> <span class='ocrx_word' id='word_1_127' title='bbox 719 1382 789 1412; x_wconf 88' lang='lat' dir='ltr'>Dat.</span> <span class='ocrx_word' id='word_1_128' title='bbox 810 1388 963 1421; x_wconf 89' lang='lat' dir='ltr'>utsupra.</span> <span class='ocrx_word' id='word_1_129' title='bbox 986 1396 997 1408; x_wconf 71' lang='grc' dir='ltr'>ι</span> 
     </span>
    </p>
   </div>
   <div class='ocr_carea' id='block_1_3' title="bbox 279 1535 1212 1570">
    <p class='ocr_par' dir='ltr' id='par_1_10' title="bbox 279 1535 1212 1570">
     <span class='ocr_line' id='line_1_21' title="bbox 279 1535 1212 1570; baseline 0.002 -8"><span class='ocrx_word' id='word_1_130' title='bbox 279 1535 299 1562; x_wconf 80' lang='grc' dir='ltr'>Ι</span> <span class='ocrx_word' id='word_1_131' title='bbox 309 1535 528 1564; x_wconf 57' lang='grc' dir='ltr'>’ἳ83-1ἵ87</span> <span class='ocrx_word' id='word_1_132' title='bbox 568 1535 916 1570; x_wconf 77' lang='lat' dir='ltr'>Saintc-Marie-Majeure,</span> <span class='ocrx_word' id='word_1_133' title='bbox 932 1537 962 1563; x_wconf 76' lang='lat'>15</span> <span class='ocrx_word' id='word_1_134' title='bbox 973 1537 1212 1564; x_wconf 75' lang='lat' dir='ltr'>de&#39;cembre1‘389.</span> 
     </span>
    </p>
   </div>
   <div class='ocr_carea' id='block_1_4' title="bbox 240 1597 1247 1682">
    <p class='ocr_par' dir='ltr' id='par_1_11' title="bbox 240 1597 1247 1682">
     <span class='ocr_line' id='line_1_22' title="bbox 276 1597 1247 1634; baseline 0.003 -10"><span class='ocrx_word' id='word_1_135' title='bbox 276 1597 438 1624; x_wconf 72' lang='lat' dir='ltr'>Bonifatius</span> <span class='ocrx_word' id='word_1_136' title='bbox 458 1597 622 1624; x_wconf 86' lang='lat' dir='ltr'>Sedunensi</span> <span class='ocrx_word' id='word_1_137' title='bbox 638 1598 777 1625; x_wconf 77' lang='lat' dir='ltr'>ecclesiae</span> <span class='ocrx_word' id='word_1_138' title='bbox 797 1599 954 1634; x_wconf 76' lang='lat' dir='ltr'>episeopus</span> <span class='ocrx_word' id='word_1_139' title='bbox 972 1600 1144 1634; x_wconf 84' lang='lat' dir='ltr'>praeficitur.</span> <span class='ocrx_word' id='word_1_140' title='bbox 1164 1599 1247 1633; x_wconf 68' lang='lat' dir='ltr'>(Rau.</span> 
     </span>
     <span class='ocr_line' id='line_1_23' title="bbox 240 1647 965 1682; baseline 0.003 -9"><span class='ocrx_word' id='word_1_141' title='bbox 240 1647 283 1674; x_wconf 72' lang='lat'>44.</span> <span class='ocrx_word' id='word_1_142' title='bbox 299 1654 322 1673; x_wconf 88' lang='lat' dir='ltr'>c.</span> <span class='ocrx_word' id='word_1_143' title='bbox 344 1647 405 1677; x_wconf 76' lang='lat'>667,</span> <span class='ocrx_word' id='word_1_144' title='bbox 423 1647 442 1674; x_wconf 85' lang='lat' dir='ltr'>f.</span> <span class='ocrx_word' id='word_1_145' title='bbox 459 1647 507 1673; x_wconf 73' lang='lat'>‘261</span> <span class='ocrx_word' id='word_1_146' title='bbox 529 1654 569 1677; x_wconf 87' lang='lat' dir='ltr'>r⁰;</span> <span class='ocrx_word' id='word_1_147' title='bbox 589 1647 655 1673; x_wconf 57' lang='lat' dir='ltr'>Liar.</span> <span class='ocrx_word' id='word_1_148' title='bbox 674 1656 707 1674; x_wconf 81' lang='lat' dir='ltr'>nu</span> <span class='ocrx_word' id='word_1_149' title='bbox 722 1647 820 1678; x_wconf 69' lang='lat' dir='ltr'>Tuam,</span> <span class='ocrx_word' id='word_1_150' title='bbox 838 1647 875 1677; x_wconf 88' lang='grc' dir='ltr'>ΙΙ,</span> <span class='ocrx_word' id='word_1_151' title='bbox 894 1648 965 1682; x_wconf 83' lang='lat'>333.)</span> 
     </span>
    </p>
   </div>
   <div class='ocr_carea' id='block_1_5' title="bbox 236 1750 1248 2692">
    <p class='ocr_par' dir='ltr' id='par_1_12' title="bbox 237 1750 1248 2269">
     <span class='ocr_line' id='line_1_24' title="bbox 282 1750 1248 1786; baseline 0.003 -8"><span class='ocrx_word' id='word_1_152' title='bbox 282 1750 448 1786; x_wconf 73' lang='lat' dir='ltr'>Bonifatio,</span> <span class='ocrx_word' id='word_1_153' title='bbox 467 1751 553 1779; x_wconf 84' lang='lat' dir='ltr'>electo</span> <span class='ocrx_word' id='word_1_154' title='bbox 569 1750 748 1779; x_wconf 69' lang='lat' dir='ltr'>Sedunenst.</span> <span class='ocrx_word' id='word_1_155' title='bbox 767 1750 906 1780; x_wconf 89' lang='lat' dir='ltr'>Vacante</span> <span class='ocrx_word' id='word_1_156' title='bbox 921 1750 1054 1780; x_wconf 86' lang='lat' dir='ltr'>ecclesia</span> <span class='ocrx_word' id='word_1_157' title='bbox 1065 1750 1248 1782; x_wconf 88' lang='lat' dir='ltr'>Sednnensi</span> 
     </span>
     <span class='ocr_line' id='line_1_25' title="bbox 241 1803 1247 1841; baseline 0.003 -9"><span class='ocrx_word' id='word_1_158' title='bbox 241 1812 295 1841; x_wconf 90' lang='lat' dir='ltr'>per</span> <span class='ocrx_word' id='word_1_159' title='bbox 306 1803 428 1832; x_wconf 89' lang='lat' dir='ltr'>obitum</span> <span class='ocrx_word' id='word_1_160' title='bbox 447 1803 546 1833; x_wconf 86' lang='lat' dir='ltr'>bonae</span> <span class='ocrx_word' id='word_1_161' title='bbox 563 1803 736 1833; x_wconf 79' lang='lat' dir='ltr'>memoriae</span> <span class='ocrx_word' id='word_1_162' title='bbox 750 1804 846 1840; x_wconf 88' lang='lat' dir='ltr'>Petri,</span> <span class='ocrx_word' id='word_1_163' title='bbox 860 1803 940 1833; x_wconf 89' lang='lat' dir='ltr'>duae</span> <span class='ocrx_word' id='word_1_164' title='bbox 953 1803 1135 1839; x_wconf 82' lang='lat' dir='ltr'>electiones,</span> <span class='ocrx_word' id='word_1_165' title='bbox 1148 1804 1247 1835; x_wconf 84' lang='lat' dir='ltr'>altera</span> 
     </span>
     <span class='ocr_line' id='line_1_26' title="bbox 240 1855 1248 1896; baseline 0.005 -12"><span class='ocrx_word' id='word_1_166' title='bbox 240 1855 390 1885; x_wconf 85' lang='lat' dir='ltr'>videlieet</span> <span class='ocrx_word' id='word_1_167' title='bbox 416 1856 454 1885; x_wconf 90' lang='lat' dir='ltr'>de</span> <span class='ocrx_word' id='word_1_168' title='bbox 483 1858 631 1895; x_wconf 80' lang='lat' dir='ltr'>Aymone</span> <span class='ocrx_word' id='word_1_169' title='bbox 657 1856 695 1886; x_wconf 90' lang='lat' dir='ltr'>de</span> <span class='ocrx_word' id='word_1_170' title='bbox 724 1857 864 1894; x_wconf 89' lang='lat' dir='ltr'>Quarto,</span> <span class='ocrx_word' id='word_1_171' title='bbox 894 1858 1069 1896; x_wconf 86' lang='lat' dir='ltr'>praeposito</span> <span class='ocrx_word' id='word_1_172' title='bbox 1096 1858 1248 1889; x_wconf 85' lang='lat' dir='ltr'>ecclesiae</span> 
     </span>
     <span class='ocr_line' id='line_1_27' title="bbox 240 1909 1247 1949; baseline 0.006 -12"><span class='ocrx_word' id='word_1_173' title='bbox 240 1909 471 1946; x_wconf 86' lang='lat' dir='ltr'>Lausanensis,</span> <span class='ocrx_word' id='word_1_174' title='bbox 493 1909 592 1939; x_wconf 91' lang='lat' dir='ltr'>altera</span> <span class='ocrx_word' id='word_1_175' title='bbox 613 1910 652 1940; x_wconf 90' lang='lat' dir='ltr'>de</span> <span class='ocrx_word' id='word_1_176' title='bbox 677 1911 840 1949; x_wconf 87' lang='lat' dir='ltr'>quondam</span> <span class='ocrx_word' id='word_1_177' title='bbox 861 1912 1012 1949; x_wconf 83' lang='lat' dir='ltr'>magistro</span> <span class='ocrx_word' id='word_1_178' title='bbox 1032 1912 1183 1943; x_wconf 51' lang='lat' dir='ltr'>,iohanne</span> <span class='ocrx_word' id='word_1_179' title='bbox 1208 1913 1247 1944; x_wconf 91' lang='lat' dir='ltr'>de</span> 
     </span>
     <span class='ocr_line' id='line_1_28' title="bbox 240 1962 1245 2003; baseline 0.006 -13"><span class='ocrx_word' id='word_1_180' title='bbox 240 1962 396 1999; x_wconf 78' lang='lat' dir='ltr'>Legibus,</span> <span class='ocrx_word' id='word_1_181' title='bbox 417 1962 571 1993; x_wconf 87' lang='lat' dir='ltr'>canonico</span> <span class='ocrx_word' id='word_1_182' title='bbox 593 1963 842 2000; x_wconf 68' lang='lat' dir='ltr'>Aurelianensi,</span> <span class='ocrx_word' id='word_1_183' title='bbox 862 1974 915 2003; x_wconf 91' lang='lat' dir='ltr'>per</span> <span class='ocrx_word' id='word_1_184' title='bbox 933 1965 1108 2003; x_wconf 86' lang='lat' dir='ltr'>capitulum</span> <span class='ocrx_word' id='word_1_185' title='bbox 1128 1966 1160 1995; x_wconf 91' lang='lat' dir='ltr'>in</span> <span class='ocrx_word' id='word_1_186' title='bbox 1180 1966 1245 1996; x_wconf 88' lang='lat' dir='ltr'>dis-</span> 
     </span>
     <span class='ocr_line' id='line_1_29' title="bbox 237 2015 1243 2058; baseline 0.006 -14"><span class='ocrx_word' id='word_1_187' title='bbox 237 2015 345 2044; x_wconf 78' lang='lat' dir='ltr'>cordia</span> <span class='ocrx_word' id='word_1_188' title='bbox 361 2015 537 2047; x_wconf 85' lang='lat' dir='ltr'>celebratae</span> <span class='ocrx_word' id='word_1_189' title='bbox 556 2016 695 2046; x_wconf 83' lang='lat' dir='ltr'>fuerunt.</span> <span class='ocrx_word' id='word_1_190' title='bbox 717 2017 833 2047; x_wconf 84' lang='lat' dir='ltr'>Earum</span> <span class='ocrx_word' id='word_1_191' title='bbox 849 2027 923 2048; x_wconf 88' lang='lat' dir='ltr'>vero</span> <span class='ocrx_word' id='word_1_192' title='bbox 940 2018 1132 2049; x_wconf 83' lang='lat' dir='ltr'>electionum</span> <span class='ocrx_word' id='word_1_193' title='bbox 1152 2029 1243 2058; x_wconf 60' lang='lat' dir='ltr'>nego-</span> 
     </span>
     <span class='ocr_line' id='line_1_30' title="bbox 240 2068 1245 2107; baseline 0.006 -10"><span class='ocrx_word' id='word_1_194' title='bbox 240 2069 281 2098; x_wconf 84' lang='lat' dir='ltr'>tio</span> <span class='ocrx_word' id='word_1_195' title='bbox 301 2068 339 2097; x_wconf 86' lang='lat' dir='ltr'>ad</span> <span class='ocrx_word' id='word_1_196' title='bbox 363 2068 468 2098; x_wconf 88' lang='lat' dir='ltr'>sedem</span> <span class='ocrx_word' id='word_1_197' title='bbox 492 2069 697 2107; x_wconf 88' lang='lat' dir='ltr'>apostolicam</span> <span class='ocrx_word' id='word_1_198' title='bbox 723 2070 891 2107; x_wconf 78' lang='lat' dir='ltr'>devoluto,</span> <span class='ocrx_word' id='word_1_199' title='bbox 917 2072 1083 2102; x_wconf 81' lang='lat' dir='ltr'>Johannes</span> <span class='ocrx_word' id='word_1_200' title='bbox 1110 2073 1245 2104; x_wconf 78' lang='lat' dir='ltr'>durante</span> 
     </span>
     <span class='ocr_line' id='line_1_31' title="bbox 237 2125 1245 2164; baseline 0.006 -14"><span class='ocrx_word' id='word_1_201' title='bbox 237 2130 386 2160; x_wconf 87' lang='lat' dir='ltr'>processu</span> <span class='ocrx_word' id='word_1_202' title='bbox 408 2127 553 2152; x_wconf 83' lang='lat' dir='ltr'>mortuus</span> <span class='ocrx_word' id='word_1_203' title='bbox 572 2128 618 2152; x_wconf 90' lang='lat' dir='ltr'>est</span> <span class='ocrx_word' id='word_1_204' title='bbox 641 2128 671 2152; x_wconf 91' lang='lat' dir='ltr'>et</span> <span class='ocrx_word' id='word_1_205' title='bbox 694 2125 800 2162; x_wconf 84' lang='lat' dir='ltr'>Aymo</span> <span class='ocrx_word' id='word_1_206' title='bbox 816 2125 881 2163; x_wconf 87' lang='lat' dir='ltr'>juri</span> <span class='ocrx_word' id='word_1_207' title='bbox 903 2125 962 2154; x_wconf 87' lang='lat' dir='ltr'>sibi</span> <span class='ocrx_word' id='word_1_208' title='bbox 986 2127 1177 2164; x_wconf 85' lang='lat' dir='ltr'>competenti</span> <span class='ocrx_word' id='word_1_209' title='bbox 1195 2136 1245 2156; x_wconf 86' lang='lat' dir='ltr'>re-</span> 
     </span>
     <span class='ocr_line' id='line_1_32' title="bbox 238 2176 1242 2217; baseline 0.006 -14"><span class='ocrx_word' id='word_1_210' title='bbox 238 2176 419 2211; x_wconf 84' lang='lat' dir='ltr'>nuntiavit;</span> <span class='ocrx_word' id='word_1_211' title='bbox 451 2176 535 2205; x_wconf 88' lang='lat' dir='ltr'>unde</span> <span class='ocrx_word' id='word_1_212' title='bbox 564 2185 640 2214; x_wconf 82' lang='lat' dir='ltr'>papa</span> <span class='ocrx_word' id='word_1_213' title='bbox 672 2177 882 2213; x_wconf 79' lang='lat' dir='ltr'>Bonifatium,</span> <span class='ocrx_word' id='word_1_214' title='bbox 913 2178 1115 2217; x_wconf 79' lang='lat' dir='ltr'>capellanum</span> <span class='ocrx_word' id='word_1_215' title='bbox 1132 2188 1242 2215; x_wconf 88' lang='lat' dir='ltr'>suum,</span> 
     </span>
     <span class='ocr_line' id='line_1_33' title="bbox 238 2227 956 2269; baseline 0.007 -13"><span class='ocrx_word' id='word_1_216' title='bbox 238 2227 388 2258; x_wconf 87' lang='lat' dir='ltr'>eeclesiae</span> <span class='ocrx_word' id='word_1_217' title='bbox 405 2228 587 2259; x_wconf 84' lang='lat' dir='ltr'>Sedunensi</span> <span class='ocrx_word' id='word_1_218' title='bbox 604 2230 785 2269; x_wconf 81' lang='lat' dir='ltr'>episcopum</span> <span class='ocrx_word' id='word_1_219' title='bbox 804 2231 956 2269; x_wconf 83' lang='lat' dir='ltr'>praeficit.</span> 
     </span>
    </p>

    <p class='ocr_par' dir='ltr' id='par_1_13' title="bbox 236 2283 1245 2417">
     <span class='ocr_line' id='line_1_34' title="bbox 279 2283 1245 2325; baseline 0.006 -15"><span class='ocrx_word' id='word_1_220' title='bbox 279 2292 293 2310; x_wconf 65' lang='grc' dir='ltr'><em>α</em></span> <span class='ocrx_word' id='word_1_221' title='bbox 310 2283 485 2312; x_wconf 86' lang='lat' dir='ltr'>Ammonet</span> <span class='ocrx_word' id='word_1_222' title='bbox 504 2291 560 2312; x_wconf 85' lang='lat' dir='ltr'>nos</span> <span class='ocrx_word' id='word_1_223' title='bbox 576 2283 753 2322; x_wconf 80' lang='lat' dir='ltr'>injuncti...</span> <span class='ocrx_word' id='word_1_224' title='bbox 771 2301 810 2305; x_wconf 90' lang='lat'>—</span> <span class='ocrx_word' id='word_1_225' title='bbox 826 2285 896 2315; x_wconf 84' lang='lat' dir='ltr'>Dat.</span> <span class='ocrx_word' id='word_1_226' title='bbox 915 2285 1028 2322; x_wconf 77' lang='lat' dir='ltr'>Rome,</span> <span class='ocrx_word' id='word_1_227' title='bbox 1045 2286 1128 2325; x_wconf 88' lang='lat' dir='ltr'>apud</span> <span class='ocrx_word' id='word_1_228' title='bbox 1145 2286 1245 2316; x_wconf 88' lang='lat' dir='ltr'>Sanc-</span> 
     </span>
     <span class='ocr_line' id='line_1_35' title="bbox 239 2335 1243 2377; baseline 0.006 -14"><span class='ocrx_word' id='word_1_229' title='bbox 239 2338 301 2363; x_wconf 90' lang='lat' dir='ltr'>tam</span> <span class='ocrx_word' id='word_1_230' title='bbox 318 2335 453 2364; x_wconf 88' lang='lat' dir='ltr'>Mariam</span> <span class='ocrx_word' id='word_1_231' title='bbox 471 2335 640 2374; x_wconf 79' lang='lat' dir='ltr'>Majorem,</span> <span class='ocrx_word' id='word_1_232' title='bbox 660 2346 735 2366; x_wconf 82' lang='lat' dir='ltr'>xviii</span> <span class='ocrx_word' id='word_1_233' title='bbox 753 2337 906 2368; x_wconf 85' lang='lat' dir='ltr'>kalendas</span> <span class='ocrx_word' id='word_1_234' title='bbox 919 2339 1078 2377; x_wconf 79' lang='lat' dir='ltr'>januarii,</span> <span class='ocrx_word' id='word_1_235' title='bbox 1097 2348 1183 2369; x_wconf 91' lang='lat' dir='ltr'>anno</span> <span class='ocrx_word' id='word_1_236' title='bbox 1197 2349 1243 2369; x_wconf 89' lang='lat' dir='ltr'>se-</span> 
     </span>
     <span class='ocr_line' id='line_1_36' title="bbox 236 2387 387 2417; baseline 0.007 -1"><span class='ocrx_word' id='word_1_237' title='bbox 236 2387 352 2417; x_wconf 90' lang='lat' dir='ltr'>cundo.</span> <span class='ocrx_word' id='word_1_238' title='bbox 373 2400 387 2414; x_wconf 69' lang='lat' dir='ltr'>n</span> 
     </span>
    </p>

    <p class='ocr_par' dir='ltr' id='par_1_14' title="bbox 237 2440 1244 2538">
     <span class='ocr_line' id='line_1_37' title="bbox 279 2440 1244 2485; baseline 0.007 -16"><span class='ocrx_word' id='word_1_239' title='bbox 279 2440 312 2469; x_wconf 92' lang='lat' dir='ltr'>ln</span> <span class='ocrx_word' id='word_1_240' title='bbox 331 2450 359 2470; x_wconf 79' lang='lat' dir='ltr'>e.</span> <span class='ocrx_word' id='word_1_241' title='bbox 377 2450 419 2470; x_wconf 89' lang='lat' dir='ltr'>m.</span> <span class='ocrx_word' id='word_1_242' title='bbox 439 2442 575 2480; x_wconf 85' lang='lat' dir='ltr'>capitulo</span> <span class='ocrx_word' id='word_1_243' title='bbox 591 2443 742 2473; x_wconf 76' lang='lat' dir='ltr'>ecclesiae</span> <span class='ocrx_word' id='word_1_244' title='bbox 762 2444 961 2475; x_wconf 84' lang='lat' dir='ltr'>Sedunensis</span> <span class='ocrx_word' id='word_1_245' title='bbox 981 2446 1110 2475; x_wconf 87' lang='lat' dir='ltr'>mandat</span> <span class='ocrx_word' id='word_1_246' title='bbox 1133 2450 1244 2485; x_wconf 80' lang='lat' dir='ltr'>quate-</span> 
     </span>
     <span class='ocr_line' id='line_1_38' title="bbox 237 2494 1097 2538; baseline 0.008 -17"><span class='ocrx_word' id='word_1_247' title='bbox 237 2502 298 2523; x_wconf 88' lang='lat' dir='ltr'>nus</span> <span class='ocrx_word' id='word_1_248' title='bbox 316 2494 419 2524; x_wconf 87' lang='lat' dir='ltr'>eidem</span> <span class='ocrx_word' id='word_1_249' title='bbox 437 2495 535 2525; x_wconf 83' lang='lat' dir='ltr'>electo</span> <span class='ocrx_word' id='word_1_250' title='bbox 550 2496 690 2526; x_wconf 80' lang='lat' dir='ltr'>debitam</span> <span class='ocrx_word' id='word_1_251' title='bbox 709 2498 924 2528; x_wconf 72' lang='lat' dir='ltr'>obedientiam</span> <span class='ocrx_word' id='word_1_252' title='bbox 942 2500 1097 2538; x_wconf 80' lang='lat' dir='ltr'>praebeat.</span> 
     </span>
    </p>

    <p class='ocr_par' dir='ltr' id='par_1_15' title="bbox 278 2547 1110 2583">
     <span class='ocr_line' id='line_1_39' title="bbox 278 2547 1110 2583; baseline 0.007 -7"><span class='ocrx_word' id='word_1_253' title='bbox 278 2547 314 2576; x_wconf 92' lang='lat' dir='ltr'>Iu</span> <span class='ocrx_word' id='word_1_254' title='bbox 335 2557 361 2577; x_wconf 91' lang='lat' dir='ltr'>e.</span> <span class='ocrx_word' id='word_1_255' title='bbox 381 2557 423 2578; x_wconf 88' lang='lat' dir='ltr'>m.</span> <span class='ocrx_word' id='word_1_256' title='bbox 441 2548 524 2579; x_wconf 90' lang='lat' dir='ltr'>clero</span> <span class='ocrx_word' id='word_1_257' title='bbox 537 2550 673 2580; x_wconf 84' lang='lat' dir='ltr'>civitatis</span> <span class='ocrx_word' id='word_1_258' title='bbox 689 2555 718 2580; x_wconf 92' lang='lat' dir='ltr'>et</span> <span class='ocrx_word' id='word_1_259' title='bbox 732 2551 884 2581; x_wconf 83' lang='lat' dir='ltr'>dioecesis</span> <span class='ocrx_word' id='word_1_260' title='bbox 902 2552 1110 2583; x_wconf 87' lang='lat' dir='ltr'>Sedunensis.</span> 
     </span>
    </p>

    <p class='ocr_par' dir='ltr' id='par_1_16' title="bbox 278 2601 1160 2640">
     <span class='ocr_line' id='line_1_40' title="bbox 278 2601 1160 2640; baseline 0.007 -10"><span class='ocrx_word' id='word_1_261' title='bbox 278 2601 311 2630; x_wconf 94' lang='lat' dir='ltr'>In</span> <span class='ocrx_word' id='word_1_262' title='bbox 332 2611 358 2631; x_wconf 90' lang='lat' dir='ltr'>e.</span> <span class='ocrx_word' id='word_1_263' title='bbox 380 2610 422 2630; x_wconf 89' lang='lat' dir='ltr'>m.</span> <span class='ocrx_word' id='word_1_264' title='bbox 445 2602 558 2640; x_wconf 79' lang='lat' dir='ltr'>populo</span> <span class='ocrx_word' id='word_1_265' title='bbox 574 2603 712 2633; x_wconf 78' lang='lat' dir='ltr'>civitatis</span> <span class='ocrx_word' id='word_1_266' title='bbox 733 2609 762 2633; x_wconf 88' lang='lat' dir='ltr'>et</span> <span class='ocrx_word' id='word_1_267' title='bbox 781 2604 934 2635; x_wconf 87' lang='lat' dir='ltr'>dioecesis</span> <span class='ocrx_word' id='word_1_268' title='bbox 951 2606 1160 2637; x_wconf 87' lang='lat' dir='ltr'>Sedunensis.</span> 
     </span>
    </p>

    <p class='ocr_par' dir='ltr' id='par_1_17' title="bbox 278 2654 1146 2692">
     <span class='ocr_line' id='line_1_41' title="bbox 278 2654 1146 2692; baseline 0.008 -9"><span class='ocrx_word' id='word_1_269' title='bbox 278 2654 312 2683; x_wconf 94' lang='lat' dir='ltr'>ln</span> <span class='ocrx_word' id='word_1_270' title='bbox 331 2665 356 2684; x_wconf 91' lang='lat' dir='ltr'>e.</span> <span class='ocrx_word' id='word_1_271' title='bbox 377 2664 416 2684; x_wconf 90' lang='lat' dir='ltr'>m.</span> <span class='ocrx_word' id='word_1_272' title='bbox 439 2657 596 2686; x_wconf 88' lang='lat' dir='ltr'>universis</span> <span class='ocrx_word' id='word_1_273' title='bbox 611 2657 762 2688; x_wconf 87' lang='lat' dir='ltr'>ecclesiae</span> <span class='ocrx_word' id='word_1_274' title='bbox 778 2659 974 2689; x_wconf 79' lang='lat' dir='ltr'>sedunensis</span> <span class='ocrx_word' id='word_1_275' title='bbox 991 2661 1146 2692; x_wconf 81' lang='lat' dir='ltr'>vassallis.</span> 
     </span>
    </p>
   </div>
   <div class='ocr_carea' id='block_1_6' title="bbox 312 2807 1167 2851">
    <p class='ocr_par' dir='ltr' id='par_1_18' title="bbox 312 2807 1167 2851">
     <span class='ocr_line' id='line_1_42' title="bbox 312 2807 1167 2851; baseline 0.007 -10"><span class='ocrx_word' id='word_1_276' title='bbox 312 2814 427 2843; x_wconf 67' lang='lat' dir='ltr'>uss</span> <span class='ocrx_word' id='word_1_277' title='bbox 500 2807 851 2851; x_wconf 38' lang='lat' dir='ltr'>Satnte-Marie-‘Majeurffi</span> <span class='ocrx_word' id='word_1_278' title='bbox 869 2817 901 2845; x_wconf 71' lang='lat'>‘23</span> <span class='ocrx_word' id='word_1_279' title='bbox 922 2818 1073 2845; x_wconf 77' lang='lat' dir='ltr'>decembre</span> <span class='ocrx_word' id='word_1_280' title='bbox 1092 2819 1167 2847; x_wconf 67' lang='lat'>1289.</span> 
     </span>
    </p>
   </div>
   <div class='ocr_carea' id='block_1_7' title="bbox 237 2875 1238 2957">
    <p class='ocr_par' dir='ltr' id='par_1_19' title="bbox 237 2875 1238 2957">
     <span class='ocr_line' id='line_1_43' title="bbox 275 2875 1238 2916; baseline 0.009 -16"><span class='ocrx_word' id='word_1_281' title='bbox 275 2875 317 2900; x_wconf 75' lang='lat' dir='ltr'>Ad</span> <span class='ocrx_word' id='word_1_282' title='bbox 333 2878 571 2904; x_wconf 78' lang='lat' dir='ltr'>sustentationem</span> <span class='ocrx_word' id='word_1_283' title='bbox 589 2879 807 2914; x_wconf 81' lang='lat' dir='ltr'>Strongulensis</span> <span class='ocrx_word' id='word_1_284' title='bbox 823 2880 960 2915; x_wconf 79' lang='lat' dir='ltr'>episcopi.</span> <span class='ocrx_word' id='word_1_285' title='bbox 978 2880 1058 2915; x_wconf 64' lang='lat' dir='ltr'>(Rite.</span> <span class='ocrx_word' id='word_1_286' title='bbox 1077 2882 1120 2916; x_wconf 77' lang='lat'>44,</span> <span class='ocrx_word' id='word_1_287' title='bbox 1137 2890 1162 2908; x_wconf 92' lang='lat' dir='ltr'>c.</span> <span class='ocrx_word' id='word_1_288' title='bbox 1177 2882 1238 2914; x_wconf 85' lang='grc'><strong>668,</strong></span> 
     </span>
     <span class='ocr_line' id='line_1_44' title="bbox 237 2923 386 2957; baseline 0.013 -9"><span class='ocrx_word' id='word_1_289' title='bbox 237 2923 255 2950; x_wconf 77' lang='lat' dir='ltr'>r.</span> <span class='ocrx_word' id='word_1_290' title='bbox 273 2924 319 2950; x_wconf 73' lang='lat'>²361</span> <span class='ocrx_word' id='word_1_291' title='bbox 341 2930 386 2957; x_wconf 71' lang='lat' dir='ltr'>ro.)</span> 
     </span>
    </p>
   </div>
   <div class='ocr_carea' id='block_1_8' title="bbox 284 3026 1240 3070">
    <p class='ocr_par' dir='ltr' id='par_1_20' title="bbox 284 3026 1240 3070">
     <span class='ocr_line' id='line_1_45' title="bbox 284 3026 1240 3070; baseline 0.012 -17"><span class='ocrx_word' id='word_1_292' title='bbox 284 3026 448 3055; x_wconf 79' lang='lat' dir='ltr'>Venerabili</span> <span class='ocrx_word' id='word_1_293' title='bbox 463 3031 557 3063; x_wconf 71' lang='lat' dir='ltr'>fratri</span> <span class='ocrx_word' id='word_1_294' title='bbox 575 3031 616 3065; x_wconf 59' lang='lat'>122,</span> <span class='ocrx_word' id='word_1_295' title='bbox 636 3033 767 3070; x_wconf 71' lang='lat' dir='ltr'>episeopo</span> <span class='ocrx_word' id='word_1_296' title='bbox 782 3034 975 3069; x_wconf 59' lang='lat' dir='ltr'>Praesta-ino.</span> <span class='ocrx_word' id='word_1_297' title='bbox 993 3035 1151 3070; x_wconf 77' lang='lat' dir='ltr'>apostolice</span> <span class='ocrx_word' id='word_1_298' title='bbox 1162 3035 1240 3064; x_wconf 80' lang='lat' dir='ltr'>sedis</span> 
     </span>
    </p>
   </div>
   <div class='ocr_carea' id='block_1_9' title="bbox 1334 426 2377 777">
    <p class='ocr_par' dir='ltr' id='par_1_21' title="bbox 1334 426 2342 623">
     <span class='ocr_line' id='line_1_46' title="bbox 1337 426 2340 471; baseline 0.008 -16"><span class='ocrx_word' id='word_1_299' title='bbox 1337 427 1447 464; x_wconf 76' lang='lat' dir='ltr'>lcyato,</span> <span class='ocrx_word' id='word_1_300' title='bbox 1466 426 1597 456; x_wconf 83' lang='lat' dir='ltr'>mandat</span> <span class='ocrx_word' id='word_1_301' title='bbox 1614 432 1771 465; x_wconf 89' lang='lat' dir='ltr'>quatenus</span> <span class='ocrx_word' id='word_1_302' title='bbox 1788 450 1808 457; x_wconf 88' lang='lat'>..</span> <span class='ocrx_word' id='word_1_303' title='bbox 1826 428 2053 467; x_wconf 80' lang='lat' dir='ltr'>Strongulensi</span> <span class='ocrx_word' id='word_1_304' title='bbox 2069 431 2224 471; x_wconf 85' lang='lat' dir='ltr'>episcopo,</span> <span class='ocrx_word' id='word_1_305' title='bbox 2249 441 2340 471; x_wconf 83' lang='lat' dir='ltr'>prae-</span> 
     </span>
     <span class='ocr_line' id='line_1_47' title="bbox 1335 479 2341 519; baseline 0.007 -10"><span class='ocrx_word' id='word_1_306' title='bbox 1335 479 1474 509; x_wconf 88' lang='lat' dir='ltr'>sentium</span> <span class='ocrx_word' id='word_1_307' title='bbox 1501 479 1610 515; x_wconf 80' lang='lat' dir='ltr'>latori,</span> <span class='ocrx_word' id='word_1_308' title='bbox 1635 481 1726 519; x_wconf 88' lang='lat' dir='ltr'>cujus</span> <span class='ocrx_word' id='word_1_309' title='bbox 1749 480 1900 511; x_wconf 88' lang='lat' dir='ltr'>ecclesiae</span> <span class='ocrx_word' id='word_1_310' title='bbox 1924 481 2007 512; x_wconf 90' lang='lat' dir='ltr'>bona</span> <span class='ocrx_word' id='word_1_311' title='bbox 2029 483 2163 513; x_wconf 85' lang='lat' dir='ltr'>totaliter</span> <span class='ocrx_word' id='word_1_312' title='bbox 2186 493 2205 514; x_wconf 91' lang='lat' dir='ltr'>a</span> <span class='ocrx_word' id='word_1_313' title='bbox 2226 485 2341 517; x_wconf 84' lang='lat' dir='ltr'>Chate-</span> 
     </span>
     <span class='ocr_line' id='line_1_48' title="bbox 1335 532 2342 572; baseline 0.008 -11"><span class='ocrx_word' id='word_1_314' title='bbox 1335 532 1418 562; x_wconf 85' lang='lat' dir='ltr'>lanis</span> <span class='ocrx_word' id='word_1_315' title='bbox 1441 537 1628 570; x_wconf 83' lang='lat' dir='ltr'>consumpta</span> <span class='ocrx_word' id='word_1_316' title='bbox 1644 537 1734 567; x_wconf 86' lang='lat' dir='ltr'>sunt,</span> <span class='ocrx_word' id='word_1_317' title='bbox 1755 534 1912 572; x_wconf 84' lang='lat' dir='ltr'>quaedam</span> <span class='ocrx_word' id='word_1_318' title='bbox 1934 535 2088 566; x_wconf 84' lang='lat' dir='ltr'>beneficia</span> <span class='ocrx_word' id='word_1_319' title='bbox 2104 536 2189 567; x_wconf 81' lang='lat' dir='ltr'>inl&#39;ra</span> <span class='ocrx_word' id='word_1_320' title='bbox 2206 547 2281 568; x_wconf 88' lang='lat' dir='ltr'>suae</span> <span class='ocrx_word' id='word_1_321' title='bbox 2299 539 2342 569; x_wconf 86' lang='lat' dir='ltr'>le-</span> 
     </span>
     <span class='ocr_line' id='line_1_49' title="bbox 1334 585 1812 623; baseline 0.004 -9"><span class='ocrx_word' id='word_1_322' title='bbox 1334 585 1473 623; x_wconf 84' lang='lat' dir='ltr'>gationis</span> <span class='ocrx_word' id='word_1_323' title='bbox 1492 585 1644 615; x_wconf 84' lang='lat' dir='ltr'>terminos</span> <span class='ocrx_word' id='word_1_324' title='bbox 1659 586 1812 616; x_wconf 82' lang='lat' dir='ltr'>conferat.</span> 
     </span>
    </p>

    <p class='ocr_par' dir='ltr' id='par_1_22' title="bbox 1334 641 2377 777">
     <span class='ocr_line' id='line_1_50' title="bbox 1377 641 2377 684; baseline 0.008 -15"><span class='ocrx_word' id='word_1_325' title='bbox 1377 653 1390 667; x_wconf 81' lang='grc' dir='ltr'>ιι</span> <span class='ocrx_word' id='word_1_326' title='bbox 1416 641 1518 670; x_wconf 88' lang='lat' dir='ltr'>Movet</span> <span class='ocrx_word' id='word_1_327' title='bbox 1538 649 1595 670; x_wconf 89' lang='lat' dir='ltr'>nos</span> <span class='ocrx_word' id='word_1_328' title='bbox 1617 641 1830 680; x_wconf 85' lang='lat' dir='ltr'>excitatque...</span> <span class='ocrx_word' id='word_1_329' title='bbox 1848 659 1886 664; x_wconf 90' lang='lat'>-</span> <span class='ocrx_word' id='word_1_330' title='bbox 1903 643 1973 672; x_wconf 91' lang='lat' dir='ltr'>Dat.</span> <span class='ocrx_word' id='word_1_331' title='bbox 2001 644 2120 680; x_wconf 82' lang='lat' dir='ltr'>Rome,</span> <span class='ocrx_word' id='word_1_332' title='bbox 2139 645 2223 684; x_wconf 90' lang='lat' dir='ltr'>apud</span> <span class='ocrx_word' id='word_1_333' title='bbox 2242 645 2340 677; x_wconf 88' lang='lat' dir='ltr'>Sanc·</span> <span class='ocrx_word' id='word_1_334' title='bbox 2375 663 2377 666; x_wconf 47' lang='lat'><em>⁴</em></span> 
     </span>
     <span class='ocr_line' id='line_1_51' title="bbox 1335 694 2340 735; baseline 0.007 -12"><span class='ocrx_word' id='word_1_335' title='bbox 1335 698 1398 723; x_wconf 88' lang='lat' dir='ltr'>tam</span> <span class='ocrx_word' id='word_1_336' title='bbox 1428 694 1560 723; x_wconf 84' lang='lat' dir='ltr'>Mariam</span> <span class='ocrx_word' id='word_1_337' title='bbox 1586 694 1759 732; x_wconf 83' lang='lat' dir='ltr'>Majorem,</span> <span class='ocrx_word' id='word_1_338' title='bbox 1784 704 1801 724; x_wconf 92' lang='lat' dir='ltr'>x</span> <span class='ocrx_word' id='word_1_339' title='bbox 1822 694 1975 726; x_wconf 84' lang='lat' dir='ltr'>kalendas</span> <span class='ocrx_word' id='word_1_340' title='bbox 1995 697 2156 735; x_wconf 85' lang='lat' dir='ltr'>januarii,</span> <span class='ocrx_word' id='word_1_341' title='bbox 2183 707 2268 729; x_wconf 89' lang='lat' dir='ltr'>anno</span> <span class='ocrx_word' id='word_1_342' title='bbox 2290 708 2340 731; x_wconf 83' lang='lat' dir='ltr'>se-</span> 
     </span>
     <span class='ocr_line' id='line_1_52' title="bbox 1334 746 1484 777; baseline 0.007 -1"><span class='ocrx_word' id='word_1_343' title='bbox 1334 746 1450 777; x_wconf 88' lang='lat' dir='ltr'>cundo.</span> <span class='ocrx_word' id='word_1_344' title='bbox 1472 759 1484 773; x_wconf 74' lang='grc' dir='ltr'><strong>ι</strong></span> 
     </span>
    </p>
   </div>
   <div class='ocr_carea' id='block_1_10' title="bbox 2390 0 2477 2380">
    <p class='ocr_par' dir='ltr' id='par_1_23' title="bbox 2390 0 2477 2380">
     <span class='ocr_line' id='line_1_53' title="bbox 2390 0 2477 2380; baseline 0 0"><span class='ocrx_word' id='word_1_345' title='bbox 2390 0 2477 2380; x_wconf 95' lang='lat' dir='ltr'>     </span> 
     </span>
    </p>
   </div>
   <div class='ocr_carea' id='block_1_11' title="bbox 1372 921 2304 1019">
    <p class='ocr_par' dir='ltr' id='par_1_24' title="bbox 1372 921 2304 1019">
     <span class='ocr_line' id='line_1_54' title="bbox 1373 921 2304 958; baseline 0.004 -9"><span class='ocrx_word' id='word_1_346' title='bbox 1373 921 1525 950; x_wconf 62' lang='lat' dir='ltr'>1789-ss</span> <span class='ocrx_word' id='word_1_347' title='bbox 1536 922 1622 950; x_wconf 63' lang='lat'>&#39;290</span> <span class='ocrx_word' id='word_1_348' title='bbox 1650 922 2003 958; x_wconf 72' lang='lat' dir='ltr'>Salute-Marie-MaJem-e,</span> <span class='ocrx_word' id='word_1_349' title='bbox 2018 923 2048 950; x_wconf 84' lang='lat'>13</span> <span class='ocrx_word' id='word_1_350' title='bbox 2062 923 2214 951; x_wconf 82' lang='lat' dir='ltr'>decembre</span> <span class='ocrx_word' id='word_1_351' title='bbox 2226 925 2304 953; x_wconf 71' lang='lat'>1289.</span> 
     </span>
     <span class='ocr_line' id='line_1_55' title="bbox 1372 983 2038 1019; baseline 0.006 -10"><span class='ocrx_word' id='word_1_352' title='bbox 1372 983 1578 1018; x_wconf 81' lang='lat' dir='ltr'>Indulgentiae.</span> <span class='ocrx_word' id='word_1_353' title='bbox 1599 984 1680 1015; x_wconf 64' lang='lat' dir='ltr'>(Rea.</span> <span class='ocrx_word' id='word_1_354' title='bbox 1698 985 1739 1015; x_wconf 74' lang='lat'>44.</span> <span class='ocrx_word' id='word_1_355' title='bbox 1757 993 1784 1011; x_wconf 71' lang='lat' dir='ltr'>e,</span> <span class='ocrx_word' id='word_1_356' title='bbox 1802 985 1863 1017; x_wconf 81' lang='lat'>669,</span> <span class='ocrx_word' id='word_1_357' title='bbox 1881 986 1900 1012; x_wconf 81' lang='lat' dir='ltr'>f.</span> <span class='ocrx_word' id='word_1_358' title='bbox 1921 985 1970 1017; x_wconf 60' lang='lat'>261</span> <span class='ocrx_word' id='word_1_359' title='bbox 1988 988 2038 1019; x_wconf 84' lang='lat' dir='ltr'>v⁰.)</span> 
     </span>
    </p>
   </div>
   <div class='ocr_carea' id='block_1_12' title="bbox 1333 1139 2388 1483">
    <p class='ocr_par' dir='ltr' id='par_1_25' title="bbox 1333 1139 2388 1483">
     <span class='ocr_line' id='line_1_56' title="bbox 1336 1139 2386 1182; baseline 0.005 -13"><span class='ocrx_word' id='word_1_360' title='bbox 1336 1139 1389 1169; x_wconf 87' lang='lat' dir='ltr'>Eis</span> <span class='ocrx_word' id='word_1_361' title='bbox 1405 1140 1461 1179; x_wconf 87' lang='lat' dir='ltr'>qui</span> <span class='ocrx_word' id='word_1_362' title='bbox 1478 1140 1644 1170; x_wconf 85' lang='lat' dir='ltr'>ecclesiam</span> <span class='ocrx_word' id='word_1_363' title='bbox 1663 1164 1681 1170; x_wconf 87' lang='lat'>..</span> <span class='ocrx_word' id='word_1_364' title='bbox 1700 1141 1814 1179; x_wconf 88' lang='lat' dir='ltr'>prioris</span> <span class='ocrx_word' id='word_1_365' title='bbox 1831 1145 1860 1170; x_wconf 87' lang='lat' dir='ltr'>et</span> <span class='ocrx_word' id='word_1_366' title='bbox 1876 1141 2009 1171; x_wconf 83' lang='lat' dir='ltr'>fratrum</span> <span class='ocrx_word' id='word_1_367' title='bbox 2027 1142 2268 1180; x_wconf 79' lang='lat' dir='ltr'>heremitarum,</span> <span class='ocrx_word' id='word_1_368' title='bbox 2286 1151 2340 1174; x_wconf 89' lang='lat' dir='ltr'>or·</span> <span class='ocrx_word' id='word_1_369' title='bbox 2373 1151 2386 1182; x_wconf 70' lang='grc' dir='ltr'>ξ.</span> 
     </span>
     <span class='ocr_line' id='line_1_57' title="bbox 1335 1193 2342 1231; baseline 0.005 -9"><span class='ocrx_word' id='word_1_370' title='bbox 1335 1193 1422 1223; x_wconf 85' lang='lat' dir='ltr'>dinis</span> <span class='ocrx_word' id='word_1_371' title='bbox 1445 1193 1477 1224; x_wconf 88' lang='lat' dir='ltr'>S.</span> <span class='ocrx_word' id='word_1_372' title='bbox 1504 1193 1681 1230; x_wconf 85' lang='lat' dir='ltr'>Benedicti,</span> <span class='ocrx_word' id='word_1_373' title='bbox 1707 1195 1799 1224; x_wconf 88' lang='lat' dir='ltr'>sitam</span> <span class='ocrx_word' id='word_1_374' title='bbox 1816 1195 1849 1224; x_wconf 91' lang='lat' dir='ltr'>in</span> <span class='ocrx_word' id='word_1_375' title='bbox 1868 1194 1918 1224; x_wconf 90' lang='lat' dir='ltr'>via</span> <span class='ocrx_word' id='word_1_376' title='bbox 1939 1194 2079 1231; x_wconf 83' lang='lat' dir='ltr'>Salaria,</span> <span class='ocrx_word' id='word_1_377' title='bbox 2099 1195 2133 1225; x_wconf 93' lang='lat' dir='ltr'>in</span> <span class='ocrx_word' id='word_1_378' title='bbox 2153 1197 2342 1229; x_wconf 81' lang='lat' dir='ltr'>coemeterio</span> 
     </span>
     <span class='ocr_line' id='line_1_58' title="bbox 1336 1234 2381 1289; baseline 0.006 -14"><span class='ocrx_word' id='word_1_379' title='bbox 1336 1246 1501 1276; x_wconf 80' lang='lat' dir='ltr'>Priscillae</span> <span class='ocrx_word' id='word_1_380' title='bbox 1516 1251 1546 1276; x_wconf 89' lang='lat' dir='ltr'>et</span> <span class='ocrx_word' id='word_1_381' title='bbox 1564 1246 1720 1283; x_wconf 78' lang='lat' dir='ltr'>Basillae,</span> <span class='ocrx_word' id='word_1_382' title='bbox 1739 1256 1833 1286; x_wconf 82' lang='lat' dir='ltr'>prope</span> <span class='ocrx_word' id='word_1_383' title='bbox 1851 1248 1983 1284; x_wconf 81' lang='lat' dir='ltr'>Urbem,</span> <span class='ocrx_word' id='word_1_384' title='bbox 2003 1248 2249 1278; x_wconf 87' lang='lat' dir='ltr'>visitaverintiu</span> <span class='ocrx_word' id='word_1_385' title='bbox 2265 1248 2342 1281; x_wconf 77' lang='lat' dir='ltr'>festo</span> <span class='ocrx_word' id='word_1_386' title='bbox 2370 1234 2381 1289; x_wconf 57' lang='lat'>⁵</span> 
     </span>
     <span class='ocr_line' id='line_1_59' title="bbox 1335 1296 2379 1340; baseline 0.004 -10"><span class='ocrx_word' id='word_1_387' title='bbox 1335 1300 1367 1330; x_wconf 86' lang='lat' dir='ltr'>S.</span> <span class='ocrx_word' id='word_1_388' title='bbox 1383 1299 1552 1329; x_wconf 85' lang='lat' dir='ltr'>Saturnini</span> <span class='ocrx_word' id='word_1_389' title='bbox 1569 1300 1732 1339; x_wconf 81' lang='lat' dir='ltr'>martyris,</span> <span class='ocrx_word' id='word_1_390' title='bbox 1751 1301 1784 1330; x_wconf 90' lang='lat' dir='ltr'>in</span> <span class='ocrx_word' id='word_1_391' title='bbox 1802 1302 1893 1340; x_wconf 87' lang='lat' dir='ltr'>cujus</span> <span class='ocrx_word' id='word_1_392' title='bbox 1913 1301 2064 1331; x_wconf 83' lang='lat' dir='ltr'>honorem</span> <span class='ocrx_word' id='word_1_393' title='bbox 2084 1301 2193 1332; x_wconf 85' lang='lat' dir='ltr'>eadem</span> <span class='ocrx_word' id='word_1_394' title='bbox 2210 1302 2342 1334; x_wconf 74' lang='lat' dir='ltr'>ecelesia</span> <span class='ocrx_word' id='word_1_395' title='bbox 2363 1296 2379 1339; x_wconf 88' lang='lat'>3</span> 
     </span>
     <span class='ocr_line' id='line_1_60' title="bbox 1333 1348 2388 1483; baseline 0.004 -101"><span class='ocrx_word' id='word_1_396' title='bbox 1333 1358 1514 1383; x_wconf 89' lang='lat' dir='ltr'>constructa</span> <span class='ocrx_word' id='word_1_397' title='bbox 1530 1358 1588 1389; x_wconf 88' lang='lat' dir='ltr'>est,</span> <span class='ocrx_word' id='word_1_398' title='bbox 1606 1358 1636 1383; x_wconf 88' lang='lat' dir='ltr'>et</span> <span class='ocrx_word' id='word_1_399' title='bbox 1649 1354 1786 1391; x_wconf 76' lang='lat' dir='ltr'>singulis</span> <span class='ocrx_word' id='word_1_400' title='bbox 1801 1354 1974 1384; x_wconf 82' lang='lat' dir='ltr'>dominicis</span> <span class='ocrx_word' id='word_1_401' title='bbox 1990 1355 2102 1385; x_wconf 87' lang='lat' dir='ltr'>diebus</span> <span class='ocrx_word' id='word_1_402' title='bbox 2118 1355 2250 1394; x_wconf 74' lang='lat' dir='ltr'>maioris</span> <span class='ocrx_word' id='word_1_403' title='bbox 2266 1364 2340 1395; x_wconf 85' lang='lat' dir='ltr'>qua·</span> <span class='ocrx_word' id='word_1_404' title='bbox 2361 1348 2388 1483; x_wconf 64' lang='grc' dir='ltr'>Ξ</span> 
     </span>
    </p>
   </div>
   <div class='ocr_carea' id='block_1_13' title="bbox 1378 998 2387 1232">
    <p class='ocr_par' dir='ltr' id='par_1_26' title="bbox 1378 998 2387 1232">
     <span class='ocr_line' id='line_1_61' title="bbox 2371 998 2379 1015; baseline 0 -10"><span class='ocrx_word' id='word_1_405' title='bbox 2371 998 2379 1015; x_wconf 65' lang='lat'>,</span> 
     </span>
     <span class='ocr_line' id='line_1_62' title="bbox 2372 1056 2384 1072; baseline 0 0"><span class='ocrx_word' id='word_1_406' title='bbox 2372 1056 2384 1072; x_wconf 67' lang='lat'>0</span> 
     </span>
     <span class='ocr_line' id='line_1_63' title="bbox 1378 1076 2383 1149; baseline 0.005 -34"><span class='ocrx_word' id='word_1_407' title='bbox 1378 1086 1532 1126; x_wconf 57' lang='lat' dir='ltr'>Universis</span> <span class='ocrx_word' id='word_1_408' title='bbox 1552 1086 1665 1117; x_wconf 78' lang='lat' dir='ltr'>Christi</span> <span class='ocrx_word' id='word_1_409' title='bbox 1683 1088 1822 1124; x_wconf 80' lang='lat' dir='ltr'>fidelibus</span> <span class='ocrx_word' id='word_1_410' title='bbox 1842 1093 1990 1126; x_wconf 82' lang='lat' dir='ltr'>presentes</span> <span class='ocrx_word' id='word_1_411' title='bbox 2009 1087 2128 1119; x_wconf 81' lang='lat' dir='ltr'>litteras</span> <span class='ocrx_word' id='word_1_412' title='bbox 2145 1090 2339 1127; x_wconf 74' lang='lat' dir='ltr'>inspecturis.</span> <span class='ocrx_word' id='word_1_413' title='bbox 2366 1076 2383 1149; x_wconf 32' lang='grc' dir='ltr'>ἐι.</span> 
     </span>
     <span class='ocr_line' id='line_1_64' title="bbox 2364 1201 2387 1232; baseline 0 0"><span class='ocrx_word' id='word_1_414' title='bbox 2364 1201 2387 1232; x_wconf 67' lang='grc' dir='ltr'>Ἰ·</span> 
     </span>
    </p>
   </div>
   <div class='ocr_carea' id='block_1_14' title="bbox 1329 1406 2390 2147">
    <p class='ocr_par' dir='ltr' id='par_1_27' title="bbox 1333 1406 2390 1589">
     <span class='ocr_line' id='line_1_65' title="bbox 1334 1406 2368 1448; baseline 0.005 -13"><span class='ocrx_word' id='word_1_415' title='bbox 1334 1407 1533 1445; x_wconf 85' lang='lat' dir='ltr'>dragesimae</span> <span class='ocrx_word' id='word_1_416' title='bbox 1549 1407 1645 1436; x_wconf 89' lang='lat' dir='ltr'>nnius</span> <span class='ocrx_word' id='word_1_417' title='bbox 1666 1408 1746 1437; x_wconf 86' lang='lat' dir='ltr'>anni</span> <span class='ocrx_word' id='word_1_418' title='bbox 1762 1413 1791 1437; x_wconf 90' lang='lat' dir='ltr'>et</span> <span class='ocrx_word' id='word_1_419' title='bbox 1811 1408 2022 1447; x_wconf 83' lang='lat' dir='ltr'>quadraginta</span> <span class='ocrx_word' id='word_1_420' title='bbox 2038 1408 2164 1439; x_wconf 91' lang='lat' dir='ltr'>dierum</span> <span class='ocrx_word' id='word_1_421' title='bbox 2176 1434 2184 1448; x_wconf 95' lang='lat'>,</span> <span class='ocrx_word' id='word_1_422' title='bbox 2202 1409 2340 1448; x_wconf 80' lang='lat' dir='ltr'>singulis</span> <span class='ocrx_word' id='word_1_423' title='bbox 2363 1406 2368 1411; x_wconf 79' lang='grc'><em>’</em></span> 
     </span>
     <span class='ocr_line' id='line_1_66' title="bbox 1334 1460 2361 1500; baseline 0.003 -11"><span class='ocrx_word' id='word_1_424' title='bbox 1334 1469 1408 1491; x_wconf 90' lang='lat' dir='ltr'>vero</span> <span class='ocrx_word' id='word_1_425' title='bbox 1432 1460 1544 1490; x_wconf 90' lang='lat' dir='ltr'>diebus</span> <span class='ocrx_word' id='word_1_426' title='bbox 1567 1460 1709 1499; x_wconf 85' lang='lat' dir='ltr'>ejusdem</span> <span class='ocrx_word' id='word_1_427' title='bbox 1732 1461 1995 1500; x_wconf 84' lang='lat' dir='ltr'>quadragesimae</span> <span class='ocrx_word' id='word_1_428' title='bbox 2017 1471 2055 1492; x_wconf 68' lang='lat' dir='ltr'>xc</span> <span class='ocrx_word' id='word_1_429' title='bbox 2077 1461 2203 1493; x_wconf 86' lang='lat' dir='ltr'>dierum</span> <span class='ocrx_word' id='word_1_430' title='bbox 2229 1463 2361 1494; x_wconf 88' lang='lat' dir='ltr'>indu1-.</span> 
     </span>
     <span class='ocr_line' id='line_1_67' title="bbox 1333 1485 2390 1589; baseline 0 -46"><span class='ocrx_word' id='word_1_431' title='bbox 1333 1514 1477 1552; x_wconf 85' lang='lat' dir='ltr'>gentiam</span> <span class='ocrx_word' id='word_1_432' title='bbox 1493 1514 1647 1543; x_wconf 78' lang='lat' dir='ltr'>concedit.</span> <span class='ocrx_word' id='word_1_433' title='bbox 2363 1485 2390 1589; x_wconf 61' lang='grc' dir='ltr'><strong><em>ξ</em></strong></span> 
     </span>
    </p>

    <p class='ocr_par' dir='ltr' id='par_1_28' title="bbox 1332 1568 2339 1705">
     <span class='ocr_line' id='line_1_68' title="bbox 1374 1568 2339 1609; baseline 0.005 -14"><span class='ocrx_word' id='word_1_434' title='bbox 1374 1580 1388 1595; x_wconf 92' lang='lat'>«</span> <span class='ocrx_word' id='word_1_435' title='bbox 1416 1568 1495 1597; x_wconf 89' lang='lat' dir='ltr'>Loca</span> <span class='ocrx_word' id='word_1_436' title='bbox 1520 1571 1704 1597; x_wconf 88' lang='lat' dir='ltr'>sanctorum</span> <span class='ocrx_word' id='word_1_437' title='bbox 1731 1568 1914 1599; x_wconf 88' lang='lat' dir='ltr'>omnium...</span> <span class='ocrx_word' id='word_1_438' title='bbox 1939 1584 1978 1590; x_wconf 93' lang='lat'>—</span> <span class='ocrx_word' id='word_1_439' title='bbox 2006 1569 2078 1598; x_wconf 88' lang='lat' dir='ltr'>Dat.</span> <span class='ocrx_word' id='word_1_440' title='bbox 2111 1568 2227 1607; x_wconf 83' lang='lat' dir='ltr'>Rome,</span> <span class='ocrx_word' id='word_1_441' title='bbox 2255 1569 2339 1609; x_wconf 85' lang='lat' dir='ltr'>apud</span> 
     </span>
     <span class='ocr_line' id='line_1_69' title="bbox 1333 1620 2338 1659; baseline 0.001 -8"><span class='ocrx_word' id='word_1_442' title='bbox 1333 1621 1483 1651; x_wconf 84' lang='lat' dir='ltr'>Sanctam</span> <span class='ocrx_word' id='word_1_443' title='bbox 1505 1620 1638 1649; x_wconf 83' lang='lat' dir='ltr'>Mariam</span> <span class='ocrx_word' id='word_1_444' title='bbox 1655 1621 1825 1659; x_wconf 84' lang='lat' dir='ltr'>Maj0rem‚</span> <span class='ocrx_word' id='word_1_445' title='bbox 1845 1621 1951 1651; x_wconf 89' lang='lat' dir='ltr'>idibus</span> <span class='ocrx_word' id='word_1_446' title='bbox 1965 1621 2162 1658; x_wconf 83' lang='lat' dir='ltr'>decembris,</span> <span class='ocrx_word' id='word_1_447' title='bbox 2181 1629 2268 1652; x_wconf 89' lang='lat' dir='ltr'>anno</span> <span class='ocrx_word' id='word_1_448' title='bbox 2287 1630 2338 1652; x_wconf 80' lang='lat' dir='ltr'>se-</span> 
     </span>
     <span class='ocr_line' id='line_1_70' title="bbox 1332 1674 1478 1705; baseline -0.027 0"><span class='ocrx_word' id='word_1_449' title='bbox 1332 1674 1447 1705; x_wconf 87' lang='lat' dir='ltr'>eundo.</span> <span class='ocrx_word' id='word_1_450' title='bbox 1466 1685 1478 1701; x_wconf 73' lang='lat' dir='ltr'>n</span> 
     </span>
    </p>

    <p class='ocr_par' dir='ltr' id='par_1_29' title="bbox 1674 1727 2265 1762">
     <span class='ocr_line' id='line_1_71' title="bbox 1674 1727 2265 1762; baseline 0.003 -9"><span class='ocrx_word' id='word_1_451' title='bbox 1674 1727 2038 1762; x_wconf 80' lang='lat' dir='ltr'>Sainte-Marie-Majeure,</span> <span class='ocrx_word' id='word_1_452' title='bbox 2054 1727 2087 1754; x_wconf 79' lang='lat'>28</span> <span class='ocrx_word' id='word_1_453' title='bbox 2103 1728 2170 1755; x_wconf 78' lang='lat' dir='ltr'>aont</span> <span class='ocrx_word' id='word_1_454' title='bbox 2188 1727 2265 1755; x_wconf 76' lang='lat'>1289.</span> 
     </span>
    </p>

    <p class='ocr_par' dir='ltr' id='par_1_30' title="bbox 1329 1789 2381 2147">
     <span class='ocr_line' id='line_1_72' title="bbox 1371 1789 2336 1821; baseline 0 -1"><span class='ocrx_word' id='word_1_455' title='bbox 1371 1791 1409 1820; x_wconf 89' lang='lat' dir='ltr'>In</span> <span class='ocrx_word' id='word_1_456' title='bbox 1426 1800 1453 1821; x_wconf 88' lang='lat' dir='ltr'>e.</span> <span class='ocrx_word' id='word_1_457' title='bbox 1471 1799 1514 1820; x_wconf 87' lang='lat' dir='ltr'>m.</span> <span class='ocrx_word' id='word_1_458' title='bbox 1534 1813 1554 1820; x_wconf 87' lang='lat'>..</span> <span class='ocrx_word' id='word_1_459' title='bbox 1572 1790 1677 1820; x_wconf 79' lang='lat' dir='ltr'>abbati</span> <span class='ocrx_word' id='word_1_460' title='bbox 1694 1794 1722 1820; x_wconf 84' lang='lat' dir='ltr'>et</span> <span class='ocrx_word' id='word_1_461' title='bbox 1738 1789 1909 1820; x_wconf 87' lang='lat' dir='ltr'>conventui</span> <span class='ocrx_word' id='word_1_462' title='bbox 1924 1789 2106 1820; x_wconf 85' lang='lat' dir='ltr'>monasterii</span> <span class='ocrx_word' id='word_1_463' title='bbox 2127 1789 2234 1820; x_wconf 85' lang='lat' dir='ltr'>Sancti</span> <span class='ocrx_word' id='word_1_464' title='bbox 2250 1789 2336 1821; x_wconf 79' lang='lat' dir='ltr'>Petri</span> 
     </span>
     <span class='ocr_line' id='line_1_73' title="bbox 1331 1842 2337 1882; baseline 0 -8"><span class='ocrx_word' id='word_1_465' title='bbox 1331 1844 1508 1882; x_wconf 85' lang='lat' dir='ltr'>Eugubini,</span> <span class='ocrx_word' id='word_1_466' title='bbox 1526 1843 1565 1873; x_wconf 91' lang='lat' dir='ltr'>ad</span> <span class='ocrx_word' id='word_1_467' title='bbox 1582 1851 1747 1873; x_wconf 80' lang='lat' dir='ltr'>romanam</span> <span class='ocrx_word' id='word_1_468' title='bbox 1765 1842 1931 1873; x_wconf 86' lang='lat' dir='ltr'>ecclesiam</span> <span class='ocrx_word' id='word_1_469' title='bbox 1950 1842 2040 1872; x_wconf 89' lang='lat' dir='ltr'>nullo</span> <span class='ocrx_word' id='word_1_470' title='bbox 2056 1842 2161 1872; x_wconf 89' lang='lat' dir='ltr'>medio</span> <span class='ocrx_word' id='word_1_471' title='bbox 2178 1843 2337 1881; x_wconf 86' lang='lat' dir='ltr'>pertinen-</span> 
     </span>
     <span class='ocr_line' id='line_1_74' title="bbox 1331 1887 2381 1934; baseline -0.001 -7"><span class='ocrx_word' id='word_1_472' title='bbox 1331 1898 1390 1934; x_wconf 87' lang='lat' dir='ltr'>tis,</span> <span class='ocrx_word' id='word_1_473' title='bbox 1409 1897 1533 1927; x_wconf 87' lang='lat' dir='ltr'>ordinis</span> <span class='ocrx_word' id='word_1_474' title='bbox 1555 1896 1587 1926; x_wconf 90' lang='lat' dir='ltr'>S.</span> <span class='ocrx_word' id='word_1_475' title='bbox 1619 1896 1794 1926; x_wconf 84' lang='lat' dir='ltr'>Benedicti.</span> <span class='ocrx_word' id='word_1_476' title='bbox 1825 1895 2068 1934; x_wconf 81' lang='lat' dir='ltr'>Indulgentiam</span> <span class='ocrx_word' id='word_1_477' title='bbox 2091 1896 2188 1926; x_wconf 84' lang='lat' dir='ltr'>un-ius</span> <span class='ocrx_word' id='word_1_478' title='bbox 2212 1896 2291 1926; x_wconf 89' lang='lat' dir='ltr'>anni</span> <span class='ocrx_word' id='word_1_479' title='bbox 2306 1900 2338 1927; x_wconf 81' lang='lat' dir='ltr'>et</span> <span class='ocrx_word' id='word_1_480' title='bbox 2379 1887 2381 1893; x_wconf 59' lang='lat'><strong>¹</strong></span> 
     </span>
     <span class='ocr_line' id='line_1_75' title="bbox 1329 1949 2349 1988; baseline 0 -7"><span class='ocrx_word' id='word_1_481' title='bbox 1329 1961 1367 1981; x_wconf 75' lang='lat' dir='ltr'>XL</span> <span class='ocrx_word' id='word_1_482' title='bbox 1391 1951 1518 1980; x_wconf 91' lang='lat' dir='ltr'>dierum</span> <span class='ocrx_word' id='word_1_483' title='bbox 1543 1949 1686 1980; x_wconf 83' lang='lat' dir='ltr'>concedit</span> <span class='ocrx_word' id='word_1_484' title='bbox 1709 1949 1755 1979; x_wconf 83' lang='lat' dir='ltr'>eis</span> <span class='ocrx_word' id='word_1_485' title='bbox 1780 1950 1834 1988; x_wconf 87' lang='lat' dir='ltr'>qui</span> <span class='ocrx_word' id='word_1_486' title='bbox 1855 1957 1965 1979; x_wconf 86' lang='lat' dir='ltr'>eorum</span> <span class='ocrx_word' id='word_1_487' title='bbox 1988 1949 2154 1979; x_wconf 84' lang='lat' dir='ltr'>ecclesiam</span> <span class='ocrx_word' id='word_1_488' title='bbox 2175 1949 2209 1979; x_wconf 91' lang='lat' dir='ltr'>in</span> <span class='ocrx_word' id='word_1_489' title='bbox 2229 1949 2349 1981; x_wconf 83' lang='lat' dir='ltr'>beatae.</span> 
     </span>
     <span class='ocr_line' id='line_1_76' title="bbox 1330 2002 2335 2041; baseline -0.001 -7"><span class='ocrx_word' id='word_1_490' title='bbox 1330 2004 1463 2040; x_wconf 83' lang='lat' dir='ltr'>Mariae,</span> <span class='ocrx_word' id='word_1_491' title='bbox 1480 2003 1512 2033; x_wconf 93' lang='lat' dir='ltr'>S.</span> <span class='ocrx_word' id='word_1_492' title='bbox 1532 2003 1618 2032; x_wconf 89' lang='lat' dir='ltr'>Petri</span> <span class='ocrx_word' id='word_1_493' title='bbox 1636 2002 1769 2041; x_wconf 86' lang='lat' dir='ltr'>apostoli</span> <span class='ocrx_word' id='word_1_494' title='bbox 1786 2007 1816 2032; x_wconf 91' lang='lat' dir='ltr'>et</span> <span class='ocrx_word' id='word_1_495' title='bbox 1833 2002 1867 2032; x_wconf 89' lang='lat' dir='ltr'>S.</span> <span class='ocrx_word' id='word_1_496' title='bbox 1888 2002 2053 2032; x_wconf 86' lang='lat' dir='ltr'>Benedicti</span> <span class='ocrx_word' id='word_1_497' title='bbox 2067 2002 2258 2033; x_wconf 83' lang='lat' dir='ltr'>confessoris</span> <span class='ocrx_word' id='word_1_498' title='bbox 2275 2003 2335 2033; x_wconf 85' lang='lat' dir='ltr'>fes-</span> 
     </span>
     <span class='ocr_line' id='line_1_77' title="bbox 1329 2056 2336 2096; baseline 0 -9"><span class='ocrx_word' id='word_1_499' title='bbox 1329 2057 1506 2088; x_wconf 89' lang='lat' dir='ltr'>tivitatibus</span> <span class='ocrx_word' id='word_1_500' title='bbox 1524 2057 1733 2086; x_wconf 86' lang='lat' dir='ltr'>visitaverint.</span> <span class='ocrx_word' id='word_1_501' title='bbox 1756 2057 1823 2086; x_wconf 87' lang='lat' dir='ltr'>Dat.</span> <span class='ocrx_word' id='word_1_502' title='bbox 1853 2057 1968 2093; x_wconf 78' lang='lat' dir='ltr'>Reate,</span> <span class='ocrx_word' id='word_1_503' title='bbox 1992 2066 2012 2086; x_wconf 92' lang='lat' dir='ltr'>v</span> <span class='ocrx_word' id='word_1_504' title='bbox 2028 2056 2182 2086; x_wconf 82' lang='lat' dir='ltr'>kalendas</span> <span class='ocrx_word' id='word_1_505' title='bbox 2198 2061 2336 2096; x_wconf 81' lang='lat' dir='ltr'>septem-</span> 
     </span>
     <span class='ocr_line' id='line_1_78' title="bbox 1329 2110 1676 2147; baseline -0.009 -5"><span class='ocrx_word' id='word_1_506' title='bbox 1329 2112 1408 2147; x_wconf 82' lang='lat' dir='ltr'>bris,</span> <span class='ocrx_word' id='word_1_507' title='bbox 1426 2119 1512 2141; x_wconf 87' lang='lat' dir='ltr'>anno</span> <span class='ocrx_word' id='word_1_508' title='bbox 1526 2110 1676 2141; x_wconf 87' lang='lat' dir='ltr'>secundo.</span> 
     </span>
    </p>
   </div>
   <div class='ocr_carea' id='block_1_15' title="bbox 2335 2116 2368 2555">
    <p class='ocr_par' dir='ltr' id='par_1_31' title="bbox 2335 2116 2368 2555">
     <span class='ocr_line' id='line_1_79' title="bbox 2335 2116 2368 2451; baseline 0 0"><span class='ocrx_word' id='word_1_509' title='bbox 2335 2116 2367 2451; x_wconf 95' lang='lat' dir='ltr'>  </span> <span class='ocrx_word' id='word_1_510' title='bbox 2346 2380 2368 2419; x_wconf 95' lang='lat' dir='ltr'> </span> 
     </span>
     <span class='ocr_line' id='line_1_80' title="bbox 2338 2451 2367 2555; baseline 0 0"><span class='ocrx_word' id='word_1_511' title='bbox 2338 2451 2367 2555; x_wconf 95' lang='lat' dir='ltr'>  </span> 
     </span>
    </p>
   </div>
   <div class='ocr_carea' id='block_1_16' title="bbox 1327 2285 2365 2430">
    <p class='ocr_par' dir='ltr' id='par_1_32' title="bbox 1327 2285 2365 2430">
     <span class='ocr_line' id='line_1_81' title="bbox 1403 2285 1514 2314; baseline -0.009 -1"><span class='ocrx_word' id='word_1_512' title='bbox 1403 2285 1514 2314; x_wconf 53' lang='lat'>129¹</span> 
     </span>
     <span class='ocr_line' id='line_1_82' title="bbox 1364 2344 2365 2394; baseline -0.002 -19"><span class='ocrx_word' id='word_1_513' title='bbox 1364 2348 1458 2375; x_wconf 85' lang='lat' dir='ltr'>Locus</span> <span class='ocrx_word' id='word_1_514' title='bbox 1474 2347 1592 2374; x_wconf 78' lang='lat' dir='ltr'>fratrum</span> <span class='ocrx_word' id='word_1_515' title='bbox 1610 2346 1807 2373; x_wconf 76' lang='lat' dir='ltr'>poenitentiae</span> <span class='ocrx_word' id='word_1_516' title='bbox 1822 2345 1892 2373; x_wconf 84' lang='lat' dir='ltr'>Jesu</span> <span class='ocrx_word' id='word_1_517' title='bbox 1906 2345 2012 2373; x_wconf 89' lang='lat' dir='ltr'>Christi</span> <span class='ocrx_word' id='word_1_518' title='bbox 2025 2345 2166 2373; x_wconf 82' lang='lat' dir='ltr'>ecclesiae</span> <span class='ocrx_word' id='word_1_519' title='bbox 2182 2344 2346 2394; x_wconf 46' lang='lat' dir='ltr'>Bajocenuit</span> <span class='ocrx_word' id='word_1_520' title='bbox 2363 2374 2365 2379; x_wconf 77' lang='grc'>,</span> 
     </span>
     <span class='ocr_line' id='line_1_83' title="bbox 1327 2395 1931 2430; baseline -0.003 -6"><span class='ocrx_word' id='word_1_521' title='bbox 1327 2397 1468 2424; x_wconf 89' lang='lat' dir='ltr'>venditur.</span> <span class='ocrx_word' id='word_1_522' title='bbox 1486 2396 1570 2430; x_wconf 71' lang='lat' dir='ltr'>(Rau.</span> <span class='ocrx_word' id='word_1_523' title='bbox 1588 2396 1635 2430; x_wconf 67' lang='lat'>44,</span> <span class='ocrx_word' id='word_1_524' title='bbox 1653 2404 1669 2423; x_wconf 91' lang='lat' dir='ltr'>c</span> <span class='ocrx_word' id='word_1_525' title='bbox 1694 2396 1761 2428; x_wconf 77' lang='lat'>670,</span> <span class='ocrx_word' id='word_1_526' title='bbox 1779 2396 1797 2422; x_wconf 85' lang='lat' dir='ltr'>f.</span> <span class='ocrx_word' id='word_1_527' title='bbox 1812 2396 1861 2423; x_wconf 68' lang='grc' dir='ltr'>ζ261</span> <span class='ocrx_word' id='word_1_528' title='bbox 1881 2395 1931 2429; x_wconf 73' lang='grc' dir='ltr'>νο.)</span> 
     </span>
    </p>
   </div>
   <div class='ocr_carea' id='block_1_17' title="bbox 1595 2283 2262 2318">
    <p class='ocr_par' dir='ltr' id='par_1_33' title="bbox 1595 2283 2262 2318">
     <span class='ocr_line' id='line_1_84' title="bbox 1595 2283 2262 2318; baseline 0 -9"><span class='ocrx_word' id='word_1_529' title='bbox 1595 2283 1950 2318; x_wconf 81' lang='lat' dir='ltr'>Sainte-Marie—Mnjeure,</span> <span class='ocrx_word' id='word_1_530' title='bbox 1965 2283 2000 2310; x_wconf 74' lang='lat'>20</span> <span class='ocrx_word' id='word_1_531' title='bbox 2016 2283 2166 2310; x_wconf 78' lang='lat' dir='ltr'>decembre</span> <span class='ocrx_word' id='word_1_532' title='bbox 2183 2283 2262 2311; x_wconf 81' lang='lat'>1‘289.</span> 
     </span>
    </p>
   </div>
   <div class='ocr_carea' id='block_1_18' title="bbox 1322 2486 2363 3070">
    <p class='ocr_par' dir='ltr' id='par_1_34' title="bbox 1322 2486 2363 3070">
     <span class='ocr_line' id='line_1_85' title="bbox 1368 2486 2363 2538; baseline -0.002 -8"><span class='ocrx_word' id='word_1_533' title='bbox 1368 2523 1387 2530; x_wconf 91' lang='lat'>..</span> <span class='ocrx_word' id='word_1_534' title='bbox 1408 2501 1517 2529; x_wconf 79' lang='lat' dir='ltr'>decano</span> <span class='ocrx_word' id='word_1_535' title='bbox 1530 2499 1646 2528; x_wconf 78' lang='lat' dir='ltr'>ecclesie</span> <span class='ocrx_word' id='word_1_536' title='bbox 1662 2499 1857 2528; x_wconf 70' lang='lat' dir='ltr'>Lemoviensz&#39;s.</span> <span class='ocrx_word' id='word_1_537' title='bbox 1877 2510 1891 2525; x_wconf 73' lang='grc' dir='ltr'>(ι</span> <span class='ocrx_word' id='word_1_538' title='bbox 1909 2497 2114 2535; x_wconf 80' lang='lat' dir='ltr'>Significavit</span> <span class='ocrx_word' id='word_1_539' title='bbox 2131 2497 2222 2528; x_wconf 73' lang='lat' dir='ltr'>noble</span> <span class='ocrx_word' id='word_1_540' title='bbox 2238 2504 2338 2538; x_wconf 62' lang='grc' dir='ltr'>νθιιθςΔ</span> <span class='ocrx_word' id='word_1_541' title='bbox 2361 2486 2363 2491; x_wconf 39' lang='lat'><strong><em>⁴</em></strong></span> 
     </span>
     <span class='ocr_line' id='line_1_86' title="bbox 1325 2548 2357 2595; baseline -0.005 -11"><span class='ocrx_word' id='word_1_542' title='bbox 1325 2553 1433 2584; x_wconf 87' lang='lat' dir='ltr'>rabilis</span> <span class='ocrx_word' id='word_1_543' title='bbox 1455 2552 1550 2581; x_wconf 80' lang='lat' dir='ltr'>frater</span> <span class='ocrx_word' id='word_1_544' title='bbox 1567 2555 1672 2581; x_wconf 87' lang='lat' dir='ltr'>noster</span> <span class='ocrx_word' id='word_1_545' title='bbox 1690 2574 1709 2580; x_wconf 92' lang='lat'>..</span> <span class='ocrx_word' id='word_1_546' title='bbox 1728 2551 1892 2590; x_wconf 84' lang='lat' dir='ltr'>episcopus</span> <span class='ocrx_word' id='word_1_547' title='bbox 1912 2551 2093 2589; x_wconf 72' lang='lat' dir='ltr'>Baioeeusis</span> <span class='ocrx_word' id='word_1_548' title='bbox 2110 2555 2159 2588; x_wconf 88' lang='lat' dir='ltr'>ut,</span> <span class='ocrx_word' id='word_1_549' title='bbox 2179 2558 2252 2580; x_wconf 89' lang='lat' dir='ltr'>cum</span> <span class='ocrx_word' id='word_1_550' title='bbox 2273 2548 2357 2595; x_wconf 58' lang='lat' dir='ltr'>do-=„3·⁴</span> 
     </span>
     <span class='ocr_line' id='line_1_87' title="bbox 1325 2597 2359 2638; baseline -0.005 -1"><span class='ocrx_word' id='word_1_551' title='bbox 1325 2616 1396 2637; x_wconf 87' lang='lat' dir='ltr'>mus</span> <span class='ocrx_word' id='word_1_552' title='bbox 1421 2614 1476 2636; x_wconf 90' lang='lat' dir='ltr'>seu</span> <span class='ocrx_word' id='word_1_553' title='bbox 1499 2604 1587 2635; x_wconf 87' lang='lat' dir='ltr'>locus</span> <span class='ocrx_word' id='word_1_554' title='bbox 1610 2604 1741 2634; x_wconf 80' lang='lat' dir='ltr'>fratrum</span> <span class='ocrx_word' id='word_1_555' title='bbox 1766 2604 1889 2634; x_wconf 87' lang='lat' dir='ltr'>ordinis</span> <span class='ocrx_word' id='word_1_556' title='bbox 1914 2603 2096 2634; x_wconf 84' lang='lat' dir='ltr'>Penitentie</span> <span class='ocrx_word' id='word_1_557' title='bbox 2113 2603 2190 2635; x_wconf 82' lang='lat' dir='ltr'>Jesu</span> <span class='ocrx_word' id='word_1_558' title='bbox 2211 2597 2359 2638; x_wconf 43' lang='lat' dir='ltr'>Christi*</span> 
     </span>
     <span class='ocr_line' id='line_1_88' title="bbox 1324 2639 2359 2712; baseline -0.004 -22"><span class='ocrx_word' id='word_1_559' title='bbox 1324 2661 1362 2690; x_wconf 89' lang='lat' dir='ltr'>de</span> <span class='ocrx_word' id='word_1_560' title='bbox 1378 2659 1532 2695; x_wconf 78' lang='lat' dir='ltr'>Cadomo,</span> <span class='ocrx_word' id='word_1_561' title='bbox 1554 2658 1734 2697; x_wconf 84' lang='lat' dir='ltr'>Bajocensis</span> <span class='ocrx_word' id='word_1_562' title='bbox 1750 2657 1901 2693; x_wconf 88' lang='lat' dir='ltr'>diocesis,</span> <span class='ocrx_word' id='word_1_563' title='bbox 1921 2657 1984 2686; x_wconf 87' lang='lat' dir='ltr'>sint</span> <span class='ocrx_word' id='word_1_564' title='bbox 1999 2657 2090 2687; x_wconf 87' lang='lat' dir='ltr'>valde</span> <span class='ocrx_word' id='word_1_565' title='bbox 2106 2657 2168 2687; x_wconf 87' lang='lat' dir='ltr'>sibi</span> <span class='ocrx_word' id='word_1_566' title='bbox 2182 2639 2359 2712; x_wconf 43' lang='lat' dir='ltr'>oportuni}</span> 
     </span>
     <span class='ocr_line' id='line_1_89' title="bbox 1325 2703 2351 2754; baseline -0.005 -11"><span class='ocrx_word' id='word_1_567' title='bbox 1325 2722 1379 2753; x_wconf 90' lang='lat' dir='ltr'>pro</span> <span class='ocrx_word' id='word_1_568' title='bbox 1403 2711 1600 2746; x_wconf 81' lang='lat' dir='ltr'>necessariis,</span> <span class='ocrx_word' id='word_1_569' title='bbox 1627 2710 1819 2740; x_wconf 87' lang='lat' dir='ltr'>utilitatibus</span> <span class='ocrx_word' id='word_1_570' title='bbox 1846 2715 1876 2740; x_wconf 91' lang='lat' dir='ltr'>et</span> <span class='ocrx_word' id='word_1_571' title='bbox 1904 2709 2182 2740; x_wconf 86' lang='lat' dir='ltr'>commoditatibus</span> <span class='ocrx_word' id='word_1_572' title='bbox 2201 2703 2351 2754; x_wconf 43' lang='lat' dir='ltr'>ecclesie}</span> 
     </span>
     <span class='ocr_line' id='line_1_90' title="bbox 1324 2756 2354 2807; baseline -0.005 -10"><span class='ocrx_word' id='word_1_573' title='bbox 1324 2765 1526 2806; x_wconf 78' lang='lat' dir='ltr'>Bajocensis,</span> <span class='ocrx_word' id='word_1_574' title='bbox 1544 2769 1575 2794; x_wconf 84' lang='lat' dir='ltr'>et</span> <span class='ocrx_word' id='word_1_575' title='bbox 1590 2764 1673 2803; x_wconf 89' lang='lat' dir='ltr'>quod</span> <span class='ocrx_word' id='word_1_576' title='bbox 1693 2763 1912 2793; x_wconf 82' lang='lat' dir='ltr'>verisimiliter</span> <span class='ocrx_word' id='word_1_577' title='bbox 1931 2763 2127 2802; x_wconf 88' lang='lat' dir='ltr'>presumitur</span> <span class='ocrx_word' id='word_1_578' title='bbox 2143 2761 2226 2802; x_wconf 85' lang='lat' dir='ltr'>quod</span> <span class='ocrx_word' id='word_1_579' title='bbox 2242 2756 2354 2807; x_wconf 49' lang='lat' dir='ltr'>locuszsl</span> 
     </span>
     <span class='ocr_line' id='line_1_91' title="bbox 1323 2813 2358 2867; baseline -0.005 -18"><span class='ocrx_word' id='word_1_580' title='bbox 1323 2821 1391 2859; x_wconf 90' lang='lat' dir='ltr'>ipse</span> <span class='ocrx_word' id='word_1_581' title='bbox 1408 2820 1441 2848; x_wconf 91' lang='lat' dir='ltr'>in</span> <span class='ocrx_word' id='word_1_582' title='bbox 1457 2819 1543 2848; x_wconf 88' lang='lat' dir='ltr'>brevi</span> <span class='ocrx_word' id='word_1_583' title='bbox 1558 2818 1597 2847; x_wconf 90' lang='lat' dir='ltr'>ab</span> <span class='ocrx_word' id='word_1_584' title='bbox 1618 2817 1696 2856; x_wconf 80' lang='lat' dir='ltr'>ipsis</span> <span class='ocrx_word' id='word_1_585' title='bbox 1713 2817 1864 2846; x_wconf 79' lang='lat' dir='ltr'>fratribus</span> <span class='ocrx_word' id='word_1_586' title='bbox 1879 2816 2044 2846; x_wconf 85' lang='lat' dir='ltr'>deseretur</span> <span class='ocrx_word' id='word_1_587' title='bbox 2058 2816 2135 2846; x_wconf 92' lang='lat' dir='ltr'>etin</span> <span class='ocrx_word' id='word_1_588' title='bbox 2154 2815 2252 2845; x_wconf 86' lang='lat' dir='ltr'>libera</span> <span class='ocrx_word' id='word_1_589' title='bbox 2266 2813 2358 2867; x_wconf 37' lang='lat' dir='ltr'>dis-,¹3¹</span> 
     </span>
     <span class='ocr_line' id='line_1_92' title="bbox 1322 2866 2349 2912; baseline -0.005 -10"><span class='ocrx_word' id='word_1_590' title='bbox 1322 2872 1479 2912; x_wconf 89' lang='lat' dir='ltr'>positione</span> <span class='ocrx_word' id='word_1_591' title='bbox 1497 2871 1582 2901; x_wconf 90' lang='lat' dir='ltr'>sedis</span> <span class='ocrx_word' id='word_1_592' title='bbox 1596 2870 1776 2909; x_wconf 87' lang='lat' dir='ltr'>apostolice,</span> <span class='ocrx_word' id='word_1_593' title='bbox 1789 2871 1880 2909; x_wconf 84' lang='lat' dir='ltr'>juxta</span> <span class='ocrx_word' id='word_1_594' title='bbox 1898 2875 2038 2900; x_wconf 87' lang='lat' dir='ltr'>tenorem</span> <span class='ocrx_word' id='word_1_595' title='bbox 2058 2866 2296 2899; x_wconf 86' lang='lat' dir='ltr'>constitutionis</span> <span class='ocrx_word' id='word_1_596' title='bbox 2306 2868 2349 2898; x_wconf 59' lang='lat' dir='ltr'>at:</span> 
     </span>
     <span class='ocr_line' id='line_1_93' title="bbox 1322 2922 2335 2962; baseline -0.005 -6"><span class='ocrx_word' id='word_1_597' title='bbox 1322 2926 1426 2956; x_wconf 78' lang='lat' dir='ltr'>felicis</span> <span class='ocrx_word' id='word_1_598' title='bbox 1443 2924 1670 2954; x_wconf 85' lang='lat' dir='ltr'>recordationis</span> <span class='ocrx_word' id='word_1_599' title='bbox 1686 2923 1840 2961; x_wconf 85' lang='lat' dir='ltr'>Gregorio</span> <span class='ocrx_word' id='word_1_600' title='bbox 1857 2931 1935 2962; x_wconf 85' lang='lat' dir='ltr'>papa</span> <span class='ocrx_word' id='word_1_601' title='bbox 1951 2922 1994 2959; x_wconf 90' lang='lat' dir='ltr'>X,</span> <span class='ocrx_word' id='word_1_602' title='bbox 2014 2922 2235 2962; x_wconf 84' lang='lat' dir='ltr'>predecessore</span> <span class='ocrx_word' id='word_1_603' title='bbox 2252 2927 2335 2958; x_wconf 62' lang='lat' dir='ltr'>nos-5</span> 
     </span>
     <span class='ocr_line' id='line_1_94' title="bbox 1323 2972 2321 3017; baseline -0.006 -8"><span class='ocrx_word' id='word_1_604' title='bbox 1323 2985 1384 3016; x_wconf 90' lang='lat' dir='ltr'>tro,</span> <span class='ocrx_word' id='word_1_605' title='bbox 1405 2988 1500 3017; x_wconf 86' lang='lat' dir='ltr'>super</span> <span class='ocrx_word' id='word_1_606' title='bbox 1523 2977 1581 3007; x_wconf 83' lang='lat' dir='ltr'>hoe</span> <span class='ocrx_word' id='word_1_607' title='bbox 1602 2978 1633 3006; x_wconf 89' lang='lat' dir='ltr'>in</span> <span class='ocrx_word' id='word_1_608' title='bbox 1664 2976 1805 3015; x_wconf 82' lang='lat' dir='ltr'>generali</span> <span class='ocrx_word' id='word_1_609' title='bbox 1831 2976 1965 3006; x_wconf 83' lang='lat' dir='ltr'>concilio</span> <span class='ocrx_word' id='word_1_610' title='bbox 1991 2974 2198 3013; x_wconf 83' lang='lat' dir='ltr'>Lugduneusi</span> <span class='ocrx_word' id='word_1_611' title='bbox 2224 2972 2321 3009; x_wconf 78' lang='lat' dir='ltr'>edito,</span> 
     </span>
     <span class='ocr_line' id='line_1_95' title="bbox 1322 3023 2333 3070; baseline -0.007 -8"><span class='ocrx_word' id='word_1_612' title='bbox 1322 3032 1509 3067; x_wconf 84' lang='lat' dir='ltr'>remanebit,</span> <span class='ocrx_word' id='word_1_613' title='bbox 1523 3030 1660 3070; x_wconf 83' lang='lat' dir='ltr'>prefatus</span> <span class='ocrx_word' id='word_1_614' title='bbox 1671 3030 1835 3069; x_wconf 90' lang='lat' dir='ltr'>episcopus</span> <span class='ocrx_word' id='word_1_615' title='bbox 1851 3029 1942 3059; x_wconf 86' lang='lat' dir='ltr'>nohis</span> <span class='ocrx_word' id='word_1_616' title='bbox 1956 3028 2123 3059; x_wconf 89' lang='lat' dir='ltr'>humiliter</span> <span class='ocrx_word' id='word_1_617' title='bbox 2135 3023 2333 3066; x_wconf 56' lang='lat' dir='ltr'>supplicavit*</span> 
     </span>
    </p>
   </div>
  </div>
 </body>
</html>
