2477 3637
253 364 290 394 58
1001 360 1237 392 REGISTRES
1261 362 1315 391 DE
1338 360 1521 392 NICOLAS
1545 361 1600 391 IV.

250 429 416 468 Peregrini
432 429 471 458 de
487 428 640 467 Alpibus„
657 428 695 457 ad
714 435 879 457 romanam
897 425 1060 455 ecclesiam
1078 426 1166 457 nullo
1185 436 1251 457 me-

249 483 302 513 dio
326 483 533 522 pertinentis,
565 482 709 511 Lucanae
731 479 900 513 dioecesiS.
922 479 960 508 ad
978 479 1129 509 solvenda
1153 488 1252 519 quae-

248 536 323 567 dam
362 536 485 571 debita,
530 534 745 564 vendiderunt
779 536 808 562 et
843 537 1086 568 concesserunt,
1126 533 1254 563 licentia

250 598 345 629 super
363 589 421 618 hoc
439 587 609 627 apostolica
631 595 693 616 non
711 585 850 621 obtenta,
876 607 894 614 ..
913 585 1010 623 priori
1032 589 1063 614 et
1080 587 1253 616 conventui

249 642 383 673 fratrum
413 641 661 680 praedicatorum
689 639 890 668 Lucanorum
913 638 1067 676 quasdam
1100 643 1198 668 terras
1224 643 1254 669 et

249 697 358 727 domos
374 699 440 725 orto
458 694 688 732 praedictorum
705 691 819 730 prioris
838 695 867 720 et
884 696 1059 721 conventus
1075 692 1252 730 contiguas,

249 748 476 788 quandamque
491 746 645 784 capellam
661 745 694 774 in
712 749 793 774 terra
809 745 1035 774 consistentem
1052 745 1220 784 praedicta.

290 814 303 827 a
322 801 385 831 Sua
402 800 491 830 nobis
508 799 675 828 dilectus...
697 815 735 819 —
750 798 820 827 Dat.
840 798 955 834 Reate,
973 807 991 827 x
1006 797 1159 828 kalendas
1174 803 1254 829 octo-

248 855 329 892 bris,
347 862 431 884 anno
446 855 560 893 primo.
581 865 594 879 n

317 1013 402 1042 3⁰8
769 1011 857 1043 Rieu,
871 1011 907 1038 24
923 1011 1086 1045 septembre
1104 1011 1181 1038 1288.

283 1075 325 1102 Ne
346 1076 410 1109 quis
433 1074 552 1100 fratrum
570 1073 795 1108 praedicatorum
817 1073 880 1100 sine
899 1073 1013 1099 licentia
1033 1073 1175 1106 generalis
1192 1080 1254 1098 ma—

247 1124 329 1159 gistri
346 1124 388 1149 vel
406 1123 508 1157 prioris
524 1122 708 1157 provincialis
728 1122 776 1149 fiat
791 1122 957 1157 episcopus.
974 1121 1057 1155 (Rae.
1078 1122 1125 1153 44,
1144 1129 1170 1148 c.
1188 1121 1252 1153 18-2.

246 1173 265 1200 f.
284 1173 315 1199 44
332 1179 379 1202 νος
397 1171 514 1204 Pori-n„
530 1170 638 1203 22816.)

287 1297 306 1304 ..
322 1275 469 1311 mayistro
485 1273 602 1302 ordinis
617 1275 755 1310 fratrum
774 1273 1016 1311 predicatorum.
1040 1284 1052 1298 ι
1069 1272 1185 1302 Petitio
1202 1276 1254 1301 tua

246 1328 338 1359 nobis
404 1327 599 1357 Auctoritate
614 1327 809 1366 presentium
821 1326 859 1356 de
873 1326 1002 1365 speciali
1016 1326 1117 1363 gratia
1132 1325 1255 1355 distric-

247 1382 308 1412 tius
324 1381 508 1410 inbibemus
528 1389 568 1410 ne
591 1380 702 1419 prefati
720 1380 843 1410 ordinis
859 1380 988 1417 fratres,
1008 1380 1035 1409 si
1050 1388 1101 1409 eos
1120 1380 1152 1408 in
1170 1379 1254 1418 epis-

245 1444 336 1474 copos
359 1434 434 1472 eligi
455 1438 510 1464 ant
530 1434 684 1472 postulari
708 1434 787 1464 forte
809 1433 994 1471 contigerit,
1016 1433 1163 1463 electioni
1188 1433 1255 1462 sive

244 1487 448 1528 postulationi
470 1487 509 1517 de
530 1496 562 1516 se
583 1487 662 1517 facte
684 1487 823 1517 audeant
842 1487 1023 1516 consentire
1038 1510 1044 1521 ,
1061 1490 1091 1515 et
1114 1486 1141 1515 si
1164 1494 1254 1515 secus

245 1541 508 1580 presumpserint,
526 1541 593 1578 ipso
612 1540 691 1570 facto
704 1540 770 1570 sint
780 1550 798 1570 a
809 1540 974 1579 quibusvis
985 1539 1098 1570 officiis
1110 1538 1253 1577 ejusdem

243 1594 365 1624 ordinis
384 1595 511 1632 penitus
533 1593 687 1630 absoluti,
714 1602 771 1623 nec
789 1593 905 1632 aliquis
921 1593 1177 1631 archiepiscopus
1198 1601 1253 1622 seu

244 1648 438 1687 quicumque
467 1647 549 1676 alius
561 1643 563 1645 ’
575 1646 713 1685 prelatus
742 1647 790 1676 vel
818 1648 913 1676 etiam
941 1646 1064 1684 legatus
1090 1646 1172 1675 sedis
1205 1646 1254 1684 ip-

243 1702 311 1731 sius
332 1702 430 1731 dictos
448 1701 576 1736 fratres,
596 1701 656 1729 nisi
671 1700 709 1729 de
729 1705 780 1730 tua
797 1699 845 1730 vel
863 1701 1004 1738 ipsorum
1022 1700 1165 1738 priorum
1182 1708 1253 1738 pro-

244 1754 449 1790 vintialium,
473 1754 530 1793 qni
556 1762 611 1792 pro
639 1758 777 1792 tempore
807 1754 946 1791 fuerint,
968 1753 1096 1783 licentia
1125 1758 1155 1782 et
1177 1761 1253 1782 con-

245 1816 354 1843 sensu,
370 1811 423 1836 ant
437 1807 520 1836 sedis
534 1807 677 1845 eJusdem
689 1806 817 1845 speciali
831 1806 991 1842 mandato,
1004 1807 1043 1835 ad
1057 1806 1254 1844 episcopatus

246 1860 296 1891 vel
314 1861 393 1890 alias
410 1860 581 1898 dignitates
597 1866 684 1889 extra
700 1860 818 1889 dictum
836 1860 982 1890 ordinem
1004 1868 1182 1895 assumere,
1205 1859 1252 1889 vel

243 1914 395 1945 ordinare
422 1918 620 1952 presumat...
653 1914 723 1942 Dat.
755 1913 869 1950 Reate,
899 1922 956 1950 vin
986 1912 1140 1942 kalendas
1170 1916 1254 1943 octo-

244 1968 326 2005 bris,
343 1976 429 1997 anno
444 1967 556 2006 primo.
577 1979 589 1994 »

315 2127 404 2155 309

281 2189 413 2215 Monactn
430 2188 638 2215 monasteriis.
652 2188 779 2214 Miniatis
795 2196 883 2223 prope
900 2187 1091 2214 Florentinam
1108 2189 1252 2215 civitatem

245 2246 339 2265 coram
362 2238 430 2264 sede
453 2238 610 2271 apostolica
634 2237 768 2264 citantur.
788 2237 872 2271 (Rae.
897 2237 940 2270 44,
965 2246 990 2263 c.
1018 2237 1077 2267 183,
1103 2237 1121 2264 f.
1150 2237 1182 2264 44
1200 2243 1250 2270 νος

246 2286 362 2316 Pei-ru„
380 2287 489 2318 228133.)

761 2125 854 2156 Rieti,
875 2126 905 2152 13
921 2126 1085 2161 septembre
1103 2126 1181 2153 1288.

285 2390 402 2418 Dileclis
424 2389 499 2425 filiis
519 2411 539 2417 ..
566 2390 667 2418 abbati
686 2390 866 2417 ‘monasterii
889 2388 996 2418 Sancte
1026 2390 1208 2425 Trinitatis,
1232 2411 1250 2418 ..

243 2443 345 2480 priori
358 2443 453 2471 sancti
468 2442 558 2471 Pauli
569 2447 595 2470 ct
609 2465 628 2470 ..
645 2443 793 2480 preposito
811 2442 954 2471 Omnium
964 2442 1158 2478 Sanctorum,
1172 2442 1254 2471 ordi-

246 2497 293 2525 nis
302 2496 550 2530 humiliatorum,
567 2495 825 2530 Florentium-mn,
842 2495 973 2524 mandat
987 2499 1144 2533 quatenus
1160 2495 1254 2524 abba-

245 2554 307 2578 tem
324 2553 354 2578 et
374 2548 546 2578 monachos
563 2549 748 2579 monasterii
765 2548 796 2578 S.
818 2548 960 2578 Miniutis
980 2557 1075 2587 prope
1091 2549 1252 2579 civitatem

244 2602 463 2632 Florentinum
505 2602 574 2638 siti,
610 2602 710 2640 ipsius
752 2601 937 2631 monasterii
982 2602 1021 2631 ab
1070 2601 1254 2632 Alexandro

245 2665 322 2695 papa
345 2654 644 2685 sam-timonialibns
670 2655 708 2684 de
736 2654 952 2691 Monticello,'
968 2654 1092 2685 ordinis
1119 2655 1253 2686 Sanctae

247 2708 358 2738 Clarae
374 2733 380 2743 ,
421 2708 625 2738 Florentinae
655 2708 826 2745 dioecesis,
863 2708 1006 2738 concessi
1047 2708 1227 2739 detentores
1243 2732 1250 2744 ,

245 2766 274 2790 et
294 2770 511 2800 quoscumque
531 2761 625 2798 alios,
648 2761 704 2799 qui
728 2770 785 2791 sua
803 2761 957 2790 interesse
975 2760 1188 2798 crediderint,
1209 2762 1254 2791 ci-

246 2818 311 2843 tare
329 2818 440 2844 curent
462 2819 493 2843 ut
516 2814 599 2844 inl'ra
621 2815 733 2853 viginti
755 2814 823 2844 dies
848 2819 915 2853 post
939 2814 1121 2844 citationem
1145 2814 1253 2854 hujus·

246 2867 331 2897 modi
356 2876 409 2904 per
431 2876 462 2896 se
485 2867 534 2896 vel
555 2877 609 2905 per
631 2873 848 2906 procuratores
865 2867 1036 2907 apostolico
1054 2877 1086 2897 se
1105 2876 1254 2906 conspec-

248 2920 294 2949 tui
311 2924 558 2957 repraesentent.

290 2984 302 2998 υ
323 2972 386 3002 Sua
404 2973 493 3001 nobis
509 2972 713 3002 dilecte...—
725 2974 795 3003 Dat.
815 2973 924 3010 Reate,
938 2974 1043 3004 idibus
1055 2974 1253 3013 septembris,

247 3033 333 3054 anno
349 3025 462 3063 primo.
483 3037 495 3051 r»

1407 427 1564 456 3¹04ss
1575 428 1594 455 Ι
1876 428 1968 462 Rieu,
1985 431 2000 456 5
2016 431 2178 465 septembre
2196 431 2273 459 1288.

1370 490 1501 516 Officium
1519 490 1728 517 tabellionatus.
1747 489 1830 523 (Rea.
1848 491 1890 522 44,
1907 499 1933 518 c.
1954 492 2012 526 184,
2029 493 2047 519 s.
2065 493 2098 520 45
2115 495 2162 526 r⁰.)

1377 592 1535 621 Gualcario
1564 593 1683 622 Mor-ello
1700 616 1706 628 ,
1738 598 1808 622 nato
1839 593 1991 630 quondam
2018 595 2145 624 Gentilis
2169 596 2286 625 Morelli
2312 596 2347 626 de

1335 646 1482 682 Assem'co,
1504 647 1610 675 clerico
1621 669 1629 684 ,
1646 648 1677 675 in
1692 647 1866 676 ¹minoribus
1880 647 2039 677 ordinibus
2054 650 2213 679 constituto
2223 671 2232 685 ,
2249 650 2346 687 Aqui-

1336 698 1425 727 lensis
1453 699 1596 734 diocesis,
1619 698 1764 729 concedit
1779 698 1921 729 officium
1944 699 2183 735 tabellionatus,
2204 701 2244 730 ad
2260 701 2346 740 quod

1335 759 1389 789 per
1407 752 1575 789 magistros
1593 752 1823 791 llaymnndum
1834 751 1873 782 de
1887 752 2000 790 Ponte,
2017 753 2174 783 decanum
2189 754 2343 794 Compos-

1337 803 1502 841 tellanum,
1521 809 1550 835 et
1568 805 1798 844 Raynnzinnm
1815 805 1853 834 de
1871 806 1991 842 Murro,
2011 807 2202 837 canonicum
2220 807 2344 838 Firma-

1337 866 1426 894 num,
1444 858 1623 896 capellanos
1643 868 1739 898 papae
1754 882 1759 893 ,
1779 863 1922 898 repertus
1939 859 1998 888 suit
2016 859 2171 898 ydoneus.

1377 923 1389 938 α
1411 901 1459 941 Ne
1474 916 1693 942 contractuum
1710 913 1901 942 memoria...
1921 930 1957 934 —
1974 913 2045 942 Dat.
2065 918 2220 953 utsupra.
2240 926 2253 942 n

1376 965 1412 994 ln
1429 974 1456 995 e.
1479 975 1520 995 m.
1539 966 1707 996 Ottaviano
1727 966 1889 996 Landonis
1905 966 1944 996 de
1960 967 2110 1004 Anagnia
2123 990 2130 1003 ,
2153 967 2286 1005 clerico,
2309 969 2345 998 in

1335 1018 1516 1048 minoribus
1537 1019 1703 1049 ordinibus
1724 1020 1905 1050 constituto.
1931 1020 2001 1049 Dat.
2023 1020 2120 1050 Reate
2133 1044 2140 1056 ,
2159 1021 2254 1052 nonis
2271 1029 2345 1061 sep-

1337 1072 1485 1109 tembris,
1502 1081 1588 1103 anno
1602 1073 1715 1112 primo.

1407 1246 1493 1274 3¹2
1858 1246 1949 1278 Rieti,
1967 1247 2001 1274 ‘20
2015 1247 2179 1282 septembre
2195 1247 2274 1276 1288.

1372 1306 1500 1334 Licentia
1508 1307 1673 1334 absolvendi
1684 1308 1717 1334 ab
1725 1309 2032 1335 excommunicationis
2039 1310 2201 1336 sententiis.
2210 1309 2292 1343 (Rau.
2301 1309 2344 1343 44,

1336 1364 1362 1382 c.
1381 1356 1431 1382 184
1440 1358 1460 1389 2,
1478 1356 1498 1382 s.
1515 1356 1548 1383 45
1565 1356 1613 1391 ro.)

1383 1459 1550 1488 Venerabili
1566 1459 1662 1494 fratri
1680 1480 1700 1488 ..
1721 1460 1853 1496 episcopo
1866 1460 2059 1496 Majoricensl
2077 1459 2219 1496 mandat,
2236 1459 2276 1490 ad
2290 1459 2347 1490 Ja-

1336 1512 1406 1541 cobi
1424 1511 1506 1549 regis
1524 1511 1749 1550 Majoricarum
1765 1511 2029 1550 supplicationem
2042 1536 2049 1549 ,
2069 1517 2104 1543 ut
2121 1512 2263 1543 absolvat
2277 1521 2348 1544 om-

1339 1574 1394 1595 nes
1413 1573 1466 1595 eos
1480 1565 1518 1595 de
1537 1565 1728 1603 Aragoniae,
1749 1565 1973 1604 Majoricarnm
1988 1565 2037 1596 vel
2054 1566 2221 1596 Valentiae
2238 1567 2348 1604 regnis

1338 1627 1462 1649 necnon
1487 1623 1516 1648 et
1542 1618 1708 1649 Catalonia
1732 1622 1763 1648 et
1787 1620 1879 1649 terris
1904 1619 2047 1658 ejusdem
2064 1620 2148 1658 regis
2168 1620 2222 1659 qui
2243 1628 2346 1659 quon-

1336 1672 1408 1702 dam
1425 1673 1518 1702 Petro
1542 1673 1609 1710 regi
1626 1673 1815 1710 Aragonum
1835 1672 2052 1703 adhaeserunt
2069 1673 2108 1703 ah
2125 1673 2346 1703 excommuni-

1337 1726 1497 1756 cationum
1525 1726 1693 1756 sententiis
1718 1735 1774 1765 per
1802 1727 1979 1756 Martinum
2007 1735 2119 1765 papam
2144 1727 2212 1757 IIII
2237 1730 2347 1757 contra

1337 1779 1533 1818 praedictum
1549 1784 1580 1809 et
1596 1779 1733 1810 fautores
1750 1780 1819 1818 ejus
1834 1779 1997 1818 praelatis.

1378 1844 1392 1859 «
1412 1833 1530 1863 Meruit
1545 1835 1669 1863 sincera
1685 1833 1846 1863 devotio...
1863 1849 1902 1855 —
1917 1833 1988 1862 Dat.
2004 1833 2114 1870 Reate,
2130 1842 2174 1863 xu
2191 1833 2346 1864 kalendas

1336 1886 1489 1923 octobris,
1509 1894 1595 1915 anno
1612 1886 1725 1925 primo.
1742 1898 1753 1912 ι

1407 2059 1495 2087 313
1526 2059 1529 2061 ’
1952 2057 2044 2092 Rieu,
2060 2058 2095 2086 29
2111 2059 2179 2085 aeut
2194 2057 2272 2086 1288.

1372 2121 1411 2148 Ut
1441 2121 1575 2148 reddatur
1608 2121 1731 2147 libertati
1764 2120 1856 2146 Mehir
1888 2120 1922 2146 de
1956 2119 2178 2151 Ruthenburth,
2207 2119 2344 2155 judaeus.

1335 2170 1415 2205 (stne.
1435 2171 1478 2204 44,
1495 2178 1520 2197 c.
1542 2171 1599 2203 185,
1617 2170 1635 2196 f.
1653 2170 1685 2196 45
1703 2172 1749 2203 r0.)

1377 2273 1541 2303 Carissimo
1566 2274 1600 2302 in
1625 2273 1742 2302 Christo
1767 2273 1832 2309 filio
1855 2271 2032 2309 Rodulpho,
2059 2273 2123 2311 reyi
2139 2272 2346 2302 Romanorum

1336 2328 1462 2357 illustri.
1484 2327 1564 2356 Eum
1589 2331 1677 2364 rogat
1696 2330 1853 2365 qnatenus
1875 2326 2064 2363 magistrum
2088 2325 2193 2355 Mehir
2215 2324 2255 2355 de
2280 2324 2346 2355 Ru-

1337 2380 1522 2418 thenburtli,
1535 2380 1700 2418 judaeum,
1718 2379 2042 2418 ipsiusjurisdictioni
2053 2379 2244 2417 subJ'ectum,
2258 2386 2345 2409 nunc

1335 2435 1373 2465 de
1388 2435 1536 2465 mandato
1553 2434 1640 2472 regio
1656 2434 1688 2463 in
1706 2441 1831 2464 carcere
1845 2433 1913 2463 sine
1931 2441 2025 2463 causa
2041 2431 2224 2463 rationabili
2236 2431 2346 2462 deten-

1337 2492 1420 2523 tum,
1440 2487 1579 2517 libertati
1597 2487 1752 2517 restituat.

1378 2554 1390 2568 a
1411 2543 1508 2571 Actus
1527 2545 1593 2571 tuos
1608 2541 1680 2569 in...
1697 2556 1737 2562 —
1754 2540 1824 2569 Dat.
1845 2540 1957 2576 Reate,
1975 2549 2022 2569 1111
2040 2538 2194 2570 kalendas
2211 2541 2346 2578 septem-

1336 2595 1418 2630 bris,
1436 2602 1521 2624 anno
1537 2593 1650 2632 primo.
1673 2604 1686 2619 n

1407 2761 1495 2789 314
1856 2758 1949 2790 Rieti,
1967 2758 1999 2784 17
2016 2757 2180 2793 septembre
2197 2757 2273 2785 1288.

1373 2823 1500 2849 Licentia
1529 2821 1693 2848 conferendi
1719 2821 1891 2848 beneficium
1916 2820 2156 2847 ecclesiasticum.
2182 2819 2264 2853 (Rau.
2295 2819 2345 2851 44,

1337 2880 1361 2898 e.
1384 2872 1440 2901 186.
1457 2871 1476 2897 f.
1493 2871 1525 2897 45
1543 2878 1585 2900 r0:
1606 2870 1671 2897 [ΛΡ.
1689 2879 1723 2897 nu
1740 2869 1838 2902 Triuia,
1856 2869 1883 2903 l,
1901 2869 1956 2899 76.)

1383 2974 1551 3002 Venerabili
1570 2973 1664 3010 fratri
1688 2995 1707 3002 ..
1732 2973 1953 3011 archiepiscopo
1978 2972 2143 3001 Turonensi
2164 2969 2346 3000 facultatem

1337 3026 1480 3057 concedit
1501 3026 1684 3056 reservandi
1714 3026 1813 3065 ipsius
1838 3025 2002 3056 donationi
2026 3025 2061 3054 in
2088 3023 2222 3054 ecclesia
2244 3023 2344 3053 Turo-
