2477 3637
297 384 352 414 500
1043 382 1279 413 REGISTRES
1303 383 1357 412 DE
1380 382 1564 414 NICOLAS
1588 384 1644 414 IV.

297 451 449 481 honorem
466 449 564 478 altare
582 449 612 477 in
629 447 738 477 eadem
755 452 972 477 constructum
992 452 1048 482 est,
1065 448 1302 485 festivitatibus,

297 514 350 543 per
374 508 440 533 octo
465 502 531 531 dies
556 505 723 540 sequentes
746 505 775 529 et
800 501 832 529 iu
858 501 1081 531 anniversario
1099 502 1149 531 die
1175 501 1303 531 dedica-

296 558 391 588 tionis
412 556 552 594 ejusdem
578 554 727 584 ecclesiae
745 554 952 584 visitaverint.
974 555 1044 584 Dat.
1062 556 1144 594 apud
1164 555 1300 586 Urbem-

295 615 452 642 veterem,
476 618 522 637 un
540 608 610 636 idus
627 607 718 645 julii,
737 615 823 636 anno
840 608 942 637 tertio.

891 695 1019 726 Orvieto,
1036 695 1050 721 8
1067 696 1135 722 :tout
1153 695 1231 722 1‘290.

334 759 370 787 In
391 767 418 786 e.
443 766 486 786 m.
512 756 643 786 eisdem.
670 756 811 785 Eandem
835 756 1072 792 indulgentiam
1091 758 1236 788 concedit
1257 759 1304 788 eis

294 813 348 850 qui
371 811 536 840 ecvlesiam
560 810 674 839 enatae
694 810 813 839 Mariae
835 810 872 839 de
894 811 1085 845 Lomberiis.
1105 811 1304 842 Tholosanae

293 864 462 899 dioecesis,
484 864 515 892 in
543 863 680 900 singulis
704 863 804 900 ipsius
825 863 961 900 virginis
985 864 1224 900 festivitatibus,
1251 875 1304 903 per

293 923 361 948 octo
383 918 451 946 dies
476 921 643 955 sequentes
674 920 703 945 et
724 918 755 945 in
779 917 999 946 aniiiversario
1023 917 1075 946 die
1095 917 1304 948 dedicationis

295 971 437 1009 ejiisdem
455 970 605 1000 ecclesiae
622 970 835 1001 visitaverint.
848 970 916 999 Dat.
931 971 1012 1008 apud
1026 971 1302 1008 Urbemveterem,

293 1034 323 1054 vi
342 1024 414 1053 idus
429 1023 569 1059 augusti,
587 1032 672 1052 anno
690 1023 791 1053 tertio.

891 1104 1018 1135 Orvieto,
1037 1105 1052 1131 9
1068 1106 1135 1131 aout
1153 1105 1230 1132 1290.

334 1169 370 1198 In
389 1177 415 1198 e.
440 1177 483 1197 m.
509 1167 640 1196 eisdem.
667 1167 807 1196 Eandem
832 1167 1067 1205 indulgentiam
1092 1168 1240 1198 concedit
1258 1169 1303 1198 eis

293 1222 347 1260 qui
360 1220 524 1250 ecclesiam
540 1220 644 1249 Sancti
661 1219 791 1256 Georgii
807 1229 899 1258 prope
912 1220 1155 1258 Rapistagnum,
1169 1221 1302 1250 Albien-

293 1275 335 1304 sis
348 1274 512 1307 dioecesis,
533 1274 565 1302 in
585 1274 661 1302 sesto
681 1274 714 1302 S.
731 1273 873 1310 Georgii,
894 1283 947 1312 per
962 1279 1030 1303 octo
1048 1274 1115 1303 dies
1134 1280 1303 1313 sequentes

290 1333 322 1357 et
349 1328 379 1356 in
406 1327 627 1355 anniversario
657 1327 707 1355 die
732 1326 940 1356 dedicationis
971 1327 1116 1365 ejusdem
1150 1327 1303 1358 ecclesiae

291 1380 503 1409 visitaverint.
524 1380 594 1408 Dat.
615 1384 645 1408 ut
662 1388 768 1418 supra,
782 1389 801 1408 v
819 1380 890 1409 idus
907 1381 1046 1417 angusti,
1064 1390 1151 1411 auno
1169 1382 1269 1411 tertio.

893 1466 1021 1499 Orvieto,
1037 1468 1052 1494 5
1067 1470 1134 1494 aout
1153 1468 1228 1496 1290.

332 1531 368 1559 ln
391 1541 417 1559 e.
442 1538 485 1558 m.
511 1529 639 1558 eisdem.
667 1529 810 1558 Eandem
830 1529 1066 1567 indulgentiam
1089 1531 1235 1561 concedit
1256 1533 1302 1563 eis

290 1584 344 1623 qui
363 1582 527 1612 ecclesiam
548 1582 586 1612 de
609 1583 726 1612 Sancto
753 1582 892 1619 Ubaldo,
918 1584 1108 1621 Eugubinae
1132 1585 1300 1623 dioecesis,

290 1638 322 1666 iu
343 1637 419 1666 fe=to
434 1636 465 1665 S.
485 1635 614 1672 Ubaldi‚
634 1645 688 1674 per
703 1641 770 1666 octo
787 1637 854 1666 dies
869 1642 1038 1676 sequentes
1055 1641 1085 1667 et
1101 1639 1134 1667 in
1151 1640 1302 1669 anniver—

289 1691 372 1720 sario
389 1690 440 1719 die
457 1689 665 1719 dedicationis
682 1690 824 1728 ejusdem
838 1690 988 1720 ecclesiae
1002 1691 1213 1722 visitaverint,
1231 1693 1300 1723 Dat.

290 1748 446 1782 utsupra,
466 1744 559 1773 nonis
575 1743 716 1781 augusti,
733 1752 819 1773 anno
836 1744 939 1774 tertio.

887 1831 1015 1863 Orvieto,
1034 1833 1048 1858 5
1065 1834 1131 1859 aout
1151 1833 1228 1860 1290.

331 1894 366 1923 In
387 1903 414 1923 e.
439 1903 480 1922 m.
503 1893 635 1923 eisdem.
661 1893 801 1923 Eandem
825 1894 1062 1931 indulgentiam
1085 1896 1232 1926 concedit
1257 1896 1302 1926 eis

289 1947 345 1987 qui
369 1946 584 1976 cathedralem
611 1947 777 1976 ecclesiam
807 1947 1026 1985 Euguhinam,
1058 1950 1089 1977 in
1119 1955 1320 1979 sanctorum-

291 2001 428 2031 Mariani
443 2000 592 2030 etJacobi
611 2004 801 2039 martyrum,
816 2001 846 2029 in
863 2010 1000 2039 quorum
1019 2002 1171 2032 honorem
1191 2003 1301 2033 eadem

289 2054 421 2083 ecclesia
444 2058 625 2083 constructa
652 2058 713 2089 est,
734 2054 975 2089 festivitatibus,
995 2064 1049 2093 per
1069 2060 1138 2085 octo
1165 2056 1231 2085 dies
1252 2066 1297 2086 se—

289 2112 423 2145 quentes
456 2111 486 2135 et
517 2107 549 2135 in
584 2106 806 2137 anniversario
837 2107 887 2136 die
918 2107 1127 2138 dedicationis
1158 2110 1300 2148 ejusdem

289 2159 440 2189 eeclesiae
459 2159 670 2190 visitaverint.
691 2160 760 2189 Dat.
783 2165 814 2189 ut
831 2170 938 2198 supra.

890 2241 1018 2276 Orvieto,
1037 2243 1050 2269 3
1067 2244 1135 2269 aout
1152 2244 1229 2272 1290.

330 2302 366 2331 In
392 2310 419 2331 e.
443 2311 484 2332 m.
508 2302 640 2332 eisdem.
668 2303 808 2333 Eandem
831 2304 1068 2342 indulgentiam
1088 2307 1233 2336 concedit
1256 2307 1302 2337 eis

288 2356 343 2395 qui
362 2355 527 2385 ecclesiam
547 2356 660 2386 Beatae
678 2357 798 2387 Mariae
814 2358 852 2388 de
867 2358 1010 2395 (lartum,
1031 2359 1202 2389 Paduanae
1219 2361 1301 2391 dioe-

289 2409 381 2445 cesis,
402 2409 435 2438 in
453 2409 589 2447 singulis
608 2410 721 2439 Beatae
736 2411 856 2440 Mariae
876 2412 1100 2442 festivitatibus
1117 2417 1147 2443 et
1162 2423 1217 2452 per
1233 2418 1301 2445 octo

288 2462 357 2491 dies
382 2468 550 2501 sequentes
578 2463 790 2493 visitaverint.
819 2465 889 2494 Dat.
910 2465 993 2503 apud
1014 2465 1299 2504 Urbemveterem,

289 2525 320 2545 ui
338 2524 440 2545 nonas
455 2516 595 2553 augusti,
613 2525 700 2547 anno
717 2518 817 2547 tertio.

889 2599 1016 2634 Orvieto,
1034 2600 1048 2627 3
1063 2602 1131 2628 aodt
1150 2602 1227 2629 1290.

331 2658 366 2687 ln
389 2667 415 2687 e.
439 2667 482 2687 m.
506 2659 639 2688 eisdem.
665 2660 807 2690 Eandem
831 2662 1067 2700 indulgentiam
1089 2664 1235 2694 concedit
1254 2665 1300 2695 eis

289 2712 344 2749 qui
363 2711 527 2741 ecclesiam
547 2714 734 2743 monasterii
751 2714 857 2745 Sancti
876 2716 1062 2746 Prosdociui
1080 2717 1245 2755 Paduani,
1265 2718 1300 2748 in

291 2764 368 2794 festo
381 2764 413 2794 S.
429 2765 615 2796 Prosdocini
629 2771 658 2796 et
675 2776 729 2805 per
739 2772 807 2798 octo
818 2769 886 2798 dies
903 2775 1071 2809 sequentes
1088 2771 1299 2802 visitaverint.

290 2817 361 2846 Dat.
379 2823 533 2856 utsupra.

847 2888 974 2923 Orvieto,
991 2890 1020 2917 31
1037 2891 1132 2925 juillet
1149 2892 1226 2919 1290.

332 2945 367 2973 ln
393 2955 421 2976 e.
446 2955 488 2976 m.
511 2948 641 2977 eisdem.
666 2949 807 2979 Eandem
829 2950 1064 2989 indulgentiam
1090 2953 1234 2983 concedit
1255 2955 1301 2984 eis

290 2997 345 3035 qui
366 2998 530 3028 ecclesiam
552 3000 660 3031 Sancti
682 3001 852 3041 Gaugerici
875 3004 1158 3043 Cameracensem,
1179 3007 1211 3036 in
1231 3008 1300 3037 sin-

290 3049 374 3087 gulis
397 3052 537 3089 ejusdem
563 3057 662 3084 sancti
684 3055 909 3087 festivitatibus
931 3062 960 3087 et
984 3068 1038 3097 per
1061 3064 1129 3090 octo
1153 3060 1222 3090 dies
1249 3070 1300 3091 se—

1385 453 1520 487 quentes
1539 449 1752 479 visitaverint.
1772 450 1842 480 Dat.
1863 454 1895 480 ut
1909 459 2021 489 supra.
2041 460 2059 479 u
2081 450 2234 482 kalendas
2252 455 2391 491 augusti,

1384 510 1470 532 anuo
1487 503 1588 532 tertio.

1959 582 2094 617 Orvieto,
2114 584 2145 611 13
2160 586 2228 612 aotlt
2245 585 2322 613 1290.

1425 643 1463 672 In
1480 653 1507 673 e.
1532 652 1575 674 m.
1595 643 1729 674 eisdem.
1752 644 1991 682 Indulgentiam
2015 650 2143 676 centum
2166 646 2292 677 dierum
2317 656 2393 678 con·

1384 697 1468 726 cedit
1485 697 1530 727 eis
1549 698 1603 736 qui
1623 697 1791 727 ecclesiam
1807 697 1919 728 Sancti
1934 698 2094 729 Johannis
2113 699 2151 729 de
2169 700 2276 730 Platea
2295 701 2393 732 Urbe-

1385 755 1554 788 vetanam,
1579 751 1612 780 in
1645 751 1782 788 singulis
1814 755 1995 781 sanctorum
2023 752 2184 782 Johanuis
2217 754 2392 793 Baptistae,

1382 804 1543 834 ‹lohannis
1573 804 1792 842 Evangelistae
1820 809 1850 834 et
1877 806 2050 843 Augustini
2075 806 2314 844 festivitatibus»,
2341 816 2394 847 per

1383 861 1453 887 octo
1478 857 1545 887 dies
1568 862 1737 897 sequentes
1760 862 1789 887 et
1812 858 1845 887 in
1867 858 2090 889 anniversario
2116 859 2166 889 die
2187 859 2394 892 dedicationis

1384 911 1529 949 ejusdem
1561 912 1712 942 ecclesiae
1742 912 1952 942 visitaverint.
1985 913 2055 942 Dat.
2087 917 2119 942 ut
2150 923 2263 953 supra,
2290 914 2394 946 idibus

1384 966 1510 1004 augusti
1522 989 1530 1002 ,
1547 974 1634 996 anno
1653 966 1753 996 tertio.

1963 1048 2093 1079 Orvieto,
2114 1049 2146 1076 13
2161 1050 2229 1076 aont
2246 1049 2324 1077 1290.

1424 1109 1463 1139 In
1477 1118 1504 1139 e.
1518 1118 1560 1139 m.
1576 1110 1706 1140 eisdem.
1720 1110 1962 1148 Indulgentiam
1980 1111 2075 1141 unius
2088 1112 2165 1141 anni
2179 1116 2210 1142 et
2219 1121 2257 1141 ιιι.
2268 1111 2395 1143 dierum

1383 1163 1528 1193 concedit
1543 1164 1588 1192 eis
1603 1163 1660 1203 qui
1677 1163 1845 1194 ecclesiam
1862 1163 1970 1194 Sancti
1990 1164 2068 1194 Sixti
2086 1165 2342 1201 Viterbiensem‚
2361 1166 2394 1196 in

1384 1217 1522 1255 singulis
1535 1216 1568 1246 S.
1587 1217 1679 1254 Sixti,
1695 1218 1861 1247 beatorum
1878 1218 2028 1248 Bonifatii
2043 1223 2073 1248 et
2089 1219 2200 1257 Magni
2219 1223 2250 1249 et
2269 1223 2395 1250 sanctae

1385 1269 1601 1300 Felicissimae
1621 1271 1768 1309 virginis,
1785 1279 1922 1310 quorum
1940 1280 2071 1310 corpora
2086 1271 2120 1301 in
2138 1271 2248 1302 eadem
2264 1271 2395 1303 ecclesia

1384 1325 1603 1363 requiescunt,
1622 1329 1652 1354 et
1670 1324 1702 1354 S.
1722 1326 1897 1363 Augustini
1914 1325 2151 1363 festivitatibus,
2172 1335 2228 1364 per
2243 1330 2311 1357 octo
2328 1325 2395 1357 dies

1384 1382 1555 1416 sequentes
1581 1382 1611 1407 et
1634 1377 1668 1407 in
1695 1378 1919 1409 anniversario
1943 1379 1995 1409 die
2021 1378 2231 1415 dedicationis
2251 1379 2394 1419 ejusdem
2436 1397 2443 1403 ·

1384 1431 1534 1461 ecclesiae
1552 1432 1763 1462 visitaverint.
1787 1433 1856 1462 Dat.
1877 1437 1910 1462 ut
1926 1442 1961 1461 su
1966 1441 2032 1471 pra.
2439 1423 2443 1425 ⁸

1953 1525 2080 1558 Orvieto,
2100 1527 2132 1554 13
2147 1527 2216 1554 aout
2232 1526 2310 1554 1290.

1424 1589 1461 1618 In
1486 1599 1513 1619 e.
1539 1598 1581 1618 m.
1606 1589 1739 1620 eisdem.
1761 1589 1903 1619 Eandem
1925 1589 2161 1628 indulgentiam
2182 1589 2328 1620 concedit
2349 1589 2394 1620 eis
2427 1601 2444 1612 w

1383 1643 1438 1680 qui
1472 1642 1638 1672 eeclesiam
1674 1642 1782 1672 Sancti
1816 1643 1977 1673 Johaunis
2008 1642 2046 1672 ad
2080 1651 2199 1672 novum
2233 1645 2394 1673 monaste·
2428 1646 2447 1659 ·'

1384 1696 1467 1726 rium
1488 1696 1641 1731 Metense‚
1658 1696 1690 1725 in
1710 1696 1846 1734 singulis
1863 1701 2045 1726 sanctorum
2060 1696 2221 1726 Johannis
2236 1696 2394 1735 Baptistae

1384 1755 1414 1779 et
1429 1749 1591 1779 Johaunis
1609 1749 1830 1787 Evangelistae
1855 1749 2082 1779 festivitatibus
2106 1754 2135 1780 et
2158 1758 2214 1788 per
2235 1753 2304 1780 octo
2327 1749 2394 1780 dies

1384 1807 1553 1841 sequentes
1570 1803 1781 1832 visitaverint,
1802 1803 1872 1832 Dat.
1891 1803 1975 1843 apud
1992 1803 2268 1839 Urbemveterem‚
2287 1802 2393 1834 idibus

1383 1855 1522 1893 augusti,
1541 1864 1626 1885 anno
1643 1856 1744 1885 tertio.

1455 2035 1707 2066 3058-3ove
1947 2035 2074 2067 Orvieto,
2089 2035 2123 2062 23
2134 2035 2230 2070 juillet
2246 2035 2322 2063 1290.

1420 2099 1630 2133 Indulgentiae.
1647 2098 1729 2131 (Rea.
1750 2099 1793 2131 45,
1810 2106 1834 2124 c.
1852 2098 1925 2132 3402,
1943 2098 1961 2124 f.
1980 2098 2013 2125 66
2030 2099 2079 2130 ιο.)

1427 2209 1578 2239 Universis
1601 2208 1715 2237 Christi
1735 2208 1875 2245 fidelibus
1889 2213 2040 2245 presentes
2063 2208 2179 2237 litteras
2201 2207 2392 2244 inspecturis.
2430 2243 2434 2252 .

1384 2262 1622 2300 Indulgentiam
1648 2262 1744 2291 unius
1766 2261 1845 2291 anni
1868 2265 1898 2290 et
1919 2270 1956 2290 xi.
1975 2260 2101 2290 dierum
2118 2260 2264 2290 concedit
2280 2260 2326 2290 eis
2340 2259 2395 2299 qui
2428 2256 2436 2267 '

1385 2315 1551 2346 ecclesiam
1576 2316 1690 2345 Beatae
1715 2315 1834 2344 Mariae
1858 2314 1897 2344 de
1920 2314 2196 2349 Malodiversorio,
2222 2313 2393 2344 Rothoma-
2422 2318 2445 2331 *-

1384 2370 1492 2408 gensis
1519 2369 1692 2404 dioecesis,
1722 2369 1753 2397 in
1787 2367 2010 2397 festivitatibus
2040 2367 2150 2397 beatae
2179 2366 2317 2404 Mariae,
2341 2374 2395 2406 per
2414 2375 2422 2379 ·

1383 2427 1452 2453 octo
1475 2422 1542 2451 dies
1565 2425 1733 2460 sequentes
1759 2426 1788 2451 et
1807 2421 1838 2450 in
1863 2420 2084 2451 anniversario
2111 2420 2163 2449 die
2185 2418 2394 2450 dedicationis
2435 2424 2437 2426 ’

1384 2476 1527 2516 ejusdem
1546 2475 1696 2505 ecclesiae
1714 2474 1929 2504 visitaverint.

1426 2542 1438 2557 «
1454 2530 1552 2567 Virga
1562 2528 1790 2559 venustissima
1802 2532 1870 2557 et...
1884 2544 1923 2549 —
1938 2527 2009 2558 Dat.
2022 2527 2105 2566 apud
2117 2526 2391 2564 Urhemveterem,

1383 2592 1402 2613 x
1419 2582 1571 2612 kalendas
1585 2581 1722 2620 augusti,
1743 2589 1829 2610 anno
1848 2580 1950 2610 tertio.
1970 2592 1983 2607 n

1941 2674 2070 2709 Orvieto,
2088 2674 2121 2702 30
2133 2674 2229 2709 juillet
2246 2673 2323 2702 1290.

1424 2742 1463 2771 In
1485 2750 1512 2771 e.
1534 2749 1578 2770 ιιι.
1602 2740 1734 2770 eisdem.
1760 2738 1902 2768 Eandem
1923 2737 2161 2776 indulgentiam
2183 2736 2328 2768 concedit
2349 2735 2393 2767 eis

1383 2795 1437 2834 qui
1472 2792 1687 2824 cathedralem
1722 2791 1889 2822 ecelesiam
1923 2791 2163 2828 Lodovensem,
2193 2790 2228 2820 in
2259 2788 2393 2829 singulis

1384 2853 1567 2878 sanctorum
1595 2846 1726 2877 Genesii
1754 2850 1784 2875 et
1809 2844 1956 2874 Fulcrani
1981 2843 2219 2881 festivitatibus,
2248 2852 2303 2882 per
2326 2845 2393 2874 octo

1383 2901 1452 2931 dies
1476 2903 1646 2939 sequentes
1664 2904 1695 2929 et
1715 2899 1747 2928 in
1769 2897 1991 2928 anniversario
2014 2897 2065 2927 die
2086 2897 2294 2927 dedicationis
2309 2895 2393 2934 ejus-

1385 2954 1457 2984 dem
1476 2953 1626 2983 ecclesiae
1642 2952 1854 2982 visitaverint.

1425 3020 1438 3035 a
1459 3008 1539 3037 Loca
1554 3011 1737 3036 sanctorum
1754 3006 1938 3035 omnium...
1957 3020 1996 3026 —-
2012 3004 2083 3034 Dat.
2104 3007 2138 3034 ut
2154 3011 2264 3043 supra,
2286 3011 2319 3032 ιιι
2335 3001 2391 3032 ka-

1383 3060 1495 3091 lendas
1510 3060 1650 3099 augusti,
1668 3068 1753 3090 anno
1773 3059 1873 3089 tertio.
1894 3070 1907 3085 ι
