2477 3637
201 357 259 388 350
951 353 1188 385 REGISTRES
1211 355 1265 385 DE
1287 355 1472 387 NICOLAS
1496 358 1551 387 IV.

277 421 389 450 ¹962
507 418 883 454 Sainte-Marie-Majeure,
907 420 936 446 10
949 420 1067 454 janvier
1084 419 1160 448 1290.

239 485 367 511 Licentia
381 483 515 510 audiendi
530 483 626 509 divina
638 485 767 516 tempore
777 481 931 508 interdicti.
946 481 1028 515 (Rea.
1041 482 1084 516 44,
1097 490 1123 510 c.
1136 482 1209 515 745²,

202 534 220 562 Ῑ.
238 534 289 561 ‘276
307 535 357 566 νῦ.)

241 637 354 666 Ei'cicm.

243 700 255 714 ι
284 687 468 717 Devotionis
482 689 695 724 augmentum
711 686 869 716 tibi....—
887 687 958 718 Dat.
976 692 1010 717 ut
1027 696 1132 726 supra.
1153 700 1165 713 ι

237 853 486 882 :aas-19⁷1
523 851 874 887 Sainte-Marie-Majeure
885 874 892 886 ‚
913 853 950 879 ier
962 853 1074 888 janvier
1092 852 1170 881 1290.

233 917 267 943 G.
292 915 448 942 Huuianati
470 915 611 942 ecclesiae
627 915 783 950 episcopus
802 916 976 950 praeficitur.
999 915 1081 949 (Rso.
1109 915 1155 947 44,
1180 924 1206 943 c.

199 966 263 997 7405,
282 965 299 991 s.
316 964 368 991 276
386 971 433 996 νος
452 963 567 996 Ροττιι.,
584 964 692 994 23149.)

245 1074 411 1103 Venerabili
426 1074 521 1110 fratri
536 1073 582 1109 G„
602 1074 733 1111 episcopo
751 1074 931 1103 Humanali.
953 1074 1129 1104 Humanati
1153 1083 1205 1105 ec-

197 1127 305 1164 clesia,
321 1127 360 1157 ad
384 1135 549 1157 romanam
575 1126 742 1157 ecclesiam
767 1126 855 1157 nullo
876 1127 981 1158 medio
1005 1128 1204 1166 pei-nitente,

198 1186 328 1211 vacante
344 1189 400 1219 per
419 1180 659 1210 translationem
677 1181 712 1211 B.
733 1181 772 1210 ad
795 1181 998 1211 Castrensem
1019 1181 1203 1218 ecclesiam,

199 1257 219 1265 ..
236 1233 481 1264 archidiaconus
499 1237 529 1262 et
544 1232 719 1272 capitulum
736 1233 835 1263 alium
853 1234 1035 1272 episcopum
1057 1242 1115 1264 nec
1140 1233 1205 1263 ele-

196 1291 313 1325 gerunt
328 1296 386 1316 nec
405 1286 624 1326 postularunt,
644 1296 743 1326 qnare
765 1296 846 1326 papa
868 1286 924 1324 G.,
953 1286 1075 1317 ordinis
1099 1288 1205 1317 mino-

199 1350 270 1371 rum
281 1341 499 1379 professorem,
519 1340 596 1370 huic
611 1339 763 1370 ecclesiae
780 1341 963 1379 episcopum
975 1341 1129 1380 praeficit.

236 1395 273 1423 In
288 1404 314 1424 e.
335 1404 377 1423 ιιι.
398 1418 417 1423 ..
434 1393 661 1424 archidiacono
675 1398 705 1423 et
716 1394 855 1433 capitulo
871 1394 1022 1424 ecclesiae
1038 1394 1204 1425 Humana-

197 1448 235 1477 tis
251 1448 381 1477 mandat
395 1451 552 1486 quatenus
563 1447 667 1477 eidem
677 1447 822 1486 episcopo
833 1447 973 1477 debitam
984 1447 1204 1478 obedientiam

195 1501 353 1541 praebeat.

237 1555 271 1584 ln
289 1563 316 1584 e.
337 1564 380 1584 m.
399 1553 483 1584 clero
500 1554 638 1584 civitatis
654 1558 685 1584 et
700 1554 856 1584 dioecesis
873 1555 1076 1584 Humanatis.

234 1608 271 1637 In
289 1618 316 1637 e.
335 1617 379 1637 m.
398 1608 512 1647 populo
527 1609 664 1638 civitatis
681 1612 711 1637 et
727 1608 879 1638 dioecesis
896 1608 1100 1638 Humanatis.

235 1675 248 1687 «
276 1661 441 1699 Regimini
459 1661 651 1691 universalis
667 1661 837 1691 ecclesie...
854 1677 893 1683 -—
907 1661 978 1692 Dat.
994 1662 1106 1698 Rome,
1119 1662 1203 1701 apud

194 1717 342 1745 Sanctam
362 1715 495 1745 Mariam
513 1715 688 1754 Maj0rem‚
708 1714 856 1745 kalendis
873 1715 1036 1754 januarii,
1052 1724 1138 1746 anno
1153 1725 1203 1746 se-

193 1769 308 1799 cundo.
330 1781 342 1795 ι»

267 1942 382 1970 ¹922

227 2005 353 2031 Traditio
370 2005 464 2040 pallei.
481 2005 566 2038 (Res.
590 2005 632 2038 44,
656 2013 682 2032 c.
700 2005 761 2036 747,
780 2005 799 2032 f.
817 2006 868 2033 ‘276
885 2013 924 2038 vo,
941 2014 975 2032 en
993 2006 1109 2041 mai-ge).

489 1941 856 1977 Salute-Marie-MaJeure‚
878 1943 905 1969 17
919 1943 1032 1977 janvier
1051 1942 1127 1970 1290.

231 2116 372 2144 Nicolans
391 2120 444 2145 etc.
479 2116 646 2145 Venerabili
665 2116 760 2152 fratri
777 2114 958 2152 Percivallo,
977 2117 1200 2156 archiepiscopo

193 2170 379 2204 calaritano,
398 2167 535 2207 palleum
553 2178 607 2207 per
624 2168 840 2205 Matthaeum,
858 2169 992 2199 Sanctae
1020 2170 1139 2201 Mariae
1165 2172 1199 2201 in

191 2222 317 2252 Porticu
335 2222 505 2252 diaconum
521 2222 730 2259 cardinalem,
747 2222 898 2260 assignat.

231 2286 245 2302 σι
265 2275 345 2305 Cum
365 2275 503 2314 palleum
524 2275 689 2313 insigne...
708 2292 746 2297 ——
763 2276 833 2305 Dat.
856 2276 970 2311 Rome,
989 2277 1073 2315 apud
1099 2277 1199 2309 Sanc-

190 2333 252 2357 tam
270 2329 405 2358 Mariam
425 2329 593 2368 Majoreni,
611 2338 661 2358 xvi
680 2328 835 2359 kalendas
852 2329 1027 2368 februarii,
1044 2339 1130 2361 anno
1148 2340 1198 2361 se-

189 2381 303 2411 cundo.
325 2394 337 2408 ι»

228 2553 476 2582 “manns
527 2553 884 2589 Sui1ite-Marie-Maj0111·e‚
906 2556 937 2582 21
951 2557 1065 2591 janvier
1082 2557 1159 2585 1290.

224 2615 398 2643 Pei-civallus
415 2616 554 2643 ccclesiae
571 2616 1001 2654 Calaritanae'archiepiscopus
1022 2620 1194 2654 praeficitur.

190 2665 270 2697 (lieo.
288 2665 336 2698 44,
354 2674 379 2692 c.
397 2666 470 2700 7472,
486 2667 506 2692 f.
524 2666 574 2692 277
591 2667 640 2699 1¹⁰.)

234 2781 398 2810 Venerabili
426 2783 521 2818 fratri
548 2783 732 2819 Percivallo,
757 2784 980 2823 archiepiscopo
1001 2784 1192 2816 calaritano.

188 2833 280 2864 Eum.
303 2838 376 2863 tunc
392 2835 575 2874 episcopum
596 2836 798 2871 Padnanurn,
816 2836 1019 2868 Calaritanae
1031 2838 1192 2877 ccclesiae,

187 2895 241 2924 per
257 2886 377 2916 obitum
392 2887 476 2917 Galli
494 2889 630 2926 vacanti,
647 2889 921 2929 archiepiscopum
938 2891 1091 2930 praeficit.

229 2951 242 2964 ιι
269 2939 351 2968 Dum
386 2941 605 2972 incumbentia
642 2943 770 2973 nobis..
800 2959 839 2964 -
869 2944 940 2975 Dat.
970 2945 1086 2982 Rome,
1110 2947 1194 2985 apud

187 2990 334 3021 Sanctam
357 2993 488 3023 Mariam
508 2995 673 3034 MaJ'orern,
692 3005 734 3025 xn
750 2996 903 3027 kalendas
920 2998 1084 3036 februarii,
1107 3008 1194 3031 anno

187 3045 336 3074 secundo.
356 3057 369 3071 ›»

1334 422 1371 451 In
1391 431 1419 452 e.
1437 431 1480 452 m.
1503 423 1642 463 capitulo
1667 425 1820 456 ecclesiae
1841 426 2042 459 calaritanae
2059 430 2191 461 mandat
2208 436 2241 462 ut
2255 434 2303 463 ei-

1292 475 1365 505 dem
1382 476 1619 516 archiepiscopo
1635 477 1774 508 debitam
1790 479 2004 511 obedientiam
2022 482 2182 521 praebeat.

1333 530 1370 559 In
1388 538 1416 559 e.
1435 538 1478 559 m.
1498 530 1582 560 clero
1597 530 1791 563 Calaritano.

1332 583 1369 613 In
1388 592 1414 612 e.
1434 592 1477 612 m.
1495 584 1612 622 populo
1627 584 1821 617 Calaritano.

1333 636 1369 666 In
1387 645 1414 666 e.
1432 645 1475 668 m.
1495 636 1655 667 universis
1672 639 1824 669 ecclesiae
1842 639 2042 672 Calaritanae
2057 642 2212 674 vassallis.

1334 690 1370 719 Iu
1387 699 1414 719 e.
1433 699 1476 720 m.
1497 690 1654 721 universis
1669 691 1880 730 suffraganeis
1895 693 2046 724 ecclesiae
2061 694 2272 729 calaritanae.

1366 863 1477 892 {8¹23

1326 925 1535 961 Indulgentiae.
1553 927 1636 960 (Rae.
1655 928 1696 959 44,
1716 936 1741 954 c.
1760 928 1821 962 748,
1839 929 1857 955 f.
1874 929 1926 956 257
1948 931 1995 962 νο.)

1587 864 1938 900 Sainte-Marie-Majeure
1949 887 1955 898 ‚
1977 867 2006 894 18
2018 868 2132 902 Janvier
2150 868 2226 896 1290.

1333 1052 1352 1058 ..
1368 1031 1469 1067 priori
1484 1035 1510 1059 el
1526 1032 1687 1060 convenlui
1715 1033 1892 1061 monasterii
1914 1032 1949 1062 de
1971 1032 2080 1063 Sancto
2103 1034 2296 1075 homuncio,

1287 1091 1340 1121 per
1353 1084 1485 1120 priorem
1497 1085 1580 1113 soliti
1595 1085 1773 1121 gubernari,
1790 1086 1912 1115 ordinis
1927 1085 1956 1115 S.
1977 1086 2137 1124 Benedicti,
2153 1087 2299 1120 Constan-

1290 1138 1394 1166 tiensis
1410 1137 1543 1168 diocesis.
1566 1137 1806 1175 Indulgentiam
1835 1139 1932 1170 unius
1954 1141 2032 1170 anni
2058 1145 2088 1171 et
2112 1150 2150 1171 xt.
2173 1141 2297 1178 dierum

1288 1190 1435 1220 concedit
1449 1190 1494 1220 eis
1512 1190 1568 1229 qui
1587 1190 1686 1221 altare
1703 1191 1811 1222 Sancti
1830 1193 1994 1223 Laurentii
2011 1194 2045 1223 in
2063 1194 2196 1225 ecclesia
2211 1202 2300 1235 prae*
2324 1214 2327 1218 ·

1288 1243 1364 1273 dicti
1391 1244 1577 1274 monasterii
1593 1245 1627 1274 in
1645 1246 1744 1275 sancti
1769 1246 1933 1276 Laurentii
1959 1246 2130 1278 festivitate
2149 1247 2313 1280 visitavee·

1289 1297 1362 1326 rint.

1330 1362 1342 1377 ιι
1362 1350 1520 1389 Splendor
1542 1354 1671 1390 paterne
1696 1352 1835 1390 glorie...
1855 1370 1893 1374 —
1909 1353 1980 1383 Dat.
2000 1353 2100 1384 Rome
2125 1358 2161 1385 ut
2181 1363 2294 1394 supra,
2320 1357 2328 1364 ’

1287 1413 1325 1434 xv
1344 1403 1498 1434 kalendas
1516 1405 1680 1443 februarii,
1698 1414 1785 1436 anno
1802 1406 1952 1437 secundo.
1973 1418 1986 1434 ι

1325 1564 1568 1593 1380-1981
1620 1564 1970 1600 Sainte-Marie-Majeure
1982 1586 1990 1600 ,
2009 1565 2040 1593 13
2052 1565 2166 1600 Janvier
2181 1565 2259 1594 ¹290.
2293 1580 2299 1586 ·

1285 1625 1391 1654 Contra
1405 1634 1456 1653 eos
1471 1628 1520 1661 qui
1538 1628 1743 1654 monasterium
1761 1627 1859 1655 Sancti
1885 1628 1964 1655 Pauli
1981 1629 2014 1655 de
2031 1628 2110 1656 Urbe
2131 1629 2292 1658 molestant.
2312 1663 2315 1667 ,

1287 1676 1370 1709 (Rau.
1387 1676 1421 1704 44
1434 1697 1441 1708 ,
1458 1684 1482 1703 c.
1499 1677 1565 1708 749,
1583 1677 1600 1703 f.
1619 1676 1668 1704 ‘277
1687 1679 1732 1709 νῦ.)

1325 1778 1435 1809 Dilecto
1447 1780 1513 1817 filio
1531 1801 1550 1809 ..
1566 1780 1824 1817 archipresbytero
1839 1780 1960 1810 basilice
1968 1780 2074 1810 Sancte
2089 1781 2183 1810 Μανία
2197 1780 2295 1823 Μιήω

1284 1834 1330 1862 ris
1347 1833 1382 1862 de
1400 1834 1472 1862 Urbe
1487 1833 1618 1862 mandat
1634 1837 1791 1871 qnatenus
1808 1833 1915 1863 abbati
1933 1838 1963 1863 et
1978 1833 2152 1864 conventui
2167 1841 2284 1865 monae
2299 1828 2302 1830 ’

1286 1887 1356 1916 terii
1375 1886 1483 1916 Sancti
1504 1885 1595 1916 Pauli
1612 1886 1650 1916 de
1671 1886 1757 1916 Urbe
1772 1891 1881 1916 contra
1902 1895 1953 1916 eos
1981 1887 2037 1925 qui
2059 1887 2143 1918 bona
2166 1892 2197 1918 et
2219 1895 2291 1927 pos-

1285 1940 1442 1970 sessiones
1457 1948 1568 1970 eorum
1583 1939 1725 1969 indebite
1743 1944 1898 1978 occupant
1914 1939 2074 1970 auxilium
2093 1940 2249 1979 praebeat.

1325 2006 1340 2022 «
1358 1994 1395 2024 ln
1414 1993 1575 2024 mentibus
1590 1982 1773 2023 fidelium...
1791 2010 1829 2014 —
1845 1994 1916 2024 Dat.
1941 1994 2062 2029 Rome,
2085 1993 2179 2033 apud¹
2191 1993 2291 2025 Sano-

1286 2052 1349 2077 tam
1366 2047 1500 2076 Mariani
1520 2047 1691 2085 Majorem,
1708 2046 1815 2076 idibus
1827 2046 1986 2084 januarii,
2003 2054 2089 2077 anno
2105 2045 2257 2077 secundo.
2275 2048 2306 2090 ᾗ,

1324 2101 1361 2131 In
1386 2110 1413 2130 e.
1443 2109 1486 2130 m.
1518 2100 1717 2130 senatoribus
1734 2099 1843 2136 Urbis,
1863 2100 2080 2139 potestatibus,
2104 2099 2302 2139 rectoribus„

1283 2154 1546 2185 universitatibus
1562 2158 1592 2183 et
1609 2153 1680 2183 aliis
1697 2153 1838 2183 dominis
1856 2153 2082 2192 temporalibus
2103 2153 2292 2192 civitatum,

1283 2212 1458 2238 castrorum
1474 2212 1504 2237 et
1516 2207 1652 2237 aliorum
1669 2206 1810 2237 locorum
1824 2207 1857 2236 in
1871 2211 1954 2237 terra
1969 2206 2124 2238 ecclesiae
2137 2215 2300 2241 romanam·

1283 2262 1423 2301 subjecta
1448 2262 1694 2292 consistentium
1718 2261 1848 2291 mandat
1867 2265 2026 2300 quatenus
2047 2261 2210 2300 praedicto
2235 2269 2288 2292 ax*-

1282 2315 1532 2355 ehipresbytero,
1551 2315 1746 2353 exequendis
1759 2315 1928 2344 sententiis
1940 2314 2012 2344 latis
2023 2323 2059 2345 su
2063 2322 2119 2354 per
2129 2313 2294 2354 praedicto«
2307 2302 2311 2308 ’

1282 2370 1421 2408 negotio,
1437 2369 1598 2398 assistant.

1323 2435 1336 2451 α
1352 2423 1441 2453 Inter
1453 2422 1626 2452 cotidianas
1641 2421 1806 2460 vigilias...
1822 2439 1861 2443 -—
1875 2421 1945 2452 Dat.
1961 2425 2113 2460 utsupra.
2133 2433 2146 2449 ι

1356 2582 1471 2612 1982
1599 2581 1964 2616 Sainte—Marie-Majeure,
1981 2580 1996 2608 9
2008 2581 2123 2615 janvier
2139 2579 2216 2608 129⁰.

1316 2645 1448 2672 Facultas
1464 2645 1632 2672 conceditur
1646 2644 1818 2680 quibusdam
1835 2643 1980 2679 prioribus
1995 2642 2105 2670 ordinis
2115 2641 2295 2674 cluniacam,

1279 2696 1321 2723 sis
1343 2696 1486 2731 prioratus
1505 2703 1576 2722 suos
1593 2703 1684 2730 usque
1698 2694 1733 2721 ad
1749 2697 1856 2722 certam
1872 2701 2016 2720 summam
2030 2691 2186 2728 obligandi.
2201 2690 2284 2726 (Rae.

1279 2744 1323 2777 44,
1340 2753 1366 2772 c.
1383 2744 1443 2776 750,
1461 2744 1479 2771 f.
1497 2744 1548 2771 ι378
1565 2751 1606 2775 r⁰;
1625 2743 1691 2771 Lm).
1709 2752 1744 2771 nu
1759 2742 1858 2775 Tam,
1875 2741 1913 2774 ΙΙ,
1931 2741 2004 2775 363.)

2290 2807 2302 2826 ν

1318 2848 1437 2878 Dileclis
1451 2848 1527 2884 filiis
1545 2869 1564 2876 ..
1583 2847 1695 2884 majori·
1711 2852 1736 2876 et
1750 2868 1770 2875 ..
1789 2846 1951 2875 claustrali
1965 2844 2145 2874 monasterii
2161 2836 2307 2877 Clunia-ſs

1277 2902 1371 2931 censis
1391 2901 1557 2938 prioribus.
1577 2912 1590 2927 α
1609 2900 1778 2938 Sperantes
1802 2898 1937 2929 firmiter
1959 2897 2043 2937 quod
2069 2904 2143 2934 vos,
2168 2893 2289 2926 mentis*

1276 2954 1380 2985 oculis
1395 2954 1506 2984 erectis
1528 2954 1567 2984 ad
1586 2954 1778 2989 Dominum,
1805 2956 1835 2982 et
1849 2952 1887 2982 ad
1910 2951 1980 2990 ejus
1997 2949 2152 2989 obsequia
2169 2947 2294 2990 studiis·

1277 3007 1452 3038 exercenda
1475 3006 1639 3044 sollicitis,
1662 3006 1781 3037 directo
1804 3005 1961 3044 proposito
1982 3003 2022 3034 ad
2049 3009 2233 3043 prosperum
2253 3001 2302 3031 et·

1276 3061 1421 3100 quietum
1441 3060 1567 3100 ordinis
1583 3059 1678 3090 vestri
1697 3063 1814 3089 statum
1835 3056 2012 3087 intendatis
2028 3055 2181 3086 attentius
2197 3050 2303 3086 etad-1
