2477 3637
249 359 288 387 66
1000 350 1235 381 REGISTRES
1257 351 1311 381 DE
1335 349 1515 381 NICOLAS
1538 349 1593 378 IV.

252 425 304 455 bet
321 429 350 454 et
367 424 523 458 honores3
549 426 580 451 et
595 422 726 458 insuper
742 428 797 449 vos
819 417 1013 456 generaliter
1031 422 1060 446 et
1077 417 1256 456 specialiter

252 478 355 507 iendis
369 476 530 511 omuibus,
545 484 606 514 que
622 483 640 503 a
655 473 909 512 quibuscumque
926 470 1067 501 ecclesiis
1084 476 1113 500 et
1128 479 1255 500 monas-

254 531 342 561 teriis
359 539 394 559 ac
410 529 554 568 personis
570 525 792 557 ecclesiasticis
815 524 1015 554 secularibus
1031 523 1080 554 vel
1097 524 1256 562 religiosis

253 584 367 613 tenetis
383 581 598 611 communiter
615 579 662 608 vel
678 578 807 607 divisim
824 601 829 609 ,
855 577 1019 607 civitatem
1037 586 1164 616 quoque
1182 586 1253 615 pre-

251 637 367 666 dictam
385 635 481 664 studii
499 634 664 671 dignitate,
684 630 860 670 privilegiis
876 635 907 660 et
923 629 1133 668 indulgent-iis
1151 630 1255 660 omni-

251 691 311 720 bus
329 689 415 718 vobis
432 693 461 717 et
473 687 576 716 eidem
588 685 706 715 civitati
721 693 815 722 super
831 683 935 713 studio
950 683 1017 721 ipso
1032 683 1071 713 ab
1087 683 1257 722 apostolica

252 742 325 772 sede
340 741 509 776 concessis,
526 747 649 768 necnon
664 742 693 767 et
706 737 886 776 potestaiia,
904 737 1115 774 capitaneatu,
1134 737 1256 766 honore

251 805 286 825 ac
305 795 460 832 dignitate
476 792 617 832 qualibet
637 790 789 827 seculari,
808 791 852 820 ita
874 790 957 829 quod
974 789 1083 819 nullus
1099 790 1131 819 in
1156 789 1256 828 ipsius

251 848 390 878 civitatis
407 850 602 886 potestatem,
620 845 819 882 capitaneum
848 852 902 873 seu
926 847 1078 873 rectorem
1101 847 1154 872 aut
1179 851 1255 872 con-

251 902 353 932 sulem
371 901 420 930 vel
437 899 604 930 officialem
622 898 719 937 possit
735 897 812 935 eligi
831 897 879 927 vel
895 897 1032 933 assumi,
1050 897 1117 926 sive
1141 896 1181 926 ad
1196 896 1255 925 ali-

251 955 335 995 quod
360 956 393 984 in
411 963 446 984 ea
462 953 605 983 officium
631 951 862 986 exercendum,
885 956 916 980 et
935 951 960 979 si
983 951 1055 988 quis
1071 949 1200 988 aliquod
1219 958 1254 978 ex

252 1008 317 1038 illis
333 1008 472 1046 recipere
488 1007 618 1036 fortasse
642 1005 888 1044 presumpserit,
916 1013 952 1033 eo
977 1005 1043 1043 ipso
1063 1003 1255 1033 sententiam

250 1060 590 1093 excommunicationis
606 1060 766 1093 incurrat,
785 1067 843 1088 nec
861 1059 957 1097 possit
974 1058 1108 1087 ulterius
1124 1057 1162 1086 ad
1178 1057 1257 1086 alte·

252 1117 320 1145 rius
335 1115 470 1145 civitatis
489 1113 536 1143 vel
556 1113 617 1143 loci
638 1113 780 1150 regimen
798 1111 1020 1150 exequendum
1038 1111 1175 1145 assumi,
1194 1110 1256 1148 pri-

253 1179 326 1199 vare
343 1169 476 1199 omnino
489 1167 675 1197 auctoritate
692 1171 797 1196 nostra
816 1170 970 1204 procuret.
988 1165 1163 1195 Universos
1180 1171 1256 1201 quo-

250 1233 313 1262 que
329 1224 496 1259 magistros
510 1226 540 1251 et
555 1220 690 1250 scolares
706 1219 904 1256 alienigenas
920 1218 958 1247 de
976 1218 1101 1247 civitate
1118 1216 1258 1255 predicta

253 1286 380 1315 prorsus
394 1274 551 1313 expellere
567 1282 631 1303 non
646 1277 822 1312 postponat,
837 1272 879 1301 ita
893 1271 978 1309 quod
993 1271 1032 1300 ad
1049 1280 1119 1300 eam
1137 1270 1258 1308 absque

252 1329 381 1368 speciali
394 1328 478 1357 sedis
493 1327 632 1366 predicte
650 1325 779 1355 licentia
795 1324 980 1354 nullatenus
999 1327 1209 1358 revertantur,
1229 1326 1259 1351 et

251 1383 277 1412 si
294 1391 384 1411 secus
400 1384 586 1418 attemptare
602 1378 865 1418 presumpserint,
890 1380 920 1406 et
938 1377 1075 1406 obtentis
1092 1374 1258 1405 beneficiis

249 1435 382 1466 omnino
409 1434 584 1472 priventur,
608 1436 638 1461 et
660 1431 835 1461 reddantur
858 1429 1018 1459 inhabiles
1034 1428 1073 1457 ad
1094 1427 1158 1457 alia
1174 1427 1258 1456 ohti-

251 1488 373 1523 nenda,
395 1492 425 1517 et
439 1486 518 1516 alias
533 1485 629 1515 etiam
645 1484 784 1523 prefatus
801 1483 1060 1521 archiepiscopus
1076 1485 1186 1511 contra
1204 1488 1258 1510 vos

249 1547 279 1572 et
295 1532 455 1571 civitatem
479 1540 614 1570 eandem
642 1537 852 1577 spiritualiter
879 1541 910 1566 et
935 1535 1151 1574 temporaliter
1167 1539 1261 1573 prout

250 1596 323 1626 iacti
339 1595 477 1634 qualitas
493 1597 641 1632 suggeret
655 1596 685 1622 et
700 1592 817 1621 viderit
831 1590 991 1629 expedire,
1011 1589 1168 1628 procedat.
1189 1601 1203 1615 ι)

292 1662 305 1676 (ι
325 1650 427 1679 Movet
443 1649 586 1677 animum
605 1650 848 1684 mentemque...
867 1660 905 1665 —
924 1644 995 1673 Dat.
1015 1644 1127 1677 Reate,
1145 1641 1259 1672 kalen-

250 1703 299 1733 dis
312 1703 459 1737 octobris,
477 1709 563 1731 anno
580 1700 695 1739 primo.
716 1712 728 1725 1>

321 1824 407 1851 359
810 1818 901 1849 Rieu,
924 1818 959 1844 ler
973 1817 1090 1844 octobre
1108 1816 1186 1843 1288.

288 1886 436 1920 I’tagusino
453 1883 669 1919 archiepiscopo
686 1882 799 1908 mandat
815 1885 845 1907 ut
862 1880 1013 1907 paduanos
1032 1879 1149 1906 inducat
1167 1879 1200 1905 ad
1217 1886 1260 1904 re·

252 1934 378 1961 vocanda
395 1933 538 1969 praedicta
559 1935 665 1958 statuta
684 1931 767 1963 (Rea.
790 1930 838 1962 44,
862 1927 887 1955 c.
904 1929 970 1960 213,
987 1929 1006 1955 f.
1023 1928 1053 1955 51
1073 1934 1097 1954 r⁰
1113 1940 1118 1959 ·,
1138 1927 1258 1960 Po‘rffl„

251 1984 357 2014 0052'0.)

253 2000 291 2010 ..i-t
307 2004 319 2010 .-

299 2073 463 2101 Venerabili
478 2071 572 2107 fratri
591 2070 846 2107 ..archiepiscopo
863 2068 1014 2104 Raqztsmo
1032 2066 1162 2095 mandat
1180 2073 1258 2103 qua-

254 2131 344 2156 tenus
356 2125 395 2155 ad
412 2124 574 2154 civitatem
593 2123 780 2152 Paduanam
798 2130 831 2150 se
852 2119 1061 2160 personaliter
1077 2118 1255 2153 conserens,

253 2172 453 2220 potestatem,
475 2178 639 2213 antianos,
661 2175 860 2206 consiliarios
882 2179 912 2204 et
934 2181 1105 2203 commune
1130 2171 1258 2201 Padua-

253 2242 311 2263 nos
328 2237 455 2263 moneat
470 2236 500 2261 et
517 2231 648 2260 inducat
668 2234 702 2259 ut
722 2228 807 2258 infra
824 2227 1009 2267 quindecim
1031 2226 1099 2256 dies
1115 2235 1132 2254 a
1151 2234 1256 2264 recep-

254 2287 339 2317 tione
359 2286 537 2315 litterarum
553 2284 598 2313 eis
614 2292 632 2313 a
648 2290 774 2312 summo
791 2281 939 2320 pontifice
958 2280 1152 2309 directarum
1172 2287 1258 2309 com-

253 2339 408 2379 putandos
439 2341 553 2367 statuta
578 2337 687 2366 omnia
713 2335 850 2365 civitatis
874 2333 1017 2372 eiusdem
1054 2332 1180 2372 publica
1209 2331 1258 2361 vel

253 2396 388 2426 secreta,
403 2391 635 2426 ordinationes,
654 2389 826 2427 scripturas
841 2395 1070 2426 quascumque,
1090 2394 1171 2424 quae
1187 2393 1260 2415 con-

254 2452 300 2476 tra
315 2446 491 2476 libertatem
507 2443 659 2474 ecclesiae
678 2446 706 2472 et
722 2451 831 2471 rerum
847 2440 1133 2470 ecclesiasticarum
1151 2443 1180 2468 et
1192 2447 1260 2477 per-

253 2507 403 2530 sonarum
427 2498 513 2534 sint,
533 2497 572 2527 de
592 2496 819 2536 capitularibus
843 2503 897 2524 seu
921 2493 1094 2523 statutariis
1117 2491 1184 2521 suis
1206 2494 1261 2520 aut

253 2554 507 2592 quibuscumque
518 2550 608 2580 libris
624 2549 674 2579 vel
689 2549 785 2578 cartis
801 2547 960 2578 aboleant.
978 2546 1133 2584 Alioquin
1150 2548 1260 2575 contra

253 2615 306 2636 eos
323 2605 480 2644 procedat.

298 2671 310 2685 ι
335 2660 439 2689 Movet
455 2658 601 2687 animum
620 2660 864 2694 mentemque...
883 2670 919 2676 --
938 2654 1006 2682 Dat.
1026 2653 1136 2688 Reate,
1151 2650 1261 2681 kalen—

255 2713 303 2742 dis
321 2712 474 2748 octobris,
494 2719 581 2741 anno
598 2711 711 2750 primo.
739 2721 752 2736 n

325 2831 508 2859 :mo-38¹1
814 2828 906 2862 Rieti,
925 2828 962 2854 ‘1⁰‘
977 2827 1093 2853 octobre
1110 2825 1188 2853 1288.

291 2887 332 2913 De
348 2887 446 2913 codem
464 2888 590 2921 negotio.
608 2886 692 2919 (nm.
710 2885 753 2915 44.
771 2894 796 2912 c.
813 2884 876 2918 214,
893 2884 911 2911 s.
930 2884 960 2910 51
981 2884 1028 2915 ro.)

298 2975 413 3005 lh'lectis
435 2976 509 3012 liliis
531 2997 549 3003 ..
567 2975 729 3011 potestati,
750 2974 899 3010 ancianis,
916 2972 1041 3001 consilio
1057 2976 1083 3000 et
1104 2969 1261 2999 communi

264 3030 432 3058 vicentinis.

1386 429 1397 443 ι
1421 417 1527 446 Movet
1547 415 1694 444 animum
1716 418 1960 454 mentemque...
1981 431 2022 437 —
2042 415 2113 445 Dat.
2141 419 2176 445 ut
2198 423 2304 454 supra.
2330 426 2344 442 a

1380 482 1394 496 t(
1421 469 1456 498 ln
1486 478 1512 498 e.
1539 477 1583 498 m.
1613 467 1763 498 scribitur
1790 476 1884 506 super
1912 467 2024 498 eodem
2056 490 2076 497 ..
2107 468 2345 506 archiepiscopo

1342 523 1514 561 ltagusino.
1543 534 1554 548 n

1409 723 1495 750 362

1377 805 1393 809 ..
1411 784 1555 810 Tullcnsis
1575 788 1603 810 et
1621 805 1638 810 ..
1658 783 1754 809 Sancti
1770 783 1897 809 Thoniae
1919 783 2144 817 Argentincnsis
2159 783 2347 810 ecelesiarum

1880 719 1966 753 Rieti,
1984 721 1999 747 5
2017 720 2181 755 septembre
2198 719 2274 747 1288.

1339 833 1485 859 canonicis
1502 832 1615 858 mandat
1636 836 1779 866 quatenus
1796 831 1947 858 Frcderico
1958 853 1964 863 ,
1981 833 2118 867 episcopo
2134 831 2278 866 Spirensi,
2295 839 2348 866 pro

1335 883 1480 915 juratione
1492 883 1603 907 incauta
1618 882 1764 915 imponant
1775 880 1989 915 poenitentiam,
1999 889 2032 907 ac
2041 885 2175 907 revocent
2185 881 2261 915 quod
2271 880 2349 907 dam-

1339 938 1441 956 nosum
1463 931 1555 964 ipsius
1577 929 1637 955 sodi
1664 930 1690 955 in
1708 930 1806 955 eadem
1826 930 1972 963 juratione
1994 929 2162 956 invenerint.
2193 929 2274 961 (Res.
2298 929 2348 961 44,

1339 986 1364 1005 c.
1382 979 1442 1009 ΗΞ),
1461 979 1479 1005 f.
1497 979 1526 1005 51
1547 984 1590 1011 1·0;
1610 978 1675 1004 [κιαι
1694 988 1728 1005 nn
1743 978 1840 1009 Tnstc,
1858 978 1879 1007 I,
1899 978 1952 1009 85.)

1381 1096 1499 1124 niter-iis
1514 1095 1588 1131 filiis
1603 1117 1623 1124 ..
1643 1095 1792 1124 Tullensis
1808 1099 1832 1123 e!
1847 1117 1866 1123 ..
1883 1094 1987 1123 Sancti
2000 1093 2350 1130 ThomeAryentinensis

1340 1150 1533 1178 ecclesiarium
1560 1149 1690 1179 decanis.
1713 1161 1725 1175 «ι
1751 1148 1800 1177 Ad
1820 1148 2019 1177 audientiam
2044 1150 2187 1177 nostram
2205 1145 2352 1185 pervenit

1340 1202 1436 1240 quod,
1446 1202 1519 1231 licet
1531 1202 1696 1240 episcopus
1706 1202 1866 1240 Spirensis
1879 1202 1933 1240 qui
1948 1205 2057 1239 estpro
2068 1205 2208 1239 tempore
2217 1199 2251 1229 in
2259 1207 2352 1230 cano-

1342 1255 1430 1284 nicos
1443 1254 1603 1293 Spirensis
1611 1255 1756 1293 ecclesie,
1766 1260 1829 1284 tam
1843 1255 1875 1284 in
1889 1254 2076 1292 dignatibus
2087 1259 2118 1284 et
2128 1253 2351 1293 personatibus

1341 1316 1438 1346 quam
1453 1307 1525 1337 aliis
1536 1307 1652 1338 officiis
1665 1309 1864 1344 constitutos,
1875 1308 2075 1347 spiritualem
2089 1307 2351 1346 jurisdictionem

1341 1360 1380 1390 de
1392 1361 1464 1398 jure
1477 1361 1656 1390 obtineatet
1672 1361 1814 1400 ipsorum
1825 1370 1950 1391 necnon
1963 1361 2153 1391 clericorum
2169 1364 2199 1391 et
2207 1360 2351 1390 servien-

1343 1414 1424 1444 tium
1447 1423 1579 1444 suornm
1595 1415 1746 1445 correctio
1763 1424 1951 1445 excessuum
1971 1415 2128 1454 pertineat
2143 1414 2182 1444 ad
2199 1414 2350 1452 eundem,

1342 1468 1542 1498 consueverit
1555 1468 1650 1498 etiam
1663 1468 1748 1498 idem
1765 1469 1929 1507 episcopus
1943 1469 1977 1498 in
1989 1468 2115 1498 civitate
2132 1467 2277 1506 Spirensi
2288 1475 2353 1498 mo-

1342 1526 1450 1551 netam
1463 1522 1502 1551 ad
1519 1526 1640 1551 certum
1655 1521 1779 1560 pondus
1794 1521 1866 1552 cudi
1879 1522 1981 1552 facere
1991 1530 2009 1551 a
2023 1526 2164 1560 tempore
2176 1521 2267 1560 cujus
2283 1529 2351 1550 me-

1342 1576 1443 1605 moria
1460 1584 1523 1604 non
1544 1575 1665 1612 existit,
1683 1580 1713 1605 et
1731 1574 1902 1605 officialem
1915 1598 1923 1612 ‚
1945 1575 2001 1614 qui
2023 1575 2062 1605 de
2084 1575 2190 1605 causis
2208 1574 2352 1604 subdito-

1342 1638 1414 1658 rum
1437 1629 1539 1667 ipsius
1562 1629 1699 1667 episcopi
1726 1632 1913 1666 cognoscat,
1941 1628 2060 1658 habere
2090 1636 2145 1667 pro
2176 1637 2233 1657 sue
2261 1627 2353 1658 libito

1341 1682 1533 1717 voluntatis,
1552 1674 1658 1711 tamen
1678 1681 1756 1712 olim
1777 1681 1849 1711 sede
1866 1681 2026 1720 Spirensi,
2050 1690 2106 1720 per
2121 1681 2245 1711 obitum
2270 1681 2354 1711 bone

1341 1735 1497 1765 memorie
1515 1735 1662 1771 Henrici,
1680 1734 1842 1773 Spirensis
1862 1734 2013 1773 episcopi,
2029 1733 2215 1764 immediate
2239 1733 2354 1772 prede-

1341 1789 1475 1820 cessoris
1506 1788 1699 1818 venerabilis
1726 1788 1832 1818 fratris
1867 1788 1967 1818 nostri
1985 1788 2166 1824 Frederici,
2188 1787 2352 1826 Spirensis

1342 1842 1490 1881 episcopi,
1510 1846 1652 1878 vacante,
1672 1864 1692 1871 ..
1710 1841 1850 1871 decanus
1862 1841 2076 1879 etcapitulum
2095 1840 2239 1878 ejusdem
2251 1839 2352 1870 eccle-

1342 1896 1388 1926 sie
1418 1895 1593 1925 temeritate
1626 1895 1752 1934 propria
1785 1894 1894 1924 minus
1931 1893 2063 1932 provide
2100 1897 2282 1923 statuerunt
2319 1897 2354 1922 ut

1342 1949 1507 1988 episcopus
1529 1948 1690 1987 Spirensis
1717 1948 1772 1986 qui
1803 1952 1884 1977 esset
1916 1956 1971 1986 pro
1995 1950 2135 1985 tempore
2160 1947 2194 1976 in
2216 1945 2353 1986 prelatos

1342 2007 1371 2032 et
1387 2002 1556 2032 canonicos
1567 2001 1650 2031 dicte
1663 2000 1796 2031 ecclesie
1812 2004 1865 2030 aut
1881 2000 2025 2039 ipsorum
2050 1999 2188 2029 familias
2204 2007 2270 2029 non
2285 2007 2354 2038 pos-

1342 2060 1388 2086 set
1405 2055 1662 2094 jurisdictionem
1680 2054 1821 2093 aliquam
1842 2062 1988 2083 exercere
2015 2062 2073 2083 nec
2090 2056 2255 2083 monetam
2279 2051 2353 2082 cudi

1341 2110 1462 2145 facere,
1487 2109 1550 2138 nisi
1567 2107 1607 2137 ad
1627 2107 1750 2146 pondus
1770 2107 1798 2136 ei
1820 2105 2011 2136 tradendum
2027 2115 2045 2135 a
2070 2101 2200 2136 decano'
2213 2109 2243 2136 et
2265 2091 2371 2144 capi-¹
2391 2138 2394 2140 ,

1343 2162 1408 2193 tulo
1424 2161 1626 2201 supradictis,
1649 2169 1707 2190 nec
1726 2160 1823 2190 etiam
1841 2159 2013 2189 officialem
2041 2159 2129 2189 curie
2145 2168 2202 2189 sue
2225 2159 2328 2189 facere
2345 2183 2352 2198 ,

1343 2217 1406 2246 nisi
1422 2216 1517 2246 fuerit
1530 2214 1703 2245 canonicus
1719 2213 1851 2243 ecclesie
1861 2217 2035 2242 memorate
2050 2223 2056 2248 ς
2074 2221 2111 2242 ac
2126 2212 2259 2251 insuper
2275 2220 2350 2251 que·

1342 2271 1415 2301 dam
1445 2269 1506 2299 alia
1530 2268 1680 2298 dicuntur
1702 2266 1841 2296 edidisse
1859 2270 1994 2302 statuta,
2019 2274 2081 2304 que
2109 2265 2143 2295 in
2166 2264 2352 2304 episcopalis

1343 2324 1426 2354 sedis
1443 2321 1603 2361 Spirensis
1619 2319 1798 2350 redundare
1814 2323 1990 2349 noscuntur
2007 2327 2071 2349 nou
2085 2318 2244 2349 modicam
2255 2318 2353 2350 lesio-

1343 2386 1437 2413 nem3
1455 2375 1494 2405 de
1517 2383 1580 2404 non
1597 2373 1756 2403 veniendo
1773 2377 1884 2402 contra
1904 2377 2019 2402 statuta
2045 2371 2233 2412 hujusmodi
2257 2376 2288 2402 et
2312 2371 2352 2402 de

1343 2438 1408 2460 non
1422 2427 1623 2467 impetrando
1633 2435 1651 2456 a
1665 2426 1828 2464 superiore
1838 2424 1947 2464 aliquo
1959 2425 2104 2464 ipsorum
2116 2425 2353 2455 revocationem

1342 2493 1397 2522 per
1412 2482 1554 2521 aliquem
1566 2489 1601 2510 ex
1619 2479 1757 2518 predicte
1770 2479 1902 2509 ecclesie
1915 2479 2079 2509 canonicis
2090 2502 2098 2517 ,
2114 2478 2141 2508 si
2158 2487 2257 2518 quem
2274 2478 2354 2509 forte

1342 2538 1381 2567 de
1392 2536 1469 2576 ipsis
1482 2535 1515 2565 in
1528 2534 1709 2573 episcopum
1717 2532 1901 2571 Spirensem
1911 2532 2032 2562 assumi
2043 2532 2254 2570 contingeret,
2267 2540 2353 2571 pres-

1343 2591 1400 2621 tito
1416 2594 1479 2619 tam
1494 2597 1512 2618 a
1531 2587 1615 2617 dicto
1631 2586 1799 2617 Frederico
1813 2610 1819 2622 ,
1840 2587 1894 2625 qui
1913 2590 1988 2616 tunc
2009 2585 2092 2616 dicte
2107 2585 2241 2616 ecclesie
2257 2593 2352 2616 cano-

1344 2644 1434 2674 nicus
1459 2641 1627 2675 existebat,
1659 2648 1756 2678 quam
1782 2639 1821 2669 ab
1849 2639 1922 2669 aliis
1953 2638 2043 2669 illius
2072 2639 2237 2669 canonicis
2262 2639 2354 2678 jura-

1344 2702 1463 2729 mento.
1481 2696 1564 2726 Cum
1583 2694 1684 2733 igitur
1709 2693 1782 2723 sede
1798 2697 1930 2723 vacante
1950 2692 2051 2723 nichil
2072 2693 2113 2723 sit
2130 2692 2354 2733 innovandum

1344 2757 1374 2782 et
1391 2750 1489 2781 nostri
1506 2749 1616 2779 deceat
1630 2747 1827 2786 appositione
1844 2746 1968 2777 consilii
1986 2755 2080 2785 super
2104 2746 2163 2776 hoc
2184 2745 2355 2776 salubriter

1345 2803 1521 2845 provideri,
1540 2800 1725 2831 discretioni
1743 2804 1845 2829 vestre
1863 2809 1917 2839 per
1932 2799 2104 2839 apostolica
2126 2800 2244 2838 scripta
2258 2807 2354 2830 man-

1343 2858 1457 2888 damus
1472 2860 1641 2895 quatenus,
1659 2854 1685 2883 si
1702 2858 1749 2883 est
1765 2853 1826 2890 ita,
1845 2862 1900 2883 vos
1914 2853 1963 2883 vel
1981 2853 2061 2883 alter
2085 2857 2227 2884 vestrum
2245 2853 2350 2884 eidem

1344 2911 1511 2942 Frederico
1534 2908 1697 2947 episcopo,
1726 2915 1782 2946 pro
1805 2907 1968 2946 J'uratione
1991 2907 2141 2944 incauta,
2175 2907 2352 2946 imponatis

1344 2963 1551 3004 penitentiam
1563 2965 1807 3000 competentem,
1823 2968 1859 2990 ac
1870 2962 2022 2991 revocetis
2032 2960 2066 2990 in
2077 2963 2195 2990 statum
2206 2960 2351 2990 debitum

1343 3017 1428 3058 quod
1457 3017 1491 3046 in
1515 3015 1691 3053 dampnum
1719 3013 1860 3052 predicte
1896 3012 1981 3044 sedis
2013 3013 2205 3044 inveneritis
2235 3017 2353 3043 temere
