2342 3652
933 359 1157 395 nEUXIEME
1181 355 1334 393 ANNEE.
2119 364 2168 392 28¹,

88 436 237 468 bonensis
253 434 407 469 diocesis,
432 433 596 463 associatis
623 433 679 461 tibi
702 432 891 462 mulieribus
916 432 978 460 tuis
1001 431 1091 460 obse·

89 489 172 530 quiis
188 487 361 526 deputatis,
381 486 424 514 ita
440 485 604 515 dumtaxat
620 485 701 524 quod
721 485 960 523 septemnarium
978 492 1093 513 nume-

88 551 159 574 rum
192 549 256 570 non
286 539 459 575 excedant,
489 547 584 568 causa
613 538 810 574 devotionis,
844 538 964 567 intrare
992 537 1092 566 libere

90 595 203 631 valeas,
221 597 268 623 ter
282 593 316 622 in
336 600 436 628 anno,
454 591 627 621 dnmmodo
645 595 674 620 tu
689 595 720 620 et
736 591 845 620 eedem
862 590 1012 619 mulieres
1029 598 1091 618 non

90 646 277 689 pernoctetis
296 653 399 684 neque
410 644 582 674 comedatis
597 644 756 673 ibidem...
776 644 847 673 Dat.
861 644 968 678 Reate,
982 652 1021 671 xn
1034 642 1093 672 ka·

89 701 199 741 lendas
216 699 352 730 octobris
366 721 373 735 ‚
389 707 476 728 anno
491 697 642 727 secundo.
661 709 675 723 ν

165 874 184 901 Ι
192 872 281 901 409

127 934 253 962 Licentia
274 933 397 968 eligendi
422 934 617 959 confessorem
639 931 796 965 proprium.
821 930 900 963 (Rae.
922 929 968 959 44,
986 937 1011 955 c,
1029 929 1095 956 ²493.

56 999 59 1004 ·
93 985 111 1012 f.
128 983 174 1010 221
193 985 237 1014 νῦ.)

609 869 696 901 Ricti,
716 868 751 894 *20
767 868 929 903 septembre
949 868 1024 893 1289.

131 1087 230 1116 Nobili
246 1086 371 1114 mulieri
389 1083 512 1119 Stbtlie,
530 1084 678 1113 comitisse
691 1082 850 1111 Sabaudzsse.

105 1143 108 1147 ’
133 1150 146 1165 «
164 1138 311 1175 Benigno
327 1136 382 1166 tibi
399 1140 510 1165 sunt...
530 1149 566 1168 -—‚
587 1135 658 1165 Dat.
680 1139 834 1172 utsupra.
854 1147 865 1159 »

165 1312 281 1340 1411)

127 1375 169 1401 De
184 1373 436 1410 procurationibus
453 1374 555 1407 legatis
566 1376 594 1399 et
609 1372 718 1398 nuntiis
729 1371 808 1398 sedis
819 1371 993 1405 apostolicae
1004 1378 1099 1404 praes-

93 1423 193 1452 tandis.
213 1423 300 1458 (Reg.
319 1423 362 1452 44.
380 1431 405 1449 c.
423 1422 483 1453 494,
502 1422 520 1448 f.
541 1422 588 1448 221
608 1423 656 1454 ro.)

612 1309 698 1342 Rieti,
715 1308 748 1335 Ὦ
769 1308 932 1342 septembre
948 1307 1025 1334 1289.

137 1526 304 1556 Venerabili
321 1527 418 1562 fratri
437 1548 458 1555 ..
482 1526 614 1562 episcopo
636 1524 818 1553 Urbevetano
838 1523 968 1552 mandat
992 1526 1026 1552 ut
1044 1530 1099 1562 pro

93 1583 188 1619 quota
203 1583 290 1618 parte
305 1579 429 1617 Justum
445 1578 486 1607 sit
512 1582 544 1607 ut
567 1576 698 1616 praelati
722 1581 752 1606 et
767 1576 876 1606 clerici
893 1576 1099 1606 ecclesiarum

93 1632 237 1663 Civitatis
252 1631 454 1662 Castellanae
469 1655 475 1667 ,
494 1630 632 1661 Ortanae
649 1635 679 1660 et
695 1630 875 1669 Nepesinae
891 1630 1055 1659 civitatum
1071 1632 1102 1658 et

94 1685 286 1716 dioecesium
300 1686 445 1723 episcopo
455 1689 486 1714 et
497 1684 580 1714 clero
588 1684 724 1713 civitatis
736 1683 926 1713 etdioecesis
938 1683 1098 1720 Sutrinae,

95 1739 128 1768 in
154 1738 432 1778 procurationibus
455 1737 567 1776 legatis
596 1741 626 1767 et
653 1737 776 1766 nuntiis
802 1736 887 1766 sedis
911 1735 1101 1775 apostolicae

95 1792 309 1832 praestandis,
327 1793 545 1831 adjungantur
562 1791 667 1820 videat
683 1796 713 1820 et
727 1795 855 1820 statuat.

135 1859 149 1873 «
166 1846 314 1876 Exhibita
327 1845 419 1876 nobis
431 1844 663 1885 venerabilis...
681 1862 719 1865 —
739 1845 807 1873 Dat.
827 1844 923 1874 Reate
938 1869 943 1880 ,
957 1854 973 1873 x
988 1844 1100 1874 kalen-

95 1900 149 1930 das
163 1899 299 1930 octobris
313 1923 318 1935 ,
335 1907 421 1928 anno
437 1899 586 1929 secundo.
607 1910 621 1924 n

167 2080 247 2108 141
260 2080 280 2106 1

132 2142 173 2170 Dc
193 2142 331 2169 beneficio
349 2143 376 2168 in
397 2142 520 2168 ecclesia
534 2141 729 2167 Lincolniensi
751 2140 891 2167 Riccardo
905 2140 938 2166 dc
954 2140 1102 2167 Socwellis

97 2191 278 2219 conserendo.
297 2191 378 2218 (naa.
396 2191 438 2222 44,
455 2199 479 2217 c.
499 2191 559 2219 495.
577 2191 595 2216 s.
614 2190 660 2216 *2⁶21
682 2191 728 2222 νῦ.)

663 2078 748 2107 Rieti,
770 2079 803 2103 1²¹·
819 2079 934 2104 octobre
954 2078 1028 2104 12⁸9.

151 2319 156 2323 .
194 2293 406 2324 archidiacono
438 2294 626 2323 Middelseoeie
665 2294 696 2322 in
732 2294 852 2322 ecclesia
890 2294 1099 2322 Londom'ensz'.

99 2360 111 2376 ι
129 2347 193 2378 Sua
214 2347 305 2378 nobis
331 2346 524 2377 venerabilis
547 2347 644 2376 frater
666 2351 774 2376 noster
795 2369 813 2375 ..
837 2346 1003 2384 episcopus
1026 2346 1102 2374 Lin-

98 2400 269 2431 colniensis
286 2400 436 2439 petitione
455 2399 645 2429 monstravit
658 2399 753 2438 quod,
767 2408 840 2429 cum
857 2399 1008 2437 magister
1025 2399 1101 2428 Ric-

99 2454 209 2484 cardus
223 2454 261 2484 de
273 2453 441 2484 Socwellis
455 2477 461 2489 ,
479 2457 580 2483 rector
595 2452 726 2483 ecclesie
741 2452 780 2482 de
800 2451 937 2491 Bekeley
951 2476 957 2489 ,
978 2451 1103 2482 Lincol-

99 2507 219 2537 niensis
232 2506 384 2543 diocesis,
401 2505 476 2536 olim
494 2515 589 2544 super
605 2505 784 2543 receptione
798 2509 828 2534 et
845 2505 1024 2544 provisione
1040 2504 1103 2534 sibi

96 2559 242 2591 facienda
276 2560 310 2589 in
351 2559 481 2589 ecclesia
522 2558 741 2589 Lincolniensi
774 2558 812 2587 de
847 2558 1038 2588 canonicatu
1074 2562 1104 2586 et

99 2614 277 2653 prebenda,
304 2613 329 2643 si
353 2615 428 2642 tunc
451 2616 602 2642 vacarent
626 2611 763 2647 ibidem,
781 2611 830 2641 vel
847 2620 943 2650 quam
962 2611 1103 2650 primum

99 2666 138 2696 ad
151 2666 184 2696 id
197 2675 230 2697 se
246 2666 378 2696 facultas
393 2666 520 2696 offerret
531 2688 538 2702 ,
555 2665 595 2694 ad
611 2688 630 2694 ..
649 2664 687 2694 de
705 2664 821 2694 Sancto
838 2664 963 2693 Albano
977 2668 1008 2693 et
1026 2687 1047 2694 ..
1066 2664 1104 2692 de

101 2718 263 2749 Waltham
278 2718 547 2749 monasteriorum
562 2717 689 2747 abbates
702 2741 709 2754 ,
728 2716 964 2746 Lincolniensis
979 2720 1008 2745 et
1026 2716 1105 2745 Lon-

101 2771 261 2802 deniensis
276 2772 453 2802 diocesium
468 2771 592 2810 primo,
613 2775 643 2800 et
662 2770 865 2809 postmodum
881 2769 920 2798 ad
937 2769 1104 2806 magistros

100 2824 270 2858 Giffridum
289 2826 327 2855 de
347 2825 491 2860 Vezano,
512 2825 545 2854 in
566 2823 685 2862 Anglia
703 2827 953 2853 commorantem
967 2846 975 2859 ‚
992 2822 1105 2852 Came-

101 2879 257 2915 racensis,
282 2883 313 2909 et
328 2879 503 2908 Robertum
520 2878 558 2907 de
578 2876 724 2912 Lavalle,
742 2875 988 2905 Aurelianensis
1003 2874 1102 2904 eccle-

102 2932 219 2962 siarum
247 2933 435 2967 canonicos,
467 2931 568 2961 felicis
592 2929 819 2960 recordationis
845 2929 978 2958 Martini
1007 2938 1103 2967 pape,

103 2985 331 3024 predecessoris
345 2985 458 3020 nostri,
469 2984 527 3013 sub
539 2983 633 3013 certis
646 2982 885 3012 sormislitteras
894 2982 1104 3020 impetrasset,

103 3038 185 3068 idem
205 3039 355 3076 magister
375 3039 549 3071 Robertns,
567 3037 620 3075 qni
639 3036 722 3065 solus
740 3035 924 3072 procedebat
941 3035 973 3063 in
993 3035 1103 3071 hujus-
1143 3069 1147 3079 Δ

245 3105 314 3131 Rea.
337 3104 457 3131 Nicoms
479 3103 529 3129 lv,

1175 429 1259 459 modi
1286 430 1474 467 provisionis
1497 431 1638 468 negotio,
1661 436 1752 469 prout
1778 440 1813 460 ex
1835 432 1937 461 forma
1964 431 2174 469 predictarum

1174 482 1351 512 litterarum
1383 483 1443 512 sibi
1472 488 1499 513 et
1532 484 1614 514 dicto
1645 485 1794 522 magistro
1823 483 1957 513 Giffrido
1985 484 2176 513 directarum

1176 539 1310 574 poterat,
1329 540 1361 565 ut
1378 536 1522 572 dicebat,
1540 537 1642 566 eidem
1660 537 1823 575 episcopo,
1841 536 1879 566 ad
1896 546 1990 575 quem
2006 536 2175 575 prebenda-

1176 598 1247 618 rum
1268 589 1409 625 collatio,
1428 594 1458 619 et
1477 590 1614 628 capitulo
1639 590 1782 627 ejusdem
1802 590 1948 626 ecclesie,
1971 591 2009 619 ad
2027 599 2105 628 quos
2126 598 2176 631 re-

1177 642 1278 680 ceptio
1294 643 1519 672 canonicorum
1537 643 1569 672 in
1594 643 1676 672 dicta
1692 643 1823 673 ecclesia
1847 645 2002 682 pertinet,
2022 643 2079 672 sub
2098 651 2178 681 pena

1178 696 1516 725 excommunicationis
1532 701 1562 726 et
1575 697 1795 735 suspensionis
1809 706 1844 726 ex
1860 704 1999 735 arrupto,
2014 696 2179 725 mandavit

1179 752 1212 777 ut
1223 748 1339 777 dictum
1355 749 1543 786 magistrum
1557 750 1745 778 Iliccardum
1761 751 1792 778 in
1808 750 1947 788 predicta
1960 749 2177 779 Lincolniensi

1178 801 1309 831 ecclesia
1337 802 1513 840 reciperent
1535 803 1570 831 in
1591 803 1781 832 canonicum
1806 807 1835 832 et
1860 804 1893 832 in
1916 803 2063 838 fratrem,
2088 802 2178 841 eique

1179 854 1307 883 stallum
1341 855 1373 883 in
1408 855 1502 883 choro
1533 859 1562 883 et
1594 854 1697 884 locum
1732 856 1762 883 in
1795 855 1930 893 capitulo
1962 856 2178 892 assignarent,

1180 907 1332 936 inhibens
1349 908 1378 936 ei
1396 907 1629 936 nichilominus
1646 916 1685 936 ne
1704 907 1787 936 idem
1806 908 1969 946 episcopus
1989 907 2179 946 prebendam

1180 969 1275 998 quam
1294 961 1396 998 primo
1411 961 1443 989 in
1459 960 1543 989 dicta
1557 959 1775 989 Lincolniensi
1789 960 1922 989 ecclesia
1937 969 2048 989 vacare
2063 962 2181 989 contin-

1179 1018 1267 1051 geret
1284 1014 1441 1043 conferret
1456 1013 1549 1041 alicui
1565 1036 1571 1045 ,
1591 1021 1694 1050 neque
1710 1013 1848 1041 decanus
1871 1018 1900 1041 et
1922 1012 2094 1050 capitulum
2111 1021 2180 1050 pre-

1179 1067 1233 1096 sati
1250 1066 1390 1105 aliquem
1407 1067 1584 1104 reciperent
1598 1066 1637 1094 ad
1654 1066 1786 1094 eandem
1802 1089 1808 1100 ,
1826 1074 1897 1094 cum
1915 1065 2017 1094 dictus
2033 1065 2183 1101 magister

1180 1119 1339 1150 Robertns
1360 1119 1399 1148 de
1422 1119 1475 1148 illa
1499 1119 1582 1148 dicto
1601 1119 1751 1156 magistro
1767 1118 1940 1152 Riccardo,
1961 1122 1993 1147 ut
2008 1117 2180 1151 asserebat,

1179 1173 1362 1203 intenderet
1378 1172 1554 1211 providere.
1574 1172 1720 1210 Cumque
1735 1171 1821 1201 idem
1838 1171 2002 1210 episcopus
2017 1171 2056 1200 ab
2072 1170 2183 1208 hujus-

1180 1226 1265 1256 modi
1284 1226 1444 1255 mandatis
1457 1249 1465 1262 ‚
1485 1225 1738 1255 inhibitionibus
1757 1229 1786 1255 et
1810 1225 2008 1264 processibus
2025 1224 2099 1253 dicti
2118 1232 2184 1252 ma-

1180 1279 1272 1318 gistri
1302 1279 1432 1309 Roberti
1462 1279 1502 1308 ad
1534 1279 1641 1308 sedem
1671 1278 1873 1317 apostolicam
1902 1277 2104 1317 appellasset,
2135 1277 2185 1315 pie

1180 1333 1338 1362 memorie
1360 1333 1523 1362 Honorius
1546 1342 1624 1371 papa
1649 1332 1733 1368 IIII,
1752 1332 1954 1370 predecessor
1969 1336 2092 1367 noster,
2108 1338 2183 1365 nos,

1182 1391 1257 1416 tunc
1274 1386 1307 1415 in
1328 1386 1446 1415 minori
1470 1386 1574 1415 officio
1596 1386 1801 1417 constitutos,
1828 1386 1861 1414 in
1885 1393 1978 1414 causa
2001 1383 2185 1422 hujusmodi

1181 1439 1402 1479 appellationis
1433 1445 1463 1469 et
1490 1440 1609 1477 negotii
1637 1439 1823 1477 principalis
1852 1438 1890 1467 ad
1917 1439 2020 1468 sedem
2051 1438 2185 1466 eandem

1181 1494 1324 1532 legitime
1342 1493 1490 1523 devoluta
1515 1493 1602 1522 dedit
1622 1493 1763 1531 partibus
1787 1493 1975 1522 auditorem.
1995 1492 2114 1520 Verum
2131 1490 2186 1520 lite

1182 1556 1286 1577 coram
1305 1547 1397 1576 nobis
1412 1571 1417 1583 ,
1435 1547 1539 1576 adhuc
1558 1547 1590 1575 in
1608 1546 1717 1576 eodem
1736 1546 1853 1575 minori
1869 1545 1973 1575 officio
1988 1544 2185 1580 constitutis,

1182 1601 1325 1639 legitime
1341 1604 1514 1630 contestata
1529 1624 1534 1635 ,
1551 1608 1625 1636 nos,
1644 1599 1844 1638 postmodum
1862 1599 1995 1637 promoti
2013 1598 2052 1627 ad
2068 1597 2185 1626 summi

1182 1653 1374 1693 apostolatus
1387 1653 1545 1689 officium,
1563 1653 1678 1683 dilecto
1695 1653 1760 1683 lilio
1778 1657 1884 1682 nostro
1899 1653 1943 1687 .J.‚
1960 1652 2073 1681 Sancte
2087 1651 2187 1680 Marie

1182 1709 1217 1738 in
1253 1707 1315 1737 Via
1353 1707 1415 1736 lata
1449 1707 1581 1736 diacono
1618 1705 1795 1739 cardinali,
1834 1713 1962 1735 causam
1998 1703 2187 1742 hujusmodi

1183 1762 1333 1792 duximus
1360 1760 1634 1790 committendam.
1667 1759 1874 1789 Postmodum
1902 1762 2008 1788 autem
2036 1757 2187 1794 magistro

1185 1815 1363 1845 Lansranco
1381 1815 1420 1843 de
1439 1815 1613 1851 Pergamo,
1637 1817 1841 1852 procuratore
1858 1811 1934 1840 dicti
1961 1810 2115 1849 episcopi,
2136 1818 2187 1847 pe-

1184 1873 1269 1899 tente
1284 1868 1323 1897 ab
1344 1867 1453 1897 eodem
1477 1867 1630 1896 cardinali
1649 1871 1682 1895 ut
1699 1866 1802 1895 eidem
1819 1865 1969 1903 magistro
1987 1863 2139 1894 Riccardo
2154 1871 2189 1892 ac

1184 1922 1405 1952 executoribus
1422 1922 1487 1951 suis
1508 1921 1654 1959 predictis
1678 1919 1840 1948 inhiberet
1856 1927 1913 1955 ne,
1933 1926 2028 1948 causa
2050 1916 2189 1955 predicta

1184 1976 1359 2014 pendente,
1381 1974 1503 2012 aliquid
1530 1974 1563 2002 in
1589 1974 1690 2012 ipsius
1707 1973 1842 2011 episcopi
1865 1972 2075 2010 prejudicium
2094 1971 2188 1999 inno-

1183 2033 1289 2065 varet,
1308 2029 1393 2058 idem
1409 2027 1602 2063 cardinalis,
1620 2026 1738 2056 auditis
1754 2030 1785 2056 et
1801 2025 1927 2064 plenius
1943 2024 2112 2054 intellectis
2128 2032 2188 2061 que

1183 2083 1283 2121 ipsius
1296 2082 1452 2120 episcopi,
1467 2086 1497 2110 et
1507 2081 1658 2118 magister
1671 2080 1791 2109 Cursus
1806 2079 1844 2108 de
1858 2078 1973 2108 Sancto
1984 2077 2186 2111 Geminiano,

1183 2136 1257 2166 dicti
1274 2135 1419 2173 magistri
1431 2134 1577 2164 Riccardi
1592 2137 1809 2172 procuratores
1823 2157 1829 2168 ,
1847 2141 1952 2162 coram
1969 2140 2005 2161 eo
2020 2139 2114 2169 super
2130 2130 2189 2159 hoc

1184 2190 1289 2220 dicere
1309 2198 1345 2219 ac
1367 2197 1541 2228 proponere
1565 2187 1751 2222 voluerunt⁷
1771 2185 2024 2224 procuratoribus
2042 2183 2188 2222 predictis

1185 2248 1215 2273 et
1230 2252 1284 2282 per
1306 2251 1359 2273 eos
1384 2242 1510 2280 utrique
1536 2241 1617 2280 parti
1641 2239 1785 2269 inhibuit
1812 2248 1851 2268 ne
1875 2239 2026 2268 alterutra
2051 2237 2187 2275 partium

1184 2297 1410 2336 predictarum,
1424 2304 1518 2325 causa
1530 2294 1668 2334 predicta
1680 2293 1849 2333 pendente,
1862 2293 1894 2321 in
1907 2290 2187 2330 (l)jurisdictionis

1184 2351 1285 2390 ipsius
1303 2349 1476 2379 cardinalis
1497 2347 1736 2386 derogationem
1755 2347 1911 2376 innovare
1935 2344 1981 2373 vel
2002 2346 2188 2381 attemptare

1184 2407 1381 2442 presumant.
1395 2402 1547 2438 Quocirca
1560 2401 1743 2431 discretioni
1760 2404 1809 2429 tue
1826 2408 1879 2437 per
1891 2397 2059 2436 apostolica
2073 2395 2188 2433 scripta

1185 2457 1376 2486 mandamus
1402 2460 1559 2494 quatenus
1588 2454 1815 2483 inhibitionem
1842 2451 2026 2490 hujusmodi
2057 2449 2187 2488 predicti

1186 2509 1374 2545 cardinalis,
1391 2509 1425 2538 in
1442 2508 1518 2539 locis
1536 2509 1568 2537 in
1583 2507 1699 2546 quibus
1715 2506 1863 2544 expedire
1877 2504 2013 2540 videris,
2027 2502 2188 2541 publicare

1187 2571 1349 2602 procures,
1378 2571 1413 2591 ac
1443 2561 1673 2591 nichilominus
1705 2559 1852 2598 predictis
1882 2556 2117 2591 executoribus,
2150 2563 2186 2583 ex

1186 2621 1274 2655 parte
1291 2620 1415 2653 nostra,
1434 2614 1581 2644 inhibeas
1608 2622 1663 2643 ne.
1687 2621 1780 2641 causa
1798 2611 1937 2649 predicta
1956 2617 2059 2654 coram
2078 2607 2186 2637 eodem

1187 2669 1343 2700 cardinali
1356 2669 1528 2707 pendente,
1540 2666 1663 2705 aliquid
1676 2667 1708 2695 in
1723 2665 1822 2703 ipsius
1833 2663 1967 2701 episcopi
1978 2661 2186 2700 prejudicium

1188 2725 1340 2753 innovare
1352 2722 1401 2751 vel
1414 2725 1598 2759 attemptare
1611 2722 1809 2757 presumant,
1820 2725 1871 2746 eos
1882 2739 1889 2751 ‚
1903 2716 1929 2745 si
1945 2723 2070 2744 necesse
2082 2714 2187 2750 suerit,

1188 2778 1271 2816 quod
1287 2777 1326 2805 ab
1347 2773 1533 2814 hujusmodi
1557 2771 1793 2811 presumptione
1815 2770 1985 2804 desistant,
2012 2767 2188 2797 monitione

1189 2830 1342 2870 premissa
1354 2852 1361 2866 ‚
1394 2837 1449 2866 per
1480 2835 1647 2857 censuram
1679 2823 1925 2854 ecclesiasticam
1941 2846 1947 2858 ,
1977 2820 2189 2860 appellatione

1188 2883 1368 2923 postposita,
1385 2879 1626 2919 compescendo.
1651 2879 1721 2907 Dat.
1740 2878 1849 2912 Reate,
1867 2875 2015 2905 kalendis
2036 2873 2188 2907 octobris,

1188 2946 1272 2967 anno
1289 2935 1438 2965 secundo.
1459 2946 1471 2959 υ

1219 3044 1250 3069 :n
1272 3042 1316 3064 Μ»

1359 3044 1417 3063 nul,
1436 3048 1467 3061 au
1487 3040 1538 3061 tis—n
1557 3040 1589 3060 d<-
1605 3040 1630 3060 ι’,·ι
