2477 3637
255 377 311 408 202
999 372 1235 404 REGISTRES
1257 373 1312 403 DE
1333 373 1518 404 NICOLAS
1539 374 1597 404 IV.

255 442 438 482 responsuri
453 440 536 480 quod
554 452 567 467 α
586 440 706 470 fructus
722 443 752 469 et
767 438 910 468 redditus
923 439 1159 478 possessionum
1177 440 1258 477 ejus-

255 497 325 527 dem
345 494 529 525 monasterii
548 492 739 532 quibusdam
758 491 848 521 laicis
866 515 872 527 ,
895 491 1039 530 ejusdem
1064 491 1257 523 Christofori

254 549 414 583 fratribus,
431 556 529 586 usqne
541 546 579 576 ad
597 545 712 583 viginti
724 553 837 582 anuos,
851 553 906 583 pro
919 549 1003 574 certa
1017 545 1195 584 quantitate
1206 555 1255 584 pe-

252 602 345 633 cunie
360 599 581 635 vendiderunt,
596 606 632 628 ac
646 603 804 628 nocturno
819 602 969 636 ternpore,
984 598 1152 628 monachis
1171 599 1256 638 ejus-

252 656 324 685 dem
338 652 523 684 monasterii
541 651 668 690 penitus
686 650 921 689 ignorantibus,
931 659 1041 681 cruces
1056 656 1088 681 et
1102 651 1167 681 alia
1182 661 1256 682 vasa

250 712 399 746 argentea
420 715 455 735 ac
477 705 575 735 libros
600 704 744 743 ejusdem
761 704 948 734 monasterii
973 703 1093 734 divinis
1116 704 1256 736 cultibus

249 762 395 800 deputata
419 759 565 798 nequiter
592 761 808 796 asportantes,
834 766 871 787 ea
900 757 996 787 etiam
1024 757 1253 795 distraxerunt,

248 813 463 854 possessiones
487 811 754 842 monasteriorum
781 811 887 841 Sancti
918 810 1062 841 Marcelli
1086 815 1118 841 et
1145 810 1255 842 Sancti

248 866 467 898 Bai-tholomei
492 865 716 901 Clusinorum,
747 873 783 894 ac
806 864 916 895 Sancti
938 864 1135 903 Archangeli
1151 865 1254 896 Peru-

248 921 312 951 sini
329 925 359 950 et
377 920 492 950 Sancte
512 919 612 948 Marie
627 918 666 948 de
683 918 844 956 Vingone,
863 918 1042 949 Castellane
1059 918 1207 956 diocesis,
1225 922 1255 950 et

247 974 384 1005 aliorum
410 973 628 1003 membrorum
657 972 801 1011 ejusdem
824 972 1007 1002 monasterii
1032 971 1070 1001 de
1096 972 1252 1009 Farneto,

249 1027 410 1058 nobilibus
429 1031 458 1056 et
476 1026 691 1064 magnatibus,
708 1025 899 1064 quibusdam
918 1025 958 1055 ad
973 1025 1082 1055 decem
1097 1049 1104 1063 ,
1121 1025 1252 1064 quibus-

247 1081 319 1110 dam
345 1088 419 1110 vero
441 1080 480 1109 ad
505 1079 671 1109 duodecim
689 1103 696 1114 ‚
723 1083 753 1108 et
775 1078 847 1108 aliis
868 1078 907 1108 ad
935 1079 1049 1116 viginti
1072 1087 1191 1115 annos,
1218 1078 1252 1108 in

247 1133 432 1164 eorumdem
451 1132 718 1162 monasteriorum
735 1136 764 1162 et
777 1132 994 1162 membrorum
1012 1141 1075 1163 non
1092 1132 1252 1162 modicam

245 1187 411 1223 lesionem,
429 1186 462 1215 in
482 1185 625 1216 alodium
640 1189 886 1221 concesserunt,
905 1189 936 1215 et
952 1185 1032 1215 alias
1048 1185 1202 1216 dissolute
1218 1194 1253 1216 ac

245 1241 413 1270 inhoneste
423 1239 579 1275 viventes,
591 1238 702 1268 multis
714 1239 1103 1269 excommunicationibus
1116 1239 1251 1276 irretiti,

244 1293 326 1323 hona
342 1293 475 1332 predicti
490 1292 676 1322 monasterii
692 1292 731 1322 de
748 1292 884 1322 Farneto
899 1297 929 1323 et
945 1293 1164 1323 membrorum
1182 1294 1252 1333 ejus

243 1347 288 1377 sic
303 1346 478 1385 dilapidare
493 1346 656 1375 dicuntur.
679 1357 692 1373 1>

284 1412 297 1426 α
317 1399 470 1429 Filiorum
487 1400 574 1438 Syon
594 1398 772 1437 diligens...
794 1416 832 1421 —
847 1400 919 1430 Dat.
938 1400 1026 1430 Rieti
1041 1423 1049 1437 ,
1067 1409 1121 1430 vn1
1143 1399 1252 1430 kalen-

241 1453 296 1484 das
309 1454 410 1492 juuii,
425 1461 510 1483 anno
527 1453 677 1483 secundo.
699 1466 710 1478 υ
956 1446 960 1449 ’

310 1655 398 1682 925
878 1654 970 1687 Rieu,
989 1655 1004 1682 8
1015 1656 1080 1690 juin
1098 1655 1176 1684 1289.

278 1723 320 1749 De
335 1723 498 1749 venditione
515 1723 567 1750 loci
584 1723 704 1750 fratrum
720 1723 754 1750 de
772 1723 951 1752 Poenitentia
961 1724 1033 1752 <Iesu
1045 1725 1152 1753 Christi
1163 1725 1246 1760 (Rae.

243 1773 289 1805 44,
307 1780 331 1798 e.
349 1772 410 1805 206,
428 1772 509 1798 [154
527 1779 573 1802 vo:
594 1772 660 1798 Lm.
678 1781 713 1800 nn
727 1772 830 1806 Tuam,
848 1773 888 1805 ΙΙ,
906 1774 962 1806 96.)

285 1924 305 1931 ..
325 1902 450 1930 sacriste
465 1902 582 1931 ecclesie
597 1902 806 1939 Lugdunensis
821 1903 952 1934 mandat
966 1909 1123 1943 quatenus
1142 1905 1248 1936 locum

241 1963 335 1993 quem
363 1954 513 1993 Lugduni
532 1954 644 1985 fratres
663 1955 701 1985 de
722 1956 925 1987 Poenitentia
946 1958 1022 1988 Jesu
1040 1958 1161 1989 Christi
1176 1967 1249 1999 pos-

242 2009 400 2046 sidebant,
431 2014 461 2039 et
486 2010 541 2048 qui
567 2019 654 2040 nunc
682 2011 767 2041 sedis
792 2012 981 2050 apostolicae
1002 2019 1061 2052 est⁷
1086 2014 1205 2045 vendat
1220 2019 1251 2046 et

241 2063 379 2102 pretium
403 2064 472 2102 eJus
485 2063 519 2092 in
538 2063 606 2094 loeo
625 2068 690 2095 tuto
706 2065 852 2104 deponat.

281 2125 295 2144 α
313 2116 393 2146 Cum
410 2116 491 2146 sicut
507 2117 723 2156 accepimus...
744 2135 782 2140 —
798 2119 867 2149 Dat.
886 2120 997 2158 Reate,
1016 2131 1044 2151 Vl
1063 2122 1136 2152 idus
1148 2123 1248 2162 junii,

240 2177 326 2199 anno
342 2169 491 2200 secundo.
513 2182 526 2197 r>

311 2370 398 2399 926

276 2431 460 2467 Dispensatio
489 2441 576 2468 super
610 2434 723 2461 defectu
756 2436 900 2464 natalium.
933 2437 1016 2470 (Rae.
1043 2439 1095 2473 44,
1125 2447 1150 2467 c.
1177 2440 1247 2473 207,

239 2481 258 2508 f.
279 2481 327 2508 154
347 2483 397 2511 vo.)
785 2488 790 2493 ·
949 2480 954 2484 ’

618 2370 979 2410 Sainte-Ma1·ie‹Majeure,
997 2376 1010 2402 4
1027 2376 1083 2402 mai
1100 2376 1176 2404 1289.

286 2611 450 2640 Venerabili
465 2612 559 2647 fratri
578 2635 597 2643 ..
621 2614 753 2652 episcopo
772 2616 921 2652 Aprutino
940 2618 1071 2648 mandat
1091 2624 1250 2658 quatenus

239 2671 312 2692 cum
334 2663 519 2702 Valentino,
546 2670 621 2696 nato
643 2667 806 2705 quondam
823 2669 972 2700 Andreae
986 2671 1167 2712 Valentini,
1185 2674 1250 2704 dis-

239 2721 350 2754 penset
372 2721 416 2753 ut,
445 2726 509 2748 non
530 2719 675 2750 obstante
690 2720 814 2751 defectu
831 2723 987 2753 natalium
1006 2734 1102 2764 quem
1118 2727 1248 2765 patitur,

239 2776 256 2797 e
277 2770 446 2807 conjugato
470 2772 600 2809 genitus
622 2777 654 2802 et
678 2773 798 2813 soluta,
823 2775 863 2805 ad
887 2785 999 2807 omnes
1023 2779 1152 2810 ordines
1172 2789 1249 2819 pro-

240 2822 373 2861 moveri,
390 2828 419 2853 et
432 2826 654 2856 canonicatum
671 2826 701 2857 et
716 2829 931 2867 praebendam
946 2840 1025 2870 quos
1040 2832 1075 2862 in
1087 2833 1249 2872 Aprutina

240 2874 371 2904 ecelesia
388 2877 525 2913 possidet
544 2878 630 2909 licite
650 2881 787 2912 retinere
806 2882 919 2914 valeat.

283 2938 295 2953 α
325 2929 487 2959 Accedens
513 2931 551 2960 ad
582 2934 813 2970 presentiam...
847 2953 885 2957 —
915 2937 986 2969 Dat.
1017 2939 1134 2977 Rome,
1162 2941 1249 2980 apud

241 2978 390 3009 Sanctam
418 2982 550 3013 Mariam
578 2985 749 3024 Maj0rem,
775 2997 820 3018 1111
843 2997 943 3020 nonas
968 2991 1065 3029 maii,
1086 3001 1172 3023 anno
1195 3002 1247 3024 se-

240 3031 354 3062 cundo.
379 3045 391 3059 »

1411 440 1497 469 32¹2
1966 441 2043 470 Rieti
2053 463 2062 477 ‚
2078 443 2111 471 23
2124 446 2179 472 mai
2197 443 2276 473 1289.

1375 501 1559 537 Dispensatio
1587 511 1676 538 super
1698 503 1812 531 defectu
1847 504 1993 532 natalium.
2027 505 2110 538 (Rae.
2141 506 2174 534 44
2185 528 2193 540 ,
2221 515 2247 534 c.
2273 507 2344 542 208,
2367 515 2378 521 “

1337 550 1356 578 f.
1372 551 1422 578 155
1438 558 1481 584 r⁰;
1499 551 1564 579 Lar.
1582 560 1618 579 nu
1632 551 1736 584 Tum,
1754 551 1800 586 ΙΙ,
1818 552 1889 586 107.)

2362 480 2376 489 κ

1379 655 1517 684 Gasberto
1540 655 1574 684 de
1596 655 1702 694 Βοεοοζ,
1729 656 1844 686 doctori
1869 657 2071 694 decretorum,
2099 659 2210 688 rectori
2232 659 2366 691 ecclesie·

1337 707 1443 738 Sancti
1451 708 1602 738 Johannz's
1609 708 1643 738 de
1653 708 1847 747 Cereychaco,
1859 709 2050 740 caturcensis
2059 711 2194 741 diocesis.
2203 710 2286 742 Cum
2295 719 2355 751 eo„
2410 715 2412 746 ἰ
2431 749 2439 758 ,

1337 769 1475 801 quocum
1491 762 1559 801 jam
1575 762 1614 792 ab
1628 762 1812 794 Alexandro
1828 771 1908 802 papa
1921 763 2141 803 dispensatum
2157 768 2204 795 est
2219 767 2265 802 ut,
2279 760 2352 801 noxi>⁴

1336 815 1482 846 obstante
1497 815 1622 846 defectu
1638 815 1795 846 natalium
1809 824 1906 855 quem
1922 817 2050 856 patitur,
2067 826 2084 848 e
2102 817 2205 848 soluto
2215 817 2292 857 geni
2324 829 2348 846 ι.
2410 807 2411 817 ’

1336 873 1367 899 et
1382 868 1502 907 soluta,
1519 869 1559 899 ad
1573 877 1686 900 omnes
1701 869 1831 900 ordines
1842 871 2034 909 promoveri,
2047 875 2077 901 et
2092 870 2346 907 ecclesiasticum,

1335 922 1479 953 obtinere
1494 922 1689 953 beneficium
1702 927 1818 962 posset,
1829 932 1941 954 rursus
1956 924 2119 964 dispensat
2131 929 2166 955 ut
2179 924 2219 955 ad
2233 921 2347 964 digni:¹
2383 934 2385 940 ¹

1337 979 1414 1006 tates
1431 975 1480 1006 vel
1494 980 1693 1015 personatus,
1709 976 1865 1015 dignitate
1880 977 2053 1017 episcopali
2069 981 2208 1018 excepta,
2222 986 2320 1015 assu·¹

1334 1028 1448 1059 valeat.
2355 1058 2357 1075 :

1376 1094 1389 1109 α
1416 1082 1587 1122 Spetialem
1607 1092 1626 1114 a
1647 1084 1824 1115 Domino...
1843 1101 1880 1108 —
1909 1084 1980 1114 Dat.
2008 1084 2125 1120 Reate,
2149 1093 2168 1114 x
2190 1083 2317 1115 kalen·
2342 1093 2356 1102 .-

1330 1135 1434 1174 Junii‚
1453 1144 1539 1167 anno
1557 1137 1708 1168 secundo.
1733 1150 1744 1163 n
2335 1134 2341 1150 ¹

2333 1155 2341 1203 ,ἓ

2334 1238 2339 1258 ι

1405 1282 1594 1312 928-929
1961 1282 2056 1318 Rieti,
2075 1282 2094 1310 2
2109 1282 2174 1318 Juin
2191 1282 2271 1311 1289.
2333 1293 2343 1308 ι

1370 1347 1580 1382 Indulgentiae.
1596 1346 1678 1380 (Rsse.
1698 1347 1742 1378 44,
1759 1354 1784 1373 c.
1802 1346 1855 1374 209
1867 1367 1875 1380 ,
1892 1346 1912 1373 f.
1932 1346 1981 1373 155
1998 1347 2046 1379 ro.)

1375 1451 1540 1482 Carissimo
1561 1451 1597 1480 in
1621 1449 1739 1480 Christo
1761 1449 1826 1487 silio
1849 1449 1975 1486 Garolo,
1998 1449 2065 1486 φερέ
2087 1448 2190 1479 Sicilie
2212 1448 2301 1479 illus
2322 1448 2331 1456 ·

1333 1504 1574 1543 Indulgentiam
1607 1503 1718 1533 decem
1751 1503 1878 1533 dierum
1906 1502 2052 1533 concedit
2082 1501 2234 1533 omnibus
2269 1509 2308 1533 ve
2330 1500 2347 1540 :i
2379 1499 2387 1503 ’

1333 1558 1572 1599 poenitentibus
1590 1561 1621 1587 et
1635 1556 1789 1587 confessis
1806 1557 1862 1595 qui
1880 1564 1936 1595 pro
1952 1564 1988 1586 eo
2010 1555 2267 1586 misericordiam
2281 1554 2343 1586 Dzs

1331 1611 1562 1651 implorabunt.

1373 1677 1386 1693 <t
1411 1665 1596 1696 Gaudemus
1619 1665 1653 1695 in
1678 1664 1855 1695 Domino...
1879 1679 1917 1686 -
1935 1665 2004 1694 Dat.
2027 1663 2141 1700 Reate,
2167 1671 2216 1693 1111
2240 1669 2345 1693 n·o:³

1327 1719 1430 1759 junii,
1449 1707 1535 1749 anno
1554 1718 1704 1749 secundo.
1726 1730 1740 1746 »

1370 1773 1409 1803 In
1427 1782 1455 1803 e.
1473 1782 1515 1802 m.
1537 1772 1671 1808 Mariae,
1688 1772 1820 1810 reginae
1837 1770 1979 1802 Siciliae.

1401 1918 1585 1948 oao-offl
1959 1916 2055 1950 meti,
2076 1916 2094 1942 ‘z
2109 1915 2176 1951 juin
2191 1914 2271 1943 1289.
2326 1934 2331 1939 .

1367 1982 1495 2010 Licentia
1509 1980 1644 2008 audiendi
1661 1980 1753 2008 officia
1767 1982 1896 2015 tempore
1912 1978 2068 2006 interdicti.
2084 1977 2168 2012 (Rno.
2181 1977 2226 2012 44,
2238 1985 2264 2005 c.
2276 1976 2321 2005 21
2338 2000 2342 2015 s

1331 2033 1352 2060 f.
1370 2032 1420 2059 155
1441 2033 1488 2064 ro.)

1372 2129 1478 2158 Eidem
1491 2127 1568 2165 regi.

1374 2193 1388 2208 «
1405 2179 1581 2210 Desideriis
1596 2178 1694 2217 regiis
1707 2177 1886 2216 benigne...
1905 2193 1944 2200 —
1959 2177 2031 2207 Dat.
2049 2180 2204 2216 utsupra.
2217 2186 2234 2204 »

1372 2234 1411 2263 In
1428 2242 1455 2264 e.
1476 2242 1519 2263 m.
1538 2232 1681 2270 reginae.

1403 2380 1490 2408 932
1963 2375 2043 2403 Rieti
2053 2397 2059 2408 ‚
2075 2374 2092 2402 2
2109 2374 2175 2410 juin
2191 2372 2269 2402 1289.

1368 2442 1500 2470 Facultas
1519 2440 1644 2476 eligendi
1667 2440 1866 2467 confessorem
1887 2439 2046 2474 proprium.
2064 2437 2150 2473 (Rau.
2166 2437 2200 2464 44
2211 2458 2217 2470 ,
2233 2443 2260 2465 ο.
2275 2433 2338 2464 2ss
2360 2462 2363 2469 ,

1331 2494 1351 2521 f.
1367 2493 1418 2520 155
1433 2494 1479 2519 1⁸⁰.)

1372 2588 1475 2618 Eidem
1494 2588 1572 2625 reqi.

1375 2653 1389 2668 α
1407 2639 1601 2671 Celsitudini
1620 2639 1706 2677 regie
1722 2637 1898 2668 libenter...
1916 2653 1956 2659 —
1974 2636 2047 2666 Dat.
2064 2638 2100 2666 ut
2113 2642 2220 2674 supra.
2239 2644 2254 2662 ι

1403 2785 1491 2815 933
1968 2781 2047 2809 Rieti
2056 2802 2064 2816 ‚
2079 2781 2097 2809 2
2107 2780 2174 2816 juin
2188 2777 2266 2808 1289.

1367 2848 1495 2876 Licentia
1513 2848 1649 2875 carnibus
1665 2846 1801 2874 vescendi
1816 2846 1900 2881 (Reo.
1917 2845 1960 2879 44,
1977 2853 2002 2872 c.
2019 2844 2083 2879 212,
2099 2843 2121 2871 f.
2137 2843 2187 2871 155
2201 2841 2250 2876 Ρ.)
2286 2891 2290 2897 1
2307 2860 2311 2868 .

1371 2939 1475 2968 Eidem
1490 2936 1637 2975 indulget
1651 2941 1687 2967 ut
1703 2935 1864 2974 religiosis
1879 2936 1912 2965 in
1924 2943 1981 2965 sua
1996 2933 2086 2965 curia
2100 2929 2291 2964 comedam·
2392 2926 2395 2933 “

1331 2992 1495 3023 licentiam
1513 2991 1666 3022 vescendi
1682 2990 1832 3021 carnibus
1848 2988 1978 3027 elargiri
1993 2987 2102 3027 possit.
2207 3029 2211 3033 ⁵

1374 3059 1387 3074 «ι
1407 3046 1511 3083 Exigit
1528 3053 1646 3083 magne
1657 3043 1876 3075 devotionis...
1895 3058 1934 3065 —
1947 3041 2021 3072 Dat.
2038 3044 2076 3071 ub
2089 3047 2196 3080 supra.
2211 3048 2226 3066 n
