2477 3637
249 388 304 415 552
992 379 1226 410 aruisTnEs
1250 379 1303 408 DE
1327 378 1508 407 Nicoms
1535 380 1588 409 iv.

248 450 409 484 dunensis,
431 450 463 478 in
488 450 639 478 honorem
664 448 744 477 beati
770 447 929 476 Francisci
958 449 1148 475 constructa.
1175 445 1245 473 Dat.

250 511 280 534 ut
300 503 526 542 supra.(l'10‹l.)

739 541 864 569 timeto,
887 540 914 565 ts·
931 538 1081 564 decembre
1102 538 1176 564 1290.

291 607 323 635 ln
356 615 382 634 e.
416 614 469 639 in.,
505 612 558 641 pro
595 602 726 632 ecclesia
757 602 889 631 fratrum
925 601 1047 631 ordinis
1084 600 1247 628 minorum

251 659 365 687 Montis
391 656 532 694 Regalis,
560 656 712 685 Reatinae
736 655 907 688 dioecesis,
930 655 961 683 in
989 654 1141 683 honorem
1164 651 1247 681 beati

250 710 408 740 Francisci
443 713 631 738 vonstrncta.
680 709 750 737 Dat.
781 708 864 746 apud
893 708 1178 741 Urbemvetere1‘n‚
1209 714 1248 733 xv

251 763 400 793 liniendas·
413 762 567 800 januarii,
587 769 672 791 anno
694 761 794 790 tertio.
813 761 921 798 (lbidq
943 760 1075 797 l’o'r'rn„
1097 758 1220 796 23501.)

797 834 924 867 (Ji-vieto,
943 834 956 860 3
969 834 1081 867 jnnvier
1101 833 1176 859 1291.

288 899 323 927 ln
356 908 383 927 e.
412 907 468 933 m.,
497 905 551 936 pro
580 897 699 936 capella
730 897 838 927 Sancti
872 897 1032 926 Lamberti
1059 896 1096 925 de
1120 896 1248 925 Sti-asen

250 956 335 981 extra
352 960 459 981 muros
479 952 784 989 Lucenibuigenses,
805 951 1010 980 'I'reverensis
1023 950 1185 979 dioecesis.

291 1018 303 1031 α
326 1006 513 1034 Sanctorum
542 1005 664 1034 meritis
688 1010 756 1034 et...
773 1021 811 1026 —-
838 1005 907 1033 Dat.
934 1004 1017 1042 apud
1040 1003 1250 1034 Urhemvete—

250 1067 329 1093 rem,
348 1067 378 1087 ιιι
397 1066 495 1087 nonas
511 1058 665 1096 januarii,
686 1066 771 1087 anno
789 1057 890 1086 tertio.
913 1069 924 1083 υ
941 1057 1042 1095 (Ibid.)

737 1130 865 1164 Orvicto,
887 1130 915 1156 19
931 1129 1082 1155 decembre
1103 1129 1178 1156 1290.

292 1193 326 1222 ln
347 1203 374 1223 e.
392 1202 448 1227 m.,
473 1201 527 1231 pro
548 1192 679 1222 ecclesia
702 1192 739 1222 de
759 1193 924 1230 Vei-none,
950 1192 1147 1222 Ebroicensis
1164 1191 1251 1221 dioe-

248 1253 338 1275 cesis.

291 1312 303 1325 u
326 1299 394 1327 Vite
407 1298 557 1336 perennis
574 1296 714 1334 gloria...
730 1314 767 1318 —
784 1298 854 1326 Dat.
872 1297 955 1336 apud
973 1298 1249 1333 Urbemveterem,

250 1361 313 1381 xnn
331 1351 482 1381 kalendas
496 1350 650 1389 Januarii,
669 1359 755 1380 anno
773 1351 873 1381 tertio.
894 1362 907 1376 »
926 1350 1032 1390 (Ibid.)

319 1497 562 1525 3878-3883
755 1496 883 1527 Ori-teto,
901 1496 915 1521 3
931 1495 1082 1521 decembre
1102 1494 1177 1522 1290.

284 1546 427 1572 Hernicus
438 1545 601 1571 Brixinensi
613 1544 750 1571 ecclesiae
761 1545 916 1579 episcopus
927 1544 1100 1579 praeficitur.
1112 1544 1194 1578 (Rea.
1205 1545 1248 1575 45,

249 1604 274 1621 <z
291 1595 352 1626 610,
370 1595 387 1620 f.
408 1594 454 1620 1³22
470 1595 520 1628 νο.)

296 1684 460 1712 Venerabili
483 1683 739 1719 st·alriHe71rz'r:0‚
767 1684 900 1720 episcopo
929 1682 1115 1712 Bri'rinensi.
1143 1682 1247 1712 Brixi-

249 1737 341 1767 nensi
367 1737 498 1766 ecclesia
523 1745 578 1774 per
599 1736 721 1765 obitum
744 1736 779 1765 B.
799 1739 940 1772 vacante,
966 1736 1140 1775 capitulum
1156 1736 1248 1766 Octo-

251 1799 336 1825 nem,
353 1789 495 1828 ejusdem
514 1788 665 1818 ecclesiae
683 1789 885 1824 canonicum,
903 1789 957 1827 qui
979 1790 1012 1818 iu
1034 1789 1203 1820 ordinibus
1222 1795 1252 1820 et

250 1846 349 1872 aetate
365 1842 521 1871 desectum
546 1841 669 1880 patiens
693 1842 878 1878 dicebatur,
902 1842 1084 1881 episcopum
1106 1843 1250 1881 postula-

250 1896 309 1932 vit,
338 1895 391 1925 sed
421 1904 526 1925 coram
556 1894 630 1925 sede
656 1895 828 1933 apostolica
852 1896 910 1925 hac
935 1896 1147 1934 postulatione
1174 1905 1250 1935 pen—

250 1949 353 1985 dente,
383 1948 557 1987 capitulum
584 1949 662 1978 «luas
683 1948 864 1986 electiones,
900 1958 997 1978 unam
1027 1949 1066 1979 de
1098 1950 1250 1987 Henrico,

250 2003 405 2042 praefatae
421 2002 571 2032 ecclesiae
585 2003 715 2039 decano⁷
733 2002 866 2032 alteram
883 2002 921 2032 de
935 2003 1086 2040 magistro
1108 2003 1250 2033 Bonoin-

250 2061 368 2092 contro,
389 2056 662 2094 archipresbytero
676 2056 865 2092 Veronensi,
883 2057 916 2086 in
935 2057 1090 2086 discordia
1109 2057 1252 2087 celebra-

252 2110 314 2146 vit;
343 2110 498 2139 ilenricus
526 2118 598 2139 vero
627 2109 813 2140 electionem
845 2119 933 2140 suam
958 2114 988 2140 et
1012 2111 1089 2140 Octo
1112 2111 1251 2149 postula-

253 2163 371 2192 tionem
395 2171 457 2192 uon
477 2163 633 2201 persecuti
656 2167 748 2199 sunt,
773 2168 803 2193 et
828 2164 1086 2203 archipresbyter
1105 2165 1171 2202 juri
1191 2165 1251 2194 sibi

251 2224 286 2246 ex
304 2216 456 2246 electione
470 2216 612 2254 quaesito
625 2216 838 2253 renuntiavit3
853 2218 1060 2255 quamobrem
1071 2226 1149 2256 papa
1161 2227 1250 2256 prae-

249 2268 367 2298 dictum
390 2269 564 2297 Henricutn
581 2268 685 2298 eidem
699 2268 849 2299 ecclesiae
865 2270 1046 2308 episcopum
1062 2271 1216 2309 praeficit.

291 2335 304 2347 ιι
323 2322 428 2352 Officii
447 2323 535 2351 nobis
552 2331 626 2352 ex...
641 2339 679 2345 —-
705 2323 776 2352 Dat.
804 2323 887 2362 apud
911 2324 1187 2361 Urbemveterem,
1215 2334 1250 2354 ιιι

250 2384 351 2406 nonas
365 2375 557 2412 decembris,
576 2384 661 2405 anno
679 2376 780 2406 tertio.
799 2389 811 2403 »

289 2429 326 2458 In
353 2438 380 2458 e.
410 2437 453 2458 m.
482 2428 618 2467 capitulo
644 2428 794 2459 ecclesiae
823 2430 1024 2459 Brixinensis
1057 2431 1188 2461 mandat
1218 2435 1251 2461 ut

248 2482 386 2521 praefato
402 2481 500 2512 electo
515 2482 652 2511 debitam
671 2482 884 2512 obedientiam
906 2483 1064 2521 praebeat.

291 2536 324 2565 ln
342 2545 367 2565 e.
390 2545 433 2565 m.
453 2534 536 2565 clero
552 2535 687 2565 civitatis
704 2539 734 2565 et
750 2535 902 2565 dioecesis
921 2536 1132 2568 Brixinensis.

287 2589 324 2618 In
341 2598 367 2618 e.
386 2597 428 2618 m.
446 2588 559 2627 populo
575 2588 711 2618 civitatis
727 2593 757 2618 et
771 2588 925 2618 dioecesis
944 2590 1153 2620 Brixinensis.

287 2643 323 2672 In
341 2651 367 2672 e.
387 2651 429 2671 m.
447 2642 606 2671 universis
622 2641 765 2671 vassallis
785 2642 983 2672 Brixinensis
1000 2642 1162 2673 ecclesiae.

288 2696 325 2725 In
342 2704 369 2726 e.
386 2704 428 2724 m.
447 2695 619 2725 baronibus
638 2699 667 2725 et
689 2695 953 2725 ministerialibus
973 2696 1123 2726 ecclesiae
1142 2697 1249 2726 Brixi-

248 2749 357 2778 nensis
372 2748 529 2778 fidelibus.

318 2908 433 2936 3884
738 2907 864 2941 orvieto,
883 2908 914 2934 13
930 2908 1080 2935 decembre
1099 2909 1176 2937 1290.

283 2962 492 2989 'l'abellionatus
507 2963 639 2990 officium.
657 2963 740 2995 (itm.
759 2963 802 2993 45.
819 2972 844 2990 c.
861 2964 925 2995 611,
943 2965 962 2990 1.
982 2964 1029 2991 122
1047 2968 1095 2994 v⁰.t

289 3052 389 3080 Eidem
407 3051 536 3089 episcopo
561 3051 739 3081 facultatem
760 3052 943 3082 conferendi
964 3053 1085 3083 duabus
1104 3055 1247 3092 personis

1333 444 1556 474 tabellionatus
1574 445 1716 474 officinm
1734 445 1890 474 concedit.

1376 511 1387 524 ι
1413 498 1455 527 ΗΧ
1473 502 1558 536 parte
1575 502 1663 528 tua...
1685 514 1721 519 -—
1740 498 1808 526 Dat.
1828 497 1912 535 apud
1934 497 2210 533 Uibeinveterem,
2230 498 2337 529 idibus

1331 550 1520 586 decembris,
1539 560 1624 580 anno
1643 551 1743 580 tertio.
1767 563 1778 576 υ

1403 723 1520 751 3885
1825 724 1956 756 Orvieto‚
1979 724 2007 751 13
2023 725 2175 751 decembre
2194 726 2269 752 1290.

1371 784 1502 811 Facultas
1517 785 1651 811 testandi.
1669 785 1752 819 (Rea.
1771 787 1814 815 45.
1831 794 1856 812 c.
1874 786 1947 818 «3112,
1965 787 1982 813 f.
2002 787 2052 813 1‘2‘2
2069 788 2118 821 vu.)

1376 889 1489 916 Eidem.

1376 953 1388 967 α
1407 940 1490 976 Quia
1508 941 1663 979 presentis
1677 941 1777 972 vite...
1795 958 1832 963 —
1850 942 1921 971 Dat.
1941 946 2095 982 utsupra.
2117 956 2128 968 ιι

1405 1114 1521 1142 3886
1826 1114 1956 1149 Orvieto,
1978 1115 2007 1142 18
2022 1115 2174 1142 decembre
2192 1116 2269 1144 1290.

1372 1176 1504 1203 Reinittit
1520 1176 1572 1202 iter
1587 1176 1620 1203 ad
1639 1177 1743 1203 limina.
1762 1177 1845 1210 (Rae.
1863 1178 1906 1209 45,
1923 1186 1948 1204 c.
1967 1177 2028 1208 612,
2045 1178 2064 1204 f.
2084 1177 2133 1204 122
2150 1179 2201 1211 νῦ.)

1374 1279 1478 1307 Eidem
1484 1301 1491 1307 .

1376 1343 1390 1358 α
1415 1332 1459 1361 Ex
1490 1336 1575 1371 parte
1604 1335 1693 1362 tua...
1719 1349 1758 1354 —
1782 1333 1854 1362 Dat.
1882 1333 1966 1371 apud
1994 1313 2273 1371 Urbemveterem,
2301 1343 2341 1364 xv

1334 1385 1486 1415 kalendas
1498 1385 1652 1424 januarii,
1670 1394 1756 1416 anno
1773 1386 1877 1417 tertio.
1898 1399 1910 1413 n

1404 1559 1519 1587 388⁸?

1370 1621 1501 1649 Facultas
1516 1622 1684 1649 absolvendi
1699 1631 1714 1649 a
1729 1623 1876 1649 canonicis
1891 1623 2053 1650 sententiis.
2072 1623 2155 1656 (Rea.
2173 1623 2217 1656 45,
2228 1630 2255 1650 c.
2266 1623 2340 1656 612²,

1332 1684 1351 1710 f.
1372 1671 1420 1698 1⁶22
1439 1677 1484 1703 νος
1501 1679 1533 1697 en
1550 1673 1664 1705 marye.)

1825 1560 1957 1594 Orvieto‚
1978 1560 2007 1587 18
2023 1560 2174 1587 decembre
2190 1561 2269 1588 1‘290.

1372 1775 1477 1804 Eidem
1494 1773 1674 1804 facultatem
1691 1774 1836 1804 concedit
1851 1773 2039 1804 absolvendi
2056 1773 2186 1804 clericos
2201 1778 2231 1805 et
2245 1773 2340 1804 laicos

1334 1828 1537 1858 Brixinensis
1566 1828 1719 1858 dioecesis
1743 1828 1782 1857 ab
1804 1827 2146 1858 excommunicationis
2173 1827 2343 1858 sententiis

1334 1891 1412 1920 quas
1440 1890 1495 1921 pro
1522 1881 1663 1911 violenta
1691 1890 1846 1911 manuum
1872 1880 2047 1919 injectione
2073 1881 2107 1910 in
2132 1880 2262 1912 clericos
2289 1881 2341 1911 in—

1335 1935 1505 1971 currerint,
1524 1939 1554 1964 et
1569 1934 1780 1973 dispensandi
1797 1943 1871 1964 cum
1888 1933 1935 1964 eis
1955 1942 2050 1973 super
2064 1933 2299 1972 irregularitate
2315 1934 2341 1964 si

1334 1998 1432 2028 quam
1449 1989 1495 2018 sic
1511 1988 1605 2026 legati
1622 1988 1849 2018 contraxerint.

1378 2055 1391 2069 ιι
1415 2043 1483 2073 Tua
1506 2043 1597 2072 nobis
1616 2042 1838 2072 fraternitas...
1858 2059 1895 2064 —
1919 2042 1989 2071 Dat.
2023 2041 2107 2080 apud
2133 2041 2341 2072 Urbemvete-

1335 2105 1414 2131 rem¹
1432 2105 1472 2125 xv
1487 2095 1641 2126 kalendas
1652 2095 1810 2134 januarii,
1827 2103 1912 2125 anno
1929 2094 2031 2125 tertio.
2056 2106 2070 2122 n

1406 2255 1522 2284 3888
1828 2253 1956 2287 Orvieto,
1972 2254 2006 2282 28
2022 2254 2176 2281 novembre
2193 2253 2272 2282 1290.

1369 2317 1458 2344 Jubet
1472 2317 1640 2352 episcopum
1658 2317 1835 2344 Rossensem
1847 2316 1955 2344 decano
1967 2321 1994 2344 et
2005 2318 2130 2352 capitulo
2144 2316 2342 2344 Ros-sensibus

1334 2367 1559 2394 satisfactionem
1572 2366 1606 2392 de
1620 2366 1733 2401 injuriis
1745 2366 1921 2401 impendere.
1934 2366 2018 2400 (Rau.
2032 2366 2075 2400 45,
2088 2374 2114 2393 c.
2126 2365 2188 2400 613,
2199 2365 2219 2393 f.
2234 2365 2341 2399 1231-0.)

1381 2470 1545 2499 Venerabili
1555 2470 1651 2506 fratri
1668 2493 1688 2500 ..
1704 2470 1837 2507 episcopo
1849 2469 2052 2499 Aberclonensi
2062 2473 2090 2498 et
2103 2469 2219 2498 dilectis
2231 2468 2306 2506 filiis
2319 2490 2339 2498 ..

1333 2524 1432 2553 abbati
1442 2524 1621 2553 monasterii
1630 2523 1663 2552 de
1671 2524 1778 2559 Scona,
1787 2522 2016 2552 SancciAndree
2024 2523 2157 2558 diocesis,
2169 2530 2204 2552 ac
2214 2522 2340 2560 ..priori

1332 2576 1514 2606 cathedralis
1529 2577 1647 2606 ecclesie
1659 2576 1764 2606 Sancti
1774 2577 1891 2605 Anclree
1908 2577 1940 2605 in
1952 2576 2064 2605 Scotia.
2082 2587 2095 2602 ‹
2107 2574 2278 2612 Querelam
2291 2574 2339 2604 di-

1332 2630 1485 2660 lectorum
1503 2629 1643 2659 filiorum
1659 2653 1677 2659 ..
1693 2629 1807 2659 decani
1823 2634 1853 2659 et
1869 2628 1999 2668 capituli
2013 2628 2144 2659 ecclesie
2157 2628 2338 2666 Rossensis,

1331 2683 1371 2712 ad
1393 2692 1559 2713 romanam
1584 2683 1751 2713 ecclesiam
1779 2683 1868 2714 nullo
1895 2682 2001 2713 medio
2021 2682 2224 2722 pertinentis,
2251 2691 2339 2712 rece-

1334 2737 1452 2775 pimus,
1476 2737 1696 2767 continentem
1715 2737 1800 2775 quod
1818 2736 2011 2766 venerabilis
2033 2736 2131 2766 frater
2151 2739 2260 2766 noster
2274 2735 2337 2766 Ro-

1331 2791 1449 2826 bertus,
1470 2790 1640 2820 Rossensis
1656 2790 1833 2829 episcopus,
1852 2790 2058 2829 suisjuribus
2074 2797 2138 2820 non
2157 2793 2336 2825 contentus,

1331 2845 1408 2884 quin
1436 2844 1540 2883 potius
1558 2843 1738 2874 detestabili
1764 2843 1936 2883 cupiditate
1962 2844 2120 2879 seductus,
2146 2843 2186 2873 ad
2210 2850 2337 2874 eorum-

1331 2897 1404 2927 dem
1429 2898 1560 2934 decani,
1585 2897 1717 2936 capituli
1740 2906 1776 2927 ac
1801 2897 1941 2928 aliorum
1974 2896 2175 2927 subditorum
2206 2903 2335 2926 suorum

1331 2950 1415 2990 quod
1448 2951 1576 2981 deberet
1606 2955 1816 2981 manutenere
1846 2951 1881 2980 in
1911 2950 1978 2980 suis
2001 2950 2131 2989 juribus
2163 2957 2200 2980 ac
2230 2948 2336 2979 fovere

1331 3003 1430 3033 nimis
1449 3004 1558 3034 avidas
1585 3013 1701 3034 manus
1724 3004 1910 3041 extendens,
1939 3003 2098 3035 nonnulla
2122 3001 2333 3034 ecclesiastica

1331 3057 1498 3095 beneficia,
1511 3058 1662 3095 decimas,
1678 3062 1777 3088 terras
1789 3066 1824 3088 ac
1838 3057 1991 3095 redditus,
2005 3056 2229 3088 sustentationi
2241 3063 2334 3086 cano-
