2342 3652
863 347 1087 388 DEUXmME
1108 355 1261 384 ANNEE.
2051 350 2104 381 135

30 438 108 469 tera,
124 432 227 470 ipsum
244 430 389 460 ordinem
410 432 560 458 exeuntes
577 452 582 464 ‚
605 427 643 456 ad
666 426 812 457 ordinem
838 424 970 453 fratrum
988 422 1026 452 de

31 484 126 516 Stella
146 493 178 513 se
202 482 401 522 postmodum
423 480 664 511 transtulerunt.
686 491 699 505 »
724 479 862 508 Demum
881 477 920 506 ad
939 475 1023 506 ordi—

29 546 102 568 nem
126 536 233 567 Sancti
255 535 363 565 Jacobi
389 534 526 570 reversi,
550 534 584 563 in
607 541 643 563 eo
663 541 717 571 per
737 532 844 561 decem
870 537 971 559 anuos
996 532 1026 557 et

29 599 128 630 usque
142 598 228 620 nunc
242 589 387 625 fuerunt,
406 588 616 624 Sarracenos,
635 585 809 616 secundum
826 583 926 622 ipsius
942 581 1025 612 ordi-

30 645 81 675 nis
94 643 249 679 instituta,
266 641 401 671 viriliter
418 640 637 680 expugnando.

69 709 82 724 c
109 697 222 727 Petitio
246 695 437 726 dilectorum
462 695 638 724 filiorum...
659 709 698 714 --
717 692 787 721 Dat.
817 691 916 720 Rome
942 688 1025 727 apud

32 750 175 782 Sanctam
203 749 338 778 Mariam
367 748 541 787 Majorem,
569 756 589 775 v
610 744 762 775 kalendas
787 742 914 779 martii,
940 749 1026 771 auno

31 803 175 835 secundo.
194 814 207 829 »

340 951 691 985 Sainte-Marie-Majeure,
708 950 742 976 ⁶25
758 950 860 976 fevrier
877 948 955 976 1289.

65 1016 167 1043 Eadem
182 1015 323 1042 absolutio
340 1014 424 1041 Petro
442 1013 591 1044 Fernandi,
609 1021 685 1039 nunc
702 1012 838 1046 magistro
854 1011 962 1038 ordinis
974 1011 1027 1036 mi-

36 1065 108 1094 litiae
123 1064 218 1092 Sancti
233 1063 343 1095 Jacobi,
366 1063 543 1090 conceditur.
562 1062 644 1095 (Rae.
662 1062 705 1093 44,
719 1070 744 1088 c.
762 1061 787 1094 6,
803 1061 822 1087 f.
842 1061 889 1088 108
908 1063 953 1091 νυ.)

69 1168 194 1198 Eisdem,

73 1233 87 1249 ι
105 1220 216 1251 Merita
234 1219 341 1250 dilecti
354 1219 449 1248 filii...
467 1235 504 1241 —
521 1219 591 1248 Dat.
609 1223 762 1257 utsupra.
780 1230 792 1245 a

102 1373 290 1402 Gen-883

69 1436 195 1464 Facultas
208 1434 340 1462 testandi.
360 1434 440 1468 (Rae.
459 1435 501 1466 44,
521 1442 546 1460 e.
564 1435 588 1466 7,
606 1434 626 1460 f.
647 1434 696 1461 108
713 1432 763 1468 ro.)

362 1371 710 1406 Sainte-Marie-Majeure,
722 1371 755 1398 25
767 1371 870 1398 fevi-ier
880 1370 956 1397 1289.

74 1538 210 1578 Mayistro
225 1538 317 1567 Paulo
335 1537 369 1566 de
386 1537 479 1573 Reate,
497 1545 612 1566 camere
627 1541 728 1565 nostre
743 1537 859 1566 clei-ico.

76 1602 90 1619 ι
105 1591 185 1628 Quia
200 1589 354 1630 presentis
369 1590 470 1619 vite...
486 1605 525 1610 —
540 1589 611 1618 Dat.
630 1592 664 1618 ut
679 1597 782 1627 supra.
804 1600 817 1614 n

347 1668 698 1703 Sainte-Marie-Majeure,
714 1668 748 1696 26
764 1669 866 1695 fevrier
882 1668 958 1695 1289.

76 1732 114 1762 In
133 1740 160 1762 e.
187 1740 228 1761 m.
255 1731 448 1770 Aymerico,
471 1731 616 1769 episcopo
641 1730 876 1761 Colimbriensi.
901 1748 938 1753 —
959 1730 1030 1760 Dat.

40 1785 135 1817 Rome
162 1784 243 1824 apud
270 1784 417 1814 Sanctam
443 1784 578 1814 Mariam
606 1785 777 1823 Majorern,
808 1794 855 1813 -1111
879 1783 1032 1814 kalendas

41 1839 156 1877 martii,
172 1847 256 1869 anno
271 1838 419 1868 secundo.
437 1841 492 1873 (Cet
510 1843 540 1867 ln
555 1848 574 1865 e.
596 1848 630 1866 m.
650 1843 690 1865 est
704 1841 769 1865 e'crit
783 1847 814 1865 en
830 1847 918 1871 marge
937 1840 971 1863 du
991 1847 1031 1864 re—

43 1892 136 1923 giam).

107 2035 192 2064 664

75 2096 253 2132 Dispensatio
273 2097 454 2124 matrimonii.
476 2097 558 2129 (Rae,
578 2097 625 2127 44,
648 2105 672 2123 0.
691 2097 723 2127 8,
741 2096 759 2122 f.
785 2096 833 2123 108
856 2103 897 2128 r0;
916 2095 1032 2127 Porru„

43 2145 144 2177 mat.)

331 2034 697 2069 Sainte-Marie-MaJeure,
715 2034 749 2061 ‘28
765 2033 867 2060 sevrier
885 2033 962 2060 t‘389.

86 2234 244 2264 Venerabili
268 2235 362 2272 fh'atri
380 2258 399 2264 ..
422 2235 552 2272 episcopo
568 2235 711 2264 Misnensi
730 2234 901 2264 committit
925 2237 1035 2271 quate-

44 2294 102 2316 nus
117 2295 187 2317 cum
205 2287 345 2323 Alberto,
362 2288 475 2317 comite
492 2287 530 2317 de
546 2287 702 2322 Anahalt,
720 2291 750 2317 et
769 2286 944 2324 Lutgarde,
963 2290 1036 2316 nata

45 2339 173 2370 Gerardi
187 2341 311 2371 comitis
328 2341 366 2371 de
384 2341 559 2379 Haltsacia,
579 2340 739 2380 dispenset
760 2344 794 2370 ut
815 2341 847 2370 in
872 2340 1037 2369 matrimo-

46 2393 98 2423 nio
121 2393 203 2432 quod
229 2393 324 2430 olim,
350 2395 532 2432 ignorantes
556 2394 822 2433 impedimentum
849 2401 932 2428 esse,
960 2400 1036 2422 con·

47 2449 203 2476 traxerunt
231 2451 262 2476 et
295 2447 329 2476 in
363 2455 425 2486 quo
462 2447 566 2485 plures
599 2447 681 2477 filios
713 2451 939 2486 procrearunt,
973 2453 1038 2475 non

47 2497 183 2529 obstante
206 2504 317 2538 quarto
345 2501 632 2538 consanguinitatis
659 2500 759 2538 gradu
787 2508 848 2538 quo
877 2499 1039 2537 conjuncti

48 2555 118 2581 sunt
128 2575 135 2589 ‚
150 2561 315 2582 remanere
332 2553 466 2583 valeant.

86 2616 98 2631 α
117 2604 159 2634 Ex
175 2610 261 2644 parte
277 2605 423 2635 dilecti...
441 2623 478 2627 -
498 2606 566 2635 Dat.
586 2606 686 2636 Rome
701 2606 784 2645 apud
804 2606 952 2636 Sanctam
972 2605 1040 2634 Ma-

49 2657 124 2688 riam
139 2659 300 2698 Majorem,
319 2669 337 2688 n
355 2659 506 2689 kalendas
521 2660 641 2697 martii,
656 2668 741 2690 anno
756 2659 906 2690 secundo.
927 2671 939 2685 11

117 2803 202 2832 665

85 2863 264 2901 Dispensatio
281 2868 462 2894 matrimonii.
482 2867 563 2901 (Rea.
581 2868 624 2901 44,
640 2875 665 2894 c.
678 2868 702 2899 9,
720 2869 739 2894 f.
763 2868 811 2895 108
824 2870 869 2900 ro.)

397 2804 755 2839 Sainte-Marie-Majeure,
773 2806 787 2832 7
801 2813 876 2831 mars
894 2804 970 2831 1989.

95 2966 256 2997 Venerabili
269 2970 396 3005 fratri..
416 2970 636 3008 archiepiscopo
655 2971 889 3008 iilontisreyalis,
907 2971 956 3000 cui
971 2978 1046 2999 cura

52 3019 162 3049 ecclesie
176 3021 299 3057 Soram,
319 3023 357 3051 ad
367 3031 488 3059 presens
502 3028 620 3059 pastore
634 3023 772 3057 cai-entis,
790 3023 824 3052 in
838 3023 1047 3059 spiritualibus

1105 426 1131 450 et
1161 422 1373 457 temporalibus
1400 430 1417 449 a
1439 421 1502 449 sede
1529 420 1687 456 apostolica
1710 423 1749 447 est
1777 419 1949 453 commissa,
1975 416 2106 446 mandat

1108 478 1266 512 qnatenus
1291 482 1360 503 cnm
1388 474 1520 512 Roget-io
1542 472 1625 502 dicto
1652 471 1807 501 Straczato
1830 474 1859 500 et
1884 470 2049 500 Francisea
2067 470 2106 500 de

1106 530 1208 556 castro
1227 526 1369 564 Campoli
1383 550 1388 561 ,
1408 525 1541 555 muliere
1557 526 1636 563 ejus,
1654 524 1792 555 Soranae
1807 523 1969 558 dioecesis,
1986 523 2052 561 qui,
2067 522 2105 552 ad

1107 580 1262 610 sedandas
1292 588 1421 618 guerras
1449 579 1533 608 inter
1563 578 1684 608 dictum
1714 577 1888 615 Rogerium
1912 581 1941 607 et
1960 576 2106 606 Frederi-

1110 642 1197 669 cum,
1215 633 1343 663 fratrem
1361 633 1462 671 ipsius
1478 632 1677 667 Franciscae,
1697 632 1730 660 in
1747 631 1861 670 quibus
1873 631 1939 670 Jam
1956 635 2023 660 octo
2038 630 2106 660 fue-

1108 690 1180 715 rant
1200 686 1293 716 occisi
1312 686 1477 721 homines,
1496 685 1579 714 inter
1594 693 1644 720 se,
1662 693 1716 722 per
1736 684 1944 713 intercessum
1963 683 2106 713 Adenul-

1108 738 1180 778 phi,
1211 738 1335 768 comitis
1369 739 1577 771 Acerrarum,
1605 737 1729 766 domini
1757 736 1833 773 loci,
1864 736 2107 766 matrimonium

1109 796 1352 827 contraxerunt,
1375 799 1557 829 quanquam
1574 794 1685 828 quarto
1708 789 1993 827 consanguinitatis
2008 789 2108 826 gradu

1111 845 1275 884 conjuncti
1290 845 1435 880 fuissent,
1453 844 1613 882 dispenset
1630 848 1664 872 ut
1681 844 1713 872 iu
1734 843 1891 881 praedicto
1907 843 2109 872 matrimonio

1109 907 1274 928 remanere
1290 898 1421 936 possint.

1152 964 1164 978 α
1184 951 1331 981 Exhibita
1348 950 1438 980 nobis
1454 949 1725 980 dilecti...-Dat.
1744 949 1843 979 Rome
1862 948 1944 987 apud
1960 948 2108 978 Sanctam

1109 1005 1244 1034 Mariam
1263 1004 1432 1043 Majorem,
1451 1003 1543 1033 nonis
1562 1003 1686 1039 martii,
1706 1010 1791 1032 anno
1806 1001 1955 1031 secundo.
1976 1012 1988 1026 n

1180 1151 1266 1178 666

1146 1213 1303 1240 Licenti:nn
1321 1211 1456 1246 magletro
1474 1211 1622 1245 hospitalis
1638 1209 1702 1236 novi
1723 1208 1848 1244 Spiritus
1860 1208 1957 1234 Sancti
1973 1207 2007 1233 de
2023 1207 2112 1233 Mise-

1111 1263 1231 1289 ricordia
1244 1261 1340 1288 Pisani
1352 1260 1483 1288 concedit
1497 1259 1636 1287 alienandi
1650 1258 1786 1293 quasdam
1802 1257 2015 1293 possessiones.
2028 1255 2111 1288 (Rao.

1112 1313 1195 1343 44,c.
1215 1312 1291 1343 1111.
1314 1311 1360 1338 108
1379 1313 1427 1341 vo.)

1464 1147 1822 1181 Sainte-Mario-Majeure,
1838 1148 1852 1173 ’ἶ
1869 1154 1945 1172 mars
1962 1146 2039 1173 1289.

1152 1401 1272 1430 Dileclis
1291 1400 1366 1437 filiis
1388 1421 1406 1428 ..
1428 1400 1462 1428 de
1483 1398 1593 1427 Sancto
1610 1397 1742 1432 Savino,
1764 1396 1871 1424 Pisone
1887 1395 2019 1430 diocesis,
2041 1399 2066 1422 et
2091 1415 2111 1423 ..

1111 1455 1216 1485 Sancti
1239 1454 1328 1482 Pauci
1350 1454 1384 1482 de
1404 1453 1478 1490 Ripa
1500 1453 1577 1480 Arni
1601 1450 1857 1480 monasteriorum
1883 1449 2056 1484 abbatibus,
2080 1455 2113 1476 ac

1115 1508 1261 1545 mayislro
1276 1507 1448 1536 Alezcaiidro
1466 1507 1500 1535 de
1514 1505 1622 1534 Sancto
1643 1504 1807 1540 Germano,
1826 1503 1969 1532 canonico
1985 1501 2091 1530 Pisano
2106 1524 2112 1537 ,

1115 1560 1246 1590 mandat
1261 1564 1428 1598 quatenus,
1445 1559 1471 1588 si
1488 1557 1634 1597 expedire
1651 1556 1800 1591 viderint,
1818 1578 1838 1584 ..
1852 1555 2003 1592 magistro
2014 1554 2113 1583 etsra-

1116 1615 1215 1644 tribus
1234 1612 1398 1652 hospitalis
1425 1612 1499 1642 novi
1530 1611 1668 1649 Spiritus
1692 1609 1800 1640 Sancti
1831 1609 1869 1639 de
1897 1607 2114 1638 Misericordia

1114 1669 1224 1699 Pisani
1239 1692 1245 1704 ‚
1269 1667 1352 1706 quod
1372 1667 1448 1704 Pape
1464 1666 1630 1696 Aieccandri
1652 1663 1826 1702 vulgariter
1841 1666 2060 1700 nuncupatur,
2076 1660 2113 1690 ad

1115 1730 1281 1753 romanam
1309 1720 1473 1750 ecclesiam
1502 1718 1592 1748 nullo
1620 1717 1725 1747 medio
1755 1715 1943 1755 pertinentis
1959 1739 1965 1751 ,
1992 1713 2115 1744 ordinis

1116 1775 1224 1806 Sancti
1241 1773 1429 1812 Augustini,
1445 1772 1607 1802 licentiam
1623 1770 1797 1801 concedant
1813 1768 1957 1799 mutandi
1973 1767 2022 1797 vel
2039 1775 2115 1797 ven-

1115 1829 1213 1859 dendi
1228 1827 1381 1867 quasdam
1397 1826 1507 1856 domos
1523 1830 1553 1855 et
1568 1824 1781 1864 possessiones
1795 1832 1873 1862 quas
1891 1822 1924 1851 in
1943 1821 2067 1852 civitate
2087 1824 2118 1851 et

1115 1883 1257 1912 districtu
1276 1882 1394 1911 Pisano
1411 1880 1539 1909 habeut.

1158 1949 1170 1963 «
1188 1937 1231 1965 Ex
1251 1939 1335 1974 parte
1351 1934 1576 1964 dilectorum...
1594 1948 1632 1954 —
1648 1932 1719 1962 Dat.
1737 1934 1770 1961 ut
1786 1939 1890 1969 supra.
1908 1942 1921 1956 n

1187 2081 1270 2110 (38⁸2

1154 2145 1360 2180 Indulgentiae.
1374 2144 1454 2175 (Rso.
1473 2144 1516 2177 44,
1533 2152 1559 2170 c.
1578 2144 1618 2173 11,
1636 2143 1655 2168 1.
1676 2142 1723 2168 tos
1739 2142 1788 2171 νο.)

1467 2076 1826 2111 Saintc-Maric-Majeure,
1845 2077 1859 2103 5
1880 2074 2047 2102 1113151289.

1159 2236 1280 2264 Dilectis
1298 2235 1330 2263 in
1350 2234 1466 2263 Christo
1487 2234 1607 2270 filiabus
1631 2254 1650 2261 ..
1668 2231 1809 2260 abbatisse
1830 2234 1856 2258 et
1877 2227 2037 2258 conventui
2054 2235 2120 2256 mo-

1121 2289 1250 2318 nasterii
1265 2288 1371 2317 Sancti
1386 2285 1534 2316 Benedicti
1557 2283 1767 2314 Ferenzz'naiis.
1790 2281 2028 2319 Indulgentiam
2046 2288 2120 2310 con-

1121 2341 1203 2372 cedit
1219 2345 1348 2370 centum
1362 2339 1490 2369 dierum
1503 2337 1654 2368 omnihus
1672 2345 1744 2366 vere
1757 2334 1992 2374 poenitentibus
2008 2337 2038 2363 et
2052 2341 2123 2362 con-

1123 2395 1273 2433 i'essisqui
1284 2393 1447 2424 ecclesiam
1458 2392 1607 2431 praedicti
1616 2389 1815 2427 monasterii,
1826 2388 1940 2419 Sancto
1952 2386 2123 2417 Benedicto

1122 2449 1315 2484 dedicatam,
1344 2448 1376 2476 in
1404 2446 1586 2476 Nativitatis
1609 2444 1759 2479 Domini,
1786 2451 1821 2472 ac
1848 2440 1984 2478 singulis
2009 2440 2123 2469 Beatae

1124 2503 1242 2532 Mariae
1261 2505 1291 2530 et
1313 2500 1421 2530 Sancti
1446 2498 1611 2528 Benedicti
1636 2496 1878 2531 festivitatibus,
1899 2503 1954 2532 per
1972 2496 2040 2523 octo
2055 2491 2124 2521 dies

1124 2559 1292 2593 sequentes
1310 2558 1339 2583 et
1357 2553 1389 2582 in
1407 2553 1457 2582 die
1473 2551 1606 2581 Veneris
1622 2554 1730 2580 sancta
1744 2548 1952 2578 visitaverint.

1166 2621 1179 2635 α
1210 2609 1290 2638 Loca
1315 2611 1496 2637 sanctorum
1529 2605 1715 2635 omnium...
1746 2619 1785 2625 —
1809 2603 1881 2632 Dat.
1911 2602 2012 2630 Rome
2042 2597 2125 2637 apud

1127 2663 1277 2693 Sanctam
1299 2661 1433 2690 Mariam
1455 2660 1626 2698 Maj0rem,
1650 2667 1681 2687 111
1707 2665 1807 2687 nonas
1824 2654 1949 2691 martii,
1974 2661 2060 2684 anno
2078 2661 2125 2683 se-

1125 2716 1239 2746 cundo.
1260 2727 1273 2741 »

1199 2861 1285 2890 668

1176 2923 1360 2959 Dispensatio
1374 2921 1582 2957 supet-defectu
1600 2927 1712 2946 manus.
1728 2918 1809 2953 (Rau.
1827 2917 1869 2950 44,
1887 2925 1911 2943 c,
1931 2915 1974 2949 12,
1991 2914 2075 2941 f.108
2091 2919 2130 2939 v⁰.

1491 2855 1839 2890 Sainte-Marie-Majeure,
1857 2854 1870 2880 7
1888 2861 1964 2880 mars
1980 2851 2058 2879 1289.

1171 3021 1278 3049 Dilecto
1293 3019 1357 3056 filio
1379 3018 1481 3047 Jacobo
1503 3017 1629 3051 scolari,
1654 3019 1724 3044 nato
1740 3014 1840 3043 dilecti
1859 3012 1916 3050 filit
1937 3011 2046 3041 nobilis
2068 3009 2131 3039 viri
