2342 3652
863 356 1082 396 PREMIERE
1105 358 1260 396 ANNEE.

22 448 100 478 papa
126 442 284 477 quatenus
309 437 477 476 praedictis
502 436 643 476 partibus
665 434 828 465 licentiam
848 432 1022 462 concedant

21 491 157 521 faciendi
178 491 262 520 inter
287 499 319 519 se
339 489 525 528 hujusmodi
549 487 763 522 concordiam,
784 494 881 524 quam
904 485 1021 514 Esinus

22 547 53 574 et
68 543 374 573 Forosinfroniensis
400 542 539 581 episcopi
556 541 667 571 utilem
684 540 749 570 fore
771 541 933 574 asserunt,
953 546 1020 568 non

21 597 164 627 obstante
200 597 382 635 juramento
413 596 452 625 ab
484 595 595 625 eodem
625 591 843 630 Senogaliensi
874 591 1020 630 episcopo

23 650 170 690 praestito
186 650 225 680 de
247 659 313 680 non
335 649 514 680 alienandis
537 645 788 687 possessionibus
809 644 849 674 ad
874 653 1020 674 mensam

22 703 218 742 episcopatus
238 703 472 742 spectantibus;
493 711 529 732 ea
544 700 721 731 conditione
737 702 772 728 ut
787 698 929 737 quinque
949 698 1018 728 mil-

21 756 64 787 lia
84 756 239 786 librarum
261 756 458 786 Ravennatis
479 758 639 790 monetae,
662 761 740 791 quas
763 751 922 790 praedicta
947 752 1018 781 uni-

22 810 154 840 versitas
169 810 260 840 offert
275 818 330 848 pro
345 809 565 848 impetratione
589 805 794 842 concordiae,
811 805 845 834 in
866 804 933 835 loco
953 808 1018 835 tuto

21 863 230 902 deponantur,
249 863 478 893 convertendae
494 862 528 891 in
547 860 759 900 possessiones
777 858 827 888 vel
845 858 987 889 redditus
1000 867 1019 888 a

21 917 94 947 sede
112 917 332 955 Senogaliensi
351 915 572 955 acquirendos.

61 981 76 996 α
109 969 240 1000 Dudum
270 969 443 999 venerabili
471 967 597 997 fratri...
628 983 666 988 —
696 966 767 995 Dat.
802 966 903 996 Rome
933 965 1018 1005 apud

21 1022 169 1053 Sanctam
197 1024 331 1053 Mariam
356 1023 524 1062 Majorem,
551 1029 640 1050 xvm1
667 1019 821 1049 kalendas
846 1019 1015 1056 februarii,

19 1085 104 1107 anno
119 1077 234 1116 primo.
255 1089 267 1104 ι)

89 1262 176 1290 443
325 1258 675 1293 Sainte-Marie-Majeure,
691 1258 725 1285 23
737 1259 849 1292 janvier
866 1258 942 1285 1289.

57 1323 238 1358 Dispensatio
255 1330 340 1357 super
357 1321 468 1348 defectu
489 1319 634 1347 natalium.
651 1320 734 1354 (Rae.
752 1320 784 1347 44
796 1339 802 1350 ‚
818 1329 844 1347 c.
861 1320 929 1355 276,
945 1321 964 1347 f.
982 1321 1015 1348 64

21 1378 59 1405 1·0;
75 1371 140 1398 Lar.
158 1380 192 1399 nu
207 1371 303 1402 Tum,
319 1370 346 1402 Ι,
363 1370 434 1403 117.)

60 1474 203 1511 Mayistro
226 1474 377 1504 Dominico
403 1473 436 1503 de
458 1471 567 1501 Sancto
595 1472 730 1506 Πνὸαηο,
762 1471 1016 1502 θαιΙιαίααηεηείε

22 1525 159 1563 diocesis,
181 1527 321 1556 canonico
348 1526 462 1555 ecclesie
483 1525 587 1555 Sancti
609 1524 828 1562 Symphort'czni
852 1526 1014 1562 Remensis,

22 1577 167 1617 indulget
183 1582 216 1608 ut
234 1578 440 1608 nonobstante
456 1578 579 1607 defectu
602 1577 758 1607 natalium
774 1586 869 1616 quem
887 1578 1015 1616 patitur,

22 1631 60 1661 de
77 1632 255 1671 presbytero
271 1635 300 1661 et
315 1631 472 1670 quondam
490 1630 650 1667 Ysabelle,
673 1639 770 1660 uxore
794 1631 943 1667 Menerii,
959 1631 1016 1669 qui

21 1685 61 1715 ad
74 1689 174 1724 partes
189 1689 322 1715 remotas
338 1693 370 1714 se
386 1684 606 1720 transtulerat,
624 1684 764 1722 genitus,
782 1684 820 1713 ad
839 1685 946 1714 omnia
961 1685 1015 1714 be-

23 1738 136 1768 neficia
156 1737 364 1768 ecclesiastica
380 1742 410 1767 et
433 1737 561 1767 ordines
584 1737 758 1767 ascendere
774 1736 885 1767 valeat.
905 1738 1016 1767 Dictus

21 1791 222 1828 Dominicus,
246 1791 282 1820 in
305 1790 492 1821 liberalibus
512 1790 634 1820 artibus
653 1794 683 1820 et
705 1791 777 1829 jure
800 1790 886 1820 civili
906 1790 1013 1820 cathe-

20 1843 109 1874 dram
122 1852 268 1874 ascensus
287 1843 514 1881 magistralem,
528 1844 596 1883 Jam
613 1843 696 1873 hanc
712 1843 982 1882 dispensationem
1000 1852 1017 1872 a

20 1896 169 1935 Gregorio
183 1905 262 1936 papa
276 1897 304 1926 X
319 1897 459 1936 petierat,
477 1896 531 1926 sed
547 1896 628 1927 dicto
643 1905 723 1936 papa
739 1896 862 1926 interea
878 1900 1014 1935 mortuo,

21 1957 131 1980 omnes
153 1950 292 1980 minores
310 1950 436 1980 ordines
458 1954 634 1988 receperat,
651 1958 687 1980 ac
711 1950 746 1979 in
763 1949 894 1980 ecclesia
909 1950 1015 1980 Sancti

22 2001 249 2041 Symphoriani
270 2003 420 2034 Remeusi
443 2004 666 2034 canonicatum
684 2007 714 2033 et
733 2003 944 2042 praebendale
961 2003 1015 2033 be-

21 2054 181 2091 neficium,
198 2055 267 2085 sine
279 2064 353 2085 cura
365 2056 560 2092 animarum,
577 2060 739 2086 assecutus
753 2060 830 2093 erat,
846 2056 884 2086 de
898 2056 1015 2095 quibus

21 2112 126 2138 tamen
143 2108 247 2139 nullos
265 2109 380 2139 fructus
395 2113 585 2148 perceperat.

61 2172 75 2188 α
112 2160 282 2199 illegitime
313 2162 433 2201 genitos
465 2172 582 2202 quos...
616 2180 655 2185 —
689 2164 762 2193 Dat.
799 2164 899 2194 Rome
931 2164 1013 2202 apud

20 2214 168 2244 Sanctam
191 2215 323 2245 Mariam
346 2216 508 2255 Majorem,
532 2226 550 2246 x
571 2216 724 2247 kalendas
738 2217 909 2254 februarii,
926 2225 1013 2247 anuo

19 2267 132 2305 primo.
152 2279 166 2294 ι)

86 2446 175 2473 444

51 2507 236 2543 Dispensatio
252 2516 338 2543 super
354 2509 529 2536 matrimonio
548 2510 620 2537 inter
635 2510 808 2543 Eubertum,
828 2512 962 2538 comitem
978 2511 1013 2538 de

18 2555 167 2588 Benthem,
191 2561 219 2584 ct
242 2556 424 2592 Hadwigem,
440 2558 524 2585 filiam
539 2559 681 2594 quondam
701 2581 719 2587 ..
737 2561 851 2587 comitis
868 2561 903 2587 de
923 2561 1013 2588 Alde-

17 2604 117 2637 burch,
134 2609 290 2632 contracto.
309 2605 389 2637 (Rae.
407 2606 447 2639 44,
465 2614 489 2634 c.
506 2607 566 2639 277,
582 2608 601 2635 f.
618 2608 650 2635 65
668 2616 708 2642 r⁰;
726 2608 843 2643 Pori-n.⁷
860 2609 970 2643 22864.)

317 2445 670 2483 Sainte-Marie-Majeure,
687 2448 720 2475 28
732 2449 846 2484 janvier
863 2449 940 2476 1288.

62 2707 229 2737 Venerabili
246 2706 343 2746 fratri
362 2731 379 2736 ..
401 2709 532 2747 episcopo
548 2715 572 2739 et
591 2710 695 2740 dilecto
713 2712 777 2749 filio
800 2732 820 2741 ..
838 2712 1011 2749 quarellam

17 2761 152 2797 fratrum
185 2761 346 2789 minorum
380 2761 658 2792 Monasteriensibus
691 2764 822 2793 mandat
853 2768 1012 2802 quatenus

17 2820 89 2842 cum
112 2812 213 2842 nobili
237 2813 304 2843 viro
322 2813 470 2851 Euberto,
487 2815 600 2845 comite
618 2816 656 2846 de
673 2816 846 2856 Benthem‚
861 2820 890 2847 et
910 2817 1012 2848 nobili

17 2863 150 2895 muliere
176 2865 367 2904 Hadewige,
392 2866 457 2896 filia
475 2868 633 2905 quondam
657 2892 677 2899 ..
702 2870 827 2900 comitis
852 2871 891 2900 de
914 2871 1011 2900 Alde-

17 2916 127 2954 burch,
145 2918 406 2949 Monasteriensis
421 2924 451 2949 et
467 2920 648 2951 Bremensis
659 2922 864 2959 dioecesium,
882 2924 1011 2963 dispen-

17 2973 87 3000 sent
100 2974 135 3000 ut
149 2971 183 3000 in
199 2972 404 3002 matrimonio
420 2973 504 3011 quod
519 2973 613 3011 olim,
637 2974 676 3004 ad
698 2976 851 3006 sedandas
871 2977 1012 3007 inimici-

17 3022 76 3053 tias
97 3023 181 3054 inter
203 3025 420 3063 progenitores
442 3026 583 3065 ipsorum
603 3031 741 3066 exortas,
761 3039 860 3068 quum
880 3029 1012 3068 ignora-

2068 372 2105 401 85

1102 437 1174 462 rent
1195 442 1228 463 se
1253 439 1364 472 quarto
1386 435 1676 473 consanguinitatis
1700 435 1802 473 gradu
1819 436 2005 474 conjunctos
2023 446 2103 474 esse,

1102 490 1338 525 contraxerunt,
1354 493 1383 518 et
1398 489 1430 517 in
1451 497 1513 527 quo
1529 489 1636 527 plures
1647 489 1731 519 filios
1745 493 1775 519 et
1790 489 1873 519 filias
1885 495 2101 528 procrearunt.

1144 550 1158 566 α
1182 540 1226 568 Ex
1242 545 1330 578 parte
1343 541 1486 572 dilecti...
1505 559 1543 564 —
1558 542 1630 572 Dat.
1651 542 1751 572 Rome
1767 542 1851 581 apud
1869 542 2017 572 Sanctam
2036 543 2105 573 Ma-

1101 592 1182 622 riam
1199 593 1364 632 Majoiem,
1383 605 1402 624 v
1419 594 1572 625 kalendas
1588 595 1756 633 februarii,
1774 604 1860 626 anno
1875 596 1988 634 primo.
2010 608 2022 623 »

1170 753 1258 781 445

1135 813 1292 840 Licentiam
1315 814 1446 841 concedit
1466 816 1631 842 comitissae
1647 815 1794 842 Flandriae
1810 817 1944 844 visitandi
1965 817 2103 851 quaedam

1101 864 1283 889 monasteria.
1302 864 1380 896 (Rae.
1401 863 1443 894 44,
1460 871 1485 890 c.
1502 864 1564 894 278,
1581 865 1599 891 f.
1617 864 1650 891 65
1668 871 1710 897 r0;
1730 864 1844 896 Porus,
1861 865 1969 898 22857.)

1402 753 1763 789 Sainte-Mm-ie-Majeure‚
1781 755 1813 781 13
1826 755 1937 789 janvier
1955 755 2032 782 1288.

1134 964 1243 993 Πίίεοϊε
1263 966 1295 993 in
1316 965 1434 994 Christo
1449 966 1511 1002 filie
1528 967 1622 995 nobili
1638 967 1764 995 mulieri
1782 988 1802 995 ..
1822 968 1915 995 umori
1930 966 2030 995 dilecti
2046 968 2106 1004 filii

1098 1017 1211 1046 nobilis
1226 1019 1289 1046 vird
1306 1018 1355 1054 G.,
1379 1019 1497 1047 comilis
1519 1019 1676 1055 Flandrie,
1697 1018 1842 1048 concedit
1860 1023 1895 1048 ut
1912 1019 2105 1049 monasteria

1099 1073 1129 1099 et
1151 1069 1299 1099 ecclesias
1321 1071 1387 1100 sive
1414 1070 1524 1101 domos
1546 1071 1773 1109 cisterciensis,
1799 1071 2052 1110 praedicatorum
2076 1076 2106 1102 et

1099 1123 1261 1153 minorum
1277 1123 1426 1153 ordinum
1443 1125 1541 1162 possit
1556 1125 1605 1154 bis
1622 1125 1654 1154 in
1672 1133 1778 1163 anno,
1796 1125 2048 1163 praesidentium
2061 1125 2105 1156 lo-

1098 1175 1144 1205 cis
1161 1176 1329 1206 accedente
1346 1185 1516 1213 consensu,
1534 1186 1606 1207 cum
1623 1181 1742 1216 septem
1760 1178 1902 1208 honestis
1913 1177 2104 1208 mulieribus

1097 1228 1235 1266 ingredi.

1139 1294 1152 1308 a
1178 1282 1222 1311 Ex
1246 1287 1373 1313 tuarum
1395 1283 1543 1313 decore...
1566 1300 1606 1306 —
1627 1284 1698 1314 Dat.
1723 1284 1823 1314 Rome
1846 1284 1930 1323 apud
1955 1284 2104 1314 Sanctam

1098 1336 1235 1366 Mariam
1251 1337 1424 1375 Maiorem,
1441 1337 1548 1367 idibus
1562 1337 1721 1376 januarii,
1739 1346 1824 1368 anno
1842 1338 1956 1377 primo.
1976 1350 1987 1363 υ

1168 1495 1256 1525 446

1134 1559 1277 1594 Episcopo
1294 1559 1496 1589 Lincolniensi,
1511 1559 1606 1585 abbati
1621 1560 1874 1585 Vt'cstmonasterii
1887 1562 1914 1585 et
1929 1559 2054 1586 Giffredo
2068 1559 2102 1586 de

1401 1495 1764 1531 Sainte-Marie-Majeure,
1784 1497 1815 1524 13
1825 1498 1938 1531 J'anvier
1953 1498 2031 1525 1289.

1098 1607 1225 1641 Vezano,
1240 1609 1378 1635 canonico
1391 1607 1601 1641 cameracensi,
1616 1608 1731 1634 mandat
1740 1611 1882 1642 qnatenus
1894 1608 2104 1635 Eboracensem

1098 1658 1350 1692 archiepiscopum
1370 1661 1504 1684 moneant
1522 1662 1552 1684 ut
1576 1658 1756 1684 collationem
1776 1657 1955 1684 infradictam
1974 1661 2102 1692 revocet,

1098 1707 1223 1740 alioquin
1240 1715 1305 1732 eum
1328 1707 1417 1733 citent
1440 1714 1536 1733 coram
1553 1706 1621 1733 sede
1642 1706 1807 1741 apostolica.
1825 1706 1907 1739 (Rae.
1925 1706 1957 1733 44
1969 1728 1977 1739 ,
1993 1715 2019 1733 c.
2035 1706 2101 1738 280,

1097 1757 1116 1783 f.
1134 1757 1167 1784 65
1180 1757 1228 1786 1²⁰.)

1145 1859 1315 1888 Venerabili
1350 1859 1445 1895 fratri
1477 1880 1498 1887 ..
1535 1859 1666 1895 episcopo
1697 1858 1901 1887 meotniensi
1930 1863 1956 1887 et
1988 1859 2105 1888 dilectis

1097 1913 1172 1949 fillis
1187 1936 1207 1941 ..
1226 1913 1324 1941 abbati
1348 1911 1601 1940 Wesl'monasterlt‘
1616 1920 1708 1948 prope
1723 1911 1892 1940 Londonem
1907 1920 1941 1940 ac
1957 1913 2103 1948 magistro

1099 1966 1227 2004 Giffreclo
1244 1966 1276 1994 cle
1299 1965 1422 1999 Vesano,
1442 1973 1557 1994 camere
1573 1969 1673 1994 nostre
1692 1965 1815 2002 clerico,
1835 1966 1977 1994 canonico
1998 1965 2103 1995 Came-

1097 2018 1226 2048 racensz'.
1247 2017 1401 2054 Quamvis
1420 2026 1510 2056 papa,
1529 2026 1566 2046 ex
1592 2017 1820 2047 constitutione
1843 2017 2017 2047 Clementis
2035 2018 2102 2048 IIII

1098 2081 1192 2111 super
1207 2071 1455 2107 canonicatibus,
1468 2070 1657 2108 praebendis
1670 2074 1700 2100 et
1715 2071 1882 2101 beneficiis
1896 2071 1980 2109 apud
1995 2071 2102 2101 sedem

1097 2125 1301 2164 apostolicam
1318 2124 1516 2161 vacantibus,
1531 2133 1587 2162 per
1604 2132 1773 2154 romanum
1791 2124 1957 2154 dumtaxat
1970 2125 2102 2163 pontifi-

1098 2188 1167 2209 cem
1190 2178 1408 2214 conferendis,
1432 2178 1657 2207 canonicatum
1681 2182 1711 2207 et
1730 2179 1946 2217 praebendam
1965 2179 1998 2207 in
2023 2179 2102 2209 Ebo-

1096 2233 1221 2264 racensi
1240 2232 1389 2268 ecclesia,
1406 2236 1553 2261 vacantes
1569 2241 1624 2270 per
1643 2235 1778 2262 mortem
1797 2232 1883 2262 Petri
1899 2232 1937 2262 de
1958 2232 2100 2270 Sabello,

1096 2287 1179 2326 apud
1207 2285 1315 2316 sedem
1341 2284 1561 2323 apostolicam,
1586 2293 1719 2314 romana
1744 2284 1876 2314 ecclesia
1902 2294 1956 2323 per
1979 2286 2102 2316 obitum

1097 2338 1235 2370 Honorii
1260 2338 1327 2368 1111
1349 2342 1491 2374 vacante,
1509 2338 1662 2375 defuncti,
1681 2338 1829 2367 Andreae
1846 2338 1884 2368 de
1903 2338 2099 2376 Laguscello,

1096 2391 1260 2431 capellano
1275 2400 1342 2428 suo,
1360 2391 1514 2421 canonico
1531 2391 1682 2421 ecclesiae
1700 2391 1920 2428 Eboracensis,
1941 2392 2031 2422 fratri
2049 2393 2099 2430 B.,

1096 2445 1232 2484 episcopi
1260 2444 1461 2481 Portuensis,
1484 2444 1684 2481 contulisset,
1711 2449 1817 2474 tamen
1844 2469 1862 2474 ..
1892 2445 2100 2475 Eboracensis

1095 2499 1353 2536 archiepiscopus
1373 2497 1500 2527 eosdem
1515 2497 1740 2527 canonicatum
1760 2501 1790 2526 et
1804 2498 2017 2536 praebendam
2039 2499 2099 2528 Pe-

1094 2556 1143 2581 tro
1159 2551 1198 2581 de
1213 2551 1346 2587 Cestria,
1362 2550 1488 2588 clerico,
1503 2550 1648 2587 contulit,
1667 2550 1782 2588 hicque
1799 2559 1851 2580 eos
1870 2550 1990 2580 detinet
2005 2559 2099 2581 occu-

1094 2608 1191 2643 patos
1216 2604 1321 2640 Quare
1346 2604 1404 2633 sub
1432 2612 1531 2642 poena
1556 2603 1898 2633 excommunicationis
1922 2603 1990 2641 ipso
2018 2604 2098 2635 facto

1094 2658 1235 2697 injungit
1250 2665 1329 2695 papa
1346 2656 1490 2695 episcopo
1507 2656 1738 2692 Lincolniensi,
1757 2656 1864 2685 abbati
1881 2656 2099 2686 Westmonas-

1096 2710 1166 2740 terii
1189 2714 1220 2739 et
1243 2709 1383 2739 Giffredo
1404 2709 1443 2738 de
1465 2709 1589 2738 Vezano
1611 2713 1767 2747 quatenus
1787 2708 1871 2737 infra
1895 2709 2007 2739 decem
2031 2710 2098 2740 dies

1093 2773 1112 2793 a
1131 2763 1310 2801 receptione
1335 2761 1550 2800 praesentium
1570 2762 1802 2791 Eboracensem
1821 2761 2099 2802 archiepiscopum

1094 2820 1246 2846 moneant
1257 2814 1478 2853 personaliter,
1491 2815 1517 2843 si
1530 2815 1677 2852 poterint,
1690 2813 1837 2853 alioquin
1852 2815 1886 2844 in
1906 2815 2099 2846 Eboracensi

1094 2869 1226 2899 ecclesia
1244 2872 1274 2897 et
1298 2868 1433 2906 hospitio
1457 2866 1740 2906 archiepiscopali,
1762 2872 1795 2897 ut
1812 2868 1897 2897 infra
1914 2869 2098 2907 quindecim

1094 2923 1162 2952 dies
1187 2931 1205 2952 a
1228 2922 1280 2951 die
1304 2921 1492 2951 monitionis
1515 2920 1718 2950 collationem
1737 2921 1873 2950 eandem
1896 2927 2038 2960 revocet,
2062 2932 2098 2953 ac

1094 2976 1259 3006 Andream
1274 2975 1312 3004 de
1330 2973 1515 3012 Laguscello
1531 2974 1563 3003 in
1580 2974 1775 3012 corporalem
1792 2975 2026 3014 possessionem
2045 2985 2097 3006 ca-

1094 3030 1263 3060 nonicatus
1291 3032 1321 3058 et
1343 3028 1540 3067 praebendae
1566 3027 1800 3067 praedictorum
1825 3028 1974 3066 inducat,
2005 3030 2097 3069 eique
