2477 3637
286 368 344 398 518
1035 359 1270 392 REGISTRES
1293 360 1347 390 DE
1368 358 1554 390 NICOLAS
1576 359 1632 390 IV.

285 437 409 467 ciorum
431 432 731 465 ecclesiasticorum,
749 434 779 460 et
796 429 869 459 aliis
888 428 1007 457 divinis
1030 427 1149 463 causis,
1167 434 1293 456 excom-

286 489 530 523 municationis,
557 484 776 524 suspensionis
801 487 830 512 et
851 480 1014 511 interdicti
1037 480 1212 510 sententias
1238 479 1292 508 in-

286 543 459 578 currerint,
484 545 514 570 et
544 537 752 578 dispensandi
783 544 857 566 cum
882 535 926 565 eis
952 534 1008 573 qui
1039 534 1100 564 hac
1127 533 1293 564 occasione

286 594 554 633 irregularitatem
571 589 797 621 contraxerint.

327 661 340 676 «ι
360 648 402 677 Ex
418 650 504 685 parte
521 650 610 675 tua...
625 659 662 665 -
674 643 744 672 Dat.
761 641 873 677 Rome,
885 639 968 678 apud
985 638 1135 669 Sanctam
1155 637 1293 667 Mariam

286 701 451 739 Major-em,
468 697 615 728 kalendis
631 695 718 732 maii,
737 702 822 724 auno
839 692 939 723 tertio.
959 704 972 719 »

354 864 607 895 3253-3260
788 860 914 894 Orvieto‚
931 861 946 886 5
962 857 1125 893 septembre
1142 856 1219 884 1290.

322 928 526 963 Indulgentiae.
544 926 626 960 (Rae.
645 926 688 957 45,
703 934 729 952 c.
747 925 809 956 410,
825 924 844 950 f.
863 923 896 950 80
912 924 964 956 v⁰.)

326 1031 476 1061 Universis
495 1030 609 1059 Christi
627 1028 765 1066 fidelibus
784 1030 934 1064 presentes
956 1026 1073 1054 litteras
1097 1024 1289 1061 inspecturis.

284 1084 522 1122 Indulgentiam
546 1083 642 1112 nnius
662 1081 742 1111 anni
763 1084 793 1110 et
808 1089 845 1109 xc
861 1078 988 1108 dierum
1004 1077 1150 1107 concedit
1167 1077 1212 1106 eis
1235 1076 1291 1115 qui

285 1137 450 1168 ecclesiam
476 1135 659 1166 monasterii
683 1135 721 1164 de
741 1134 879 1167 Stanno,
904 1131 1126 1161 cisterciensis
1149 1130 1289 1167 ordinis,

284 1190 442 1221 Tullensis
458 1189 626 1225 dioecesis,
645 1188 753 1218 beatae
771 1187 889 1215 Mariae
907 1183 1061 1215 vocabulo
1080 1183 1287 1221 insignitam,

283 1245 316 1274 in
334 1244 440 1274 beatae
457 1243 575 1273 Mariae
593 1241 824 1274 festivitatibus,
843 1248 897 1278 per
910 1241 978 1268 octo
994 1238 1060 1267 dies
1076 1241 1247 1276 sequentes
1260 1240 1291 1266 et

284 1299 317 1327 in
336 1296 560 1327 anniversario
579 1296 630 1325 die
648 1293 858 1324 dedicationis
876 1292 1019 1331 ejusdem
1042 1290 1193 1321 ecclesiae
1209 1290 1289 1320 visi-

284 1352 429 1381 tavei-int.

324 1417 337 1431 <t
359 1405 457 1441 Virga
475 1403 698 1433 venustissima
718 1406 784 1432 ct...
808 1418 846 1422 —
871 1400 943 1430 Dat.
966 1399 1050 1438 apud
1077 1398 1289 1428 Urbemvete-

283 1468 362 1495 rem,
383 1458 476 1488 nonis
494 1456 692 1495 septembris,
710 1464 795 1484 anno
816 1454 916 1483 tertio.
940 1465 953 1479 »

323 1513 358 1542 In
377 1521 403 1541 e.
422 1521 478 1546 m.‚
496 1519 552 1549 pro
570 1509 701 1540 ecclesia
717 1508 904 1538 monasterii
920 1507 959 1537 de
974 1506 1149 1543 Claroloco,
1166 1506 1290 1537 ordinis

282 1565 515 1601 Cisterciensis‚
530 1564 690 1594 Tullensis
705 1563 868 1593 dioecesis.

322 1621 359 1650 ln
379 1629 404 1649 e.
425 1628 481 1655 m.‚
499 1627 555 1657 pro
576 1617 709 1647 ecelesia
733 1617 918 1647 monasterii
940 1616 978 1646 de
997 1616 1150 1653 Boxeriis,
1166 1616 1290 1646 ordinis

282 1674 314 1703 S.
336 1672 510 1707 Benedicti,
531 1671 691 1701 Tullensis
710 1670 874 1700 dioecesis,

323 1727 360 1755 ln
376 1735 403 1755 e.
422 1735 479 1762 m.‚
498 1734 552 1764 pro
568 1724 699 1754 ecclesia
719 1724 905 1754 monasterii
923 1724 962 1753 de
977 1723 1222 1760 Claromarisco,
1238 1731 1290 1753 or-

283 1781 367 1812 dinis
384 1779 616 1815 Cistercieusis‚
637 1778 806 1808 Remensis
821 1778 986 1808 dioecesis.

761 1859 893 1893 Orvicto,
911 1858 942 1885 13
961 1858 1123 1894 septembre
1140 1858 1218 1886 1290.

325 1927 362 1956 In
380 1936 406 1956 e.
424 1935 481 1961 m.‚
501 1933 554 1964 pro
573 1923 704 1954 ecclesia
719 1922 906 1952 monasterii
922 1921 960 1952 de
978 1921 1183 1959 Bonofageto,
1196 1921 1291 1950 Prae-

283 1979 525 2010 monstratensis
553 1977 692 2013 ordinis,
721 1975 881 2005 Tullensis
910 1974 1073 2005 dioecesis.
1104 1974 1176 2004 Dat.
1207 1973 1291 2012 apud

286 2034 560 2067 Urbetnveterem,
578 2031 684 2060 idibus
700 2029 899 2068 septembris
916 2037 1001 2058 anno
1017 2028 1117 2057 tertio.

324 2087 360 2116 ln
378 2096 405 2116 e.
424 2095 480 2123 m.‚
500 2094 554 2125 pro
577 2084 709 2114 ecclesia
732 2082 917 2113 monasterii
941 2082 979 2112 de
998 2081 1174 2119 Miravalle‚
1192 2082 1291 2111 Prae-

283 2139 526 2171 moustratensis
541 2138 677 2173 ordinis,
696 2136 857 2167 Tullensis
875 2136 1037 2166 dioecesis.

324 2193 361 2222 In
380 2203 407 2223 e.
426 2202 483 2228 m.‚
502 2200 557 2231 pro
575 2190 707 2221 ecclesia
723 2189 911 2219 monasterii
933 2189 972 2219 de
987 2188 1220 2224 Cbalmosiaco,
1238 2197 1291 2218 or-

282 2246 368 2276 dinis
386 2247 418 2276 S.
436 2245 622 2283 Augustini,
640 2243 800 2273 Tullensis
818 2243 982 2273 dioecesis.

326 2300 361 2329 ln
380 2309 407 2329 e.
426 2309 481 2334 m.‚
498 2307 553 2337 pro
569 2298 702 2328 ecclesia
719 2296 911 2336 parrochiali
927 2296 965 2326 de
982 2295 1150 2326 Novavilla
1167 2295 1207 2325 ad
1223 2296 1290 2326 Ne-

282 2362 366 2389 mus,
383 2351 648 2382 Cathalaunensis
663 2350 826 2381 dioecesis.

351 2512 438 2541 32ss
444 2513 463 2540 Ι
471 2511 546 2539 -32
552 2511 608 2540 82

317 2575 362 2601 Ad
388 2574 586 2601 collectionem
614 2573 740 2599 decimae
764 2580 814 2608 pro
841 2573 957 2607 negotio
981 2571 1105 2599 Siciliae.
1130 2571 1211 2606 (Rae.
1238 2573 1289 2606 45,

280 2634 304 2651 c.
323 2624 383 2655 411,
400 2624 419 2650 f.
436 2623 468 2650 80
484 2625 535 2655 νῦ.)

766 2510 892 2539 Orvieto.
910 2509 943 2536 ²20
959 2509 1122 2544 septembre
1138 2509 1217 2536 ¹290.

328 2726 493 2756 Venerabili
507 2726 603 2762 fratri
619 2725 810 2762 Pandulpho,
824 2727 956 2763 episcopo
973 2725 1121 2761 Pactensi,
1139 2723 1289 2754 adminis-

282 2782 390 2810 tratort'
412 2781 530 2810 ecclesie
554 2781 729 2816 Turritane,
752 2780 902 2808 collectori
923 2779 1035 2808 decime
1051 2780 1084 2808 in
1100 2779 1245 2809 Sardinie
1265 2785 1291 2809 et

282 2835 396 2863 Gor-sice
417 2835 555 2871 partibus
579 2842 633 2871 pro
655 2835 772 2870 neyotio
792 2834 882 2871 reym'
900 2833 1004 2862 Sicilie
1025 2833 1172 2870 deputate.
1196 2845 1208 2860 ι
1226 2833 1292 2862 Du-

283 2887 359 2916 dum
377 2886 580 2916 necessitates
596 2885 787 2925 multiplices
802 2895 935 2916 romane
949 2886 1080 2916 ecclesie
1097 2895 1221 2917 necnon
1239 2895 1290 2917 ca-

285 2940 412 2969 rissimo
428 2941 460 2969 in
472 2939 598 2970 Christo
612 2939 679 2969 filio
694 2943 802 2970 nostro
812 2939 936 2976 Cal-olo,
950 2939 1019 2977 regi
1034 2938 1144 2970 Sicilie
1159 2939 1290 2977 illustri,

285 3003 319 3023 ac
337 2994 404 3032 ejus
423 3002 520 3031 regno
536 2993 645 3023 Sicilie
661 2993 835 3022 imiuentes
853 2992 987 3023 sollicita
998 2992 1204 3023 meditatione
1217 3001 1291 3032 pen-

284 3051 404 3085 santes,
427 3054 462 3075 ac
486 3046 627 3076 volentes
651 3047 684 3076 in
712 3047 771 3077 hoc
794 3046 986 3085 provisionis
1009 3051 1164 3085 oportune
1186 3055 1291 3078 reme-

1376 425 1467 454 dium
1483 425 1637 455 adhibere
1651 426 1801 464 predictis
1813 425 1956 462 ecclesie,
1966 426 2031 463 regi
2046 429 2076 455 et
2086 434 2197 464 regno,
2209 435 2264 466 pro
2277 427 2381 467 hujus-

1377 478 1463 508 modi
1491 487 1601 509 eorum
1628 479 1889 513 necessitatibus.
1912 484 1943 509 et
1963 479 2059 509 etiam
2088 488 2143 518 pro
2167 480 2268 519 ipsius
2293 483 2380 520 regni

1378 532 1595 570 prosecutione
1612 533 1742 571 negotii,
1759 532 1917 563 decimam
1933 534 2080 563 omnium
2099 533 2380 567 ecclesiasticorum

1376 584 1560 614 reddituum
1577 589 1607 614 et
1621 589 1834 624 proventuum
1850 586 1884 615 in
1901 586 2048 616 Sardinie
2066 590 2095 615 et
2106 585 2232 617 Coi-sice
2249 595 2284 617 ac
2300 596 2380 620 non-

1377 637 1476 667 nullis
1492 637 1564 667 aliis
1580 638 1734 676 partibus,
1752 647 1808 677 per
1823 643 1885 669 tres
1900 647 2002 669 annos
2019 640 2235 670 numerandos
2255 640 2294 670 ab
2314 641 2380 672 ins-

1377 690 1457 720 tanti
1477 694 1552 720 tunc
1572 691 1650 721 festo
1672 691 1847 721 nativitatis
1865 692 1949 722 beati
1964 691 2126 722 ,Iohannis
2144 692 2284 731 Baptiste
2299 678 2426 733 quod—'³⁸'

1376 744 1578 774 festivitatem
1599 745 1773 775 nativitatis
1793 745 1896 784 ipsius
1913 746 2013 775 sancti
2037 746 2180 784 proximo
2201 747 2399 785 preteritam·

1374 797 1561 827 immediate
1577 798 1740 837 processit,
1758 798 1796 828 de
1810 798 1943 828 fratrum
1963 803 2145 829 nostrorum
2161 799 2306 838 consilio¹
2323 802 2388 835 sub·

1376 856 1460 881 certa
1481 851 1583 882 forma
1604 851 1756 882 duximus
1773 852 2000 891 deputandam.
2018 853 2063 883 Ut
2085 853 2192 892 itaque
2212 853 2338 885 facilius
2352 859 2383 887 st

1375 904 1531 934 efficatius
1548 914 1643 944 super
1658 905 1845 936 collectione
1864 905 1965 945 ipsius
1984 906 2107 936 decime
2127 906 2252 937 debitus
2273 907 2380 940 subss-

1375 962 1492 996 quatur
1509 958 1650 995 effectus,
1665 959 1858 989 fraternitati
1879 963 1942 996 tue,
1960 959 1998 989 de
2016 968 2079 998 qua
2096 959 2130 989 in
2148 959 2287 991 Domino
2303 960 2383 992 fidu·
2399 992 2402 996 ,

1375 1011 1455 1041 ciam
1475 1012 1618 1049 gerimus
1633 1012 1809 1051 spetialem,
1831 1013 2026 1052 presentium
2043 1014 2228 1044 auctoritate
2249 1008 2400 1046 manda-*-

1375 1073 1446 1094 mus
1470 1068 1629 1103 quatenus
1657 1065 1794 1105 predicte
1820 1065 1943 1096 decime
1970 1066 2150 1104 colligende
2175 1067 2210 1096 in
2237 1067 2383 1100 sardinis

1374 1122 1405 1147 et
1420 1117 1545 1148 Coi-sice
1561 1118 1714 1157 partibus,
1732 1122 1886 1158 exemptis
1901 1123 1932 1149 et
1945 1127 2008 1149 uon
2025 1120 2191 1158 exemptis,
2207 1108 2382 1160 subscripto

1374 1171 1468 1201 modo
1487 1171 1622 1202 sollicite
1642 1181 1752 1203 :turam
1773 1181 1875 1211 geras.
1891 1172 2048 1203 Videlicet
2068 1174 2101 1203 in
2117 1174 2255 1212 singulis
2274 1174 2382 1206 civita-

1375 1225 1459 1255 tibus
1476 1229 1506 1255 et
1521 1225 1700 1256 diocesibus
1719 1225 1849 1256 illarum
1866 1227 2017 1265 partium,
2036 1227 2075 1257 de
2091 1227 2227 1258 consilio
2243 1227 2383 1259 locorum

1373 1278 1543 1315 ordinarii,
1561 1283 1615 1308 ant
1630 1279 1699 1317 ejus
1714 1280 1799 1309 vices
1815 1280 1970 1317 gerentis,
1990 1280 2017 1309 si
2032 1279 2223 1310 dlocesanus
2241 1281 2309 1320 ipse
2328 1281 2402 1312 ab-''

1373 1341 1446 1362 sens
1466 1331 1573 1369 fuerit,
1598 1336 1627 1362 et
1649 1332 1786 1363 duorum
1810 1332 2046 1371 fidedignorum
2067 1334 2105 1363 dc
2123 1333 2256 1364 ecclesia
2276 1333 2394 1366 cathess

1373 1385 1465 1415 drali‘
1482 1385 1727 1415 constitutorum
1752 1386 1787 1415 iu
1813 1386 2040 1424 dignitatibus,
2072 1395 2127 1416 seu
2157 1386 2293 1417 aliorum
2320 1391 2395 1420 tam>

1373 1439 1477 1478 quoad
1511 1447 1576 1468 non
1613 1443 1773 1478 exemptos
1806 1449 1903 1479 quam
1936 1441 2032 1470 etiam
2067 1441 2170 1480 quoad
2203 1446 2380 1481 exemptos,

1374 1493 1505 1531 deputes
1532 1492 1611 1522 duas
1636 1501 1787 1531 personas
1811 1493 1885 1530 fide,
1910 1494 2123 1531 facultatibus,
2149 1494 2177 1524 si
2198 1494 2275 1525 tales
2297 1495 2383 1526 iuve-

1374 1547 1506 1576 niantur
1535 1546 1718 1584 commode,
1751 1555 1787 1576 ac
1814 1546 1893 1577 alias
1928 1547 2087 1586 ydoneas‚
2120 1548 2159 1577 ad
2189 1547 2383 1580 collectionis

1374 1599 1560 1638 hujusmodi
1579 1600 1796 1630 ministerium
1813 1600 2049 1639 exequendum.
2069 1599 2260 1631 Collectores
2277 1605 2397 1643 autem⁴

1374 1662 1471 1692 quos,
1496 1657 1529 1683 ut
1551 1655 1761 1692 premittitur,
1784 1654 1950 1694 deputabis
1972 1655 2006 1684 in
2032 1655 2135 1685 forma
2157 1655 2268 1694 jurare
2289 1647 2394 1686 facias·

1374 1707 1597 1746 infrascripta3
1615 1712 1645 1737 et
1662 1712 1694 1737 tu
1712 1707 1946 1738 nichilominus
1970 1713 2074 1747 partes
2093 1708 2221 1739 easdem
2245 1709 2384 1740 circum-

1375 1769 1442 1797 eas,
1469 1760 1659 1798 diligentius
1687 1764 1884 1791 scrutaturus
1911 1761 2048 1800 qualiter
2072 1762 2104 1791 in
2128 1762 2300 1792 commisso
2323 1762 2384 1794 sibi

1374 1815 1457 1845 dicte
1486 1814 1684 1844 collectionis
1713 1814 1817 1844 officio
1843 1815 1957 1852 prefati
1984 1824 2017 1845 se
2041 1814 2181 1845 habeant
2203 1815 2399 1855 οοΙΙεοιοι-θε·;

1375 1873 1406 1899 et
1427 1867 1564 1907 qualiter
1588 1868 1666 1907 ipsis
1690 1868 1729 1898 de
1752 1868 1877 1898 decima
1899 1868 2040 1898 satisfiat.
2069 1868 2305 1909 Collectamque
2329 1875 2398 1910 per,¹

1374 1922 1447 1952 illos
1476 1931 1513 1952 ex
1543 1921 1668 1952 decima
1696 1921 1766 1961 ipsa
1793 1922 1963 1960 pecuniam
1994 1922 2090 1952 facias
2119 1931 2174 1962 per
2188 1956 2190 1958 ,
2203 1922 2384 1954 collectores

1375 1976 1501 2006 eosdem
1521 1975 1586 2005 illis
1604 1975 1643 2005 de
1659 1975 1775 2014 quibus
1791 1984 1846 2014 per
1861 1975 1939 2005 alias
1957 1981 2078 2006 nostras
2095 1976 2217 2006 litteras
2234 1977 2292 2007 tibi
2307 1977 2370 2008 assi
2384 1983 2386 1985 '

1374 2030 1468 2068 gnari
1483 2029 1686 2059 mandamus.
1700 2029 1770 2059 Tibi
1787 2038 1924 2068 quoque,
1938 2038 2010 2059 cum
2024 2029 2158 2060 consilio
2169 2030 2383 2069 predictorum

1374 2083 1531 2114 ordinarii
1548 2087 1578 2113 et
1592 2082 1729 2112 aliorum
1740 2106 1747 2120 ‚
1763 2083 1909 2113 mutandi
1929 2082 2112 2113 collectores
2126 2084 2221 2122 ipsos,
2237 2083 2394 2125 quotiensj

1374 2137 1494 2167 videris
1512 2136 1673 2176 expedire,
1692 2145 1728 2166 ac
1747 2145 1798 2167 eos
1821 2136 2033 2175 compellendi
2051 2137 2091 2166 ad
2117 2137 2318 2168 reddendum
2335 2145 2383 2169 co·

1374 2200 1442 2221 ram
1455 2190 1575 2221 eisdem
1591 2189 1762 2220 ordinariis
1776 2194 1806 2219 et
1818 2189 1889 2219 aliis
1907 2190 1962 2220 tibi
1978 2194 2163 2229 computum
2179 2190 2218 2220 de
2232 2190 2382 2228 collectis,

1374 2249 1404 2275 et
1421 2243 1668 2274 contradictores
1681 2243 1841 2282 quoslibet
1858 2252 1894 2273 ac
1910 2243 2006 2273 etiam
2022 2252 2135 2274 omnes
2151 2243 2225 2274 illos
2240 2244 2298 2283 qui
2311 2252 2382 2284 pro-

1374 2303 1530 2328 ventuum
1554 2306 1685 2327 suorum
1706 2296 1993 2327 ecclesiasticorum
2014 2297 2048 2326 in
2072 2296 2222 2336 predictis
2241 2297 2384 2336 partibus

1374 2351 1618 2382 consistentium
1639 2351 1797 2381 decimam
1818 2351 1852 2380 iu
1875 2350 2022 2380 terminis
2038 2350 2099 2381 sibi
2118 2350 2248 2390 prefixis
2263 2350 2383 2382 solvere

1374 2415 1437 2436 non
1462 2404 1606 2435 curarint
1620 2404 1807 2434 auctoritate
1824 2404 1998 2443 apostolica
2019 2413 2075 2443 per
2097 2413 2267 2435 censuram
2282 2403 2382 2446 eccle-

1374 2459 1534 2490 siasticam
1552 2457 1776 2497 compellendi,
1802 2457 1930 2496 plenam
1946 2457 2133 2488 auctoritate
2148 2458 2290 2498 predicta
2303 2466 2382 2490 con-

1373 2512 1518 2543 cedimus
1534 2515 1730 2550 potestatem.
1745 2511 1793 2548 Et,
1808 2512 1844 2541 ut
1860 2516 1923 2541 tam
1940 2515 1973 2542 tu
1992 2520 2090 2550 quam
2106 2511 2184 2542 dicti
2200 2511 2382 2543 collectores

1372 2567 1512 2596 fructum
1530 2565 1569 2595 de
1586 2565 1699 2595 vestris
1717 2564 1879 2595 laboribus
1895 2565 2077 2603 reportetis,
2097 2565 2252 2604 premissa
2276 2564 2333 2595 tibi
2352 2567 2382 2596 et

1373 2620 1420 2650 eis
1444 2620 1480 2649 in
1505 2618 1730 2649 remissionem
1755 2618 1960 2657 injungimus
1987 2622 2198 2658 peccatorum.
2225 2617 2381 2650 Volumus

1373 2673 1471 2704 etiam
1483 2672 1566 2712 quod
1580 2672 1619 2702 de
1632 2672 1767 2710 pecunia
1782 2681 1819 2701 ex
1830 2672 1898 2711 ipsa
1912 2671 2038 2702 decima
2050 2671 2230 2711 colligenda
2244 2670 2381 2711 singulis
2400 2676 2406 2685 ·

1374 2727 1487 2758 diebus
1510 2735 1610 2756 unum
1631 2726 1789 2756 florenum
1813 2726 1885 2756 auri
1911 2725 2068 2765 percipias
2091 2734 2148 2765 pro
2171 2725 2330 2765 expensis,
2350 2728 2380 2756 et

1372 2779 1459 2819 quod
1471 2779 1654 2810 collectores
1672 2779 1771 2809 iidem
1796 2788 1815 2809 a
1837 2779 2028 2819 prestatione
2050 2779 2150 2819 ipsius
2172 2779 2297 2810 decime
2317 2778 2381 2810 sint
2398 2810 2399 2813 ,

1373 2833 1549 2868 immunes,
1574 2841 1631 2872 pro
1655 2837 1796 2872 tempore
1819 2841 1882 2872 quo
1905 2836 1938 2863 tu
1961 2837 1992 2863 et
2015 2833 2076 2872 ipsi
2101 2832 2323 2864 laboraveritis
2343 2832 2378 2863 in

1372 2886 1550 2926 premissis.
1569 2886 1643 2917 Non
1659 2886 1857 2917 obstantibus
1873 2886 1900 2916 si
1914 2886 2077 2926 aliquibus
2091 2895 2109 2917 a
2123 2885 2197 2917 sede
2213 2886 2256 2916 sit
2271 2884 2378 2917 indul·
2393 2874 2407 2888 ‘¹

1374 2944 1440 2970 tum
1457 2939 1568 2970 eadem
1588 2939 1673 2978 quod
1691 2939 1853 2977 interdici,
1870 2939 2024 2980 suspendi
2039 2939 2089 2970 vel
2107 2937 2378 2971 excommunicari

1373 3001 1439 3024 non
1459 2993 1582 3033 possint
1597 3001 1653 3032 per
1675 2992 1796 3024 litteras
1814 2993 2002 3033 apostolicas
2025 3002 2088 3033 que
2111 2993 2151 3024 de
2170 2991 2296 3024 indulto
2315 2991 2377 3023 hu·
2399 2984 2404 2988 ’

1370 3046 1514 3087 jusmodi
1533 3055 1569 3077 ac
1586 3050 1648 3077 tota
1663 3047 1732 3086 ejus
1756 3046 1953 3078 continentia
1968 3046 2008 3077 de
2026 3046 2122 3078 verbo
2141 3045 2181 3076 ad
2200 3045 2332 3077 verbum
2347 3047 2378 3076 et
2408 3052 2444 3078 -θ

2423 3099 2437 3109 ο
