2477 3637
218 369 274 400 236
965 359 1202 391 REGISTRES
1225 359 1279 389 DE
1302 357 1486 388 NICOLAS
1511 357 1566 387 tv.

217 434 367 466 Johanne
394 433 431 462 de
457 431 618 468 Gagniaco
643 428 770 468 prefatis
796 427 879 457 viani
902 427 1050 456 universe
1075 424 1221 465 [carnis],

218 487 382 526 ingressis,
402 484 614 515 venerabilem
635 482 763 511 fratrem
782 485 924 510 nostrum
942 480 992 516 P.,
1008 479 1222 518 archiepisco-

217 550 293 580 pum
311 540 516 572 Remensern,
531 543 745 565 successorem
762 533 862 572 ipsius
873 533 891 562 J
894 532 1034 563 ohannis
1047 532 1156 562 archie
1160 532 1223 570 pis-

217 594 301 633 copi,
319 600 424 622 coram
450 590 569 619 decano
595 593 624 617 et
648 586 764 617 Gilone
791 586 939 625 predictis
965 585 1105 615 facerent
1129 593 1223 623 super

217 647 274 676 hoc
293 645 331 675 ad
348 644 510 683 Judicium
531 641 671 677 evocari,
690 640 874 670 nominatus
893 638 926 667 Ρ.
947 638 1221 676 archiepiscopus,

216 699 403 735 confingens
417 697 499 725 inter
513 695 576 725 alia
591 694 674 733 quod
691 693 831 723 decanus
843 696 873 722 et
886 691 959 721 Gilo
975 691 1099 730 prefati,
1112 694 1222 720 tenen-

216 756 261 783 tes
279 759 406 781 causam
428 749 529 788 ipsam
550 748 671 778 diutius
693 747 726 776 in
749 754 921 784 suspenso,
939 745 973 774 in
997 753 1032 774 ea
1054 744 1224 783 procedere

215 814 279 836 non
297 809 456 839 curarant,
476 810 562 833 anno
577 806 607 831 et
622 799 761 839 amplius
780 804 855 829 tunc
872 798 988 836 elapso,
1005 798 1040 827 in
1057 797 1157 836 ipsius
1173 805 1224 826 ar-

214 857 424 896 chiepiscopi,
442 860 475 886 ut
490 855 628 890 dicebat,
647 852 860 892 prejudicium
877 855 907 881 et
922 859 1093 889 gravamen
1104 873 1111 886 ‚
1126 858 1226 889 quan-

215 920 311 951 quam
328 919 382 949 per
398 909 536 939 eundem
557 907 832 946 archiepiscopum
843 929 850 942 ,
868 909 902 934 nt
919 904 1141 944 pretendebat,
1161 911 1223 932 non

216 965 352 994 stetisset
374 972 392 993 a
417 971 480 1002 quo
514 962 638 991 fuerant
669 960 766 990 iidem
792 959 932 989 decanus
958 963 988 988 et
1010 957 1080 988 Gilo
1105 956 1225 996 pluries

216 1027 311 1056 super
332 1017 392 1047 hoc
416 1015 570 1054 legitimis
595 1013 788 1053 temporibus
812 1012 977 1042 humiliter
999 1011 1166 1050 requisiti,
1185 1009 1225 1039 ad

216 1072 373 1102 decanum
414 1074 445 1099 et
473 1069 622 1099 Gilonem
662 1067 815 1107 predictos
848 1066 907 1096 suh
938 1075 974 1095 ea
1008 1066 1108 1095 forma
1144 1064 1226 1093 dicte

216 1125 301 1155 sedis
333 1124 452 1153 litteras
488 1122 670 1161 impetravit
698 1125 748 1155 ut,
783 1121 809 1150 si
842 1124 924 1150 esset
954 1120 1012 1154 ita,
1044 1118 1128 1148 infra
1165 1122 1226 1147 tres

215 1186 343 1208 menses
364 1186 382 1206 a
406 1176 584 1214 receptione
604 1165 784 1204 litterarum
808 1173 949 1212 ipsarum
971 1172 1006 1201 in
1027 1180 1122 1201 causa
1140 1170 1224 1209 ipsa,

215 1231 325 1270 previa
341 1230 476 1266 ratione,
488 1228 705 1267 procederent,
716 1228 805 1264 juxta
822 1226 1038 1264 predictarum
1054 1223 1225 1254 continen-

216 1284 292 1313 tiam
318 1282 516 1317 litterarum,
535 1281 681 1318 injuncto
704 1278 937 1308 nichilominus
961 1277 1083 1307 dilectis
1105 1277 1183 1307 filiis
1205 1299 1224 1306 ..

216 1336 442 1366 archidiacono
463 1339 529 1365 et
549 1333 669 1363 cantori
685 1342 721 1362 ac
737 1332 888 1370 magistro
902 1331 1046 1361 Johanni
1062 1331 1100 1360 de
1116 1330 1227 1361 Castro

217 1391 376 1427 Arquato,
395 1388 547 1418 canonico
564 1386 766 1421 Belvacensi,
786 1394 840 1424 per
856 1384 934 1414 alias
949 1384 1008 1414 sub
1024 1388 1109 1414 certa
1123 1384 1227 1414 forma

216 1443 315 1481 ipsius
331 1442 414 1471 sedis
431 1441 561 1475 litteras,
579 1444 623 1476 nt,
641 1439 667 1468 si
684 1439 782 1469 iidem
802 1439 942 1468 decanus
958 1442 988 1467 et
1001 1436 1075 1467 Gilo
1091 1437 1226 1467 manda-

215 1501 281 1526 tum
307 1494 516 1533 apostolicum
545 1494 630 1523 infra
656 1493 847 1531 premissum
876 1497 999 1530 tempus
1025 1491 1226 1529 negligerent

214 1548 404 1587 adimplere,
423 1548 520 1577 iidem
537 1546 797 1583 archidiaconus,
815 1550 926 1576 cantor
945 1549 976 1575 et
995 1545 1168 1575 canonicus
1188 1554 1224 1575 ex

216 1608 291 1633 tunc
312 1603 345 1632 in
368 1610 461 1632 cause
483 1602 550 1639 ipsa
567 1600 788 1639 procederent,
805 1600 897 1637 juxta
914 1598 1063 1628 traditam
1078 1598 1145 1628 illis
1160 1599 1226 1629 for-

215 1665 313 1686 mam.
324 1655 445 1684 Verum
460 1654 645 1684 nominatus
660 1652 1126 1691 archiepiscopus,confingens
1142 1653 1226 1692 quod

215 1710 357 1740 decanus
371 1713 402 1739 et
415 1708 487 1738 Gilo
505 1708 617 1746 prefati
635 1707 721 1737 infra
739 1706 916 1745 predictum
936 1711 1060 1745 tempus
1077 1706 1113 1735 in
1130 1715 1226 1736 causa

218 1765 286 1803 ipsa
301 1763 470 1802 procedere
487 1771 552 1792 non
567 1765 729 1798 curarant,
747 1761 927 1790 nominatos
944 1761 1103 1791 decanum
1120 1766 1150 1791 et
1171 1771 1224 1791 ca-

219 1817 356 1857 pitulum
375 1816 669 1847 SanctiAudomari
686 1815 759 1845 fecit
774 1824 868 1853 super
881 1815 940 1845 hoc
956 1824 1061 1845 coram
1077 1815 1226 1854 predictis

221 1871 463 1907 archidiacono,
478 1874 606 1899 cantore
622 1874 653 1899 et
668 1868 820 1899 canonico
840 1868 879 1898 ad
906 1869 1064 1908 judicium
1084 1869 1224 1907 evocari,

217 1924 319 1963 quiin
331 1931 426 1953 causa
438 1923 505 1961 ipsa
521 1923 753 1952 commiserunt
768 1921 856 1952 vobis
872 1922 1073 1960 postmodum
1090 1922 1227 1953 totaliter

218 1977 304 2007 vices
322 1985 406 2006 suas.
426 1976 531 2012 Quare
548 1975 625 2005 dicti
645 1976 784 2005 decanus
804 1980 834 2005 et
851 1975 1027 2014 capitulum
1050 1977 1141 2006 nobis
1164 1977 1226 2007 hu-

218 2030 338 2060 militer
363 2029 583 2068 supplicarunt
601 2034 648 2065 ut,
668 2038 760 2066 cum,
779 2033 912 2068 utraque
931 2035 1018 2068 parte
1034 2034 1098 2060 tam
1120 2039 1226 2061 coram

218 2083 347 2123 prefatis
368 2082 609 2118 archidiacono,
626 2087 755 2112 cantore
774 2088 803 2112 et
818 2083 987 2120 canonico,
1006 2092 1103 2122 quam
1118 2092 1225 2114 coram

218 2137 305 2167 vobis
323 2141 353 2167 et
371 2136 444 2166 aliis
464 2135 627 2175 judicibus
652 2136 809 2175 deputatis
828 2145 882 2175 per
899 2136 1020 2167 litteras
1039 2137 1122 2167 sedis
1139 2139 1225 2177 ejus-

218 2191 291 2221 dem
319 2199 414 2229 super
439 2189 497 2219 hoc
522 2189 642 2219 diutius
667 2189 832 2227 litigante,
856 2200 950 2220 causa
975 2191 1062 2230 ipsa,
1086 2201 1148 2230 que
1173 2201 1227 2231 per

217 2243 401 2283 quindecim
411 2252 514 2273 annos
531 2248 561 2273 et
574 2242 790 2282 ampliusjam
803 2243 941 2281 duravit,
956 2250 987 2274 et
1000 2244 1106 2275 adhuc
1119 2254 1226 2276 coram

218 2296 307 2326 vobis
340 2296 470 2335 pendet,
503 2296 543 2325 sit
573 2295 651 2326 adeo
680 2296 828 2326 intricata
856 2296 941 2336 quod
973 2306 1037 2327 non
1073 2303 1120 2328 est
1157 2308 1227 2338 spes

218 2350 302 2389 quod
320 2350 403 2379 dicta
420 2358 515 2379 causa
535 2353 659 2388 propter
680 2349 740 2380 hoc
757 2350 854 2388 possit
869 2350 902 2379 in
922 2350 1009 2380 brevi
1024 2351 1059 2380 in
1074 2351 1138 2382 illis
1154 2361 1227 2390 par-

221 2403 303 2433 tibus
323 2402 503 2437 terminari,
523 2403 688 2441 providere
703 2403 782 2442 ipsis
797 2403 830 2432 in
848 2403 907 2433 hac
922 2408 1009 2442 parte
1024 2404 1063 2434 de
1078 2405 1227 2443 benigni-

221 2461 281 2486 tate
298 2455 469 2494 apostolica
484 2456 709 2494 dignaremur,
728 2456 880 2486 facientes
896 2457 942 2487 eis
958 2466 1052 2496 super
1069 2458 1128 2488 lioc
1144 2459 1229 2497 apud

219 2510 336 2539 dictam
358 2510 465 2539 sedem
486 2510 647 2549 justitiam
669 2510 824 2540 exhiberi.
842 2511 908 2541 Nos
930 2511 1041 2549 igitur,
1065 2513 1229 2551 cupientes

222 2569 255 2592 ut
278 2563 353 2593 finis
372 2562 483 2593 litibus
505 2564 703 2602 imponatur,
723 2573 759 2593 ac
777 2564 919 2594 volentes
939 2565 1107 2604 utriusque
1131 2567 1228 2604 partis

223 2625 317 2654 super
334 2616 392 2646 hoc
410 2625 536 2655 parcere
552 2616 715 2647 laboribus
729 2622 758 2646 et
774 2619 934 2656 expensis,
953 2618 1141 2649 discretioni
1158 2629 1229 2649 ves-

223 2675 266 2698 tre
291 2679 346 2708 per
367 2670 537 2708 apostolica
559 2670 674 2709 scripta
700 2670 891 2700 mandamus
917 2676 1093 2710 quatenus,
1113 2674 1230 2703 vocatis

221 2722 275 2760 qui
303 2723 420 2753 fuerint
445 2723 616 2760 evocandi,
636 2724 669 2753 in
694 2724 805 2754 eadem
826 2734 936 2762 causa,
956 2727 1078 2756 ratione
1100 2727 1208 2765 previa
1222 2751 1229 2763 ‚

222 2776 424 2813 procedentes
433 2778 443 2815 j
451 2782 522 2807 uxta
532 2777 747 2816 predictarum
757 2778 851 2808 dictis
859 2779 1096 2817 archidiacono,
1105 2780 1229 2810 cantori

223 2833 253 2858 et
267 2829 422 2859 canonico
440 2830 634 2860 directarum
656 2840 752 2870 super
774 2831 834 2862 hoc
856 2832 1090 2864 continentiam
1111 2833 1230 2864 littera-

223 2890 312 2917 rum,
331 2890 400 2911 eam
417 2882 498 2912 iufra
515 2892 567 2913 sex
588 2884 751 2914 mensium
769 2886 908 2924 spatium
925 2894 944 2915 a
957 2887 1137 2925 receptione
1154 2896 1225 2926 pre-

224 2935 360 2963 sentium
377 2937 627 2974 computandum
640 2938 761 2977 judicio
773 2938 834 2977 vel,
845 2939 872 2969 si
885 2939 923 2969 de
936 2941 1075 2979 partium
1085 2943 1229 2980 ipsarum

225 2987 384 3017 voluntate
409 2990 608 3026 processerit,
642 2992 809 3022 concordia
846 2993 1035 3024 terminetis.
1075 2995 1229 3034 Alioquin

223 3049 352 3070 causam
377 3050 479 3080 ipsam
501 3051 535 3071 ex
563 3047 647 3079 tunc,
671 3044 860 3075 instructam
879 3046 926 3076 vel
946 3055 1010 3077 uon
1027 3047 1228 3085 instructam,

1306 423 1474 453 remittatis
1496 422 1535 452 ad
1559 421 1659 461 ipsius
1679 420 1763 451 sedis
1785 428 1936 458 examen,
1954 419 2074 459 prefixo
2089 420 2232 459 partibus
2252 424 2315 452 ter-

1306 477 1394 506 mino
1414 475 1625 514 peremptorio
1643 473 1852 513 competenti,
1870 481 1933 512 quo
1953 481 2026 503 cum
2050 473 2200 504 omnibus
2221 474 2315 512 actis,

1303 529 1430 568 juribus
1441 533 1472 558 et
1482 527 1696 558 munimentis
1705 526 1772 556 suis
1780 526 1898 556 dictam
1907 526 2315 565 causamcontingentihus,

1305 581 1474 621 apostolico
1490 590 1523 611 se
1539 580 1722 619 conspectui
1740 579 2101 618 1-epresentent,tacture
2112 584 2143 609 et
2155 583 2317 618 recepturo

1306 645 1400 674 super
1421 635 1480 665 hoc
1499 633 1583 673 quod
1604 633 1770 663 dictaverit
1789 632 1866 663 ordo
1886 632 1983 671 juris.
2003 632 2096 662 Diem
2114 641 2188 662 vero
2203 632 2315 663 remis-

1306 689 1407 719 sionis
1432 693 1461 718 et
1487 687 1670 726 prefixionis
1694 685 1879 726 hujusmodi
1904 690 1934 715 et
1957 685 2112 724 quicquid
2137 694 2233 724 super
2256 685 2326 718 hoe'

1307 742 1443 772 feceritis
1468 741 1559 771 nobis
1582 749 1636 779 per
1659 743 1778 769 vestras
1798 738 1920 768 litteras
1942 738 2058 768 harum
2079 739 2195 769 seriem
2212 738 2326 770 conti*v
2368 765 2369 769 ,

1307 798 1419 824 nentes
1445 793 1596 824 studeatis
1619 792 1755 822 fideliter
1777 792 1940 822 intimare.
1958 791 2028 821 Dat.
2048 791 2165 829 Reate,
2182 798 2236 821 xm
2257 791 2317 822 ka·-

1305 847 1416 878 lendas
1431 847 1574 886 angusti,
1593 854 1678 876 anno
1693 845 1844 876 secundo.
1871 857 1884 872 »

1383 1020 1403 1048 Ι
1417 1021 1500 1050 12⁸2
1920 1017 2009 1051 Rieti,
2027 1017 2042 1044 5
2055 1017 2151 1052 juillet
2167 1016 2245 1045 1289.
2270 993 2274 997 -

1343 1082 1472 1109 Licentia
1501 1081 1641 1109 alienandi
1672 1081 1745 1107 bona
1775 1080 1942 1106 monasterii
1972 1067 2072 1107 Sancti
2099 1079 2221 1106 Antonii
2244 1077 2327 1106 Ter-'

1308 1131 1418 1159 celiani.
1436 1131 1517 1166 (Rae.
1536 1131 1579 1162 44,
1597 1139 1623 1158 c.
1640 1130 1700 1164 34‘2,
1716 1130 1736 1157 f.
1756 1130 1804 1157 179
1819 1131 1870 1161 vo.)

1349 1235 1469 1264 Dilectis
1493 1234 1568 1272 filiis
1586 1256 1606 1263 ..
1624 1234 1840 1263 archidiacono
1863 1232 2033 1262 Gastetlano
2051 1236 2078 1261 et
2099 1254 2120 1262 ..
2139 1230 2317 1269 primicerio

1308 1289 1424 1318 ecclesie
1439 1288 1544 1317 Sancti
1557 1287 1652 1317 Marci
1671 1287 1704 1316 de
1726 1286 1850 1316 Venetiis
1865 1310 1871 1323 ,
1889 1286 2057 1315 Caseetlane
2077 1285 2211 1320 diocesis,
2231 1291 2324 1319 mans

1310 1341 1364 1371 dat
1378 1331 1536 1380 quatenus
1551 1340 1722 1379 inquirant
1744 1340 1782 1370 de
1804 1339 1940 1369 utilitate
1965 1338 2088 1377 negotii
2107 1346 2169 1376 quo
2186 1361 2206 1367 ..
2222 1331 2321 1368 abba-⁴

1310 1395 1386 1425 tissa
1401 1399 1431 1425 et
1447 1398 1624 1424 conventus
1639 1393 1825 1424 monasterii
1843 1392 1951 1423 Sancti
1971 1391 2104 1422 Antonii
2121 1389 2318 1429 Tercellani,

1308 1448 1433 1479 ordinis
1449 1448 1480 1478 S.
1499 1447 1677 1484 Benedicti,
1693 1447 1733 1477 ad
1749 1446 1940 1477 solvendum
1954 1444 2121 1485 cujusdam
2138 1448 2239 1474 terrae
2251 1451 2319 1483 pre-

1311 1502 1411 1539 tium,
1432 1500 1574 1531 insulam
1595 1500 1651 1531 SS.
1674 1500 1818 1531 Cornelii
1841 1504 1872 1530 et
1891 1498 2047 1538 Cypriani
2065 1497 2210 1529 Johanni
2233 1497 2330 1538 Dan-v

1308 1555 1399 1592 dolo,
1416 1555 1489 1586 duci
1506 1556 1722 1589 Venetorum,
1741 1553 1966 1584 vendiderunt.

1351 1622 1366 1637 «
1383 1609 1434 1639 Ad
1445 1613 1588 1639 nostram
1601 1608 1841 1638 noveritiS...—
1854 1607 1924 1637 Dat.
1943 1606 2053 1642 Reate,
2066 1615 2101 1636 111
2113 1613 2214 1636 nonas
2223 1603 2331 1645 Julii,3·

1308 1672 1395 1694 anno
1410 1663 1562 1694 secundo.
1583 1674 1596 1689 »

1386 1817 1405 1844 l
1417 1817 1541 1845 las-1
1551 1816 1632 1844 131
1953 1812 2040 1844 Rieti.
2057 1812 2073 1839 2
2085 1812 2153 1838 aout
2169 1810 2246 1839 1289.

1345 1880 1555 1915 Indulgentiae.
1572 1879 1655 1912 (Rea.
1670 1878 1712 1909 44,
1730 1878 1755 1904 c‘.
1768 1876 1829 1910 343,
1845 1877 1865 1903 f.
1884 1876 1934 1903 179
1950 1877 2000 1907 vo.)

2465 1966 2477 2042 2¹3!
2466 1911 2477 1934 Β
2466 1859 2477 1879 0
2467 1796 2477 1826 Q

1352 2008 1357 2013 .
1377 1984 1488 2013 rectori
1503 1988 1528 2012 et
1547 1982 1700 2019 fratribus
1724 1980 1882 2017 hospitalis
1897 1978 2005 2008 Sancte
2019 1978 2114 2007 Marte
2129 1978 2164 2007 dc
2184 1977 2272 2016 Cupis
2285 1976 2319 2007 de

1311 2039 1371 2068 loco
1387 2037 1541 2066 Pontt'roti
1552 2059 1558 2072 ,
1582 2035 1813 2068 Mediolanensis
1831 2033 1965 2062 diocesis.
1987 2031 2230 2070 Indulgentiam
2243 2038 2326 2070 quan,

1310 2091 1460 2129 draginta
1484 2089 1613 2119 dierum
1631 2087 1778 2118 concedit
1794 2086 1945 2117 omnibus
1957 2094 2030 2115 vere
2046 2084 2280 2124 poenitentibus
2288 2086 2326 2114 et.

1309 2144 1464 2175 confessis
1475 2143 1530 2182 qui
1543 2141 1687 2181 ejusdem
1701 2139 1871 2178 hospitalis
1881 2138 2049 2168 ecclesiam
2058 2138 2092 2168 in
2105 2137 2243 2176 singulis
2249 2137 2323 2178 bea-7

1312 2201 1359 2228 tae
1381 2196 1502 2226 Mariae
1519 2193 1744 2225 festivitatibus
1760 2196 1790 2223 et
1806 2200 1906 2231 usque
1928 2191 1967 2221 ad
1982 2195 2050 2221 octo
2065 2191 2132 2221 dies
2147 2193 2317 2230 sequentes

1309 2249 1522 2281 visitaverint.

1352 2317 1366 2332 α
1385 2304 1458 2334 Vite
1470 2302 1654 2342 perempnis
1669 2300 1808 2339 gloria...
1827 2316 1864 2322 -
1877 2299 1947 2329 Dat.
1965 2298 2075 2336 Reate,
2093 2307 2139 2328 nn
2150 2305 2252 2328 nonas
2265 2305 2327 2328 au·-

1311 2358 1413 2397 gusti,
1429 2365 1516 2388 anno
1532 2355 1683 2386 secundo.
1704 2366 1718 2381 n

1895 2406 1994 2441 Rieti,
2011 2406 2044 2434 15
2058 2405 2154 2441 Juiuet
2170 2404 2247 2433 1289.

1351 2476 1390 2506 In
1406 2484 1434 2504 e.
1452 2483 1495 2504 m.
1514 2496 1533 2503 ..
1551 2471 1655 2502 abbati
1671 2475 1701 2501 et
1711 2469 1850 2509 capitulo
1861 2469 2032 2499 saecularis
2044 2468 2197 2499 ecclesiae
2211 2467 2295 2499 Sanc

1309 2527 1470 2560 Johannis
1489 2526 1528 2557 de
1546 2525 1651 2562 Pileo,
1675 2524 1868 2562 Anagninae
1885 2522 2052 2553 dioecesis.
2077 2511 2326 2560 Indulgentiams

1311 2586 1440 2613 centum
1451 2580 1578 2610 dierum
1594 2577 1738 2608 coneedit
1751 2577 1795 2607 eis
1811 2576 1868 2616 qui
1877 2575 2033 2615 capellam
2044 2575 2180 2606 Sanctae
2190 2574 2335 2615 Luciae„

1311 2635 1462 2666 ecclesiae
1481 2633 1589 2663 Sancti
1604 2632 1621 2661 J
1625 2630 1764 2661 ohannis
1781 2630 1821 2660 de
1835 2629 1925 2659 Pileo
1938 2629 2127 2668 subjectam,
2143 2629 2178 2658 in
2192 2630 2326 2662 sanctae,

1312 2689 1428 2719 Luciae
1447 2685 1679 2721 festivitatibus,
1698 2692 1798 2723 usque
1814 2683 1854 2713 ad
1869 2687 1941 2713 octo
1960 2682 2030 2712 dies
2044 2685 2226 2721 sequentes,
2241 2685 2273 2712 et
2284 2681 2323 2713 in:

1311 2743 1363 2772 die
1391 2738 1640 2771 consecrationis
1659 2736 1804 2775 ejusdem
1827 2735 1971 2775 capellae
2001 2735 2213 2766 visitaverint.
2244 2734 2316 2766 Dat.

1311 2797 1421 2831 Reate,
1438 2793 1543 2824 idibus
1555 2791 1643 2831 julii,
1663 2799 1750 2821 anno
1766 2789 1918 2821 secundo.
1939 2789 1999 2828 (En
2016 2788 2147 2828 marqe.)

1919 2869 2010 2902 meti,
2030 2870 2069 2897 1nr
2085 2870 2154 2897 aont
2170 2869 2247 2898 1289.

1352 2939 1391 2969 In
1422 2947 1449 2968 e.
1482 2946 1526 2966 m.
1560 2934 1721 2966 universis
1750 2936 1932 2973 praesentes
1959 2932 2082 2963 litteras
2110 2930 2313 2972 inspecturis.

1313 2991 1456 3022 Eandem
1472 2988 1617 3020 concedit
1632 2987 1869 3026 indulgentiam
1886 2986 1932 3016 eis
1948 2985 2004 3024 qui
2019 2984 2186 3016 ecclesiam
2207 2981 2317 3016 Sancti
2378 3015 2381 3018 Α

1313 3043 1432 3084 Angeli
1446 3042 1486 3074 de
1502 3042 1606 3082 spada
1623 3040 1859 3072 Viterbiensem
1870 3063 1878 3078 ,
1897 3038 1932 3068 in
1949 3038 2050 3069 sancti
2065 3037 2182 3078 Angeli
2197 3035 2335 3081 festivi-'12
