2477 3637
260 389 297 420 36
1009 383 1244 414 REGISTRES
1266 384 1320 414 DE
1342 382 1526 413 NICOLAS
1549 383 1605 413 IV.

798 451 890 484 Rieu,
907 451 922 477 5
937 450 1100 485 septembre
1116 449 1192 478 1288.

299 519 338 549 In
357 527 385 549 e.
407 526 451 547 m.
471 516 648 550 Gualterio,
667 518 741 545 nato
755 514 919 554 quondam
934 512 1091 544 Gualterii
1109 514 1206 551 Petri,
1227 514 1265 544 de

262 573 415 607 Laureto,
439 570 535 606 laico,
553 568 735 599 Pennensis
753 567 918 598 dioecesis.
944 567 1016 596 Dat.
1034 567 1132 598 Reate
1144 590 1153 605 ,
1170 567 1265 597 nonis

260 625 464 665 septembris,
481 631 567 653 anno
583 623 695 661 primo.

299 679 338 709 Iu
357 688 384 708 e.
405 687 448 707 m.
471 676 588 706 Jacobo
613 675 758 705 Silvestri
782 675 820 705 de
841 674 1004 712 Anagnia,
1021 674 1136 704 clerico
1156 674 1190 703 in
1208 674 1265 703 mi-

260 732 392 763 noribus
407 730 573 761 ordinibus
589 729 772 765 constituto,
782 731 850 767 post
866 728 1164 758 examinationema
1178 727 1264 766 Ray-

260 784 381 815 mundo
389 784 426 814 de
438 784 537 813 Ponte
552 787 582 812 et
597 781 746 812 Nicolino
757 781 796 812 de
807 780 955 819 Camilla,
966 781 1139 820 capellanis
1154 788 1264 820 papae,

260 838 384 868 factam.
406 837 474 866 Dat.
499 840 652 874 utsupra.

781 915 873 949 Rieti,
892 916 922 941 17
940 914 1102 949 septembre
1117 913 1193 940 1288.

300 982 337 1011 In
361 990 388 1010 e.
409 989 451 1010 m.
480 979 674 1016 Lansranco,
698 978 803 1008 abbati
823 978 862 1008 de
889 978 1008 1013 Scano,
1036 977 1074 1006 de
1096 977 1263 1014 Pergamo,

259 1035 373 1065 clerico
390 1034 424 1063 in
450 1033 630 1063 minoribus
653 1032 820 1062 ordinibus
838 1033 1028 1067 constituto,
1054 1035 1122 1069 post
1141 1029 1263 1060 exami-

260 1088 422 1118 nationem
433 1096 452 1116 a
471 1086 665 1124 Raymundo
682 1085 721 1115 de
737 1086 848 1121 Ponte,
862 1085 982 1115 decano
999 1082 1263 1122 Compostellano,

259 1145 289 1170 et
314 1139 462 1170 Nicolino
489 1138 527 1169 de
555 1138 710 1175 Camilla,
728 1138 881 1168 canonico
907 1137 1138 1173 Ambianensi,
1159 1135 1263 1174 capel-

260 1193 342 1224 lanis
365 1201 475 1232 papae,
495 1192 620 1222 factam.
646 1192 716 1222 Dat.
740 1192 849 1227 Reate,
875 1200 914 1220 xv
940 1190 1093 1220 kalendas
1113 1190 1262 1226 octobriS‚
1295 1197 1298 1207 ¹

259 1255 344 1277 anno
360 1247 461 1285 primo
473 1245 530 1285 (1).

329 1442 416 1470 234
878 1438 968 1469 Rieti,
986 1438 1020 1465 22
1033 1439 1098 1473 juin
1116 1438 1193 1465 1288.

294 1504 336 1531 De
347 1503 519 1539 quibusdam
538 1503 702 1530 monasterii
717 1501 747 1529 S.
764 1502 844 1529 Pauli
860 1501 894 1528 de
910 1501 984 1537 Ripa
999 1502 1072 1528 Arni
1088 1501 1184 1528 Pisani
1201 1509 1266 1535 pos-

258 1555 438 1581 sessionibus
453 1552 622 1579 alienandis.
639 1551 723 1585 (Reo.
742 1552 784 1581 44.
801 1559 826 1578 c.
846 1552 905 1582 119,
922 1551 941 1578 1'.
956 1551 990 1578 29
1004 1552 1052 1583 ro.)

301 1681 318 1686 ..
346 1657 446 1685 abbati
468 1655 645 1685 monasterii
667 1655 772 1684 Sancti
797 1655 888 1684 Pauli
911 1656 946 1684 de
962 1655 1038 1693 Ripa
1059 1656 1137 1685 Arni
1159 1655 1266 1685 Pssanz'

257 1710 387 1740 mandat
413 1714 570 1749 quatenns
600 1709 742 1747 inquirat
767 1708 806 1738 de
836 1709 1070 1747 opportunitate
1104 1709 1266 1747 petitionis

258 1772 320 1802 qua
343 1764 496 1801 magister
521 1767 551 1792 et
573 1762 685 1792 fratres
712 1761 877 1801 hospitalis
899 1763 972 1792 novi
996 1762 1135 1802 Spiritus
1158 1762 1266 1793 Sancti

257 1817 296 1846 de
319 1816 537 1846 Misericordia
564 1816 686 1853 Pisani,
705 1815 790 1854 quod
806 1815 911 1854 Papae
934 1815 1110 1845 Alexandri
1126 1816 1265 1855 vulgari·

258 1874 305 1899 ter
329 1873 551 1907 nuncupatur,
583 1868 623 1898 ad
654 1877 820 1898 romanam
848 1868 1014 1898 ecclesiam
1044 1869 1134 1900 nullo
1160 1870 1267 1900 medio

258 1923 465 1961 pertinentis,
482 1922 605 1951 ordinis
621 1921 730 1952 Sancti
746 1922 938 1959 Augustini,
956 1927 1089 1961 poscunt
1103 1922 1266 1953 licentiam

257 1976 404 2006 mutandi
422 1976 472 2006 vel
489 1975 650 2005 vendendi
671 1975 826 2014 quasdam
842 1975 954 2005 domos
977 1980 1008 2005 et
1033 1966 1265 2015 possessiones,

258 2038 336 2067 quas
350 2029 385 2058 in
401 2029 527 2059 civitate
546 2034 576 2059 et
590 2029 736 2058 districtu
753 2029 869 2058 Pisano
885 2029 1044 2059 obtinent.

299 2094 311 2109 α
331 2082 376 2111 Ex
398 2086 483 2120 parte
505 2081 650 2112 dilecti...
671 2098 710 2103 -
728 2082 799 2111 Dat.
826 2082 941 2118 Reate,
968 2091 986 2111 x
1010 2081 1161 2112 kalendas
1179 2083 1265 2122 julii,

258 2144 343 2165 anno
357 2135 468 2174 primo.
487 2147 500 2162 n

330 2327 417 2355 235
880 2329 970 2363 Rieti,
985 2330 1018 2356 ‘37
1033 2330 1101 2357 δοίη
1118 2329 1195 2358 1‘288.

298 2389 482 2425 privilegium
504 2392 677 2418 monasterio
698 2391 732 2417 de
755 2391 898 2418 Evesbam
914 2401 1097 2419 concessum.
1119 2393 1202 2426 (Rae.
1220 2394 1267 2425 44,

260 2447 284 2465 e.
304 2439 364 2472 120,
382 2439 400 2465 f.
419 2439 514 2471 2912)

307 2542 530 2571 l'enerabilz'bus
556 2541 701 2578 fratribus
736 2543 968 2581 archiepiscopis
1002 2549 1028 2573 et
1053 2546 1197 2582 episcopis
1217 2554 1269 2583 per

260 2596 401 2632 Anyliam
422 2596 595 2625 constitutis
614 2595 745 2625 mandat
761 2600 918 2635 quatenus
931 2597 1036 2626 abbati
1050 2601 1081 2627 et
1098 2599 1268 2628 conventui

260 2649 447 2678 monasterii
463 2648 501 2678 de
514 2649 672 2679 Evesham
684 2650 895 2680 ecclesiastica
907 2655 1116 2687 sacramenta,
1131 2660 1205 2681 cum
1219 2660 1269 2681 re-

260 2701 370 2740 quisiti
391 2702 524 2739 suerint,
548 2702 729 2732 exhibeant.
747 2720 785 2724 ——
805 2715 818 2730 «ε
836 2703 917 2733 Cum
933 2703 1042 2734 dilecti
1058 2704 1117 2734 filii
1134 2727 1155 2734 ..
1173 2705 1270 2735 abbas

261 2760 291 2784 et
315 2760 490 2785 conventus
516 2757 703 2786 monasterii
729 2756 768 2786 de
785 2757 961 2794 Evesham,
986 2757 1070 2796 quod
1092 2759 1270 2797 specialiter

261 2808 390 2838 ecclesie
419 2818 551 2839 romane
570 2810 654 2849 juris
680 2811 806 2847 existit,
835 2819 871 2841 ex
899 2811 1067 2850 privilegio
1091 2813 1159 2851 ejus
1185 2812 1268 2842 obti-

261 2866 359 2890 neant
375 2862 502 2900 speciali
526 2867 560 2892 ut
585 2862 680 2893 liceat
705 2863 750 2893 eis
773 2872 828 2903 pro
851 2864 1073 2895 benedictione
1098 2865 1220 2896 abbatis
1239 2871 1270 2896 et

261 2914 333 2944 aliis
354 2914 574 2945 ecclesiasticis
601 2917 809 2947 sacramentis
834 2927 1072 2958 quemcumque
1096 2918 1270 2949 maluerint

292 3062 327 3091 tl)
339 3060 373 3086 Ce
388 3062 492 3085 dernier
503 3062 534 3086 In
546 3069 567 3086 e.
584 3069 618 3086 m.
632 3065 671 3087 est
684 3064 748 3088 ecrit
763 3071 794 3088 en
810 3071 906 3096 marge.

1348 448 1437 479 adire
1454 449 1632 479 antistitem
1646 449 1781 488 gratiani
1801 450 1971 489 apostolice
1986 452 2070 482 sedis
2086 452 2269 490 habentem,
2285 452 2356 490 qui-

1348 501 1422 531 dam
1438 506 1580 532 vestrum
1600 511 1636 532 ea
1652 502 1730 541 ipsis
1745 502 1932 541 impendere
1948 503 2108 542 denegant
2124 504 2291 535 humiliter
2304 513 2356 535 re-

1349 555 1496 593 quisiti...
1517 566 1530 582 ι

1390 622 1401 636 u
1421 609 1465 640 Ut
1479 609 1655 640 devotionis
1670 610 1854 641 affectum...
1874 628 1912 633 —
1928 612 2000 643 Dat.
2024 613 2132 652 Reate,
2149 623 2182 644 vi
2203 613 2357 644 kalendas

1349 663 1548 702 septembris,
1566 672 1651 694 anno
1666 664 1780 702 primo.
1802 676 1815 690 n

1420 877 1508 905 236
1555 864 1558 866 ’
1966 879 2057 912 Rieti,
2073 880 2106 908 27
2123 882 2190 909 nom
2206 881 2285 909 1288.

1386 938 1442 965 Pro
1458 939 1625 967 liberatione
1647 940 1790 968 Johannis
1810 941 1844 968 de
1865 941 1960 973 Luco,
1978 942 2109 970 canonici
2129 942 2355 975 Londoniensis,

1350 988 1378 1014 in
1395 996 1510 1015 carcere
1526 988 1644 1016 detenti.
1669 989 1751 1020 (Rau.
1767 991 1810 1022 44,
1827 999 1853 1017 c.
1873 990 1934 1024 121,
1951 991 1969 1018 s.
1988 991 2023 1018 29
2040 993 2088 1024 νο.)

1391 1091 1553 1120 Carissimo
1573 1093 1606 1121 in
1623 1092 1740 1122 Christo
1763 1092 1826 1130 filio
1843 1094 1994 1129 Eduardo,
2012 1095 2077 1132 reyi
2101 1095 2208 1132 Anqlie
2231 1094 2355 1124 illustri.

1350 1144 1400 1174 Ab
1427 1153 1463 1175 eo
1491 1145 1567 1184 petit
1586 1144 1808 1176 liberationem
1829 1146 1990 1177 Johannis
2019 1147 2059 1178 de
2089 1147 2186 1184 Luco,
2211 1147 2359 1179 canonici

1350 1197 1604 1235 Londoniensis,
1629 1199 1685 1237 qui
1709 1199 1742 1228 in
1766 1203 1851 1230 turre
1876 1201 2095 1231 Londoniensi
2120 1201 2292 1232 detinetur.
2319 1217 2360 1224 —

1351 1251 1512 1281 Honorius
1531 1260 1609 1290 papa
1627 1251 1693 1282 1111
1712 1253 1934 1283 canonicatum
1951 1258 1981 1283 et
1996 1253 2212 1292 praebendam
2231 1258 2308 1285 tunc
2323 1254 2360 1284 in

1350 1304 1483 1334 ecclesia
1506 1304 1687 1341 Suellensi,
1716 1306 1922 1336 Eboracensis
1946 1307 2118 1344 dioecesis,
2145 1296 2202 1347 per
2224 1307 2360 1338 liberam

1350 1358 1601 1396 resignationem
1614 1358 1753 1396 Cinthii,
1763 1359 1906 1399 Capuani
1920 1361 2151 1400 archiepiscopi
2166 1365 2242 1391 tuno
2256 1360 2359 1398 electi,

1350 1412 1512 1451 quondam
1527 1413 1675 1443 canonici
1688 1413 1833 1452 ejusdem
1849 1414 2011 1452 ecclesiae,
2023 1420 2184 1452 vacantes,
2201 1414 2361 1446 Rollando

1351 1465 1389 1495 de
1407 1466 1597 1501 Ferentino,
1616 1466 1780 1505 capellano
1796 1476 1853 1497 suo
1865 1490 1874 1504 ‚
1890 1476 1964 1498 cum
1981 1467 2181 1507 plenitudine
2202 1468 2285 1507 juris
2306 1476 2360 1499 ca-

1351 1518 1460 1547 nonici
1490 1527 1526 1548 ac
1551 1519 1701 1548 omnibus
1725 1519 1854 1557 juribus
1881 1523 1911 1549 et
1940 1520 2142 1558 pertinentiis
2175 1521 2362 1551 auctoritate

1350 1571 1519 1610 apostolica
1535 1572 1681 1607 contulit,
1698 1581 1734 1602 ac
1752 1572 1953 1602 Bernardum
1971 1573 2010 1603 de
2027 1573 2234 1611 Carcassona,
2253 1574 2360 1614 capel-

1350 1624 1462 1655 lanum
1475 1634 1582 1661 sunm,
1597 1625 1636 1655 de
1646 1626 1724 1664 ipsis
1737 1626 1882 1665 ejusdem
1893 1625 2044 1656 Rollandi
2054 1627 2187 1658 nomine
2198 1636 2360 1666 persuum

1349 1679 1509 1709 annulum
1540 1679 1791 1717 praesentialiter
1813 1680 1996 1717 investivit,
2023 1680 2174 1711 Johanne
2195 1680 2236 1711 de
2258 1681 2359 1717 Luco,

1350 1733 1504 1763 canonico
1521 1733 1755 1770 Londoniensi,
1774 1737 1940 1764 executore
1965 1743 2060 1772 super
2079 1733 2138 1764 hoc
2156 1733 2260 1764 eidem
2282 1733 2360 1764 Rol-

1350 1786 1446 1816 lando
1459 1787 1616 1825 deputato.
1632 1786 1723 1816 Idem
1739 1787 1838 1825 igitur
1851 1787 2018 1817 Jobannes
2030 1791 2266 1826 procuratorem
2281 1786 2359 1818 dicti

1351 1840 1501 1871 Rollandi
1516 1840 1549 1869 in
1567 1840 1752 1870 eorumdem
1769 1829 1974 1870 canonicatus
1988 1844 2018 1870 et
2031 1840 2232 1878 praebendae
2247 1848 2359 1879 corpo-

1351 1893 1450 1924 ralem
1463 1893 1694 1932 possessionem
1705 1893 1850 1930 induxit3
1865 1897 1904 1929 et,
1918 1893 1993 1932 quia
2004 1893 2156 1931 magister
2168 1893 2311 1924 Bonetus
2321 1893 2361 1924 de

1351 1948 1466 1978 Sancto
1482 1946 1648 1982 Quintino,
1669 1947 1735 1984 qui,
1754 1955 1808 1984 pro
1823 1947 1976 1977 canonico
1996 1947 2140 1985 ejusdem
2158 1946 2309 1978 eeclesiae
2325 1955 2359 1977 se

1351 2008 1475 2038 gerens,
1487 1999 1619 2029 eandem
1633 1999 1847 2037 praebendam
1859 1999 1979 2029 detinet
1990 2003 2187 2038 occupatam,
2197 2003 2228 2030 et
2238 1999 2360 2039 capitu-

1350 2053 1418 2084 lum
1434 2058 1464 2083 et
1481 2053 1648 2091 praecipue
1663 2052 1797 2091 quidam
1813 2060 1849 2082 ex
1866 2052 2029 2083 canonicis
2044 2052 2190 2091 ejusdem
2209 2052 2361 2084 ecclesiae

1351 2116 1383 2137 se
1415 2115 1509 2145 snper
1534 2106 1593 2136 boc
1621 2110 1739 2136 temere
1763 2107 1976 2145 opponebant,
2008 2107 2111 2137 dictus
2134 2107 2302 2137 Johannes
2325 2107 2361 2137 in

1351 2161 1478 2191 eosdem
1499 2160 1658 2190 Bonetum
1674 2163 1705 2190 et
1721 2160 1891 2190 canonicos
1916 2160 2256 2191 excommunicationis
2279 2161 2360 2191 etin

1351 2213 1526 2252 capitulum
1539 2218 1569 2243 et
1583 2213 1750 2243 ecclesiam
1762 2213 1922 2243 interdicti
1940 2214 2115 2243 sententias
2133 2213 2357 2253 promulgavit.

1351 2267 1456 2303 Quare
1481 2267 1613 2306 quidam
1640 2266 1865 2297 ministeriales
1895 2267 1979 2305 regis
2006 2266 2146 2297 eundem
2171 2267 2359 2298 Johaunem

1352 2321 1422 2360 capi
1442 2321 1586 2351 fecerunt
1603 2325 1633 2350 et
1647 2319 1798 2350 carcerali
1815 2320 1976 2350 custodiae
1992 2320 2149 2359 deputari.

1395 2387 1408 2401 α
1429 2375 1484 2404 Est
1501 2374 1539 2404 de
1555 2373 1783 2404 celsitudine...
1804 2391 1840 2395 —
1857 2374 1928 2404 Dat.
1946 2374 2055 2411 Reate,
2075 2384 2107 2404 vr
2121 2373 2276 2414 kalendas
2288 2383 2358 2414 sep-

1354 2427 1496 2463 tembris,
1514 2435 1599 2458 anno
1610 2427 1724 2466 primo.
1744 2439 1756 2453 n

1426 2628 1510 2657 23³2
1968 2626 2060 2660 Rieti,
2080 2626 2110 2654 18
2126 2628 2194 2654 aout
2209 2626 2288 2655 ¹288.

1393 2690 1519 2717 Venetos
1543 2689 1577 2715 ad
1608 2696 1707 2724 pacem
1732 2696 1798 2714 cum
1824 2688 1986 2722 patriarcba
2006 2688 2197 2723 Aquilegensi
2219 2689 2359 2716 hortatur.

1353 2740 1436 2773 (Rea.
1455 2740 1498 2771 44,
1515 2747 1540 2766 c.
1560 2738 1619 2770 122,
1637 2738 1656 2764 f.
1673 2738 1708 2765 ‘29
1724 2745 1769 2770 νος
1788 2736 1903 2769 ΡοττἨ.,
1920 2737 2031 2771 22778.)

1393 2844 1500 2873 Dilecto
1523 2842 1587 2879 silio
1608 2842 1703 2871 nobili
1725 2842 1791 2870 viro
1810 2863 1827 2870 ..
1851 2840 1921 2871 duci
1945 2846 1970 2871 et
1991 2842 2147 2871 communi
2171 2841 2359 2871 Venetorum.

1354 2908 1367 2923 a
1392 2896 1494 2926 Habet
1517 2895 1633 2925 nostris
1652 2895 1783 2925 auribus
1805 2894 1964 2925 inculcata
1984 2893 2096 2924 relatio
2116 2893 2201 2933 quod
2222 2902 2298 2932 vos,
2321 2893 2361 2925 ad

1351 2949 1592 2988 occupationem
1612 2948 1770 2978 bonorum
1792 2952 1822 2978 et
1837 2948 1961 2987 jurium
1981 2946 2210 2986 Aquilegensis
2230 2946 2362 2978 ecclesie

1351 3011 1467 3033 manus
1485 3002 1593 3032 avidas
1611 3001 1833 3038 extendentes,
1853 3000 2060 3031 Parentinam
2073 3023 2080 3037 ,
2097 2999 2313 3031 Emonensem
2331 3003 2362 3031 et

1350 3055 1654 3094 Justinopolitanam
1681 3055 1841 3091 civitates,
1865 3062 1902 3084 ac
1924 3053 1957 3084 S.
1982 3053 2147 3084 Laurentii
2165 3053 2312 3084 Montoni
2331 3057 2361 3084 et

2463 2333 2477 2487 ⁶-½>„—L-.
2468 2275 2477 2309 ,υ
2475 2246 2477 2249 .
