2342 3652
934 370 1159 410 DEUXIEME
1182 380 1336 409 ANNEE.
2121 385 2175 415 283

657 445 742 478 Rieti,
763 446 798 471 μ’
812 446 927 471 octobre
945 446 1022 472 1289.

130 511 167 540 In
184 518 210 539 e.
229 517 271 538 m.
291 507 530 545 Indulgentiam
543 511 671 536 centum
684 506 809 536 dierum
825 507 969 536 concedit
982 508 1027 537 eis
1040 508 1095 546 qui

92 562 243 602 capellam
272 560 388 590 Beatae
416 559 623 597 Radegundis
649 559 687 588 de
716 559 856 598 Cuzayo,
884 560 1095 590 Bituricensis

91 615 243 648 dioecesis
258 639 263 649 ,
282 615 314 643 in
337 613 559 643 festivitatibus
576 612 685 641 beatae
703 612 822 641 Mariae
840 617 869 642 et
884 618 1010 642 sanctae
1033 614 1095 643 Ra-

90 669 245 708 degnndis
277 666 487 696 visitaverint.
517 666 587 695 Dat.
623 666 736 701 Reate,
761 665 906 695 kalendis
934 667 1093 701 octobris,

91 731 175 754 anno
189 721 339 752 secundo.
356 719 463 758 (Ibid.)

612 771 699 804 Rieti,
721 771 749 798 13
765 772 928 806 septembre
945 772 1022 799 ¹1289.

132 839 167 867 ln
183 846 212 867 e.
229 845 270 866 m.
287 835 526 873 Indulgentiam
541 839 669 864 centum
684 834 809 864 dierum
824 834 970 863 concedit
981 835 1026 863 eis
1040 835 1094 873 qui

91 891 253 922 ecclesiam
272 890 388 919 Beatae
414 889 532 918 Mariae
552 885 760 926 Magdalen'ae
787 887 1040 923 Virdunensem,
1060 888 1094 916 in

88 944 256 976 festivitate
273 943 414 981 ejusdem
431 947 569 972 sanctae.
583 951 637 980 per
653 945 722 971 octo
738 941 806 970 dies
822 945 1002 979 sequentes,
1017 941 1094 970 etin

92 996 310 1028 anniversario
325 996 376 1025 die
399 995 609 1025 dedicationis
632 995 774 1034 ejusdem
794 994 963 1030 ecclesiae,
988 994 1096 1023 visita-

91 1051 164 1082 rint.
199 1050 271 1080 Dat.
308 1050 425 1085 Reate,
459 1049 563 1078 idibus
593 1048 796 1087 septembris,
826 1056 910 1077 anno
942 1047 1093 1077 secundo.

86 1103 192 1145 (ibid.)

160 1293 179 1321 Ι
186 1292 274 1322 4⁶35

124 1355 308 1391 Dispensatio
323 1363 412 1390 super
428 1355 588 1390 pluralitate
602 1354 816 1381 beneficiorum.
836 1354 919 1388 (Rae.
933 1354 1018 1392 44,‚e.
1033 1354 1093 1385 498,

87 1405 108 1433 Ι.
125 1404 174 1432 222
190 1410 234 1437 r⁰;
251 1404 318 1432 Lar.
335 1413 371 1432 nn
386 1405 489 1438 Tam,
506 1404 544 1435 ΙΙ,
562 1404 634 1437 255.)

609 1291 696 1322 Rieti,
719 1292 748 1318 tf>
764 1292 927 1327 septembre
946 1291 1022 1318 1289.

134 1508 299 1537 Venerabili
322 1508 418 1544 fratri
447 1529 466 1536 ..
498 1508 719 1544 archiepiscopo
745 1508 899 1536 Αιιῑεῑιαηο
928 1512 954 1536 ει
979 1508 1096 1536 dilectis

89 1561 162 1600 filiis
180 1583 201 1591 ..
226 1562 377 1599 preposito
393 1562 427 1590 de
449 1562 566 1590 Vianlio
582 1562 616 1590 'in
632 1561 752 1590 ecclesia
768 1562 911 1590 Albiensi.
931 1572 943 1587 ιι
963 1560 1093 1590 Dudum

89 1614 203 1645 dilecto
220 1613 287 1645 filio
309 1614 434 1644 Ysarno
450 1614 489 1644 de
509 1613 624 1644 Sancto
644 1614 744 1644 Paulo
761 1638 767 1650 ,
788 1614 941 1644 canonico
967 1618 997 1643 et
1018 1622 1094 1643 can-

91 1667 218 1699 cellario
232 1668 365 1698 ecclesie
381 1668 561 1698 Tholosane
575 1692 581 1704 ,
599 1667 722 1698 ordinis
739 1668 770 1698 S.
790 1667 966 1705 Augustini
980 1691 986 1702 ,
1004 1676 1094 1698 acce-

85 1722 195 1761 pimus
216 1725 410 1760 exponente,
432 1722 516 1760 quod
538 1721 621 1751 bone
641 1722 796 1752 memorie
820 1722 874 1755 B„
893 1720 1095 1751 Tholosanus

90 1775 270 1814 episcopus,
290 1775 462 1813 diligenter
485 1775 653 1805 attendens
677 1775 760 1813 quod
785 1774 975 1805 cancellaria
995 1775 1096 1813 ipsius

91 1828 221 1859 ecclesie
238 1828 343 1859 nullos
360 1829 503 1859 redditus
521 1837 663 1858 annexos
681 1828 837 1864 babebat,
856 1828 1004 1867 quodque
1021 1837 1094 1858 can-

90 1881 240 1912 cellarius
264 1882 484 1918 Tholosanus,
512 1882 567 1921 qui
594 1887 639 1912 est
662 1891 718 1921 pro
748 1884 905 1921 tempore,
933 1882 972 1912 ad
999 1892 1095 1921 quem

87 1935 268 1975 jurisdictio
293 1936 389 1966 studii
412 1936 584 1966 Tbolosani
610 1936 762 1974 pertinet,
786 1936 870 1965 circa
886 1937 1096 1966 exercendam

87 1990 342 2030 jurisdictionem
363 1990 466 2029 ipsam
494 1995 524 2019 et
549 1990 919 2027 defensionemjurium
942 1990 1095 2029 jurisdic-

91 2043 187 2074 tionis
202 2043 346 2082 ejusdem
370 2052 434 2073 non
453 2043 577 2073 modica
593 2044 701 2073 subire
719 2043 815 2073 habet
829 2052 926 2073 onera
942 2053 1096 2082 expensa-

91 2105 181 2134 rum,
211 2097 336 2136 sibique
366 2086 552 2136 hujusmodi
581 2097 749 2127 occasione
778 2105 834 2135 per
858 2097 1039 2136 episcopum
1068 2102 1098 2127 et

91 2149 283 2189 prepositum
299 2150 513 2185 Tholosanos,
527 2159 563 2180 ac
576 2149 657 2180 alios
672 2150 767 2180 etiam
777 2173 786 2187 ,
801 2150 840 2180 de
852 2150 1016 2180 beneficiis
1032 2151 1097 2180 sive

91 2202 266 2234 redditibus
285 2204 485 2242 provisiones
507 2212 648 2242 congrue
665 2208 902 2234 consueverunt
918 2205 1095 2241 assignari,
1118 2232 1121 2234 ,

93 2260 210 2294 partem
228 2265 318 2286 suam
335 2256 545 2296 episcopalem
563 2262 791 2296 proventuum,
809 2256 848 2286 ab
864 2265 900 2286 eo
915 2257 948 2285 in
965 2256 1099 2287 ecclesia

93 2309 198 2340 Sancti
225 2310 336 2341 Jacobi
361 2311 400 2341 de
426 2310 566 2347 Vilario,
593 2310 772 2340 Tholosane
800 2311 949 2346 diocesis,
977 2311 1098 2350 percipi

93 2362 233 2402 solitam,
251 2364 354 2394 eidem
375 2363 565 2394 cancellario
580 2364 679 2394 libere
693 2364 879 2402 assignavit.
898 2360 1098 2394 Venerabilis

93 2425 218 2456 qnoque
231 2417 328 2447 frater
339 2423 446 2448 noster
463 2418 517 2454 H„
534 2417 734 2448 Tholosanus
746 2418 925 2456 episcopus,
943 2418 1099 2456 quasdam

93 2474 195 2508 partes
212 2476 426 2509 proventuum
443 2476 473 2501 et
488 2471 669 2501 reddituum
688 2479 766 2509 quas
782 2471 866 2500 idem
884 2471 1049 2510 episcopus
1064 2472 1098 2501 in

93 2523 200 2554 Sancti
226 2525 314 2555 Petri
345 2525 384 2555 de
407 2525 591 2562 Cambone,
613 2524 651 2554 de
675 2524 848 2554 Fenolheto
873 2528 903 2554 et
921 2525 958 2554 de
984 2524 1113 2554 Sancto*

94 2577 181 2616 Lupo
211 2577 370 2615 ecclesiis,
402 2578 542 2617 predicte
565 2578 714 2613 diocesis,
741 2577 922 2615 obtinebat,
944 2578 1100 2608 concessit

93 2629 215 2667 eidem,
232 2639 268 2661 ac
282 2631 415 2670 insuper
437 2655 458 2662 ..
481 2632 577 2661 abbas
598 2631 784 2661 monasterii
805 2631 948 2668 Clusini,
975 2631 1098 2660 ordinis

94 2682 127 2714 S.
142 2684 328 2721 Benedicti,
340 2685 517 2724 prioratum
530 2685 638 2715 Sancti
652 2684 740 2714 Petri
753 2684 791 2714 de
806 2684 995 2714 Vernosulis
1009 2709 1014 2720 ,
1032 2693 1098 2723 pre-

92 2735 155 2767 fate
175 2737 326 2775 diocesis,
346 2738 384 2768 ad
403 2738 489 2769 idem
506 2738 738 2769 monasterium
755 2739 978 2777 pertinentem,
996 2738 1096 2774 duxit,

93 2789 132 2820 de
146 2791 198 2821 sui
213 2791 326 2831 prelati
338 2791 478 2830 licentia,
491 2793 595 2823 eidem
609 2792 841 2823 nichilominus
853 2792 1096 2827 conferendum,

42 2843 47 2848 ’
93 2843 243 2884 idemque
269 2845 479 2876 cancellarius
505 2847 680 2885 prioratum
704 2849 733 2875 et
754 2850 857 2884 partes
883 2845 1010 2875 easdem
1043 2854 1098 2884 per

94 2896 210 2928 multos
223 2907 326 2929 annos
344 2900 444 2929 tenuit
459 2904 489 2928 et
505 2899 662 2938 possedit,
679 2904 709 2929 et
731 2898 835 2928 adhuc
858 2899 998 2938 possidet
1016 2899 1097 2937 paci-

96 2950 152 2980 fice
172 2955 203 2981 et
221 2952 348 2990 quiete3
370 2957 495 2991 petente
513 2953 620 2991 itaque
640 2957 814 2982 memorato
830 2952 1019 2982 cancellario
1038 2952 1095 2991 (1),

126 3056 158 3087 (l)
174 3057 221 3081 Ms.
240 3061 276 3082 iit.

1177 454 1248 474 cum
1265 446 1350 484 ipse,
1369 447 1408 476 ob
1425 449 1578 486 premissa
1602 457 1717 485 onera,
1735 453 1765 478 et
1780 450 1873 478 etiam
1888 451 1977 487 juxta
1998 451 2175 480 decentiam

1177 499 1226 527 sui
1245 503 1358 535 status,
1378 509 1450 529 curn
1467 500 1504 530 de
1527 501 1688 531 nobilibus
1709 502 1839 531 illarum
1860 503 1997 541 partium
2018 504 2176 541 originem

1179 552 1321 587 traxerit,
1346 562 1477 590 magnas
1500 564 1651 592 expensas
1677 555 1791 584 habeat
1814 564 1940 585 necesse
1964 556 2086 591 subire,
2115 557 2178 586 sibi

1177 613 1231 643 per
1247 605 1308 635 hoc
1327 615 1344 634 a
1368 607 1457 636 nobis
1474 608 1722 638 misericorditer
1738 609 1908 647 provideri.
1927 610 2029 639 Nos...
2048 610 2176 639 cancel-

1176 657 1308 695 lariam,
1326 660 1500 697 prioratum
1518 666 1547 690 et
1567 666 1667 700 partes
1685 662 1856 700 predictas,
1873 671 1946 691 curn
1964 663 2177 701 omnibusju-

1177 712 1264 741 ribus
1296 717 1325 742 et
1359 714 1559 751 pertinentiis
1589 715 1655 743 suis
1669 738 1675 750 ,
1710 715 1831 751 valeat,
1867 716 2009 754 quandiu
2043 717 2176 752 vixerit,

1176 765 1311 794 insimul
1327 765 1414 795 licite
1430 767 1583 801 retinere,
1603 777 1639 796 ex
1656 772 1739 796 certa
1759 769 1891 797 scientia
1905 769 2054 798 (luximus
2070 769 2178 798 indul-

1177 818 1355 855 gendum...
1392 819 1545 855 Quocirca
1575 820 1761 849 discretioni
1793 826 1894 851 vestre
1925 831 1979 860 per
2010 822 2179 860 apostolica

1177 872 1291 910 scripta
1320 873 1511 902 mandamus
1538 878 1732 911 quatenus...
1765 883 1828 904 non
1855 876 2044 912 permittatis
2073 876 2177 914 ipsum

1177 934 1271 963 super
1288 926 1436 963 predictis
1452 925 1661 960 cancellaria,
1686 927 1826 964 prioratu
1849 932 1877 956 et
1894 928 2034 966 partibus
2050 937 2177 957 eorum-

1177 986 1238 1016 que
1262 978 1390 1015 juribus
1415 984 1444 1007 et
1471 979 1690 1016 pertinentiis,
1713 983 1820 1008 contra
1846 980 2031 1017 hujusmodi
2053 990 2180 1011 conces-

1177 1032 1278 1061 sionis
1293 1036 1398 1061 nostre
1415 1036 1574 1067 tenorem,
1591 1032 1629 1061 ab
1645 1032 1804 1070 aliquibus
1821 1033 1963 1062 indebite
1980 1034 2178 1064 molestari...

1178 1085 1249 1114 Dat,
1269 1086 1380 1119 Reate,
1401 1095 1450 1114 xw
1469 1085 1621 1114 kalendas
1637 1086 1772 1115 octobris
1787 1109 1795 1122 ,
1815 1095 1900 1116 anno
1915 1087 2062 1117 secundo.
2087 1099 2099 1114 »

1253 1230 1368 1258 142ss

1212 1292 1257 1319 Ad
1275 1293 1472 1319 Ruthcnensis
1489 1294 1627 1319 ecclesiae
1645 1294 1902 1321 constructionem.
1916 1295 1997 1326 (Rea.
2015 1295 2058 1328 44,
2075 1303 2100 1321 c,
2120 1296 2180 1327 499,

1176 1343 1196 1369 f.
1213 1342 1264 1368 22?
1281 1348 1323 1375 νος
1342 1342 1408 1369 Lar.
1426 1352 1461 1371 Du
1477 1342 1574 1374 Tnein,
1594 1342 1630 1373 ΙΙ,
1650 1343 1720 1373 ῗ57.)

1691 1231 1783 1263 Rieti,
1801 1231 1833 1258 '26
1847 1232 2010 1266 septembre
2028 1233 2104 1260 1289.

1223 1433 1389 1461 Venerabili
1404 1433 1500 1469 fratri
1517 1454 1537 1461 ..
1562 1433 1693 1469 episcopo
1708 1437 1733 1460 et
1752 1432 1864 1461 dilectis
1882 1433 1957 1469 filiis
1974 1434 2105 1470 capitolo
2121 1433 2180 1462 Ru-

1178 1487 1367 1515 llienensibiis
1395 1485 1532 1521 fructus,
1565 1486 1705 1515 redditus
1732 1490 1762 1514 et
1788 1490 1960 1523 proventus
1986 1486 2080 1524 primi
2103 1486 2181 1515 anni

1176 1540 1323 1570 omnium
1340 1539 1568 1569 beneficiorum
1593 1540 1631 1568 ad
1652 1540 1795 1578 ipsorum
1818 1538 2018 1569 collationem
2045 1543 2074 1568 et
2092 1548 2181 1578 prae-

1177 1594 1389 1623 sentationem
1409 1593 1640 1631 spectantium,
1662 1601 1742 1631 quae
1766 1601 1867 1630 usque
1889 1592 1929 1621 ad
1948 1593 2123 1622 triennium
2146 1593 2179 1622 in

1177 1647 1306 1677 civitate
1322 1651 1352 1676 et
1369 1647 1503 1676 dioeceffi
1521 1646 1726 1676 Ruthenensi
1743 1654 1853 1675 vacare
1869 1646 2050 1683 contigerit,
2068 1655 2179 1676 conce-

1177 1700 1242 1737 dit,
1273 1700 1502 1730 converteudos
1527 1700 1561 1728 in
1592 1700 1742 1729 fabricam
1767 1699 1985 1729 Rutheneusis
2012 1699 2179 1737 ecclesiae,

1177 1763 1258 1793 qnae
1275 1766 1289 1781 «
1308 1754 1399 1793 quasi
1416 1753 1557 1783 totaliter
1572 1753 1702 1787 corruit,
1722 1761 1852 1782 suorum
1864 1753 2020 1791 parietum
2032 1761 2182 1791 compage

1178 1812 1334 1838 nocturno
1371 1812 1509 1846 tempore
1546 1807 1650 1837 subito
1689 1806 1856 1842 dissoluta,
1893 1815 2052 1845 quamque
2090 1815 2182 1844 opere

1177 1866 1363 1900 sumptuoso
1378 1861 1417 1890 de
1433 1870 1514 1891 novo
1530 1866 1714 1891 construere
1730 1861 1928 1899 inceperunt.
1948 1872 1962 1886 »

1219 1927 1232 1941 α
1250 1915 1435 1945 Gaudemus
1454 1915 1487 1943 in
1507 1915 1683 1944 Domino...
1702 1931 1739 1935 -
1760 1914 1828 1943 Dat.
1848 1914 1962 1949 Reate,
1982 1923 2013 1942 w
2030 1913 2182 1943 kalendas

1176 1968 1329 1998 octobris.
1347 1976 1432 1997 anno
1449 1968 1598 1998 secundo.
1620 1980 1632 1993 ιι

1251 2115 1365 2143 142ἵ

1214 2176 1424 2212 Indulgentiae.
1437 2177 1519 2211 (Rae.
1537 2177 1580 2208 44.
1597 2185 1622 2203 c.
1641 2176 1701 2206 500,
1723 2176 1740 2201 f.
1758 2175 1809 2202 222
1830 2182 1876 2207 νη
1896 2175 1961 2201 LAP.
1979 2184 2013 2202 nn
2028 2175 2125 2208 Tum,
2144 2175 2178 2219 ll,

1178 2226 1252 2259 259.)

1689 2113 1773 2144 Ricti,
1793 2113 1826 2139 ‘22
1842 2113 2004 2147 septembre
2021 2113 2095 2140 1289.

1225 2316 1394 2345 Venerabili
1408 2315 1504 2351 fratri
1520 2337 1538 2343 ..
1557 2315 1778 2352 archiepiscopo
1793 2318 1819 2342 ei
1834 2313 1946 2343 dilectis
1959 2314 2034 2350 filiis
2048 2314 2180 2350 capitulo

1179 2370 1412 2400 senonensibus.
1440 2368 1682 2406 Indulgentiam
1712 2367 1809 2397 unius
1834 2366 1914 2396 anni
1936 2370 1966 2395 et
1991 2376 2028 2395 xi,
2054 2366 2179 2395 dierum

1181 2423 1326 2453 concedit
1341 2421 1544 2452 visitantibus
1560 2420 1725 2450 ecclesiam
1741 2420 1975 2455 Senouensem,
1989 2419 2094 2449 Sancti
2107 2418 2178 2448 Ste-

1181 2476 1280 2515 phani
1302 2475 1542 2514 protomartyris
1569 2474 1698 2504 nomine
1726 2473 1933 2511 insignitam,
1954 2474 1987 2502 in
2011 2472 2179 2501 festivitate

1181 2535 1211 2560 et
1226 2530 1258 2559 in
1273 2529 1461 2559 inventione
1473 2528 1574 2567 ipsius
1589 2527 1751 2566 martyris,
1765 2536 1820 2565 per
1833 2531 1901 2556 octo
1913 2527 1981 2556 dies
1997 2529 2177 2564 sequentes,

1181 2584 1258 2613 etin
1274 2582 1496 2612 anniversario
1512 2581 1562 2610 die
1578 2581 1787 2610 dedicationis
1805 2580 1948 2619 ejusdem
1965 2579 2124 2609 ecclesiae.

1222 2648 1234 2664 a
1254 2637 1342 2666 Inter
1359 2644 1448 2665 sacra
1467 2635 1679 2664 certamina...
1700 2650 1737 2656 —
1761 2628 1831 2662 Dat.
1856 2634 1967 2668 Reate,
1990 2641 2008 2661 x
2025 2631 2176 2661 kalendas

1180 2690 1315 2721 octobris
1329 2713 1335 2725 ,
1352 2697 1437 2719 anno
1453 2687 1602 2718 secundo.
1624 2699 1637 2713 »
1822 2684 1828 2688 ⁷

1255 2834 1370 2864 1428
1702 2831 1786 2864 Rieti,
1808 2830 1836 2856 l?
1852 2830 2013 2865 septembre
2032 2829 2108 2857 1289.

1216 2896 1421 2931 Indulgentiae.
1440 2895 1521 2929 (Res.
1540 2895 1582 2925 44,
1599 2902 1624 2920 c.
1643 2894 1704 2924 501,
1721 2893 1739 2919 s.
1756 2893 1807 2919 222
1825 2899 1870 2924 v⁰;
1889 2892 1954 2919 LAP-
1971 2901 2006 2919 nu
2020 2892 2117 2923 Tanta,
2141 2891 2178 2926 11,

1180 2946 1252 2979 ι260.)

1221 3049 1339 3077 Dilectis
1351 3048 1427 3083 liliis
1443 3068 1462 3075 ..
1483 3046 1592 3074 decano
1608 3051 1634 3074 et
1651 3045 1782 3081 capitulo
1804 3045 2049 3074 virdunensibus.
2068 3042 2177 3072 Indul-
