2342 3652
928 363 1181 409 QUATRIEME
1203 361 1360 401 ANNEE.
2137 373 2192 404 653

101 437 262 473 Worfeld,
283 437 535 468 Lichefeldensis
557 438 718 468 dioecesis.
739 439 809 468 Dat.
827 440 910 477 apud
928 440 1106 469 Urbemve-

101 496 210 528 terem,
232 500 265 520 111
285 500 385 521 nonas
404 492 522 529 martii,
543 501 629 522 anno
646 497 767 531 quarto.

171 665 364 694 4520-45
369 665 395 692 Ε
403 666 420 692 Ι

138 726 322 761 Dispensatio
338 735 426 761 super
443 728 602 761 pluralitate
622 727 835 753 beneficiorum.
851 727 933 761 (Rae.
951 728 997 757 46,
1016 736 1040 753 c.
1057 728 1105 758 25,

100 775 120 800 f.
138 775 152 801 5
168 775 219 808 vu.)

688 664 813 695 Orvieto,
832 664 846 691 3
864 672 939 690 mars
958 664 1034 691 1291.

141 877 245 906 Eidem
264 877 384 913 Royero.
409 877 490 907 Cum
514 887 550 908 eo
575 878 737 917 dispensat
758 884 791 908 ut
816 888 917 908 unuin
943 878 1108 908 ecclesias-

103 930 201 960 ticum
221 930 414 960 beneficium
432 932 571 970 recipere
596 937 626 961 et
650 941 720 961 cun]
747 932 877 962 ecclesia
898 941 955 962 sua
971 932 1108 962 retinere

101 983 213 1013 valeat.

144 1048 157 1063 α
178 1037 343 1066 Virtutum
361 1037 477 1066 merita
500 1037 654 1075 quibus..
673 1054 708 1059 —
728 1038 798 1067 Dat.
822 1048 842 1067 v
864 1047 966 1068 nonas
985 1039 1105 1075 martii,

101 1097 189 1119 anno
206 1093 328 1128 quarto.
349 1101 362 1115 ιι

687 1144 817 1178 Owieto,
834 1145 848 1171 5
866 1152 941 1170 mars
960 1144 1035 1171 1291.

140 1206 178 1235 In
194 1214 220 1234 e.
236 1215 280 1235 m.
296 1205 438 1235 Johanni
456 1206 494 1235 de
509 1206 660 1242 Thesord,
675 1208 787 1236 rectori
802 1207 953 1237 ecclesiae
965 1207 1002 1236 de
1021 1208 1110 1237 Wor-

101 1259 176 1294 feld,
195 1259 448 1289 Lichel‘eldensis
465 1259 630 1289 dioecesis.
650 1260 718 1289 Dat.
735 1261 817 1299 apud
834 1261 1106 1296 Urbemveterem,

101 1322 133 1342 111
150 1321 251 1342 nonas
270 1313 387 1348 martii,
405 1321 490 1343 anno
506 1318 628 1351 quarto.

170 1480 289 1509 4522
645 1478 773 1512 Orvieto,
790 1479 823 1505 ‘223
841 1479 942 1505 levrier
960 1478 1035 1505 1291.

137 1542 330 1576 Indulgentia.
347 1541 429 1574 (Rae.
448 1541 491 1574 46,
509 1549 534 1567 c.
551 1540 594 1572 ²26,
613 1541 632 1567 f.
650 1541 665 1567 6
683 1542 729 1574 ro.)

149 1645 314 1674 Venerabili
338 1645 434 1680 fratri
452 1644 503 1679 G.‚
523 1643 746 1681 archiepiscopo
771 1644 928 1673 Viennensi
940 1668 946 1680 ,
966 1643 1111 1673 concedit

107 1702 152 1735 nt,
171 1698 457 1736 quotienscumque
485 1696 568 1725 infra
586 1705 675 1725 snam
699 1696 869 1725 dioecesim
892 1697 1025 1726 verbum
1052 1697 1111 1726 Dei

104 1756 258 1792 proponet
272 1755 302 1781 et
317 1751 490 1780 missarum
506 1750 676 1780 sollemnia
692 1750 874 1792 celebrabit,
889 1751 1040 1780 omnibus
1056 1751 1109 1780 ad-

106 1806 263 1836 stantibus
277 1805 516 1844 poenitentibus
528 1808 558 1834 et
568 1804 721 1834 confessis
735 1804 968 1841 indulgentiam
983 1808 1111 1834 centum

105 1859 229 1889 dierum
249 1858 360 1896 largiri
376 1857 489 1887 valeat.

145 1925 160 1940 «
180 1913 221 1942 Ex
241 1912 346 1941 debito
363 1910 566 1951 pastoralis...
586 1926 624 1933 -
644 1910 715 1939 Dat.
733 1910 816 1948 apud
835 1911 1109 1946 Uibemveterein,

104 1975 124 1996 v
139 1965 293 1996 kalendas
310 1965 428 2001 martii,
448 1973 533 1994 anno
553 1968 676 2003 quarto.
698 1976 709 1990 n

173 2132 292 2161 4523

139 2195 273 2222 Facultas
288 2194 455 2221 absolvendi
471 2194 505 2220 ab
522 2194 833 2220 excommunicatione.
853 2192 933 2223 (Rae.
951 2192 997 2223 46,
1015 2199 1040 2217 c.
1054 2191 1109 2221 ⁶26²,

103 2244 122 2272 f.
139 2244 155 2271 6
169 2246 215 2276 ro.)

647 2130 774 2163 Orvieto‚
792 2130 825 2156 <25
842 2130 945 2155 sevrier
964 2129 1039 2156 1291.

144 2348 250 2376 Eidem
265 2345 410 2376 concedit
423 2350 456 2375 ut
468 2345 599 2375 clericos
615 2349 645 2374 et
659 2344 756 2374 laicos
773 2353 828 2383 pro
841 2343 977 2373 violenta
994 2344 1026 2371 in
1044 2351 1111 2381 per-

106 2408 199 2430 sonas
215 2398 447 2429 ecclesiasticas
462 2406 619 2427 manuum
634 2398 808 2436 injectione
822 2396 1113 2426 excommunicatos

106 2453 269 2483 absolvere
288 2453 395 2490 possit.

148 2519 160 2534 n
179 2507 247 2537 Tua
263 2506 354 2536 nobis
370 2505 544 2535 firmitas...
565 2522 599 2526 —
619 2505 690 2534 Dat.
710 2509 864 2543 utsupra.
888 2517 900 2530 ι)

177 2674 295 2702 4524

140 2736 341 2762 Juramentum
358 2734 500 2769 quoddam
517 2734 551 2760 ab
567 2734 704 2769 episcopo
721 2737 749 2759 et
764 2733 889 2767 capitulo
906 2731 1115 2766 Gratianopoli-

652 2670 779 2705 Orviet0‚
795 2671 828 2697 24
847 2670 948 2696 sevrier
968 2669 1042 2696 1291.

106 2785 181 2812 tanis
203 2786 307 2811 factum
328 2784 420 2810 irritat
441 2783 544 2818 hisque
565 2783 769 2818 poenitentiam
791 2782 848 2808 dat.
865 2782 948 2813 (Rae⁸
967 2780 1009 2812 46,
1027 2788 1052 2806 c.
1069 2780 1114 2813 27,

106 2833 126 2860 f.
144 2834 158 2860 6
176 2834 222 2867 r0.)

153 2935 321 2964 Venerabili
347 2936 442 2972 fratri
471 2957 490 2964 ..
521 2935 743 2971 archiepiscopo
779 2932 948 2962 Viennensi.
977 2931 1115 2959 Vacante

107 2987 404 3026 Gratianopolitana
420 2997 475 3026 per
490 2987 613 3018 obitum
626 2986 772 3016 Falconis
785 2985 930 3019 ecclesia,
944 3007 962 3014 ..
977 2983 1116 3012 decanus

108 3046 139 3072 et
151 3041 325 3081 capitulum
343 3041 486 3080 ejusdem
503 3040 664 3076 ecclesiae,
676 3043 848 3077 antequam
866 3037 904 3066 de
919 3037 1023 3066 futuro
1036 3035 1116 3073 epis—

1189 447 1265 476 copo
1284 442 1433 468 tractatus
1458 438 1575 477 aliquis
1600 439 1785 475 haberetur,
1805 438 1958 477 quasdam
1977 439 2193 469 ordinationes

1191 491 1349 527 fecerunt,
1374 500 1468 529 quas,
1489 492 1583 521 etiam
1612 492 1636 520 si
1663 491 1802 529 aliquem
1824 500 1933 520 eorum
1955 492 1988 520 in
2012 492 2193 530 episcopum

1189 544 1522 582 Gratianopolitanum
1554 544 1732 582 promoveri
1760 544 1950 581 contigerit,
1979 545 2194 583 promiserunt

1190 605 1222 625 se
1241 597 1376 626 firmiter
1391 597 1570 632 observare,
1588 596 1742 635 corporali
1757 606 1850 635 super
1869 598 1927 626 hoc
1941 599 2090 635 praestito
2102 598 2194 635 jnra-

1190 652 1309 679 mento.
1327 650 1475 688 Illudque
1490 651 1710 688 juramentum
1728 650 1779 685 G.7
1797 654 1870 679 tnnc
1885 651 2067 685 canonicus,
2087 659 2193 688 praes-

1192 703 1270 737 titit,
1297 708 1326 732 et
1350 704 1479 739 deinde⁷
1498 705 1663 742 episcopus
1685 708 1864 741 promotus,
1887 704 2065 733 ratificavit.
2090 704 2194 739 Quare

1190 756 1427 794 archiepiscopo
1451 757 1628 786 Viennensi
1646 757 1777 799 mandat
1801 765 1879 794 papa
1898 761 1931 785 ut
1957 765 2009 794 pro
2031 757 2194 795 juratione

1190 809 1330 843 incanta,
1348 809 1380 837 in
1399 809 1637 846 derogationem
1653 809 1734 847 juris
1751 809 1936 847 episcopalis
1953 809 2103 839 eeclesiae
2119 809 2195 839 Gra-

1192 862 1438 900 tianopolitanae
1455 862 1534 891 sacta
1547 885 1554 898 ‚
1579 863 1739 900 episcopo7
1757 862 1877 891 decano
1896 866 1925 890 et
1949 862 2087 899 capitulo
2105 872 2194 900 prae-

1190 915 1284 944 dictis
1306 916 1537 953 poenitentiam
1566 915 1724 952 imponat,
1744 919 1788 945 et,
1814 915 1966 952 inquisita
1990 916 2134 949 veritate.
2159 923 2196 944 ea

1190 977 1270 1006 quae
1287 969 1318 996 in
1336 968 1512 1006 dampnum
1530 968 1673 1006 ejusdem
1687 968 1772 1006 juris
1789 967 1972 1005 episcopalis
1986 968 2146 997 invenerit
2161 968 2193 996 in

1190 1025 1306 1050 statum
1323 1021 1465 1049 debitum
1482 1021 1620 1050 reducat.

1232 1086 1245 1100 «
1266 1075 1315 1103 Ad
1331 1074 1527 1103 audientiam
1547 1078 1725 1104 nostram...
1743 1090 1781 1096 —
1798 1074 1867 1102 Dat.
1887 1073 1969 1111 apud
1989 1074 2196 1103 Urbemvete-

1190 1136 1269 1161 rem,
1291 1137 1320 1155 V1
1341 1127 1493 1156 kalendas
1510 1127 1635 1163 martii,
1652 1135 1737 1156 anno
1757 1131 1879 1164 quarto.
1903 1139 1915 1153 »

1261 1306 1516 1335 4525-4528

1228 1369 1269 1395 Dc
1286 1368 1389 1395 debitis
1405 1368 1542 1394 ecclesiae
1558 1367 1768 1394 Londoniensis
1784 1367 1939 1393 solvendis.
1952 1367 2035 1400 (itae.
2049 1368 2092 1399 46,
2108 1376 2134 1394 c.
2151 1367 2195 1399 28,

1191 1418 1210 1443 s.
1229 1418 1243 1444 6
1260 1419 1305 1449 νῦ.)

1780 1306 1905 1336 Orvieto,
1924 1306 1938 1331 3
1956 1313 2031 1331 mars
2048 1305 2124 1333 1291.

1239 1520 1404 1548 Venerabili
1426 1520 1522 1554 fratri
1547 1519 1706 1553 Riccardo,
1733 1517 1863 1556 episcopo
1887 1518 2104 1555 Lomloniensi,
2123 1526 2197 1547 cum

1193 1572 1325 1602 ecelesia
1346 1571 1579 1600 Londoniensis
1602 1579 1719 1608 magno
1742 1570 1921 1600 debitorum
1942 1579 2037 1601 onere
2061 1571 2100 1600 sit
2125 1580 2197 1610 gra-

1192 1630 1274 1662 vata⁷
1292 1634 1328 1654 ex
1345 1633 1381 1654 eo
1394 1624 1478 1662 qnod
1494 1624 1616 1653 fructus
1632 1624 1799 1662 cujusdam
1818 1624 1965 1660 manerii,
1981 1625 2019 1653 ad
2037 1624 2197 1662 episcopa-

1193 1678 1255 1708 lem
1272 1687 1415 1708 mensam
1433 1677 1680 1716 pe1·tme11ti5‚in
1697 1686 1759 1715 quo
1775 1686 1891 1715 magna
1903 1686 1973 1716 pars
1986 1682 2197 1716 proventuum

1194 1730 1421 1770 episcopalium
1450 1730 1658 1765 consistebat,
1685 1739 1739 1768 per
1763 1730 1991 1759 inundationes
2015 1730 2113 1760 maris
2135 1731 2199 1759 sint

1193 1784 1414 1822 multipliciter
1435 1783 1605 1820 diminuti,
1626 1782 1772 1820 indulget
1794 1786 1826 1812 ut
1849 1783 1986 1819 fructus⁷
2011 1783 2152 1813 redditus
2170 1786 2199 1813 et

1194 1841 1366 1875 proventus
1383 1836 1476 1874 primi
1490 1836 1566 1864 anni
1580 1836 1724 1865 omnium
1740 1840 1977 1873 personatuum,
1993 1836 2197 1873 dignitatum,

1195 1889 1447 1929 praebendarum
1466 1893 1495 1917 et
1509 1888 1646 1917 aliorum
1665 1888 1893 1917 beneficiorum
1914 1889 2200 1919 ecelesiasticorum

1194 1953 1276 1982 quae
1292 1944 1324 1972 in
1343 1942 1486 1971 ecclesiis
1506 1942 1740 1971 Londoniensis
1757 1942 1909 1971 dioecesis
1932 1952 2030 1981 usque
2045 1943 2084 1971 ad
2104 1943 2198 1972 bien-

1195 1997 1287 2026 nium
1308 1997 1464 2025 vacabunt
1491 1995 1653 2034 percipere
1674 1995 1787 2033 possit,
1806 1996 1838 2024 in
1865 1995 2057 2025 solutionem
2076 1996 2198 2026 debito—

1194 2060 1265 2080 rum
1288 2049 1473 2087 hujusmodi
1491 2049 1559 2078 sive
1580 2049 1612 2077 in
1638 2048 1872 2086 reparationem
1896 2049 2047 2088 praedicti
2064 2050 2200 2080 manerii

1193 2103 1434 2134 convertendos.

1237 2171 1248 2182 «
1269 2157 1314 2185 Ex
1331 2160 1417 2195 parte
1435 2160 1522 2185 tua...
1535 2171 1574 2177 —
1587 2155 1660 2184 Dat.
1677 2155 1760 2192 apud
1779 2155 2051 2192 Urbemveterem‚
2067 2165 2084 2185 v
2101 2164 2201 2186 nonas

1194 2209 1311 2246 martii,
1329 2217 1415 2238 anno
1431 2213 1554 2247 quarto.
1574 2219 1587 2235 n

1234 2263 1272 2291 In
1289 2271 1317 2292 e.
1334 2271 1377 2290 m.
1398 2285 1417 2290 ..
1436 2260 1666 2296 Lincolniensi‚
1687 2284 1706 2289 ..
1730 2260 1955 2290 Heresordensi
1971 2265 2001 2290 et
2019 2283 2038 2290 ..
2057 2261 2200 2291 Roffensi

1195 2316 1347 2354 episcopis
1360 2315 1491 2344 mandat
1504 2319 1537 2344 ut
1550 2314 1726 2352 praedictos
1739 2314 1859 2344 fructus
1872 2319 1901 2343 et
1913 2318 2083 2352 proventus
2095 2314 2199 2344 eidem

1195 2370 1340 2408 episcopo
1359 2368 1535 2398 ministrari
1554 2367 1681 2396 saciant.

1238 2434 1250 2448 u
1272 2422 1315 2451 Ex
1332 2426 1419 2460 parte
1434 2420 1667 2450 venerabilis...
1685 2437 1722 2441 —
1742 2420 1812 2449 Dat.
1831 2424 1864 2450 nt
1881 2429 1986 2459 supra.
2007 2433 2019 2445 υ

1266 2606 1385 2634 452³?

1232 2668 1416 2703 Dispensatio
1431 2676 1519 2702 snper
1534 2668 1693 2702 pluralitate
1710 2668 1923 2695 beneficiorum.
1942 2668 2024 2701 (Rae.
2042 2668 2090 2702 46,
2107 2676 2132 2694 c.
2149 2668 2200 2699 ⁶29,

1196 2718 1215 2745 s.
1233 2718 1248 2745 6
1265 2720 1309 2747 r0.)

1760 2606 1885 2639 Orvieto,
1905 2606 1943 2631 1er
1958 2613 2034 2631 mars
2052 2605 2128 2632 1291.

1238 2821 1379 2857 anistro
1397 2820 1484 2855 Luce,
1505 2820 1620 2848 doctori
1644 2818 1847 2852 decretorum,
1870 2820 2061 2849 thesaurario
2086 2821 2203 2850 ecclesie

1198 2874 1434 2909 Hordei-elensis,
1455 2872 1601 2909 indulget
1624 2877 1657 2901 ut
1679 2880 1778 2901 unum
1804 2872 2054 2902 ecclesiasticum
2079 2873 2202 2903 benefi-

1198 2927 1284 2956 cium
1311 2927 1449 2964 recipere
1468 2930 1499 2955 et
1518 2934 1590 2955 cum
1609 2925 1822 2961 thesauraria,
1848 2926 2034 2955 canonicatu
2061 2930 2090 2956 et
2109 2935 2202 2964 prae-

1199 2979 1301 3010 benda
1328 2988 1409 3018 quae
1436 2980 1467 3007 in
1493 2979 1623 3008 ecclesia
1657 2978 1884 3009 Herefordensi
1912 2979 2033 3009 obtinet
2064 2980 2202 3010 retinere

1198 3032 1310 3062 valeat.
