2477 3637
222 395 278 425 648
622 402 625 404 ·
968 386 1204 418 REGISTRES
1224 386 1278 416 DE
1300 385 1484 416 NICOLAS
1507 386 1564 416 IV.

223 464 390 499 sequentes
412 463 442 488 et
465 458 498 487 in
523 456 744 487 anniversario
769 456 820 485 die
843 455 1054 485 dedicationis
1079 453 1223 493 ejusdem

221 512 357 552 capellae
377 510 586 540 visitaverint.

262 578 276 591 «ι
297 565 368 594 Vite
384 562 534 602 perennis
550 561 687 599 gloria...
704 577 743 584 —
761 561 830 591 Dat.
845 560 928 600 apud
948 560 1221 595 Urbemveterem,

221 628 240 648 v
255 616 407 648 kalendas
422 615 542 652 martii,
560 622 644 644 anno
661 618 784 653 quarto.
804 626 817 640 »

262 670 298 700 In
313 679 340 699 e.
355 678 397 698 m.
411 668 545 704 eisdem,
560 675 613 707 pro
626 667 758 697 ecclesia
773 666 881 696 Sancti
893 666 1047 705 Stephani
1058 665 1097 695 de
1109 666 1225 695 Sancto

223 723 363 758 Urbano,
381 721 649 752 Cathalauncnsis
665 720 830 757 dioecesis,
847 720 880 749 in
897 719 1005 748 beatae
1023 719 1142 748 Mariae
1159 718 1223 747 vir-

219 775 319 814 ginis,
343 775 375 805 S.
393 774 517 805 Urbani
538 778 568 804 et
591 774 622 804 S.
648 773 802 812 Stephani
824 772 1065 808 festivitatibu5‚
1089 775 1167 810 etc.,
1190 775 1226 801 ut

221 838 325 868 supra.

260 883 296 912 In
314 891 340 911 e.
358 890 401 912 m.
419 881 551 918 eisdem,
569 889 624 919 pro
643 880 777 910 ecclesia
795 879 903 910 Sancti
920 879 1141 918 Simphoriani
1161 879 1224 908 Re-

220 935 334 971 mensi,
349 935 383 964 in
397 934 560 964 beatorum
574 933 787 972 apostolorum
801 933 886 962 Petri
901 937 931 962 et
945 931 1037 962 Pauli
1051 936 1082 961 et
1094 931 1126 962 S.
1141 931 1223 961 Sim-

221 989 367 1028 phoriani
385 987 621 1024 festivitatibus,
638 992 710 1022 etc,
731 993 764 1017 ut
782 996 886 1026 supra.

760 1074 887 1108 Orvieto,
903 1074 937 1101 ‘24
954 1074 1057 1100 sevrici·
1076 1073 1152 1100 1291.

261 1146 298 1175 In
317 1154 344 1175 e.
362 1154 406 1174 m.
425 1144 562 1179 eisdem,
585 1153 641 1183 pro
666 1143 798 1174 ecclesia
821 1144 858 1173 de
881 1144 996 1173 Sancto
1019 1143 1126 1179 Claro,
1145 1143 1222 1172 Tre—

219 1199 323 1230 ceusis
340 1198 509 1233 dioecesis,
535 1198 570 1227 in
589 1198 688 1227 sancti
713 1196 799 1227 Clari
817 1201 848 1227 et
868 1202 1005 1236 quatuor
1024 1197 1132 1226 beatae
1153 1196 1222 1226 Ma-

219 1254 284 1283 riae
306 1252 441 1290 virginis
470 1251 691 1281 festivitatibus
715 1255 745 1280 et
769 1260 823 1290 per
850 1256 917 1280 octo
944 1251 1013 1280 dies
1040 1254 1221 1289 sequentes.

220 1306 290 1335 Dat.
319 1304 401 1343 apud
430 1304 706 1341 Urbemveterem‚
734 1313 764 1332 vi
796 1302 950 1333 kalendas
981 1303 1106 1340 martii,
1137 1310 1223 1332 anno

219 1362 343 1396 quarto.

778 1436 904 1471 Orvieto,
927 1438 963 1464 ler
979 1445 1055 1464 niars
1075 1436 1150 1464 1291.

260 1507 296 1537 In
313 1516 340 1536 e.
361 1516 404 1537 m.
421 1507 558 1543 eisdem,
577 1515 633 1545 pro
649 1506 781 1536 ecclesia
800 1506 1072 1543 Autisiodorensi,
1090 1507 1123 1536 in
1139 1507 1224 1537 beati

219 1559 389 1598 Stephani,
414 1560 445 1589 in
473 1560 564 1598 cnjus
589 1559 743 1589 honorem
769 1559 879 1589 eadem
905 1558 1038 1589 ecclesia
1060 1563 1107 1589 est
1131 1568 1223 1590 cons-

220 1618 335 1649 tructa,
358 1613 583 1643 festivitatibus
609 1618 639 1643 et
667 1622 722 1652 per
745 1618 814 1643 octo
843 1612 911 1642 dies
941 1618 1121 1652 sequentes.
1149 1613 1221 1643 Dat.

217 1666 300 1706 apud
318 1666 591 1702 Urbemveterem,
608 1666 754 1696 kalendis
770 1666 890 1706 martii,
907 1675 993 1696 anno
1010 1671 1134 1705 quarto.

258 1720 295 1749 ln
311 1729 339 1750 e.
358 1729 401 1749 m.
419 1720 552 1757 eisdem,
575 1729 631 1758 pro
648 1719 824 1749 cathedrali
841 1719 972 1750 ecclesia
989 1720 1168 1757 Adurensi,
1188 1721 1222 1750 in

218 1774 325 1804 beatae
345 1773 465 1803 Mariae
482 1773 619 1811 virginis
636 1778 666 1803 et
680 1773 763 1803 beati
779 1773 939 1803 Johannis
958 1773 1128 1812 Baptistae,
1147 1782 1224 1812 quo-

221 1835 292 1857 rum
308 1826 386 1856 festa
407 1826 442 1855 in
463 1826 573 1856 eadem
596 1825 729 1856 ecclesia
748 1826 842 1856 annis
865 1825 1003 1864 singulis
1026 1826 1225 1856 sollemniter

219 1880 430 1918 celebrantur,
445 1880 668 1910 festivitatibus
684 1885 714 1911 et
725 1889 781 1919 per
793 1885 861 1910 octo
871 1880 940 1910 dies
956 1885 1136 1920 sequentes,
1150 1881 1222 1910 Dat.

219 1934 302 1973 apud
320 1934 595 1969 Urbemveterem,
614 1933 760 1964 kalendis
778 1934 896 1971 martii,
915 1943 1001 1964 anno
1017 1939 1140 1974 quarto.

801 2018 928 2053 Orvieto,
946 2021 962 2049 9
981 2029 1057 2048 mars
1075 2021 1152 2049 1291.

258 2091 294 2120 In
312 2099 339 2120 e.
357 2100 398 2120 rn.
418 2091 555 2127 eisdem,
572 2100 627 2130 pro
647 2091 780 2121 ecclesia
798 2114 817 2122 ..
835 2092 1013 2122 abbatissae
1029 2097 1059 2122 et
1081 2101 1224 2122 conven-

220 2149 268 2174 tus
287 2145 472 2175 monasterii
496 2144 630 2174 Sanctae
654 2144 766 2175 Clarae
789 2146 1003 2183 Nicosiensis,
1025 2146 1059 2175 in
1085 2145 1223 2184 singulis

219 2197 326 2227 beatae
338 2198 458 2227 Mariae
471 2198 618 2236 virginis,
636 2202 763 2229 sanctae
776 2188 893 2228 Clarae*
903 2204 933 2228 et
945 2199 1110 2229 beatorum
1124 2199 1224 2229 Fran-

217 2251 291 2281 cisci
316 2256 346 2281 et
370 2251 503 2281 Antonii
530 2252 749 2282 consessorum
778 2252 1012 2282 festivitatibus.
1040 2253 1112 2282 Dat.
1139 2253 1224 2292 apud

218 2305 494 2341 Urbemveterem,
512 2315 554 2334 vn
579 2306 651 2335 idus
674 2306 796 2343 martii,
817 2314 903 2336 anno
925 2311 1050 2345 quarto.
1070 2306 1221 2345 (Porm,

218 2358 338 2396 23593.)

756 2440 884 2473 Orvieto,
901 2442 935 2469 ‘28
951 2442 1055 2468 fevi-ier
1072 2442 1150 2469 1291.

256 2510 294 2539 In
313 2519 339 2540 e.
357 2519 401 2539 m.
421 2510 555 2547 eisdem,
576 2519 631 2549 pro
655 2510 774 2549 capella
791 2510 900 2541 Sancti
915 2512 1039 2541 Juliani
1058 2511 1222 2551 Burdega-

215 2563 308 2600 lensi,
326 2564 359 2594 in
375 2564 484 2595 heatae
504 2564 622 2594 Mariae
639 2564 775 2603 virginis
798 2569 828 2595 et
846 2565 878 2595 S.
897 2565 1022 2596 Juliani
1041 2566 1220 2596 festivitati-

214 2617 272 2647 bus
289 2621 319 2647 et
334 2626 388 2656 per
402 2622 470 2648 octo
484 2617 551 2648 dies
566 2622 746 2657 sequentes.
758 2618 830 2648 Dat.
844 2619 927 2658 apud
939 2619 1219 2657 Urbemvetereni,

215 2680 235 2701 ιι
252 2670 405 2701 kalendas
423 2671 540 2707 martii,
559 2680 644 2702 anno
661 2676 783 2711 quarto.
802 2672 859 2711 (Εη
875 2673 1007 2712 mat-qe.)

780 2759 908 2795 Orvieto,
929 2760 958 2787 10
975 2769 1052 2787 mars
1069 2760 1146 2788 1291.

255 2830 291 2859 In
309 2838 336 2859 e.
354 2838 397 2859 rn.
413 2829 533 2859 eisdem
546 2829 592 2869 (t),
611 2838 665 2869 pro
684 2829 854 2860 ecclesia...
875 2830 919 2870 (1)
940 2831 972 2860 in
993 2831 1072 2861 sesto
1093 2835 1219 2862 sancto·
1243 2841 1245 2843 ¹

215 2892 285 2912 rum
312 2883 523 2922 apostolorum
550 2883 690 2923 Philippi
712 2889 742 2914 et
759 2884 884 2920 Jacobi,
912 2894 966 2924 per
988 2889 1056 2915 octo
1079 2885 1148 2915 dies
1169 2894 1216 2915 se-

246 3030 279 3059 (l)
294 3029 331 3053 La
347 3031 476 3061 rubrique
492 3034 531 3054 est
553 3032 672 3059 eisdem,
694 3033 720 3054 ct
740 3030 842 3061 l'cglisc
861 3034 901 3054 cst
917 3032 986 3055 ainsi
1004 3031 1133 3063 ‹le'signee
1150 3039 1155 3056 z
1173 3040 1217 3057 ec-

215 3075 296 3097 clesia
313 3076 409 3097 vestra.

1307 457 1441 491 quentes
1457 452 1534 482 etin
1552 452 1772 482 anniversario
1793 451 1845 482 die
1865 451 2077 483 dedicationis
2097 451 2240 491 ejusdem
2263 461 2317 484 ec·

1307 504 1420 535 clesiae
1435 509 1464 535 et
1480 505 1588 535 altaris
1606 505 1840 544 praedictorum
1857 505 2082 545 apostolorum.

1349 571 1362 586 α
1382 559 1468 588 Licet
1486 558 1514 588 is
1533 558 1610 589 de...
1626 575 1665 581 —
1683 559 1754 589 Dat.
1776 558 1861 598 apud
1887 559 2167 596 Urbemveterem,
2190 568 2222 590 vt
2243 559 2318 591 idus

1308 612 1426 649 martii,
1443 620 1530 642 anno
1546 617 1668 651 quarto.
1687 624 1702 639 »
1719 611 1824 652 (laid.)

1891 705 2024 738 Orvieto,
2040 707 2054 732 7
2072 714 2148 734 mars
2165 706 2242 734 1291.

1348 778 1384 807 In
1402 787 1429 808 e.
1448 786 1490 806 ni.
1509 776 1648 814 eisdem,
1667 784 1724 815 pro
1743 775 1876 807 ecclesia
1893 798 1913 806 ..
1933 776 2110 807 abbatissae
2126 780 2156 806 et
2175 784 2316 807 conven-

1308 835 1357 861 tus
1373 829 1560 860 monasterii
1582 829 1716 860 Sanctae
1733 829 1855 860 Mariae
1870 828 1910 859 de
1924 829 2134 868 Virginibus,
2147 829 2238 868 juxta
2253 829 2314 860 Fa·
2335 860 2340 866 „

1307 884 1458 920 ventiam,
1478 883 1604 914 ordinis
1621 883 1756 914 Sanctae
1772 883 1894 920 Clarae,
1917 883 1950 913 in
1967 883 2104 921 singulis
2120 883 2230 914 heatae
2245 870 2321 914 Mass

1306 937 1374 967 riae
1392 937 1528 975 virginis
1544 940 1574 966 et
1592 936 1624 967 S.
1644 936 1778 966 Martini
1799 936 2026 966 festivitatibus
2048 940 2079 966 et
2095 945 2150 975 per
2164 940 2233 967 octo
2248 935 2322 968 dies

1306 995 1486 1030 sequentes.
1505 990 1577 1020 Dat.
1594 989 1678 1029 apud
1697 990 1970 1030 Urbemveterem‚
1985 990 2080 1020 nonis
2094 990 2213 1028 martii,
2230 998 2321 1022 anno
2346 1003 2354 1022 .’

1306 1049 1430 1084 quarto.
1450 1044 1560 1083 (Ibid.;
1581 1043 1719 1080 Porru„
1739 1042 1865 1082 23592.)

1876 1137 2003 1170 Οι·νίεῑο,
2022 1137 2054 1165 15
2071 1145 2149 1165 mars
2165 1137 2243 1166 1291.

1346 1209 1383 1239 In
1402 1218 1426 1239 e.
1446 1217 1490 1238 m.
1509 1208 1643 1245 eisdem,
1657 1216 1712 1247 pro
1726 1207 1858 1238 ecclesia
1869 1206 1980 1238 Sancti
1997 1207 2130 1237 Martini
2141 1206 2180 1237 de
2190 1206 2326 1246 Insula>
2337 1217 2353 1247 J

1306 1262 1506 1293 Tholosanae
1521 1261 1693 1299 dioecesis,
1715 1261 1748 1291 in
1773 1260 2048 1291 Annunciationis
2067 1260 2177 1291 beatae
2194 1259 2318 1290 Mariae

1306 1316 1455 1355 virginis,
1473 1320 1655 1346 sanctorum
1671 1315 1831 1345 Johannis
1847 1313 2019 1353 Baptistae,
2033 1313 2195 1344 Johannis
2209 1312 2319 1343 Evan-

1306 1369 1438 1409 gelistae
1449 1374 1480 1400 et
1491 1369 1624 1400 Martini
1635 1367 1859 1398 festivitatibus
1869 1371 1900 1397 et
1911 1376 1967 1407 per
1977 1370 2046 1398 octo
2057 1366 2126 1397 dies
2135 1369 2315 1406 sequentes.

1348 1435 1362 1450 «
1379 1423 1452 1453 Vite
1468 1422 1620 1462 perennis
1636 1421 1775 1460 gloria...
1791 1438 1830 1444 —
1847 1421 1919 1451 Dat.
1936 1420 2020 1460 apud
2038 1419 2334 1458 U1·bemveterem‚ss

1306 1477 1414 1508 idibus
1432 1477 1552 1514 martii,
1569 1484 1655 1506 anno
1674 1479 1798 1515 quarto.
1815 1487 1828 1502 ι
1853 1473 1957 1514 (lbtd.)

1876 1568 2003 1602 Orvieto,
2020 1567 2051 1595 21
2073 1575 2150 1594 mars
2166 1567 2245 1595 1291.
2320 1575 2350 1603 ,τ’

1347 1642 1387 1672 In
1410 1651 1437 1672 e.
1458 1650 1501 1671 m.
1521 1641 1658 1678 eisdem,
1677 1649 1732 1679 pro
1753 1639 1885 1670 ecclesia
1905 1638 1944 1669 de
1964 1637 2084 1674 Sei-ris,
2104 1636 2321 1676 Carpentora-
2347 1639 2353 1667 ζ
2402 1631 2403 1634 ’

1308 1695 1406 1726 tensis
1435 1694 1606 1730 dioecesis,
1633 1694 1665 1723 in
1697 1696 1835 1732 quatuor
1865 1692 1976 1722 beatae
2006 1690 2128 1721 Mariae
2162 1689 2343 1728 virginis,'·‘

1307 1747 1441 1780 Sanctae
1459 1747 1573 1778 Crucis
1595 1752 1625 1777 et
1642 1747 1674 1778 S.
1698 1746 1855 1777 Florentii
1877 1744 2102 1776 festivitatibus
2125 1747 2156 1774 et
2173 1751 2230 1782 per
2249 1742 2335 1780 ooth.»

1306 1803 1375 1833 dies
1391 1804 1572 1841 sequentes.
2316 1822 2330 1828 ,.

1348 1869 1362 1884 «
1383 1856 1470 1886 Licet
1493 1855 1521 1885 is
1542 1855 1618 1885 de...
1640 1871 1677 1877 —
1695 1855 1767 1884 Dat.
1790 1853 1872 1895 apud
1893 1852 2177 1888 Urbemveterem,
2193 1857 2237 1880 x11
2253 1848 2319 1896 *ka—
2343 1871 2345 1873 -

1306 1909 1419 1940 lendas
1435 1909 1558 1948 aprilis,
1577 1917 1662 1939 anno
1680 1910 1803 1950 quarto.
1825 1918 1840 1935 n
1857 1906 1962 1953 (laid.)

1875 1999 2008 2032 Orvieto,
2026 2000 2058 2026 15
2075 2006 2151 2026 mars
2166 1997 2245 2026 1291.

1348 2074 1384 2104 In
1402 2083 1429 2104 e.
1447 2082 1490 2103 m.
1509 2072 1630 2103 eisdem
1641 2096 1648 2110 ,
1666 2080 1722 2111 pro
1737 2071 1870 2102 ecclesia
1886 2071 2021 2101 Sanctae
2037 2067 2174 2100 Ceciliae
2186 2091 2193 2105 ,
2206 2067 2319 2098 -Picta-

1306 2127 1426 2157 viensis
1450 2126 1621 2163 dioecesis,
1638 2126 1673 2156 in
1697 2125 1867 2155 festivitate
1891 2123 2037 2163 ejusdem
2058 2125 2186 2153 sanctae
2208 2124 2240 2152 et
2260 2126 2339 2162 perss

1305 2185 1374 2212 octo
1389 2181 1456 2210 dies
1474 2184 1654 2219 sequentes.
1686 2194 1687 2199 =
2314 2173 2321 2209 f

1349 2246 1362 2262 «
1390 2233 1470 2264 Cum
1496 2233 1536 2263 ad
1567 2232 1832 2272 premerendos...
1853 2249 1892 2253 -
1918 2230 1990 2260 Dat.
2016 2233 2049 2260 ut
2075 2237 2186 2268 supra,
2209 2226 2329 2262 idibus.

1305 2288 1424 2325 martii,
1442 2295 1528 2318 anno
1542 2291 1664 2327 quarto.
1684 2298 1697 2313 n
1715 2285 1820 2325 (Ibid.)
2302 2291 2307 2295 ”

1375 2495 1494 2523 4424
1845 2491 1977 2524 Orvieto,
1994 2490 2027 2518 24
2043 2490 2148 2518 fevi-iei-
2164 2489 2243 2518 1291.

1340 2563 1525 2598 Dispensatio
1543 2562 1726 2589 matrimonii.
1744 2561 1828 2596 (Res.
1846 2561 1889 2592 46,
1907 2569 1932 2588 c.
1951 2560 1994 2592 1⁶2,
2010 2559 2031 2587 f.
2048 2559 2062 2587 3
2079 2559 2125 2594 ro.)

1349 2693 1516 2722 Venerabili
1532 2693 1628 2729 fratri
1647 2692 1693 2730 O.,
1712 2692 1891 2732 patriarche
1907 2690 2094 2721 Antltioceno
2105 2712 2113 2728 ,
2128 2687 2261 2720 mandat
2277 2695 2299 2723 u
2332 2693 2341 2711 ι’

1302 2755 1375 2776 cnm
1393 2745 1491 2777 nobili
1508 2745 1575 2775 viro
1593 2746 1685 2776 Petro
1702 2745 1742 2775 de
1760 2744 1928 2775 Mulazana
1943 2747 1973 2774 et
1989 2742 2091 2774 nobili
2105 2741 2243 2773 muliere
2255 2733 2338 2772 Ja-ss‘-

1301 2799 1414 2830 cobina
1433 2799 1471 2829 de
1489 2799 1686 2836 Larchariis,
1705 2798 1831 2829 civibus
1846 2797 2083 2834 Januensibus,
2100 2787 2264 2836 dispenset
2276 2794 2330 2831 utj,

1301 2853 1336 2883 in
1352 2853 1558 2883 matrimonio
1574 2852 1657 2892 quod
1673 2851 1749 2882 olim
1768 2855 2001 2882 contraxerunt
2016 2854 2047 2881 et
2060 2850 2095 2880 in
2110 2857 2174 2890 quo
2188 2843 2319 2889 prolem(
2341 2887 2343 2889 ‚

1300 2910 1516 2945 procrearunt,
1533 2905 1716 2944 ignorantes
1731 2915 1764 2936 se
1778 2909 1891 2945 quarto
1904 2903 2194 2943 consanguinitatis
2209 2894 2324 2942 gradu*
2335 2901 2342 2916 “’

1300 2960 1500 2999 conjunctos,
1518 2968 1685 2990 remanere
1702 2958 1840 2989 valeant.

1342 3025 1356 3041 et
1370 3013 1520 3044 Exhibita
1533 3013 1625 3044 nobis
1638 3012 1769 3043 dilecti..
1778 3035 1785 3043 .
1797 3029 1836 3034 —
1850 3012 1920 3043 Dat.
1935 3011 2019 3052 apud
2030 3010 2315 3047 U1·bemveterem,.
2326 3014 2346 3046 j
2363 3046 2369 3050 ἱ

1299 3077 1330 3097 v¹
1347 3067 1501 3098 kalendas
1518 3066 1635 3103 martii,
1653 3075 1738 3098 anno
1754 3070 1878 3106 quarto.
1901 3077 1914 3093 n
