2477 3637
252 412 313 441 1318
1006 398 1241 431 BEGISTRES
1262 399 1316 428 DE
1339 397 1524 428 NICOLAS
1548 397 1604 427 tv.

259 476 495 514 lntlulgentiain
514 473 610 503 unius
626 471 703 502 anni
716 476 746 500 et
760 480 798 500 XL
812 470 938 500 dierum
955 466 1261 498 conceditomnibus

256 540 328 560 vere
360 526 593 567 poenitentibus
619 529 649 554 et
672 523 825 554 confessis
852 522 906 561 qui
933 520 1101 551 ecclesiam
1127 519 1262 548 Sanctae

256 582 444 613 Cathcrinae
469 578 603 617 virginis
620 582 649 607 et
673 576 822 614 martyris
841 575 879 605 de
900 574 1098 609 Brianzono,
1120 571 1262 602 Ebredu-

258 636 365 665 nensis
391 632 559 668 dioecesis,
587 631 618 660 in
648 629 817 659 festivitate
843 627 985 666 ejusden]
1011 631 1137 656 sanctae
1158 629 1188 655 et
1208 633 1264 665 per

256 694 323 719 orto
339 688 405 717 dies
424 685 626 716 festivitatem
645 684 745 723 ipsam
764 681 950 712 immediate
967 684 1135 719 sequentes
1153 679 1264 708 visita-

257 742 371 771 verint.

298 808 309 819 u
337 794 403 823 Vite
424 791 570 831 perennis
591 789 702 828 gloria.
723 805 760 810 —
781 788 852 818 Dat.
875 787 958 826 apud
979 786 1241 817 Urbemveterem
1254 807 1263 821 ,

256 857 272 876 x
289 845 441 876 kalendas
459 843 586 878 martii,
605 851 690 872 auno
709 842 808 871 tertio.
831 854 844 867 υ

298 900 332 929 In
353 908 380 928 e.
400 908 456 932 m..
475 906 530 936 pro
547 896 680 927 ecclesia
697 894 803 926 Sancti
822 893 919 924 Blasii
939 893 978 923 de
998 891 1184 931 Raculinis,
1201 891 1264 921 Fu-

257 953 398 991 liginatis
417 952 582 982 dioecesis.

327 1110 574 1140 ⁴2:33-—1241
802 1108 929 1138 Ori-icto,
948 1106 979 1133 19
995 1106 1098 1132 sevi-iet·
1118 1104 1192 1132 1‘291.

294 1173 396 1199 l‘etrus
413 1172 585 1199 monasterio
598 1170 694 1198 Sancti
706 1170 840 1196 Andreae
852 1170 886 1195 de
900 1168 1041 1199 Ponzano,
1054 1167 1184 1194 Civitatis
1195 1165 1266 1193 Cas-

257 1223 376 1249 tollaunc
392 1221 546 1252 dioecesis,
563 1220 736 1255 praeficitur.
754 1218 837 1251 (itm.
855 1218 898 1249 45,
916 1226 941 1244 c.
959 1217 1025 1247 745,
1043 1217 1061 1243 s.
1082 1216 1129 1243 152
1146 1219 1191 1245 r⁰.i

297 1325 394 1359 Petro,
416 1323 517 1352 abbati
538 1321 719 1350 monasterii
739 1320 844 1349 Sancti
866 1320 982 1348 Antlree
1003 1320 1037 1348 de
1055 1319 1209 1354 Ponzano,
1227 1319 1267 1348 acl

258 1386 418 1406 romanam
437 1376 587 1405 ecclesiam
605 1374 691 1403 nuno
710 1373 805 1402 medio
821 1374 1012 1410 pertinentis.
1032 1373 1150 1402 ordinis
1164 1372 1195 1402 S.
1213 1372 1266 1401 Be-

257 1431 386 1465 ηειίῖιίί,
409 1429 550 1459 Civitatis
571 1428 738 1457 Castellane
754 1427 887 1456 diocesis.
910 1426 1050 1455 Vacante
1073 1425 1266 1455 monasterio

258 1483 367 1512 Sancti
385 1481 557 1511 Salvatoris
581 1480 735 1515 Reatino,
761 1478 912 1509 Nicolaus
934 1487 1012 1518 papa
1029 1479 1069 1508 ad
1089 1478 1170 1508 illud
1188 1478 1266 1508 Phi-

258 1537 399 1575 lippum,
430 1540 504 1564 tunc
530 1534 675 1564 abbatem
704 1533 890 1563 monasterii
917 1533 1025 1562 Sancti
1053 1533 1203 1563 Andreae
1228 1533 1268 1563 de

259 1590 418 1623 Pouzano,
437 1587 608 1623 transtulit,
631 1590 661 1616 et
677 1586 871 1616 monasterio
887 1585 994 1616 Sancti
1016 1586 1166 1616 Andreae
1187 1586 1265 1616 Bar-

259 1642 393 1678 nabam,
425 1640 618 1671 monachum
651 1639 835 1670 monasterii
866 1639 1087 1675 Sublacensis‚
1120 1640 1266 1670 abbatem

258 1695 425 1734 praefecit3
447 1703 519 1724 cum
542 1702 616 1723 vero
639 1693 785 1723 Bernaba
805 1693 992 1732 hujusmodi
1017 1694 1195 1732 provisioni
1215 1703 1268 1724 re-

258 1748 468 1783 nuntiaverit,
487 1756 566 1786 papa
585 1747 622 1776 ad
640 1746 724 1776 idem
743 1747 972 1776 monasterium
991 1746 1101 1776 Sancti
1117 1747 1268 1777 Andreae

259 1802 403 1837 Petrum,
419 1806 493 1830 tunc
503 1800 649 1830 abbatem
661 1800 846 1830 monasterii
860 1800 967 1830 Sancti
978 1800 1096 1838 Angeli
1105 1801 1138 1830 in
1151 1801 1266 1837 Massa,

258 1855 402 1894 ejusdem
421 1854 557 1890 ordinis,
576 1853 766 1883 Narniensis
782 1853 945 1889 dioecesis,
965 1853 1126 1883 transfert.

301 1921 314 1934 «
335 1908 377 1937 Ex
394 1907 500 1937 debito
515 1906 719 1945 pastoralis...
739 1923 778 1929 -
797 1906 868 1936 Dat.
888 1907 972 1946 apud
988 1907 1266 1945 Urbemveterem,

259 1971 287 1990 xi
308 1960 460 1990 kalendas
476 1960 595 1997 martii⁷
613 1968 699 1989 anno
720 1960 820 1990 tertio.
839 1972 850 1986 n

302 2015 337 2044 In
363 2023 390 2043 e.
420 2023 461 2043 m.
493 2013 666 2043 conventui
696 2014 884 2043 monasterii
914 2014 1022 2044 Sancti
1051 2014 1199 2044 Andreae
1229 2015 1268 2045 de

261 2068 408 2097 Ponzano
429 2066 558 2096 mandat
583 2071 616 2095 ut
641 2066 743 2096 eidem
766 2067 872 2096 abbati
893 2067 1033 2097 debitam
1050 2068 1268 2098 obedientiam

261 2120 416 2159 praebeat.

302 2174 338 2202 In
357 2183 382 2203 e.
403 2182 446 2203 m.
465 2173 623 2203 universis
639 2173 783 2204 vassallis
794 2175 980 2204 monasterii
996 2174 1104 2205 Sancti
1118 2175 1268 2206 Andreae

261 2226 299 2256 de
316 2227 475 2257 Pouzano.

331 2377 449 2405 4242
805 2379 931 2411 Orvieto,
952 2380 983 2407 13
998 2380 1102 2407 sevrier
1119 2381 1198 2408 ¹291.

299 2439 482 2474 Dispensatio
499 2448 587 2475 super
605 2441 762 2475 pluralitate
779 2441 994 2470 beneficiorum.
1011 2443 1094 2478 (Rae.
1112 2444 1155 2476 45,
1167 2453 1192 2471 c.
1206 2445 1269 2479 746,

263 2489 281 2514 f.
302 2489 348 2515 1:12
367 2490 417 2521 vo.)

309 2591 474 2621 Venerabili
489 2594 585 2628 fratri
602 2614 622 2621 ..
640 2594 771 2631 episcopo
791 2594 985 2624 Ult‘oebonensi
1000 2595 1132 2625 mandat
1147 2601 1182 2626 ut
1197 2605 1271 2627 cum

266 2643 405 2683 Pelagio,
423 2648 542 2675 rectore
558 2645 710 2675 ecclesiae
724 2646 858 2677 Sanctae
877 2648 998 2679 Mariae
1013 2649 1269 2686 Vimaranermis,

268 2697 495 2728 Bracliarensis
509 2698 674 2736 dioecesis,
690 2699 852 2739 dispenset
863 2705 898 2731 ut
913 2701 1101 2732 decanatum
1118 2703 1272 2734 ecclesiae

266 2749 448 2780 Elborensis
465 2755 495 2780 et
506 2752 699 2790 praedictam
713 2752 846 2783 Sanctae
859 2754 978 2784 Mariae
993 2755 1174 2793 ecclesiam,
1189 2765 1272 2795 quae

266 2811 329 2831 una
350 2812 422 2832 cum
446 2804 704 2842 canonicatibus,
726 2807 917 2845 praebendis
940 2813 970 2838 et
991 2810 1211 2848 prestimouiis
1235 2810 1271 2840 in

268 2855 432 2885 Elborensi
463 2861 492 2886 et
518 2857 726 2889 Ulixbonensi
755 2860 908 2898 ecclesiis,
938 2862 1006 2892 sine
1035 2862 1273 2902 dispensatione

267 2908 453 2946 apostolicae
470 2910 563 2947 sedis,
583 2912 730 2948 retinuit,
752 2913 872 2944 fructus
887 2915 1067 2954 percipiens
1083 2926 1118 2947 ex
1137 2917 1271 2955 eisdem,

268 2960 403 2991 retinere
421 2962 541 2999 valeat;
565 2964 738 2996 dummodo
759 2975 933 3004 congruam
954 2974 1074 3007 partem
1095 2970 1272 3009 praedicto-

267 3022 338 3042 rum
364 3015 522 3045 fructuum
550 3017 581 3046 in
607 3018 786 3049 evidentem
813 3020 980 3052 utilitatem
1004 3023 1157 3062 praedicti
1178 3024 1273 3054 deca-

269 3069 360 3095 natus
380 3073 550 3098 convertat.

1389 477 1402 491 α
1427 463 1578 494 Exhibita
1598 462 1689 493 nobis
1714 470 1791 491 ex...
1817 477 1857 484 ·-
1880 461 1950 491 Dat.
1975 459 2058 500 apud
2079 459 2354 500 Urbemveterem,

1346 517 1452 547 idibus
1468 515 1638 551 februarii,
1656 523 1742 545 anno
1759 513 1861 545 tertio.
1882 525 1894 540 n

1418 702 1536 731 4243
1895 698 2022 731 Orvieto,
2041 698 2073 726 16
2087 698 2191 725 fevrier
2207 697 2286 726 1291.

1385 765 1428 791 De
1450 764 1561 790 decima
1588 764 1615 790 in
1640 762 1832 790 Avinionensi
1855 762 1970 789 civitate
1993 761 2187 798 percipienda.
2211 761 2293 794 (ΗΕΒ.
2308 761 2358 796 ⁴51

1348 822 1374 840 c.
1391 814 1453 845 747,
1471 813 1490 839 f.
1509 812 1559 840 15⁶2
1576 818 1620 841 νος
1639 812 1755 844 Ροττιι.,
1771 811 1883 844 23572.)

1391 929 1556 958 Carissimo
1578 929 1611 957 in
1638 928 1754 958 Christo
1777 927 1842 964 filio
1866 927 1988 963 Carolo,
2014 927 2079 965 reqi
2102 926 2206 957 Sicilie
2228 926 2303 956 illus
2323 947 2347 966 3

1351 995 1365 1009 «
1384 983 1428 1012 Ex
1446 987 1532 1021 parte
1549 986 1599 1012 tua
1612 981 1671 1012 t'uit
1685 981 1880 1020 propositum
1895 988 2001 1011 coram
2015 980 2108 1011 nobis
2123 979 2209 1019 quod
2223 979 2351 1011 civita

1349 1035 1585 1065 Avinionensis
1596 1034 1762 1072 medietas,
1777 1043 1874 1073 quam
1888 1033 2075 1064 carissimus
2088 1034 2123 1064 in
2134 1032 2263 1064 Christo
2273 1031 2353 1067 filu:

1350 1093 1457 1118 noster
1472 1088 1665 1127 Pliylippus,
1682 1097 1735 1118 rex
1754 1088 1950 1118 Francorum
1968 1086 2115 1124 illustris,
2133 1086 2290 1117 hactenus
2303 1090 2355 1117 or

1350 1142 1483 1178 tinebat,
1502 1142 1540 1172 ad
1559 1146 1587 1172 te
1604 1150 1707 1180 nuper
1723 1150 1758 1171 ex
1775 1145 1860 1171 certa
1876 1149 1971 1171 causa
1989 1140 2167 1171 dinoscitur
2181 1138 2355 1173 deveni„

1346 1195 1414 1234 jam
1432 1200 1460 1226 te
1475 1195 1570 1226 totius
1583 1185 1722 1225 civitatis
1735 1195 1880 1235 ejusdem
1892 1194 2073 1225 dominium
2086 1194 2272 1231 obtinente;
2286 1201 2304 1224 c
2314 1214 2315 1217 =

1349 1253 1457 1279 autem
1473 1249 1513 1279 ad
1528 1248 1789 1288 prosequendum
1805 1248 1972 1286 negotium
1992 1247 2087 1286 regni
2110 1246 2217 1278 Sicilie
2238 1245 2318 1277 (1υά
2332 1245 2358 1286 fij

1350 1303 1409 1333 tibi
1424 1304 1571 1334 omnium
1591 1303 1879 1334 ecclesiasticorum
1896 1302 2080 1332 reddituum
2096 1305 2127 1332 et
2147 1304 2359 1341 proventuug·

1349 1357 1509 1392 decimam
1538 1357 1573 1386 in
1603 1356 1859 1393 Tarentasiensi,
1886 1354 2128 1391 Ebredunensi‚
2156 1353 2302 1394 Aquensi
2343 1375 2353 1390 ‚i

1349 1409 1533 1440 Arelatensi
1549 1410 1730 1449 provintiis,
1750 1414 1832 1440 terra
1845 1409 2014 1440 comitatus
2025 1407 2193 1445 Venesini‚
2206 1406 2247 1438 ad
2259 1399 2358 1440 1·ουῖ

1349 1473 1427 1494 nam
1443 1463 1611 1494 ecclesiam
1626 1463 1716 1494 nullo
1731 1463 1838 1493 medio
1853 1463 2044 1502 pertinente,
2059 1470 2096 1492 ac
2113 1466 2196 1491 terra
2213 1468 2311 1500 quam
2323 1454 2364 1491 ἰῖ

1350 1517 1473 1547 eisdem
1494 1517 1667 1556 provinciis
1689 1526 1743 1546 rex
1766 1516 1889 1547 obtinet
1906 1519 2101 1546 memoratus
2122 1514 2288 1545 dumtaxat
2306 1518 2357 1554 ex]

1351 1571 1466 1610 ceptis,
1490 1580 1547 1610 per
1572 1575 1758 1601 tres.annos
1780 1570 1819 1601 ab
1840 1570 1975 1600 instanti
1999 1573 2074 1599 tunc
2089 1569 2169 1599 festo
2187 1567 2359 1599 nativita

1351 1625 1435 1655 beati
1459 1625 1621 1655 Johannis
1650 1624 1791 1663 Baptiste
1815 1622 2033 1653 numerandos
2067 1621 2219 1651 duximus
2249 1627 2308 1651 con
2334 1615 2363 1645 πῖν’*

1351 1678 1509 1716 dendam,
1537 1677 1722 1717 suppliciter
1745 1676 1928 1716 postulabas
1954 1684 1973 1705 a
2000 1675 2091 1705 nobis
2115 1678 2151 1705 ut
2177 1673 2220 1704 ad
2247 1681 2304 1713 pre
2319 1674 2356 1707 <til

1352 1732 1606 1772 prosecutionem
1635 1731 1757 1769 negotii
1786 1730 1947 1760 decimam
1976 1728 2264 1759 ecclesiasticorum
2291 1735 2354 1766 [ιιι.

1353 1791 1508 1816 ventuum
1525 1785 1706 1815 medietatis
1725 1784 1864 1824 predicte
1881 1783 1939 1813 tibi
1953 1783 2094 1821 benigne
2109 1781 2284 1812 concedere
2302 1771 2359 1822 ιζξ

1353 1849 1516 1870 nai-emur.
1536 1839 1602 1870 Nos
1617 1839 1736 1878 itaque,
1753 1837 1905 1876 diligenti
1920 1835 2178 1867 consideratione
2193 1831 2315 1874 pensan

1352 1894 1436 1934 quod
1460 1894 1624 1932 negotium
1646 1893 1751 1932 ipsum
1777 1890 2038 1922 eo'commodius
2059 1893 2090 1920 et
2111 1888 2266 1920 efficatius

1353 1948 1444 1987 sequi
1465 1947 1584 1986 poteris
1603 1955 1668 1986 quo
1689 1956 1745 1985 per
1767 1954 1825 1976 nos
1845 1944 2005 1975 uberioris
2027 1942 2151 1974 auxilio
2171 1942 2272 1973 fueris

1354 2001 1516 2032 ventiouis
1532 2000 1671 2039 adjutus,
1688 1999 1746 2029 tibi
1763 2007 1818 2038 pro
1829 1999 1897 2038 jam
1913 1997 1989 2028 dicti
2006 1996 2228 2036 prosecutione
2242 2002 2357 2038 nego

1353 2055 1508 2095 prefatam
1520 2054 1679 2084 decimam
1696 2052 1876 2083 medietatis
1890 2051 2035 2091 ejusdem
2045 2048 2287 2090 percipiendam
2301 2050 2355 2081 aff*

1354 2119 1390 2140 ex
1412 2117 1500 2139 nunc
1521 2117 1621 2147 usque
1641 2108 1681 2138 ad
1704 2107 1863 2137 sexdecim
1887 2114 2015 2136 menses
2033 2108 2204 2144 sequentes
2220 2102 2277 2143 qui
2295 2109 2356 2133 ns:

1355 2168 1421 2194 tare
1445 2166 1624 2193 noscuntur
1644 2161 1684 2191 de
1709 2160 1848 2191 triennio
1873 2158 2072 2198 supradicto,
2095 2155 2270 2188 dummodo
2292 2163 2313 2196 p

1353 2218 1458 2248 dictus
1476 2225 1530 2247 rex
1547 2216 1744 2246 Francorum
1759 2213 1918 2244 decimam
1934 2221 1970 2242 ex
1986 2210 2192 2243 concessione
2208 2206 2349 2243 nostrast*

1354 2271 1525 2302 medietate
1548 2278 1613 2300 non
1639 2268 1791 2308 percipiat
1813 2266 2010 2306 supradicta,
2031 2263 2232 2305 presentium
2257 2267 2360 2299 auc

1355 2326 1447 2356 ritate
1471 2323 1678 2355 concedimus
1703 2322 1742 2352 de
1765 2321 1868 2360 gratia
1892 2318 2029 2359 spetiali.
2054 2317 2150 2348 Nulli
2174 2324 2267 2356 ergo,
2291 2320 2309 2347 e
2328 2328 2355 2354 “w

1355 2383 1462 2409 nostre
1496 2376 1728 2411 concessionis,
1761 2379 1821 2406 etc.
1855 2374 1928 2404 Dat.
1964 2372 2049 2413 apud
2080 2371 2363 2412 Urbemveteret⁴

1354 2442 1422 2463 xnn
1438 2431 1593 2462 kalendas
1609 2430 1732 2466 martii,
1750 2437 1837 2459 anno
1855 2427 1960 2458 tertio.
1980 2439 1994 2454 1>
2319 2423 2322 2428 ’

1427 2628 1549 2656 4244
1902 2620 2033 2654 Orvicto,
2052 2620 2083 2647 17
2099 2618 2203 2646 fevrier
2218 2616 2297 2646 1291.

1392 2691 1436 2718 De
1451 2689 1551 2717 eodem
1569 2687 1694 2723 negotio.
1711 2686 1794 2720 (Rae.
1812 2686 1856 2717 45,
1874 2692 1901 2712 c.
1917 2684 1991 2714 747²,
2008 2683 2027 2710 f.
2047 2681 2097 2709 152
2112 2683 2163 2714 νῦ.)

1403 2807 1571 2838 Venerabili
1586 2806 1682 2843 fratri
1698 2828 1717 2834 ..
1737 2805 1869 2842 episcopo
1894 2800 2072 2839 Vapincensi
2086 2797 2220 2829 mandat
2234 2799 2269 2828 ut

1358 2863 1474 2893 dictam
1494 2859 1648 2890 decimam
1668 2867 1722 2898 per
1739 2864 1869 2887 menses
1884 2854 2062 2894 praedictos
2073 2853 2166 2892 juxta
2182 2850 2295 2894 huiusi
2333 2846 2357 2884 ᾖ

1358 2914 1573 2946 concessionis
1601 2917 1744 2943 tenorem
1770 2908 1920 2947 colligere
1943 2911 1974 2937 et
1995 2905 2064 2945 regi
2091 2903 2220 2936 Siciliae
2245 2896 2356 2945 msc-i]

1358 2969 1525 3007 assignare
1541 2966 1676 2997 studeat.
2331 2950 2337 2956 ’

1401 3036 1413 3051 u
1441 3022 1484 3052 Ex
1505 3024 1591 3061 parte
1611 3018 1810 3050 carissimi...
1828 3033 1868 3039 —
1888 3016 1960 3046 Dat.
1982 3013 2066 3054 apud
2084 3012 2279 3044 Urbemvete
2302 3003 2371 3060 ²³}

1359 3086 1412 3106 xn1
1430 3074 1583 3106 kalendas
1601 3073 1721 3110 martii,
1737 3080 1823 3103 anno
1840 3070 1943 3101 tertio.
1966 3081 1980 3096 x>
