2477 3637
215 395 269 412 ⁰¹⁰
959 393 1194 424 REGISTRES
1218 394 1272 424 DE
1294 393 1478 424 NICOLAS
1501 395 1558 425 IV.

213 406 268 424 υἱ.

213 461 328 490 danum
360 458 534 494 Babilonie,
562 467 598 487 ex
624 457 734 493 altera,
765 463 893 496 treugne
918 459 998 488 inite
1026 459 1156 496 suerint,
1183 459 1218 488 iu

210 522 347 552 quarum
362 511 574 542 conventione
589 511 767 549 specialiter
780 517 826 541 est
839 521 1024 551 expressum
1039 513 1122 551 quod
1139 521 1220 542 mer-

209 572 329 596 catores
356 565 431 594 hinc
457 564 532 594 inde
562 573 683 594 merces
710 564 834 595 deferre
860 565 959 596 libere
983 566 1121 601 valeant,
1149 574 1218 603 nos,

210 618 352 657 ejusdem
380 618 476 647 Terre
507 617 621 647 Sancte
649 622 679 647 et
706 617 885 648 incolarum
915 619 984 657 ejus
1006 619 1219 650 incommodis

209 671 337 701 obviare
356 670 508 705 volentes,
523 670 715 700 fraternitati
733 675 785 700 tue
799 675 844 708 ut,
862 679 926 701 non
942 671 1084 701 obstante
1100 672 1218 702 consti-

211 723 332 754 tutione
348 723 498 762 predicta,
511 723 666 761 quamdiu
683 728 858 754 memorate
874 729 1006 763 treugue
1016 724 1216 761 duraverint,

209 776 438 806 mercatoribus
471 775 654 805 christianis
683 775 850 806 deferendi
879 777 918 806 de
949 777 1092 816 partibus
1121 777 1218 808 Terre

207 830 325 860 Sancte
341 829 375 858 in
395 829 622 859 Alexandriam
641 829 690 859 vel
705 829 769 860 alia
785 830 1036 861 Sarracenorum
1053 830 1132 867 loca,
1150 831 1215 861 vic-

209 883 308 913 tualia
330 892 385 913 sen
406 883 617 913 mercimonia
640 893 702 923 que
724 883 814 923 prius
835 893 931 924 quam
950 884 1060 915 eadem
1082 894 1137 923 per
1160 893 1217 915 nos

205 937 392 967 constitutio
424 936 570 966 ederetur
610 945 672 968 non
706 941 937 968 consueverant
965 947 1020 977 per
1047 946 1216 968 romanam

208 989 372 1020 ecclesiam
387 989 558 1028 prohiberi,
571 990 701 1028 prebere
717 989 893 1025 licentiam,
907 995 998 1029 prout
1014 995 1067 1021 tua
1082 991 1216 1021 circum-

206 1043 326 1081 spectio
343 1042 457 1073 viderit
473 1043 642 1082 expedire;
664 1048 694 1073 et
715 1044 741 1073 si
760 1044 815 1082 qui
837 1043 914 1074 forte
934 1048 1043 1074 contra
1061 1044 1215 1074 constitu-

208 1096 326 1126 tionem
339 1096 523 1135 hujusmodi
536 1096 699 1126 venientes
711 1097 1215 1128 hactenusexcommunicationis

206 1149 414 1179 incurrerunt
430 1149 622 1179 sententiam
640 1149 689 1179 vel
701 1150 733 1179 in
749 1159 846 1188 penas
858 1150 936 1180 alias
949 1151 1142 1186 inciderunt,
1162 1159 1214 1181 eos

205 1202 369 1233 absolvere
383 1203 475 1241 juxta
494 1203 629 1233 formam
653 1203 786 1233 ecclesie
807 1204 949 1243 ipsisque
969 1214 1064 1243 penas
1085 1205 1212 1235 easdem

205 1256 368 1286 remittere
384 1256 488 1286 valeas
504 1255 631 1294 plenam
650 1257 705 1287 tibi
720 1258 905 1287 auctoritate
923 1258 1119 1296 presentium
1138 1267 1214 1288 con-

202 1308 350 1339 cedimus
373 1308 566 1338 facultatem.
593 1309 664 1339 Dat.
687 1310 772 1348 apud
797 1310 1070 1347 Urbemveterem,
1091 1321 1134 1341 xn
1155 1311 1211 1341 ka-

205 1362 315 1392 lendas
332 1363 525 1401 novembris,
543 1371 629 1393 auno
645 1364 746 1394 tertio.
766 1376 778 1388 ι»

274 1507 392 1536 4404

239 1571 379 1596 Processus
404 1572 433 1596 in
457 1571 500 1596 die
525 1572 708 1598 Dedicationis
733 1573 842 1599 basilice
867 1575 1002 1607 principis
1027 1576 1211 1608 apostolorum

200 1622 297 1645 contra
312 1620 455 1650 lucabum,
472 1621 611 1653 quondam
627 1622 701 1647 Petri
715 1622 781 1648 olim
798 1623 868 1655 reyis
883 1624 1044 1656 Arayonum
1063 1624 1169 1656 filium,
1187 1628 1212 1651 et

200 1667 318 1694 Siculos.
335 1667 419 1700 (Rso.
437 1669 480 1702 45,
498 1677 524 1696 c.
543 1669 603 1701 103,
619 1669 639 1696 f.
656 1670 705 1696 174
724 1677 770 1700 νος
789 1670 905 1703 Purra⁸¹
922 1671 1032 1704 23466.)

694 1508 825 1541 Orvieto,
840 1509 874 1536 '20
891 1511 1043 1537 novembre
1062 1511 1138 1539 t‘390.

242 1757 398 1792 Nicotaus,
418 1762 470 1786 etc.
489 1758 533 1786 Ad
551 1759 764 1788 certitudinem
780 1761 967 1797 presentiam
985 1766 1010 1790 et
1028 1763 1210 1791 memoriam

201 1809 394 1844 futurorum.
416 1810 571 1840 Jacobum
593 1816 623 1840 et
644 1811 767 1842 Siculos
787 1818 896 1843 monet
914 1818 948 1843 ut
964 1819 1038 1844 ante
1056 1814 1210 1845 kalendas

202 1861 314 1899 aprilis
337 1862 481 1900 proximo
507 1865 633 1893 venturi
655 1864 694 1894 ad
718 1865 868 1896 ecclesiae
892 1867 1043 1897 mandata
1062 1868 1207 1905 redeant,

201 1914 346 1954 alioquin
363 1920 472 1946 contra
487 1925 539 1947 eos
555 1918 764 1956 spiritualiter
776 1923 806 1949 et
821 1921 1035 1959 temporaliter
1051 1922 1208 1960 procedet.

244 1982 258 1996 «
276 1969 405 1999 Dudum
421 1979 476 2009 per
491 1970 630 2001 feliciS...
645 1989 684 1993 —
697 1973 814 2002 Actum
829 1973 862 2002 in
880 1974 1079 2011 Urbeveteri,
1094 1977 1127 2005 in
1142 1986 1210 2016 pre-

200 2022 287 2052 dicta
303 2022 436 2053 ecclesia
453 2023 670 2062 Urbevetaua,
690 2025 724 2055 iu
744 2025 822 2056 festo
843 2027 1061 2058 Dedicationis
1078 2029 1211 2062 basilice

202 2075 356 2114 principis
373 2076 589 2115 apostolorum
606 2078 645 2108 de
660 2078 762 2114 Urbe,
782 2080 986 2118 pontificatus
1005 2082 1107 2112 nostri
1125 2092 1210 2114 anno

201 2133 305 2158 tertio.
326 2140 338 2155 ι

270 2274 389 2303 4405

235 2336 375 2362 Processus
396 2340 491 2363 contra
513 2338 742 2372 Gephaludensem
767 2344 790 2367 et
815 2343 1038 2372 Neueastrensem
1062 2347 1206 2380 episcopos.

203 2383 285 2413 (itm.
301 2385 344 2415 45.
362 2393 386 2411 c.
408 2386 466 2417 104,
484 2387 503 2412 f.
523 2387 571 2413 ¹75
589 2391 634 2417 r0.)

690 2278 820 2310 Orvieto,
835 2280 870 2307 ‘20
886 2282 1039 2309 novembre
1058 2283 1135 2311 1‘290.

238 2473 392 2510 Nicotaus,
409 2479 462 2504 etc.
486 2476 530 2504 Ad
548 2477 758 2508 certitudinem
775 2482 963 2517 presentium
983 2488 1008 2512 et
1026 2487 1206 2516 memoriam

197 2527 392 2561 futurorum.
411 2540 424 2553 ιι
448 2528 576 2559 Pridem
594 2530 757 2569 Junctam,
775 2533 851 2564 olim
869 2534 1158 2576 Cephaludensem,
1177 2545 1207 2570 et

199 2577 430 2616 Trancredum,
445 2580 522 2611 olim
536 2583 800 2615 Neucastrensem
815 2588 989 2628 episcopos,
1005 2592 1206 2630 exigentibus

200 2632 398 2667 gravissimis
413 2634 515 2671 culpis
531 2636 607 2672 suis,
622 2637 717 2668 citare
729 2640 914 2671 curavimus
931 2642 1039 2682 eisque
1052 2645 1112 2675 sub
1125 2654 1206 2685 pena

199 2683 429 2723 depositionis,
449 2696 546 2726 quam
567 2697 602 2719 eo
623 2690 689 2729 ipso
706 2691 869 2724 voluimus
883 2694 955 2725 illos
978 2697 1160 2735 incurrere,
1179 2701 1205 2730 si

199 2737 356 2768 mandatis
383 2741 500 2770 nostris
524 2750 588 2772 non
612 2749 761 2774 curarent
782 2747 950 2778 efficaciter
973 2750 1114 2789 obedire,
1141 2753 1206 2783 dis-

201 2790 290 2819 tricte
306 2792 529 2824 mandavimus
553 2800 585 2825 ut
606 2802 691 2828 certo
709 2799 846 2830 termino
865 2810 970 2832 coram
988 2804 1079 2835 nobis
1095 2814 1203 2844 perso-

201 2842 316 2873 naliter
343 2854 576 2885 comparerent,
597 2859 652 2888 pro
680 2853 802 2883 meritis
832 2858 1007 2895 recepturi;
1028 2859 1102 2897 quia
1130 2869 1205 2892 vero
1242 2873 1244 2883 Δ

202 2896 314 2933 prefati
338 2898 455 2929 Jnucta
479 2905 507 2931 et
525 2903 724 2935 Trancredns
743 2907 833 2945 ,juxta
850 2910 1036 2940 mandatum
1061 2917 1203 2943 nostrum

199 2956 305 2978 corani
325 2951 414 2981 nobis
431 2953 463 2982 in
484 2956 601 2992 pretixo
619 2958 664 2987 cis
683 2967 864 2999 comparere
884 2964 1022 2995 termino
1039 2971 1204 2997 contuma-

199 3000 278 3030 citer
308 3012 367 3033 non
395 3013 564 3043 curarunt,
589 3009 687 3048 ipsos,
709 3018 834 3051 propter
862 3015 920 3046 hoc
948 3022 977 3046 et
1001 3018 1080 3048 alios
1108 3021 1203 3050 etiam
1243 3023 1245 3034 ¹

200 3061 311 3084 eorum
339 3057 537 3090 detestandos
561 3068 589 3091 et
619 3073 765 3096 enormes
790 3077 950 3107 excessus,
977 3077 1121 3109 presente
1146 3074 1205 3104 hac

1303 459 1446 490 fidelium
1470 460 1680 491 multitudine
1699 461 1842 500 copiosa,
1865 463 2182 494 excommunicamus
2204 468 2235 494 et
2255 464 2312 496 de·
2360 496 2363 497 γ

1302 513 1493 543 nuntiamus
1522 514 1647 544 eosdem
1675 514 1862 553 hujusmodi
1886 514 2093 556 depositionis
2118 517 2311 549 sententiam

1302 575 1514 597 iucurrisse...
1534 579 1548 593 »

1371 713 1490 742 4406

1337 776 1477 802 Proressus
1491 778 1588 802 contra
1603 775 1755 802 Guidoiiem
1768 776 1800 803 de
1815 776 1981 810 Montefiltro
1996 781 2021 804 et
2036 778 2159 805 Pisanos.
2171 778 2253 813 (Rau.
2266 779 2311 815 45,

1300 832 1327 852 c.
1344 825 1405 856 105,
1423 825 1441 852 f.
1460 825 1510 852 175
1527 831 1570 857 ι·ο;
1589 824 1707 856 Pomm,
1723 825 1835 857 23467.)

1793 714 1926 746 Orvieto,
1940 714 1975 742 20
1990 716 2144 743 novembre
2161 716 2239 745 1290.

1339 913 1500 951 Nicotaus,
1519 918 1573 943 etc.
1592 914 1636 944 Ad
1653 914 1866 944 certitudinem
1882 915 2069 953 presentium
2085 921 2111 946 et
2131 918 2310 948 memoriam

1298 968 1489 1003 futurorum.
1512 965 1706 1003 Guidonem,
1733 967 1925 998 pisanorum
1945 969 2159 1007 capitaneum,
2184 978 2311 1001 excom-

1298 1020 1458 1055 municat,
1480 1020 1706 1060 civitatemque
1730 1018 1882 1051 Pisanam
1904 1021 2086 1060 interdicit,
2103 1021 2312 1063 Gnidonique
2368 1011 2373 1029 ³

1298 1073 1441 1112 injungit
1457 1077 1490 1103 ut
1504 1073 1589 1103 infra
1605 1073 1703 1104 unius
1719 1074 1839 1104 mensis
1856 1075 1994 1114 spatium
2009 1075 2147 1106 civitatis
2165 1076 2311 1115 regimen

1297 1126 1440 1156 dimittat
1478 1131 1509 1157 et
1543 1136 1651 1158 coram
1682 1128 1757 1158 sede
1785 1128 1955 1168 apostolica
1987 1138 2042 1168 per
2073 1134 2310 1168 procuratorem

1297 1185 1488 1219 compareat.

1339 1246 1352 1261 <x
1371 1233 1538 1265 Intellecto
1553 1234 1677 1265 dudum
1695 1235 1820 1274 quod...
1841 1247 1854 1262 ι,

1365 1381 1483 1410 414οἵ

1331 1443 1473 1470 Processus
1487 1446 1583 1470 contra
1598 1443 1794 1477 Maynardam,
1807 1444 1901 1470 (lacem
1919 1444 2062 1471 Cariathie
2076 1448 2101 1471 et
2116 1447 2242 1472 comitem
2259 1445 2310 1480 Ty·

1295 1493 1439 1520 rolensem.
1460 1492 1541 1525 (Rso.
1559 1493 1601 1525 45,
1619 1501 1645 1520 c.
1664 1493 1724 1524 106,
1742 1493 1761 1520 f.
1780 1493 1830 1520 175
1847 1495 1899 1526 νο.)

1789 1380 1920 1416 Orvieto,
1936 1381 1970 1410 ‘20
1986 1383 2142 1410 novembre
2157 1382 2236 1411 1290.

1333 1582 1487 1617 Nicotaus,
1504 1587 1556 1612 etc.
1576 1583 1620 1611 Ad
1636 1583 1852 1612 certitudinem
1870 1584 2061 1620 presentium
2083 1589 2109 1613 et
2127 1585 2308 1614 memoriam

1294 1636 1486 1672 futurorum.
1511 1635 1742 1674 Maynardum,
1764 1635 1879 1665 ducem
1899 1635 2086 1666 Carinthiae
2107 1641 2137 1666 et
2157 1637 2305 1668 comitem

1294 1688 1525 1728 Tyrolensem,
1556 1689 1632 1719 citat
1664 1691 1698 1719 ut
1718 1693 1803 1730 ‘ante
1833 1689 1988 1719 kalendas
2022 1689 2130 1720 martii
2162 1691 2307 1730 proximo

1294 1742 1394 1772 futuri
1416 1751 1524 1772 coram
1547 1743 1620 1773 sede
1644 1742 1818 1782 apostolica
1841 1747 2037 1782 compareat,
2057 1743 2307 1775 satisfactionem

1250 1810 1251 1815 =
1294 1795 1471 1835 plenariam
1493 1796 1532 1826 de
1554 1796 1686 1835 injuriis
1707 1805 1726 1826 a
1744 1805 1778 1826 se
1796 1796 1836 1826 ad
1855 1795 2022 1826 ecclesiam
2041 1801 2072 1826 et
2089 1797 2306 1836 episcopatum

1293 1849 1522 1880 Tridentinum
1538 1849 1636 1880 illatis
1652 1849 1796 1879 daturus.

1334 1915 1349 1931 «
1367 1903 1417 1933 Ad
1437 1902 1644 1941 apostolicam
1662 1903 1808 1934 sedem...
1825 1903 1844 1930 'n

1363 2049 1483 2078 4408
1787 2048 1914 2082 Orvieto,
1933 2049 1964 2077 18
1981 2050 2136 2077 novembre
2153 2050 2231 2078 1290.

1329 2112 1494 2139 Constitutz'o
1509 2114 1606 2139 contra
1627 2113 1843 2146 conjurationes.
1859 2111 1943 2145 (Rau.
1962 2113 2010 2147 45,
2025 2120 2051 2140 c.
2071 2112 2134 2146 107,
2148 2113 2168 2140 f.
2188 2113 2238 2141 175
2255 2117 2303 2147 v⁰;

1293 2160 1410 2193 Pom-m„
1427 2161 1536 2193 23475)

1331 2250 1376 2280 Ad
1392 2251 1535 2287 suturam
1550 2251 1595 2279 rei
1613 2251 1805 2280 memoriam.
1824 2249 1975 2286 Iuhibet,
1996 2249 2030 2279 in
2046 2250 2304 2289 quibuscumque

1293 2304 1385 2333 terris
1401 2303 1552 2333 ecclesiae
1574 2311 1745 2339 romanae,
1768 2315 1781 2330 ιι
1806 2303 1892 2333 inter
1912 2303 2056 2333 civitates
2073 2302 2123 2333 vel
2141 2295 2308 2334 universi-'

1291 2360 1369 2387 tates
1385 2357 1546 2396 quaslibet
1561 2366 1619 2387 seu
1634 2356 1721 2387 iuter
1737 2357 1880 2395 ipsarum
1898 2355 2041 2396 aliquam
2056 2361 2087 2387 et
2103 2356 2302 2396 singularem
2328 2348 2340 2356 ⁶

1290 2420 1459 2451 personam
1484 2410 1757 2450 conjurationem,
1787 2410 1982 2447 societatem,
2009 2410 2301 2442 confederationem
2341 2407 2353 2452 J

1290 2474 1346 2495 seu
1377 2464 1615 2503 colligationem
1642 2464 1838 2505 quamlibet,
1869 2464 1990 2503 absque
2019 2465 2102 2495 sedis
2131 2463 2303 2504 apostolice

1289 2527 1446 2548 consensu
1464 2522 1494 2548 et
1511 2527 1658 2557 expressa
1671 2517 1812 2555 licentia,
1825 2517 1975 2557 deinceps
1990 2518 2068 2548 iniri
2084 2521 2139 2548 aut
2153 2516 2301 2548 contrahi
2334 2534 2339 2541 ·

1289 2571 1339 2602 vel
1355 2571 1460 2602 colore
1474 2571 1618 2611 quolibet
1631 2571 1824 2610 attemptari.
1842 2584 1855 2598 n
2203 2608 2207 2611 ι
2327 2614 2331 2619 ⁶

1331 2637 1344 2652 a
1374 2624 1486 2655 Solent
1509 2624 1750 2663 conjurationes
1771 2629 1839 2655 et...
1859 2641 1899 2646 —-
1916 2624 1986 2654 Dat.
2011 2624 2096 2663 apud
2119 2625 2300 2657 Urbemve·

1290 2683 1400 2715 terem,
1418 2687 1484 2708 xnn
1502 2677 1655 2708 kalendas
1671 2678 1861 2715 decembris,
1878 2686 1964 2708 auno
1983 2678 2084 2708 tertio.
2105 2690 2119 2705 »
2290 2685 2297 2693 ·

1357 2824 1612 2853 4409-4410
1806 2824 1932 2856 Orvieto,
1951 2825 1965 2852 5
1981 2823 2132 2852 decembre
2150 2824 2226 2854 1290.

1326 2887 1435 2923 Regem
1452 2887 1590 2915 Franciae
1614 2891 1695 2922 rogat
1714 2887 1818 2914 Terrae
1835 2887 1958 2914 Sanctae
1973 2887 2133 2915 custodiam
2149 2894 2298 2915 assumere
2333 2888 2345 2922 ‘j

1290 2946 1381 2972 usque
1397 2938 1592 2972 a21⁵generans
1609 2937 1736 2972 passagii
1752 2940 1877 2972 tempus.
1893 2936 1977 2970 (Res.
1992 2937 2036 2971 45,
2047 2945 2072 2964 e.
2090 2937 2149 2972 108,
2162 2937 2182 2964 s.
2196 2936 2245 2964 176
2255 2941 2318 2970 τοῖ’.

1288 2986 1406 3017 Purra..
1423 2986 1533 3019 23484.)

1329 3075 1494 3105 Carissimo
1510 3077 1542 3105 in
1563 3075 1682 3105 Christo
1696 3076 1761 3112 filio
1779 3075 1930 3113 Philippo,
1947 3077 2014 3113 reyi
2027 3076 2152 3105 Francie
2166 3075 2305 3105 illustri⁸¹
