2342 3652
954 364 1186 404 TROISIEME
1208 364 1366 404 ANNnn.
2054 385 2057 389 ·
2149 376 2206 406 597

110 439 191 469 blice
207 439 394 468 nuntiarent
410 443 439 468 et
456 440 601 470 nuntiari
621 441 770 471 facerent.
795 440 878 471 Cum
902 444 1009 471 autern
1025 449 1116 479 prae-

109 493 192 522 fatus
221 492 386 530 episcopus
415 493 453 522 de
484 494 618 531 pecunia
648 495 876 524 mercatoribus
892 519 897 531 ‚
931 502 1116 533 quanquam

112 545 268 575 terminus
284 545 452 574 solutionis
464 546 589 583 effluxit,
603 548 784 577 satisfacere
799 548 1005 585 contradicat,
1023 548 1117 578 Nico-

111 598 181 629 laus
193 607 273 636 papa
290 598 437 637 praefatis
453 599 621 629 abbatibus
638 601 770 630 mandat
785 605 820 631 ut
832 602 922 640 juxta
936 601 1116 631 litterarum

114 651 249 681 Honorii
267 656 407 681 tenorem
425 652 606 689 procedant.

152 716 165 732 α
185 704 416 742 Significat-unt
432 705 522 734 nobis
539 705 714 736 Thomas...
733 724 772 728 —
790 708 861 738 Dat.
879 707 961 746 apud
978 708 1116 738 Urbem-

110 760 260 793 veterem,
276 766 317 786 xn
334 756 488 786 kalendas
504 757 668 796 februarii,
685 768 772 790 anuo
789 761 890 790 tertio.
911 773 924 787 n

180 978 298 1007 4038

145 1040 189 1067 Ne
213 1040 355 1067 Clarissae
378 1041 428 1067 ulli
453 1040 583 1067 subsidia
608 1045 753 1075 praestare
778 1046 938 1069 teneantur.
963 1043 1044 1077 (Rae.
1072 1043 1115 1076 45,

110 1097 134 1115 c.
152 1089 212 1121 674,
232 1090 252 1115 f.
272 1089 319 1116 137
337 1096 382 1123 v⁰;
399 1089 516 1121 Pom-a,
534 1089 643 1123 23528.)

644 979 774 1011 Orvieto,
796 981 950 1015 18jauvie1·
968 981 1044 1008 1291.

151 1206 305 1236 Universis
323 1207 480 1236 abbatissis
502 1212 528 1236 et
548 1207 741 1236 conventibus
762 1216 898 1236 sororum
922 1209 1113 1237 inclusarum

107 1261 365 1290 monasteriorum
381 1261 500 1290 ordinis
514 1260 622 1290 Sancte
638 1260 734 1289 Clare.

150 1313 308 1349 «Quanto
323 1313 497 1343 studiosius
517 1313 666 1343 devota...
687 1329 726 1334 —
746 1314 816 1342 Dat.
838 1313 919 1352 apud
938 1314 1115 1343 Urbemve-

107 1370 220 1404 terem,
238 1376 278 1396 xv
294 1366 449 1397 kalendas
465 1366 632 1403 februarii,
649 1374 735 1395 anno
752 1366 854 1396 tertio.
876 1379 889 1393 x>

178 1581 295 1610 4039

146 1643 331 1679 Dispensatio
347 1651 437 1679 super
450 1643 610 1678 pluralitate
625 1643 840 1670 beneficiorum.
858 1644 940 1676 (Rau.
955 1644 997 1678 45,
1015 1652 1039 1670 c.
1053 1644 1114 1676 675,

108 1693 128 1720 f.
147 1693 196 1720 137
213 1693 264 1727 νο.)

644 1579 772 1612 Orvieto,
791 1581 819 1606 11
834 1581 947 1615 janvier
965 1580 1042 1608 1291.

149 1810 388 1846 Bonoz‘nconiro,
409 1810 666 1847 archipresbytero
685 1809 803 1838 ecclesie
828 1809 1012 1837 Veronensi&
1035 1807 1117 1837 Cum

109 1871 146 1893 eo
168 1862 331 1902 dispensat
351 1866 386 1892 ut
406 1861 612 1901 plebanatum
637 1861 739 1901 plebis
759 1861 798 1891 de
822 1861 960 1896 Cheller,
981 1861 1117 1890 Triden-

111 1916 198 1946 tinae
210 1916 376 1953 dioecesis,
389 1924 500 1946 curam
515 1916 699 1945 animarum
714 1915 900 1951 habentem,
911 1915 1117 1945 canonicatus

109 1974 140 2000 et
156 1969 353 2009 praebendas
375 1970 410 1999 in
430 1968 620 1999 Tridentina
636 1972 666 1998 et
684 1968 873 1998 Sanctorum
895 1968 1116 2005 Apostolorum

107 2023 289 2053 Veronensi
310 2022 470 2058 ecclesiis,
494 2022 564 2052 sine
581 2030 676 2058 cura,
698 2021 1045 2060 archipresbyteratum
1067 2029 1116 2050 ec-

108 2075 225 2106 etesiae
237 2076 444 2112 Veronensis,
461 2075 686 2105 canonicatum
702 2079 732 2104 et
748 2075 962 2114 praebendam
977 2075 1008 2103 iu
1026 2073 1116 2112 plebe

107 2129 148 2159 de
173 2129 254 2168 Ripa
278 2128 380 2165 clara,
399 2129 597 2159 Veronensis
623 2128 794 2164 dioecesis,
822 2128 891 2157 sine
916 2135 1010 2163 cura,
1038 2135 1118 2165 quae

112 2182 269 2212 beneficia
292 2182 468 2212 successive
493 2182 631 2212 obtinuit
648 2185 678 2211 et
702 2181 838 2210 insimul
855 2181 926 2210 siue
950 2180 1118 2218 dispensa-

110 2236 198 2266 tione
224 2236 376 2273 retinuit,
396 2236 518 2266 fructus
544 2245 579 2265 ex
605 2236 650 2265 eis
673 2235 864 2274 percipiens,
889 2234 974 2264 licite
1000 2229 1119 2263 habere

109 2289 224 2319 valeat.

152 2355 166 2370 «
190 2343 325 2373 Illorum
345 2343 427 2373 votis
448 2342 656 2382 apostolica...
679 2359 720 2365 —
741 2342 812 2371 Dat.
830 2341 914 2381 apud
938 2341 1117 2371 Urbemve-

111 2400 222 2431 terem,
243 2406 276 2426 111
293 2396 365 2427 idus
378 2396 533 2435 januarii,
550 2405 636 2427 anno
653 2396 758 2426 tertio.
778 2408 792 2423 »

180 2607 301 2636 4040

145 2669 289 2706 Episcopo
311 2670 508 2697 Camerinensi
527 2671 643 2698 mandat
664 2674 695 2697 ut
718 2671 897 2705 receptiones
913 2670 1118 2697 canonicorum

109 2720 138 2746 in
159 2720 280 2747 ecclesia
302 2719 399 2746 Sancti
422 2719 558 2746 Venantii
581 2719 778 2746 Camerinensi
800 2720 872 2746 ultra
894 2727 1044 2745 numerum
1069 2726 1120 2753 per

110 2769 209 2796 sedem
224 2769 411 2804 apostolicam
426 2769 626 2796 confirmatum
642 2769 732 2795 factas
747 2773 853 2795 casset.
868 2768 951 2801 (Rau.
963 2768 1005 2801 45,
1017 2775 1042 2794 e.
1055 2767 1115 2798 676,

109 2818 129 2844 f.
147 2818 194 2845 137
212 2819 264 2851 ve.)

645 2607 771 2640 Orvieto,
791 2608 824 2635 ‘23
839 2609 951 2642 Janvier
968 2608 1046 2634 1291.

156 2933 322 2963 Venerabili
336 2935 431 2970 fratri
451 2956 469 2963 ..
489 2934 620 2971 episeopo
640 2932 857 2963 camerinensi.

153 2999 166 3014 u
189 2987 240 3017 Ad
261 2987 458 3017 audientiam
478 2989 659 3017 nostram...
680 3001 721 3008 —
743 2985 814 3015 Dat.
837 2985 920 3024 apud
943 2985 1117 3015 Urbemve-

112 3045 222 3076 terem,
241 3051 260 3071 x
274 3040 429 3071 kalendas
447 3040 612 3077 februarii,
630 3047 716 3070 anno
734 3038 838 3069 tertio.
856 3050 872 3065 »

1269 440 1388 468 4041

1235 501 1278 527 De
1289 502 1461 536 quibusdam
1480 503 1718 537 possessionibus
1734 504 1886 530 conventui
1903 504 2128 538 praedicatorum
2146 503 2206 530 Ma-

1750 441 1882 476 Orvieto,
1900 443 1914 469 8
1927 443 2039 477 janvier
2056 442 2132 469 1291.

1196 551 1336 584 j0ricensi
1353 551 1519 578 vendendis.
1539 552 1622 584 (Rea.
1641 553 1683 583 45,
1700 561 1725 579 c.
1741 551 1814 587 676²,
1832 553 1850 579 f.
1869 552 1917 579 138
1934 553 1981 587 Ν)

1245 653 1411 682 Venerabili
1422 656 1517 689 fratri
1535 676 1556 683 ..
1572 656 1703 692 episcopo
1722 655 1907 684 Gerundensi
1922 654 2052 684 mandat
2067 659 2099 683 ut
2116 663 2205 693 prae-

1199 705 1300 743 posito
1316 709 1346 734 et
1368 705 1504 744 capitulo
1523 707 1772 736 Terraconensis
1789 707 1940 737 ecclesiae
1957 707 2119 737 licentiam
2141 707 2205 736 lar-

1199 758 1305 795 giatur
1319 758 1494 795 vendendi,
1512 760 1732 789 consentiente
1749 783 1771 789 ..
1789 760 2019 790 Terraconensi
2033 761 2205 799 archiepis-

1199 819 1286 848 copo,
1306 811 1403 849 priori
1419 815 1449 840 et
1463 812 1635 841 conventui
1652 813 1786 842 fratrum
1802 813 2052 850 praedicatorum
2074 813 2204 852 Majori-

1199 863 1366 900 censibus,
1385 864 1494 894 domos
1513 868 1543 894 et
1559 864 1706 900 hortum,
1727 865 1894 902 contiguos
1910 865 1978 895 loco
1993 875 2088 904 quem
2106 865 2154 895 illi
2170 866 2204 895 in

1199 916 1326 946 civitate
1343 917 1546 955 MaJ'oricensi
1563 917 1692 947 habent.

1241 981 1254 995 «
1272 969 1317 998 Ex
1331 974 1418 1008 parte
1433 969 1660 1000 dilectorum...
1677 986 1715 992 —
1732 970 1802 999 Dat.
1821 971 1904 1009 apud
1923 972 2202 1008 Urbemveterem,

1199 1031 1229 1052 V1
1245 1022 1316 1052 idus
1329 1022 1482 1060 J'anuarii,
1499 1031 1584 1052 anno
1600 1023 1703 1054 tertio.
1724 1035 1736 1050 n

1270 1209 1388 1239 4042

1235 1271 1421 1306 Dispensatio
1434 1279 1521 1306 super
1530 1271 1644 1298 defectu
1658 1271 1802 1298 natalium.
1815 1271 1898 1306 (Rae.
1909 1272 1951 1306 45,
1962 1280 1987 1297 C.
1998 1272 2058 1303 677,
2067 1272 2086 1298 f.
2098 1271 2147 1299 138
2156 1273 2204 1305 r0.)

1760 1208 1886 1243 Orvieto,
1904 1210 1919 1236 8
1935 1210 2038 1236 sevrier
2055 1209 2132 1237 1291.

1243 1373 1390 1408 Orlando,
1412 1379 1484 1403 nato
1508 1374 1663 1411 quondam
1686 1374 1892 1403 [ldebrandini
1912 1374 1946 1403 cle
1968 1374 2079 1403 Sancta
2102 1375 2202 1410 Flora,

1199 1426 1318 1455 comitis
1341 1427 1495 1463 Palatini,
1522 1428 1669 1456 monacho
1695 1428 1874 1457 monasterii
1899 1427 2003 1457 Sancti
2028 1429 2146 1457 Anlimi
2170 1429 2205 1457 de

1206 1480 1286 1509 Valle
1301 1480 1435 1516 Scarlie,
1461 1481 1580 1509 ordinis
1596 1480 1626 1509 S.
1651 1481 1820 1517 Benedicti,
1839 1481 1958 1510 Clusino
1975 1481 2114 1518 diocesis,
2131 1489 2205 1511 cum

1200 1541 1262 1571 quo
1284 1534 1351 1571 jam
1376 1533 1573 1571 dispensavit
1595 1534 1758 1564 Honorius
1780 1534 1885 1563 ΙΙΙΙῑΰΞ
1903 1537 1953 1571 ut,
1975 1543 2039 1564 non
2061 1535 2205 1564 obstante

1199 1586 1322 1617 defectu
1344 1587 1501 1616 natalium
1522 1596 1618 1626 quem
1645 1588 1771 1626 patitur,
1796 1596 1814 1617 a
1837 1588 2005 1626 conjugato
2027 1589 2153 1626 genitus
2175 1592 2205 1618 et

1199 1639 1310 1676 soluta,
1339 1639 1378 1669 ad
1402 1649 1514 1670 omnes
1541 1649 1646 1670 sacros
1674 1641 1802 1670 ordines
1828 1642 2007 1679 promoveri
2037 1646 2066 1671 et
2090 1642 2129 1671 ad
2153 1641 2204 1671 sui

1199 1692 1321 1722 ordinis
1340 1693 1636 1723 administrationes
1651 1694 1773 1724 assumi
1791 1699 1907 1733 posset,
1924 1695 2039 1724 iterum
2058 1694 2205 1732 indulget

1199 1750 1233 1775 ut
1254 1746 1293 1775 ad
1316 1746 1494 1784 quamlibet
1511 1747 1843 1784 administrationem,
1863 1747 1959 1777 etiam
1982 1748 2021 1777 ad
2045 1748 2203 1777 abbatiam

1199 1799 1249 1829 sui
1264 1799 1399 1834 ordinis,
1419 1799 1539 1829 assumi
1558 1799 1671 1829 valeat.

1241 1864 1254 1879 α
1281 1852 1452 1890 Illegitime
1476 1853 1598 1890 genitos
1622 1862 1738 1892 quos...
1763 1870 1803 1875 —
1826 1854 1897 1884 Dat.
1920 1854 2003 1892 apud
2028 1854 2203 1885 Urbemve-

1200 1910 1310 1943 terem,
1328 1916 1359 1936 Vt
1376 1906 1448 1936 idus
1467 1907 1630 1943 februarii,
1648 1916 1733 1938 anno
1750 1908 1850 1939 tertio.
1869 1919 1883 1935 n

1269 2093 1387 2121 4⁰43

1235 2154 1277 2181 De
1293 2155 1438 2181 abbatissa
1454 2156 1619 2182 monasterii
1636 2155 1757 2182 Sanctae
1770 2153 1907 2182 vivianae
1923 2156 1957 2182 de
1969 2155 2047 2182 Urbe
2063 2156 2203 2190 eligenda.

1200 2203 1282 2236 (Rea.
1300 2204 1347 2235 45,
1365 2212 1390 2230 c.
1409 2204 1481 2239 6772,
1499 2205 1517 2231 f.
1536 2204 1585 2231 '138
1602 2207 1649 2237 ro.)

1734 2092 1859 2125 Orvieto,
1882 2094 1908 2119 l7
1922 2094 2036 2127 janvier
2054 2093 2131 2121 1991.

1242 2329 1262 2336 ..
1284 2307 1430 2343 priorisse
1452 2312 1478 2335 et
1500 2308 1661 2336 conventui
1689 2308 1866 2336 monasterii
1890 2307 1997 2336 Sancte
2026 2307 2147 2336 Viviane
2172 2308 2206 2336 de

1203 2359 1291 2395 Urbe,
1309 2360 1427 2389 ordinis
1441 2358 1472 2390 S.
1493 2360 1659 2395 Benedicti,
1679 2359 1840 2389 licentiam
1858 2360 2001 2390 concedit
2018 2359 2206 2398 providendi

1201 2412 1239 2441 de
1259 2413 1415 2442 abbatissa
1437 2413 1629 2443 monasterio
1651 2413 1809 2451 praedicto
1829 2422 1883 2451 per
1905 2413 2026 2442 obitum
2050 2413 2206 2442 Vivianae

1201 2466 1336 2495 vacanti.

1243 2531 1255 2546 «
1274 2518 1495 2549 Intelleximus
1518 2528 1573 2557 per
1592 2519 1752 2549 litteras...
1773 2536 1811 2541 —
1834 2520 1903 2549 Dat.
1924 2520 2006 2558 apud
2027 2519 2203 2549 Urbemve-

1200 2575 1312 2607 terem,
1329 2581 1381 2601 xvt
1397 2572 1549 2602 kalendas
1566 2572 1730 2609 februarii,
1748 2581 1833 2603 anno
1849 2573 1949 2602 tertio.
1971 2584 1984 2599 »

1270 2765 1389 2793 4044
1733 2764 1862 2798 Orvieto,
1882 2764 1912 2791 31
1927 2765 2040 2799 Janvier
2056 2765 2132 2792 1291.

1235 2826 1448 2853 Tabellionatus
1463 2827 1597 2853 officium.
1615 2826 1697 2860 (Rae.
1716 2827 1758 2858 45,
1777 2834 1802 2853 c.
1819 2826 1880 2857 678,
1899 2827 1917 2854 f.
1937 2827 1985 2853 138
2003 2829 2047 2857 ro.)

1247 2929 1414 2959 Venerabili
1428 2931 1525 2966 fratri
1545 2929 1693 2965 Conrado,
1710 2930 1842 2966 episcopo
1861 2930 2006 2965 Tullensi‚
2024 2929 2205 2959 facultatem

1201 2982 1538 3012 conceditconserendi
1554 2982 1677 3012 duabus
1688 2982 1832 3021 personis
1843 2982 1967 3012 idoneis
1983 2982 2205 3013 tabellionatus

1201 3036 1353 3067 officium.
