2477 3637
264 382 301 412 44
1010 377 1246 408 REGISTRES
1267 378 1322 409 DE
1345 378 1528 410 NICOLAS
1552 379 1608 410 IV.

305 460 318 475 α
340 448 427 478 Inter
441 451 544 477 cetera
559 455 657 485 que...
673 463 711 466 —
724 446 794 476 Dat.
816 445 924 483 Reate,
941 454 1010 474 vnn
1031 444 1185 474 kalendas
1201 453 1267 483 sep-

263 501 410 539 tembris,
430 509 515 530 anno
533 501 644 540 primo.
665 511 678 526 ι»

303 555 340 585 Ιι]
354 563 380 584 e.
397 563 438 583 m.
454 552 591 591 capitulo
605 551 756 581 ecclesiae
771 551 953 581 Nncerinae
966 550 1097 580 mandat
1110 555 1267 590 quatenus

262 607 366 638 eidem
383 607 480 637 electo
499 606 637 635 debitam
657 605 803 643 praebeat
817 604 1045 634 obedientiam.

303 661 339 690 Iu
359 670 385 690 e.
405 670 446 689 m.
464 660 548 690 clero
563 659 700 689 civitatis
716 663 746 689 et
762 659 915 689 dioecesis
932 658 1122 688 Nucerinae.

332 825 413 855 281

296 889 493 915 Salernitanns
508 889 745 923 archiepiscopus
756 892 784 914 et
794 889 839 915 alii
852 887 1024 914 Salernitani
1034 889 1158 915 citantur
1169 896 1266 914 coram

260 938 327 965 sede
342 938 504 972 apostolica.
525 938 606 971 (Rau.
626 938 668 971 44,
686 945 711 964 c.
735 937 790 968 144.
810 937 827 963 f.
844 937 876 964 36
893 944 939 968 νυς
961 937 1075 966 l‘orrni.
1093 937 1202 969 22796.)

796 824 886 855 Rieti.
904 824 920 851 9
936 824 1099 859 septembre
1117 824 1192 851 1288.

306 1034 529 1062 Venm-abilibus
547 1034 696 1070 fratribus
715 1055 734 1062 ..
755 1033 882 1061 sturmo
902 1036 929 1062 ec
945 1055 965 1061 ..
985 1033 1004 1061 ,1
1013 1033 1169 1061 rellz'nensi
1188 1032 1266 1069 epis-

260 1088 350 1124 copis.
374 1086 444 1115 «Ad
459 1086 655 1116 audientiam
672 1090 812 1115 nostram
825 1085 1078 1124 pervenitqnod,
1098 1093 1172 1114 cum
1187 1084 1265 1114 olim

260 1139 388 1178 quidam
417 1139 496 1168 civis
524 1143 552 1168 et
581 1144 736 1168 mercator
759 1138 987 1174 Florentinus,
1015 1142 1089 1167 tunc
1117 1138 1265 1176 temporis

259 1200 460 1222 commorans
479 1191 513 1220 in
531 1191 681 1223 Salerno,
698 1190 898 1220 accubuisset
913 1191 947 1219 in
965 1189 1044 1220 lecto
1060 1189 1263 1227 egritudinis,

260 1254 296 1275 ex
314 1254 376 1284 qua
394 1244 596 1283 postmodnm
612 1244 788 1274 dinoscitur
804 1243 987 1279 decessisse,
1004 1252 1050 1279 ac,
1069 1248 1195 1282 propter
1211 1244 1266 1273 de-

260 1299 420 1329 votionem
437 1307 534 1337 quam
550 1298 589 1327 ad
608 1298 711 1327 Deum
736 1301 766 1326 et
784 1297 928 1327 ordinem
948 1297 1083 1326 fratrum
1103 1298 1266 1327 minorum

259 1352 411 1388 habebat,
432 1351 543 1381 habitu
559 1351 746 1381 eorumdem
762 1351 897 1381 fratrum
915 1355 1077 1390 assumpto
1091 1375 1098 1388 ,
1117 1351 1200 1390 apud
1218 1351 1266 1381 di-

258 1405 354 1435 lectos
370 1405 451 1435 filios
469 1427 489 1434 ..
507 1404 723 1443 guardianum
740 1409 770 1434 et
788 1405 901 1435 fratres
917 1405 1060 1444 ejusdem
1081 1405 1205 1435 ordinis
1229 1405 1266 1435 de

259 1459 390 1489 salerno
408 1459 556 1495 elegisset
574 1459 606 1488 in
627 1458 790 1488 voluntate
811 1459 924 1488 ultima
943 1458 1090 1497 sepeliri,
1110 1459 1268 1498 illumque

258 1512 398 1550 denique
417 1512 484 1550 jam
509 1511 694 1541 defunctum
719 1511 941 1550 sepeliendum
968 1512 1002 1541 in
1026 1512 1184 1542 cimiterio
1212 1521 1268 1543 suo

257 1565 333 1595 dicti
350 1564 547 1602 guardianns
571 1569 601 1594 et
623 1564 735 1594 fratres
751 1565 790 1594 ad
814 1574 924 1595 eorum
946 1565 1112 1595 ecclesian]
1132 1565 1266 1595 detulis-

257 1623 337 1654 sent,
352 1617 496 1647 canonici
516 1623 545 1647 et
560 1617 668 1647 clerici
684 1618 815 1648 ecclesie
832 1618 1045 1654 Salernitane,
1065 1628 1129 1649 non
1147 1619 1266 1658 absque

256 1672 461 1702 conniventia
480 1672 652 1710 superioris
669 1681 797 1709 eorum,
816 1677 850 1701 ut
864 1673 1062 1709 credebatur,
1083 1682 1155 1703 cum
1174 1674 1266 1703 fusti-

257 1725 315 1754 bus
335 1724 373 1753 ad
393 1724 566 1762 predictam
590 1724 758 1754 ecclesiam
781 1725 938 1755 dictorum
960 1726 1132 1764 guardiani
1149 1731 1179 1756 et
1201 1727 1265 1756 fra—

259 1784 342 1808 trum
358 1788 436 1808 ausu
453 1778 576 1808 nefario
589 1779 783 1816 accedentes,
799 1780 951 1809 manibus
964 1780 1088 1818 injectis
1102 1781 1135 1810 in
1153 1790 1265 1819 quam-

259 1831 363 1870 plures
401 1841 436 1861 ex
474 1832 594 1861 eisdem
627 1832 797 1869 fratribus,
829 1834 887 1863 Dei
926 1835 1037 1864 timore
1072 1835 1241 1873 postposito
1257 1860 1263 1872 ,

258 1884 420 1921 violentis,
445 1894 558 1924 corpus
581 1886 682 1924 ipsius
709 1886 850 1917 defuncti
874 1896 947 1916 cum
971 1889 1103 1926 pannis,
1127 1889 1183 1927 qni
1209 1898 1264 1927 pro

258 1938 355 1976 ipsius
371 1938 492 1968 honore
509 1938 543 1967 in
562 1939 676 1969 feretro
694 1939 902 1977 habebantur,
919 1940 964 1970 eis
979 1941 1103 1981 auferre
1127 1951 1162 1971 ac
1186 1942 1264 1972 illud

256 1996 379 2030 portare
397 1991 435 2020 ad
454 1992 628 2030 predictam
644 1993 810 2023 ecclesiam
827 1994 1081 2031 Salernitanam,
1097 2004 1132 2025 ac
1146 1995 1264 2027 deinde

256 2045 390 2083 sepelire
424 2046 457 2075 in
493 2046 592 2085 ipsius
628 2047 760 2077 ecclesie
795 2048 954 2078 cimiterio
989 2055 1261 2089 presumpserunt.

256 2098 464 2128 Postmodum
482 2108 572 2135 vero,
591 2108 664 2129 cum
685 2100 815 2138 quidam
839 2110 875 2131 ex
896 2102 1047 2132 fratribus
1066 2102 1144 2141 ipsis
1160 2104 1193 2132 in
1213 2104 1264 2134 die

255 2151 326 2180 festi
347 2151 602 2182 Resurrectionis
618 2152 779 2183 dominice
793 2154 1035 2192 annipreteriti,
1053 2155 1092 2185 ad
1108 2155 1262 2186 honorem

257 2204 356 2242 ipsius
374 2205 444 2234 festi
468 2214 592 2235 necnon
610 2206 649 2236 ad
664 2207 848 2237 animarum
868 2208 1101 2239 edificationem
1115 2233 1122 2247 ‚
1140 2210 1174 2239 in
1192 2210 1262 2248 pul-

256 2257 322 2296 pito
347 2258 420 2287 dicti
450 2258 509 2288 loci
533 2266 744 2298 proponerent
771 2261 991 2300 sollempniter
1017 2264 1150 2293 verbnm
1181 2264 1260 2300 Dei,

255 2310 387 2350 quidam
405 2320 440 2340 ex
462 2311 609 2349 predictis
634 2312 758 2343 clericis
777 2315 923 2352 juniores
949 2316 986 2345 ad
1011 2316 1142 2347 ecclesie
1163 2318 1263 2356 ipsius

256 2362 316 2393 loci
333 2363 448 2392 ostium
468 2364 633 2393 venientes
649 2375 723 2395 cnm
740 2367 872 2404 strepitu
890 2373 920 2397 et
940 2368 1047 2397 sonitu
1067 2369 1262 2405 tabularum,

257 2424 335 2454 quas
354 2425 461 2445 secum
479 2416 627 2451 tulerant.
646 2418 778 2457 pulsatis
795 2420 890 2449 etiam
905 2422 1069 2460 campanis
1085 2422 1262 2452 vicinarum

256 2467 451 2507 capellarum
471 2478 525 2508 per
547 2471 686 2510 proprios
711 2473 905 2510 sacerdotes,
928 2474 1177 2512 predicationem
1201 2476 1263 2506 hu-

255 2522 393 2560 jusmodi
420 2531 483 2552 non
509 2523 579 2553 sine
603 2525 777 2555 multorum
800 2527 948 2557 scandalo
970 2529 1216 2566 perturbarunt3
1236 2534 1266 2559 et

256 2574 489 2605 nichilominus
504 2577 678 2615 capitulum
691 2579 829 2618 predicte
846 2580 976 2611 ecclesie
991 2582 1204 2618 Salernitane,
1218 2584 1264 2612 in-

252 2629 354 2666 jurias
372 2629 558 2668 adjicientes
575 2630 712 2669 injuriis,
732 2642 786 2671 per
800 2634 955 2672 quosdam
972 2645 1007 2665 ex
1022 2636 1153 2674 prefatis
1168 2636 1263 2666 cleri·-

256 2682 301 2711 cis
329 2682 361 2711 in
388 2682 492 2713 locum
517 2684 728 2722 predictorum
751 2687 920 2724 guardiani
943 2692 972 2717 et
995 2688 1146 2726 fratrum,
1163 2689 1264 2721 luces-

256 2739 344 2764 cente
375 2736 447 2772 die,
475 2737 719 2776 quampluribus
749 2739 907 2778 lapidibus
937 2742 1093 2781 injuriose
1117 2744 1261 2780 jactatis,

257 2788 326 2817 illos
344 2798 379 2818 ex
398 2791 572 2821 rectoribus
593 2792 800 2823 ecclesiarum
823 2795 961 2825 civitatis
984 2796 1185 2828 Salernitane
1208 2799 1263 2838 qui

256 2840 380 2879 aliquos
399 2851 434 2871 ex
458 2843 534 2880 ipsis
556 2845 706 2875 fratribus
729 2847 767 2877 ad
795 2848 1024 2888 predicandum
1049 2851 1260 2889 admiserant,

258 2903 312 2932 per
335 2893 442 2932 plnres
468 2896 616 2927 ecclesias
640 2899 739 2938 ipsius
761 2901 917 2940 civitatis,
936 2913 971 2933 ac
987 2905 1082 2934 etiam
1097 2905 1137 2934 ad
1159 2905 1261 2936 eccle-

256 2948 337 2978 siam
354 2949 455 2988 ipsius
475 2950 535 2981 loci
553 2953 686 2984 fratrum
703 2956 884 2994 minorum,
903 2959 1005 2989 nudos
1020 2960 1066 2991 ire
1082 2961 1259 2999 jusserunt.

258 3001 405 3032 Ceterum
432 3005 580 3034 nonnulli
604 3015 639 3036 ex
668 3010 830 3039 canonicis
854 3016 883 3041 et
907 3011 1032 3042 clericis
1056 3015 1260 3052 memoratis,

259 3055 367 3085 diviua
395 3057 516 3087 offensa
543 3061 778 3098 quomodolibet
805 3073 868 3094 non
895 3065 1006 3103 vitata,
1035 3076 1071 3097 ea
1097 3069 1262 3099 occasione

1351 435 1492 476 fortassis
1514 446 1599 485 quod
1628 446 1739 476 fratres
1763 447 1822 486 ipsi
1846 447 1898 477 die
1924 449 2053 480 sabbato
2080 454 2189 480 sancto
2214 450 2360 489 proximo

1350 499 1498 537 preterito
1524 499 1563 528 ad
1591 508 1751 538 ympnum
1774 500 1956 538 angelicum
1983 503 2139 541 pulsando
2169 511 2358 542 campanam

1350 552 1530 582 nominatos
1549 553 1718 583 canonicos
1736 559 1971 592 prevenerunt3
1992 555 2025 584 in
2050 556 2101 586 die
2125 556 2288 587 dominice
2306 565 2358 587 re-

1349 606 1555 636 surrectionis
1574 606 1758 636 immediate
1778 607 1939 645 sequenti,
1957 609 2118 639 associatis
2139 610 2201 640 sibi
2223 610 2356 649 quibus-

1349 659 1421 688 dam
1439 659 1527 689 laicis
1545 659 1734 698 perditionis
1751 659 1839 696 tiliis,
1856 660 1980 698 pulsata
1998 662 2084 701 prius
2101 672 2255 702 campana
2271 664 2357 702 ipso-

1349 722 1420 742 rum
1431 713 1469 742 ad
1479 719 1650 749 sturmum‚
1660 713 1699 743 ad
1711 714 1886 752 predictam
1897 714 2029 745 fratrum
2041 716 2182 755 ipsorum
2191 716 2357 747 ecclesiam

1348 772 1567 803 accesserunt,
1585 773 1614 797 et
1632 768 1768 807 quadam
1786 777 1896 807 capsa,
1914 768 1947 797 in
1963 777 2026 807 qua
2043 770 2227 800 reconditur
2243 778 2357 809 corpus

1348 819 1488 856 Christi,
1508 820 1547 850 de
1569 820 1681 858 altari,
1700 821 1733 850 in
1751 830 1812 860 qno
1833 826 1915 857 erat,
1940 821 1974 851 in
1998 822 2216 860 pavimentum
2237 823 2358 854 irreve-

1350 877 1456 901 renter
1472 873 1601 911 dejecta,
1619 879 1649 904 et
1665 883 1791 909 mensa,
1807 883 1869 913 qne
1885 874 1923 904 ad
1941 876 2115 905 tenendum
2131 876 2359 915 antiphonaria.

1349 930 1379 955 et
1397 925 1496 955 libros
1513 927 1591 957 alios
1607 927 1793 958 divinorum
1808 928 1997 966 solempniis
2013 933 2185 967 oportunos
2203 930 2236 959 in
2253 929 2358 960 medio

1348 980 1438 1009 chori
1455 981 1598 1019 ejusdem
1617 981 1749 1012 ecclesie
1765 982 1952 1018 habebatur,
1970 991 2095 1013 necnon
2111 983 2358 1023 quampluribus

1348 1033 1437 1062 ostiis
1458 1038 1487 1063 et
1503 1034 1650 1064 fenestris
1667 1036 1822 1066 cellarum
1843 1046 1897 1066 sen
1920 1036 2089 1066 domorum
2112 1037 2190 1067 dicti
2207 1037 2268 1067 loci
2283 1045 2358 1068 cum

1350 1087 1513 1116 securibus
1531 1087 1685 1118 violenter
1703 1090 1858 1124 effractis,
1879 1089 2004 1128 aliquos
2021 1099 2057 1120 ex
2078 1090 2170 1120 dictis
2186 1090 2357 1129 fratribus,

1349 1141 1404 1178 qni
1429 1141 1468 1170 ab
1481 1140 1623 1171 ’illorum
1641 1141 1747 1172 furore
1762 1142 1801 1172 ad
1822 1143 1931 1173 domos
1952 1143 2036 1181 ipsas
2054 1143 2284 1181 confugerant,
2303 1152 2359 1183 per

1351 1193 1474 1223 tunicas
1490 1203 1563 1223 snas
1579 1194 1638 1224 hac
1652 1194 1726 1225 illac
1742 1195 1996 1234 vituperabiliter
2012 1196 2183 1233 agitaruut,
2199 1200 2230 1226 et
2244 1196 2360 1236 aliqui-

1349 1247 1407 1276 bns
1423 1247 1599 1286 impetuose
1614 1248 1742 1286 fugatis,
1761 1249 1915 1288 quosdam
1932 1259 1967 1278 ex
1985 1249 2040 1285 eis,
2059 1249 2188 1287 injectis
2205 1249 2359 1280 tamenin

1350 1300 1423 1331 illos
1439 1300 1604 1339 sacrilegis
1621 1302 1779 1338 manibus,
1794 1303 1899 1332 verbis
1914 1302 2156 1333 contumeliosis
2173 1307 2203 1333 et
2217 1303 2309 1333 factis
2323 1311 2361 1334 ac

1349 1353 1424 1383 aliis
1444 1354 1579 1384 diversis
1594 1355 1772 1393 opprobriis
1786 1355 1918 1385 ausibus
1934 1355 2100 1394 nephariis
2117 1356 2310 1393 affecerunt,
2330 1361 2361 1387 et

1349 1407 1389 1437 ad
1415 1416 1605 1445 campanam
1629 1416 1740 1437 eorum
1763 1408 1859 1438 etiam
1884 1409 2086 1439 ascendendo
2112 1418 2186 1439 cum
2200 1409 2361 1448 lapidibus

1351 1461 1498 1499 frangere
1516 1461 1605 1490 illam
1621 1466 1794 1498 tentanteS,
1812 1461 1965 1492 malleum
1982 1472 2017 1491 ex
2034 1463 2103 1501 ipsa
2121 1471 2229 1492 secum
2246 1462 2361 1492 exinde

1349 1519 1570 1553 asportarunt,
1588 1514 1667 1544 alias
1689 1515 1840 1553 predictis
1856 1515 2008 1545 fratribus
2021 1515 2189 1546 actualiter
2204 1520 2234 1545 et
2250 1515 2361 1546 verba-

1350 1567 1422 1597 liter
1440 1568 1577 1606 injurias
1599 1568 1753 1606 plurimas
1775 1572 1804 1598 et
1827 1569 2014 1606 gravamina
2037 1569 2215 1599 inferendo.
2241 1569 2361 1599 Verum

1350 1630 1407 1651 nos
1425 1621 1567 1651 volentes
1584 1622 1734 1660 predictis
1756 1622 1907 1651 fratribus
1924 1622 1957 1651 in
1978 1622 2117 1661 presidio
2136 1622 2220 1652 sedis
2235 1627 2361 1661 aposto—

1350 1675 1420 1711 lice,
1438 1675 1530 1713 cnjns
1546 1675 1731 1705 immediate
1749 1675 1937 1714 protectioni
1954 1675 2137 1713 subjacent,
2157 1684 2220 1705 non
2237 1675 2358 1712 deesse,

1350 1737 1408 1758 nec
1431 1737 1576 1758 excessus
1602 1729 1685 1767 ipsos
1711 1728 1895 1767 relinquere
1923 1728 2120 1766 impunitos,
2149 1737 2189 1758 ne
2219 1728 2360 1759 fortassis

1326 1777 1329 1779 ’
1349 1790 1458 1811 eorum
1483 1782 1657 1820 impunitas
1681 1781 1864 1821 exemplum
1887 1782 2031 1820 preberet
2045 1782 2118 1811 aliis
2136 1781 2257 1811 similia
2276 1790 2360 1812 com-

1349 1835 1515 1872 mittendi,
1534 1836 1622 1866 vobis
1639 1837 1753 1865 nostris
1772 1835 1920 1865 dedimus
1935 1835 2052 1864 litteris
2074 1835 2108 1864 in
2126 1834 2304 1871 mandatis,
2323 1840 2359 1865 ut

1348 1898 1401 1919 vos
1418 1889 1467 1919 vel
1488 1889 1567 1919 alter
1585 1893 1744 1923 vestrum,
1770 1888 1924 1926 indagine
1945 1897 2040 1927 snper
2059 1887 2211 1927 predictis
2230 1897 2285 1927 per
2302 1896 2357 1918 vos

1347 1942 1454 1973 habita
1478 1943 1643 1981 diligenti,
1667 1948 1729 1973 tam
1746 1942 1817 1972 illos
1843 1950 1921 1981 quos
1949 1951 1984 1971 ex
2006 1942 2091 1971 fama
2117 1941 2166 1970 vel
2186 1940 2267 1971 alias
2287 1941 2356 1971 evi-

1347 1997 1458 2027 denter
1490 2001 1649 2027 constaret
1681 2006 1735 2036 per
1759 1996 1947 2034 indaginem
1978 1995 2165 2034 hujusmodi
2198 1995 2358 2026 dictorum

1348 2059 1538 2081 excessuum
1557 2051 1654 2081 fuisse
1674 2050 1839 2089 precipuos
1855 2054 2100 2088 presumptores,
2121 2058 2221 2088 usqne
2235 2048 2275 2078 ad
2291 2057 2357 2085 sex,

1347 2114 1441 2144 quam
1466 2113 1578 2135 omnes
1595 2104 1651 2143 qui
1674 2105 1707 2133 in
1724 2103 1908 2142 hujusmodi
1934 2103 2116 2133 excessibus
2137 2101 2358 2132 verisimiliter

1348 2162 1586 2197 presumeretur
1601 2157 1670 2197 (sic)
1686 2157 1783 2188 fuisse
1798 2156 1991 2195 culpabiles,
2015 2166 2051 2185 ex
2072 2160 2157 2194 parte
2179 2159 2285 2186 nostra
2303 2164 2356 2194 pe-

1348 2212 1519 2251 remptorie
1534 2212 1632 2241 citare
1647 2211 1815 2246 curaretis,
1833 2214 1867 2239 ut
1882 2209 1957 2239 dicti
1972 2219 2025 2239 sex
2042 2208 2262 2248 personaliter,
2280 2208 2356 2239 reli-

1348 2267 1405 2305 qui
1419 2275 1492 2296 vero
1508 2275 1562 2305 per
1578 2275 1610 2295 se
1626 2265 1675 2295 vel
1689 2274 1744 2304 per
1756 2268 1971 2303 procuratores
1987 2263 2129 2302 ydoneos
2144 2262 2229 2293 infra
2241 2262 2357 2301 viginti

1348 2320 1474 2350 dierum
1502 2320 1639 2358 spatium
1665 2323 1734 2357 post
1760 2318 1946 2348 citationem
1976 2321 2113 2346 vestram
2137 2321 2358 2355 comparerent

1347 2384 1453 2405 coram
1473 2374 1580 2410 nobis,
1600 2381 1654 2412 pro
1671 2372 1794 2402 meritis
1812 2371 1968 2409 recepturi
1986 2370 2169 2409 nostrisque
2186 2379 2281 2409 super
2296 2370 2357 2401 hoc

1346 2428 1482 2466 parituri
1501 2426 1708 2465 beneplacitis
1729 2430 1758 2455 et
1778 2425 1954 2460 mandatis,
1979 2433 2015 2454 ac
2040 2423 2154 2454 facturi
2176 2423 2260 2462 quod
2281 2423 2356 2453 ordo

1346 2482 1485 2519 exigeret
1506 2481 1648 2511 rationis.
1674 2480 1708 2509 Et
1728 2479 1802 2509 licet
1823 2487 1876 2508 vos
1898 2476 2115 2507 venerabilem
2133 2477 2263 2506 fratrem
2282 2484 2354 2506 nos-

1345 2539 1431 2565 trum
1447 2534 1651 2573 Philippum,
1670 2532 1908 2563 salernitanum
1927 2531 2220 2570 archiepiscopum,
2238 2537 2354 2569 quem,

1347 2589 1430 2619 sicut
1452 2597 1506 2627 per
1526 2587 1647 2616 litteras
1672 2590 1790 2616 vestras
1814 2585 2012 2623 accepimus,
2031 2583 2186 2622 premissa
2202 2581 2356 2621 indagine

1346 2642 1510 2680 diligenti,
1537 2640 1750 2680 predictorum
1775 2648 1961 2669 excessuum
1980 2637 2150 2668 invenistis
2168 2636 2268 2667 fuisse
2285 2644 2354 2675 pre-

1346 2697 1474 2736 cipuum
1492 2699 1697 2734 patratorem,
1722 2693 1896 2723 citaveritis
1918 2697 1952 2721 ut
1973 2700 2079 2722 coram
2095 2690 2188 2721 nobis
2203 2697 2354 2729 persona-

1346 2750 1418 2780 liter
1442 2754 1527 2779 certo
1554 2747 1691 2778 termino
1715 2750 1933 2786 compareret,
1959 2745 2025 2784 ipse
2055 2748 2158 2774 tamen
2181 2742 2215 2773 in
2243 2741 2356 2773 eodem

1346 2803 1484 2834 termino
1506 2810 1611 2832 coram
1633 2800 1726 2831 nobis
1747 2808 1928 2838 comparere
1955 2807 2017 2828 non
2035 2805 2169 2833 curans,
2194 2798 2356 2826 excusato-

1345 2865 1413 2887 rem
1438 2855 1600 2894 quendam
1628 2854 1667 2884 ad
1694 2858 1834 2883 nostram
1860 2851 2054 2891 presentiam
2077 2848 2271 2886 destinavit,
2297 2847 2355 2887 qui

1345 2909 1507 2948 proposuit
1533 2908 1654 2938 dictum
1682 2907 1957 2945 archiepiscopum
1980 2902 2168 2943 hujusmodi
2194 2901 2354 2932 citationis

1344 2967 1485 3003 pretextu
1515 2970 1577 2992 nou
1605 2962 1719 2992 debere
1745 2969 1850 2991 coram
1876 2959 1966 2989 nobis
1989 2955 2200 2996 personaliter
2227 2963 2354 2994 compa-

1344 3026 1423 3052 rere,
1441 3025 1513 3045 cum
1531 3015 1570 3045 de
1586 3015 1653 3054 ipso
1670 3015 1701 3044 in
1720 3014 1811 3044 dictis
1827 3013 1943 3043 litteris
1961 3010 2051 3041 nulla
2066 3018 2214 3049 expressa
2229 3007 2352 3038 mentio

1343 3070 1522 3100 haberetur.
1544 3069 1609 3099 Nos
1625 3069 1731 3108 itaque
1752 3067 1897 3099 nolentes
1915 3065 2074 3105 predictos
2094 3071 2241 3094 excessus
2261 3069 2352 3093 occa-
