2477 3637
226 378 281 408 284
502 384 508 389 '
554 364 558 374 ⁸
974 368 1207 399 REGts'rREs
1230 367 1284 396 DE
1308 365 1491 396 NICOLAs
1517 364 1571 393 1V.

225 444 366 483 gentiani
387 442 484 472 unius
504 440 581 470 anui
606 444 636 468 et
653 448 690 467 xi.
713 437 836 466 dierum
859 435 1003 466 concedit
1027 434 1231 465 visitantibus

226 497 392 528 ecclesiam
408 494 660 527 Vir-dunensem,
678 491 712 520 in
728 490 884 520 honorem
899 489 1008 519 beatae
1025 489 1144 518 Mariae
1159 496 1230 518 con-

226 555 392 584 structam,
422 549 454 577 in
480 551 616 585 quatuor
635 545 744 574 beatae
766 543 886 573 Mariae
906 541 1150 576 festivitatibus,
1175 549 1231 580 per

225 608 293 634 octo
315 603 382 632 dies
403 605 573 639 sequentes
593 603 623 628 et
644 598 676 627 in
697 597 919 627 anniversario
943 596 996 626 die
1021 594 1231 626 dedicationis

225 655 369 694 ejusdem
385 653 547 684 ecclesiae.

267 722 280 735 «ι
300 708 465 738 Gloriosus
486 707 571 736 Deus
587 706 660 735 in...
685 721 723 726 —
745 705 815 734 Dat.
842 704 954 740 Reate,
973 713 992 732 11
1010 703 1082 732 idus
1097 706 1232 742 septem-

227 763 307 797 bris,
323 770 410 792 anno
424 760 576 791 secundo.
595 772 608 785 ιι

300 949 415 978 1429
751 946 838 977 Rieti,
855 946 888 972 *20
903 945 1066 980 septembre
1084 944 1162 971 1289.

264 1005 469 1034 ludulacntiae.
488 1004 571 1037 (Risu.
590 1004 636 1034 44,
654 1012 679 1030 c.
698 1004 770 1036 501²,
787 1003 806 1029 f.
823 1002 875 1029 ‘2⁶29
891 1003 943 1034 v⁰.)

270 1131 287 1137 ..
303 1110 413 1137 rectori
425 1114 450 1137 et
465 1108 572 1137 clerico
585 1108 702 1136 ecclesie
716 1106 821 1136 Sancti
836 1106 1006 1136 salvatoris
1022 1106 1055 1134 in
1073 1105 1188 1133 Pesulis
1201 1104 1236 1132 de

226 1162 353 1192 Sorraca
370 1162 405 1190 de
425 1161 508 1190 Urbe.
529 1159 769 1197 Indulgentiam
796 1158 893 1188 unius
909 1158 988 1187 anni
1005 1161 1036 1186 et
1053 1166 1092 1186 xi,
1108 1156 1235 1186 dierum

226 1215 372 1245 concedit
395 1213 548 1244 omnibus
578 1222 652 1242 vere
680 1211 916 1250 poenitentibus
942 1215 972 1241 et
999 1210 1154 1241 confessis
1177 1209 1234 1248 qui

226 1267 420 1308 praedictam
448 1266 636 1300 ecclesiam,
671 1270 702 1295 et
737 1264 892 1304 capellam
924 1264 1058 1294 Sanctae
1090 1263 1232 1300 Mariae,

223 1323 313 1361 juxta
336 1321 503 1351 ecclesiam
528 1319 663 1349 eandem
682 1319 775 1348 sitam
791 1341 798 1355 ‚
822 1318 856 1347 in
877 1317 1103 1348 festivitatibus
1124 1317 1235 1346 beatae

226 1375 347 1405 Mariae
366 1377 394 1403 et
417 1374 524 1403 beatae
541 1373 658 1403 aniae
673 1397 679 1408 ,
699 1376 730 1401 et
747 1372 781 1401 in
798 1370 1019 1401 anniversario
1037 1370 1090 1400 die
1108 1370 1236 1400 dedica-

226 1428 321 1458 tionis
339 1426 482 1466 ejusdem
499 1426 669 1462 ecclesiae,
687 1424 902 1454 visitaverint.

266 1493 280 1509 u
301 1480 445 1511 Salvator
461 1480 608 1511 omnium
634 1479 758 1509 Deus...
777 1495 816 1500 —
838 1478 910 1509 Dat.
929 1478 1026 1508 Reate
1041 1503 1047 1515 ,
1064 1487 1106 1508 xn
1122 1477 1235 1507 kalen-

225 1535 281 1565 das
296 1534 432 1565 octobris
445 1557 452 1569 ‚
469 1541 556 1563 anno
571 1532 721 1563 secundo.
748 1544 761 1559 »

295 1731 315 1757 1
321 1728 412 1757 430

258 1793 400 1820 Alienatio
427 1793 567 1818 bonorum
595 1791 733 1818 Reatinae
757 1791 906 1817 ecclesiae.
932 1789 1016 1822 (Rae.
1043 1790 1092 1820 44,
1118 1797 1143 1816 c.
1166 1789 1232 1821 502,

222 1843 242 1870 s.
260 1841 310 1868 *222
327 1848 372 1873 v⁰;
392 1841 497 1869 Poma.
514 1840 626 1872 23084.)

749 1727 834 1760 Rieu,
851 1726 885 1753 ‘2⁰
901 1726 1065 1762 septembre
1083 1726 1161 1753 1289.

266 1945 384 1973 Dileclis
399 1945 475 1980 filiis
493 1966 513 1972 ..
531 1944 674 1972 ministro
687 1943 870 1980 provintiali
886 1943 1019 1972 Romane
1029 1944 1185 1980 provintie
1200 1951 1234 1972 ac

226 2021 245 2027 ..
276 1998 409 2032 custodi,
443 2021 462 2027 ..
493 1997 668 2035 quardiano
699 2002 726 2026 et
763 1997 927 2026 conventui
959 1997 1097 2033 fratrum
1129 1997 1235 2026 domus

223 2052 255 2082 S.
275 2052 430 2081 Francisci
447 2051 567 2080 Reatina
581 2074 587 2085 ,
605 2050 724 2079 ordinis
741 2050 909 2079 minorum.
925 2048 1102 2079 Confirmat
1117 2050 1235 2080 instru-

224 2110 332 2136 menta
350 2106 467 2145 quibus
487 2105 658 2135 Donadeus
676 2104 846 2141 Matthaei,
866 2104 1081 2143 praepositus,
1100 2109 1131 2134 et
1146 2105 1233 2144 capi-

225 2159 327 2190 tulum
341 2184 348 2196 ,
365 2158 516 2189 videlicet
527 2158 698 2196 Neapolio,
715 2158 876 2188 Berardus
890 2157 1050 2188 Johannis
1069 2158 1233 2195 Matthaei,

224 2213 361 2244 Jacobns
380 2211 538 2251 Raynaldi
554 2235 562 2249 ,
577 2212 717 2242 Jacobus
733 2211 884 2250 Symonis
898 2236 905 2249 ,
921 2211 1035 2241 Petrus
1053 2212 1233 2249 Romanus,

223 2265 361 2296 Jacobus
379 2264 553 2295 Eleotherii
573 2264 744 2302 Matthaei,
766 2264 976 2303 Pandulphus
994 2264 1234 2302 Theodomarii‚

224 2319 392 2350 Johannes
421 2318 617 2356 Bonimagni
640 2322 670 2348 et
693 2318 839 2348 Andreas
866 2318 951 2348 Petri
975 2317 1113 2348 Renaldi
1140 2319 1235 2348 Fatu-

225 2372 312 2411 culi,
335 2372 485 2402 canonici
508 2371 660 2402 ecclesiae
681 2371 790 2402 Sancti
813 2371 932 2410 Angeli
952 2371 1123 2408 Reatinae,
1144 2380 1237 2410 prae—

225 2426 319 2456 dictis
346 2426 496 2456 [ratribus
519 2434 574 2456 sex
603 2434 770 2455 mensuras
792 2426 895 2455 terrae
917 2424 1092 2463 vulgariter
1111 2425 1239 2455 Junctae

225 2479 400 2519 appellatae
416 2478 642 2509 vendiderunt.

268 2546 281 2561 α
301 2533 481 2572 Religionis
504 2538 606 2563 vestre
623 2538 801 2563 meretur...
827 2550 864 2554 —
890 2533 960 2563 Dat.
979 2533 1092 2569 Reate,
1120 2542 1160 2562 x11
1182 2533 1239 2563 ka-

208 2627 212 2631 *
227 2586 337 2617 tendas
353 2586 508 2621 octobris,
528 2594 614 2616 anno
630 2585 781 2616 secundo.
805 2599 818 2612 υ

305 2774 415 2802 1431

268 2836 397 2863 Facultas
412 2837 578 2864 conterendi
595 2837 797 2872 praebendam.
811 2838 894 2871 (Risu.
913 2838 956 2872 44,
973 2846 999 2864 c.
1012 2837 1072 2869 503,
1090 2838 1108 2865 f.
1128 2837 1177 2865 924
1193 2845 1237 2873 r⁰;

231 2886 296 2911 Lair.
316 2895 347 2911 nu
364 2886 511 2918 Tnenn,11,
529 2887 604 2920 261.)
1013 2892 1015 2894 “

759 2774 843 2806 Rieu,
859 2774 892 2801 ‘28
909 2774 1072 2810 septembre
1090 2775 1167 2802 1289.

277 2986 446 3017 Venerabili
460 2992 553 3026 fratri
570 3014 589 3020 ..
607 2993 738 3029 episcopo
754 2992 947 3021 Noviomensi
961 2990 1143 3021 facultatem
1162 2999 1238 3021 con-

233 3039 315 3069 cedit
334 3041 509 3079 recipiendi
523 3048 553 3072 et
565 3043 701 3073 faciendi
714 3044 813 3082 recipi
830 3044 863 3073 in
880 3043 1013 3074 ecclesia
1030 3044 1240 3074 Noviomensi

1313 593 1369 622 das
1384 591 1537 627 octobris,
1555 598 1641 620 anno
1657 588 1809 619 secundo.
1829 601 1842 615 »

1315 440 1415 462 unum
1431 430 1583 461 eloi-icum
1600 430 1634 459 in
1649 429 1840 459 canonicum
1852 432 1882 458 et
1895 428 1928 458 in
1945 428 2075 459 fratrem
2087 433 2118 458 et
2133 427 2321 467 providendi

1314 486 1343 516 ei
1360 485 1398 515 de
1415 483 1606 523 praebenda.

1355 551 1368 565 ι(
1395 537 1547 577 Spetialis
1564 536 1687 567 devotio
1702 544 1837 575 quam...
1863 551 1900 557 ——
1917 534 1989 565 Dat.
2009 534 2105 566 Reate
2120 560 2127 573 ,
2146 544 2191 564 un
2207 533 2322 565 kalen-
2359 560 2361 562 .

1389 745 1502 773 ¹432
1843 741 1928 775 Rieu,
1948 741 1977 768 Π
1994 741 2157 776 septembre
2172 741 2252 768 1289.

1352 807 1560 843 indulgentiae.
1573 806 1655 840 (nm.
1674 806 1717 837 44,
1734 814 1758 832 c.
1777 805 1838 836 504.
1853 805 1871 831 f.
1887 804 1937 831 2⁵24
1955 807 2000 833 ro.)

1358 912 1475 941 Dilectis
1489 911 1565 947 siliis
1581 933 1602 940 ..
1617 910 1718 947 priori
1734 913 1759 938 et
1775 909 1908 946 capitulo
1923 913 2022 938 sancte
2035 907 2260 946 patriarchalis
2270 907 2323 938 ba-

1316 965 1399 994 silice
1413 964 1579 994 salvatoris
1602 963 1699 992 nostri
1716 962 1936 992 Lateranensis.
1955 959 2198 999 Indulgentiam
2215 960 2324 998 omni-

1316 1017 1375 1047 bus
1393 1025 1465 1047 vere
1480 1015 1717 1055 poenitentibus
1733 1018 1763 1045 et
1778 1014 1933 1045 confessis
1950 1014 2006 1053 qui
2021 1013 2217 1053 praedictam
2238 1012 2323 1044 basi-

1316 1071 1422 1106 IIcam,
1440 1078 1537 1109 quain
1556 1068 1788 1099 Constantinus
1805 1067 1981 1098 construxit
2001 1070 2032 1097 et
2055 1066 2090 1098 S.
2115 1066 2268 1097 Silvestet·
2283 1067 2326 1098 ad

1316 1123 1472 1154 honorem
1493 1122 1660 1152 salvatoris
1683 1121 1782 1151 nostri
1808 1125 1838 1151 et
1855 1121 1925 1159 ejus
1943 1119 2192 1159 praedecessoris
2207 1123 2238 1151 et
2253 1119 2325 1151 dis-

1317 1176 1416 1216 cipuli
1427 1176 1595 1211 dedicavit,
1607 1176 1640 1205 in
1655 1174 1802 1214 ejusdem
1814 1173 1964 1204 basilicae
1975 1178 2006 1203 et
2021 1181 2123 1213 usque
2133 1172 2174 1204 ad
2185 1176 2325 1211 octavas,

1317 1234 1346 1260 et
1361 1230 1567 1260 basilicarum
1584 1228 1800 1269 apostolorum
1818 1227 1905 1258 Petri
1920 1232 1951 1257 et
1970 1226 2062 1257 Pauli
2086 1226 2326 1259 dedicationum

1317 1283 1562 1319 anniversariis,
1579 1286 1610 1313 et
1625 1281 1762 1321 singulis
1784 1282 1893 1311 beatae
1916 1281 2034 1310 Mariae
2058 1284 2089 1310 et
2109 1279 2142 1311 S.
2165 1279 2326 1310 ,Iohannis

1318 1336 1499 1377 Baptistae,
1517 1336 1549 1366 S.
1566 1336 1727 1366 Johannis
1743 1334 1983 1373 Evangelistae,
2001 1333 2033 1364 S.
2052 1333 2240 1372 Laurentii,
2257 1333 2326 1364 Na-

1319 1390 1409 1427 talis,
1435 1389 1648 1428 Epiphaniae,
1670 1388 1879 1419 Ascensionis
1905 1387 2038 1418 Domini
2062 1389 2092 1418 et
2115 1387 2327 1418 Pentecosten

1318 1432 1583 1475 festivitatibus...
1597 1447 1669 1480 etc„
1684 1443 1780 1473 trium
1797 1450 1956 1472 annorum
1970 1445 2000 1472 et
2012 1441 2112 1471 trium
2123 1433 2342 1485 quadragesi-⁴

1318 1506 1444 1527 marum
1462 1497 1629 1534 Romanis,
1645 1496 1788 1535 quinque
1802 1496 1926 1535 Tuscis,
1943 1494 2060 1535 Apulis
2077 1499 2110 1525 et
2124 1493 2326 1532 Lombardis,

1317 1555 1439 1590 septem
1458 1550 1713 1581 transmontanis
1729 1554 1761 1580 et
1782 1550 1883 1579 maria
1903 1548 2164 1586 transeuntibus;
2182 1547 2332 1588 aliasque

1316 1603 1537 1642 indulgentias
1548 1603 1754 1633 visitantibus
1768 1602 1903 1633 eandem
1918 1602 2084 1633 basilicam
2099 1603 2134 1632 in
2150 1601 2224 1632 aliis
2237 1601 2326 1632 festi-

1318 1658 1468 1688 vitatibus
1483 1657 1638 1687 concedit.

1358 1724 1373 1739 «
1391 1711 1500 1742 Sancti
1516 1714 1546 1740 et
1568 1714 1711 1741 sancte...
1729 1727 1770 1733 —
1786 1710 1857 1741 Dat.
1876 1711 1990 1747 Reate,
2012 1719 2051 1739 xv
2069 1709 2225 1740 kalendas
2243 1712 2327 1740 octo-

1316 1766 1402 1801 bris,
1421 1773 1507 1795 anno
1522 1765 1671 1795 secundo.
1690 1777 1703 1792 2

1391 1912 1505 1940 1433
1844 1910 1932 1944 Rieu,
1950 1910 1981 1937 13
1996 1909 2162 1945 septembre
2172 1902 2256 1937 lese.

1355 1975 1487 2002 Remmn
1502 1975 1555 2001 iter
1571 1975 1606 2001 ad
1623 1975 1730 2001 nmina.
1747 1973 1830 2007 (itm.
1849 1973 1891 2005 44,
1909 1981 1934 2000 c.
1951 1960 2013 2007 505,
2028 1972 2048 1999 r.
2065 1972 2116 2000 224
2132 1973 2186 2006 vo.)

1364 2079 1528 2108 Venerabili
1543 2078 1640 2114 fratri
1659 2077 1785 2113 Βίιῖασο,
1801 2077 1935 2116 episcopo
1953 2074 2180 2114 Cartaqinensi.

1359 2144 1374 2159 «
1399 2130 1588 2162 Devotionis
1610 2130 1741 2160 affectus
1761 2138 1895 2168 quem...
1920 2146 1958 2151 —
1980 2129 2052 2159 Dat.
2076 2128 2195 2165 Reate,
2220 2122 2328 2159 idibus

1318 2185 1525 2225 septembris,
1543 2192 1629 2214 anno
1647 2183 1799 2214 secundo.
1823 2196 1835 2209 n

1393 2340 1646 2388 μκή-1445
1848 2356 1934 2391 tuen,
1950 2356 1983 2383 24
1999 2355 2163 2392 septembre
2179 2355 2256 2384 1289.

1359 2422 1565 2457 indulgentiae.
1586 2420 1667 2454 (Rae.
1687 2421 1729 2450 44,
1745 2428 1769 2446 c.
1787 2419 1846 2452 506,
1866 2420 1883 2445 r.
1901 2418 1950 2446 224
1968 2425 2015 2449 vo;
2033 2418 2150 2450 porra..
2166 2417 2275 2451 23088.›

1364 2525 1517 2554 Umssversis
1535 2524 1649 2554 Christi
1664 2524 1802 2560 fidelibus
1821 2527 1968 2561 presentes
1997 2522 2115 2552 litteras
2135 2521 2317 2561 inspecturis

1321 2578 1562 2616 Indulgentiam
1586 2576 1684 2607 unius
1705 2576 1784 2605 anni
1802 2580 1832 2605 et
1852 2585 1889 2605 x1,
1909 2575 2037 2605 dierum
2059 2574 2206 2606 concedit
2223 2571 2331 2606 omni-{¹

1321 2633 1380 2662 bus
1393 2641 1464 2661 vere
1482 2630 1718 2670 poenitentibus
1733 2634 1764 2660 et
1779 2629 1934 2660 confessis
1950 2629 2006 2668 qui
2021 2628 2188 2660 ecclesiam
2201 2620 2318 2659 monas

1322 2685 1393 2714 terii
1410 2683 1493 2722 quod
1511 2683 1549 2713 de
1567 2683 1717 2713 Custodia
1736 2682 1850 2712 Beatae
1870 2682 1990 2712 Mariae
2011 2681 2148 2720 virginis
2164 2689 2272 2712 nuncu
2309 2672 2318 2714 s

1324 2743 1388 2774 tur,
1409 2746 1502 2777 prope
1531 2737 1644 2773 Blesis,
1669 2736 1794 2767 ordinis
1817 2739 1945 2766 sauctae
1969 2734 2100 2773 Clarae,
2125 2733 2284 2766 Carnuten

1322 2791 1486 2826 dioecesis,
1505 2790 1599 2820 certis
1615 2789 1729 2820 diebus
1744 2789 1956 2820 visitaverint.
2312 2823 2314 2825 ‚

1365 2857 1378 2872 ιι
1396 2844 1554 2883 Splendor
1571 2851 1701 2883 paterne
1716 2844 1852 2882 glorie...
1869 2859 1907 2865 —
1925 2843 1995 2873 Dat.
2017 2843 2126 2879 Reate,
2145 2850 2200 2872 vn!
2218 2835 2315 2872 kalen¹

1322 2899 1378 2928 das
1392 2898 1545 2934 octobris,
1562 2906 1648 2927 anno
1665 2896 1818 2927 secundo.
1839 2908 1852 2923 »

1891 2976 1977 3008 Rieti,
1997 2976 2034 3002 10¹·
2049 2974 2164 3002 octobre
2180 2973 2260 3002 ¹289.

1365 3043 1400 3071 In
1424 3050 1451 3072 e.
1473 3050 1515 3070 ni.
1536 3040 1669 3070 eisdem.
1697 3040 1834 3070 Eandem
1859 3039 2094 3077 indulgentiam
2115 3035 2258 3068 concedit
2275 3042 2334 3076 prov
