2342 3652
910 338 1130 378 Paemani:
1151 338 1309 378 ANNE'E.

69 415 205 446 siderate
224 415 398 454 prudenter
420 415 504 453 quod
524 415 709 454 hujusmodi
731 419 847 452 castra,
863 413 975 448 roche,
993 413 1069 443 ville

69 473 100 499 et
125 468 194 498 loca
216 473 291 498 sunt
317 469 456 507 potentie
484 468 669 498 eorumdem
695 468 886 498 Pisanorum
911 467 1016 497 vicina
1039 472 1069 497 et

67 525 193 560 propter
209 521 268 551 hoc
284 521 492 551 verisimilius
509 521 662 559 colligens
677 520 898 550 vehementius
915 524 945 548 et
957 519 1068 549 formi-

69 574 148 604 dans
162 574 246 613 quod
270 574 339 613 ipsa
360 584 476 604 manus
498 574 654 605 dictorum
673 574 862 603 pisanorum
880 578 1069 611 occuparent

67 627 160 658 facile
183 627 295 658 iterato
319 633 349 657 et
368 628 452 666 quod
475 632 582 657 contra
605 627 664 657 hoc
681 634 883 664 nequaquam
900 626 1067 664 suffragari

68 680 128 710 sibi
143 685 246 719 posset
263 681 402 719 potentia
420 682 563 717 Lucana,
582 680 729 719 quodque
743 678 944 717 importabile
961 680 1023 709 sibi
1038 684 1069 710 et

67 733 239 764 admodum
256 742 427 764 onerosum
444 734 547 764 existit
562 733 621 763 hec
642 733 700 762 sub
715 736 779 761 tam
795 733 945 762 continua
960 732 1067 763 zeloti-

66 787 118 826 pia
133 787 291 817 custodire
303 811 310 824 ‚
332 800 344 814 υ
362 788 535 826 praefatam
546 786 708 816 licentiam
725 786 825 824 petiit.

108 853 122 868 «
140 841 255 871 Petitio
270 841 463 871 venerabilis
477 840 618 870 fratris...
635 855 674 861 —
689 838 760 868 Dat.
776 844 811 869 ut
825 848 930 878 supra.
953 851 966 866 r>

139 1026 322 1055 ssav-141
696 1023 785 1056 Rieti,
805 1025 820 1050 4
833 1025 896 1058 juin
916 1024 994 1051 1288.

78 1102 84 1105 -
100 1087 248 1114 Robertus
269 1089 422 1123 episcopus
439 1085 664 1113 Marturanensis
681 1086 852 1112 transfertur
865 1084 900 1112 ad
915 1086 1066 1113 ecclesiam

66 1136 306 1171 Monopolitanam
323 1136 405 1169 (Rea.
423 1135 466 1166 44,
483 1143 508 1161 c.
525 1134 568 1168 69,
585 1134 605 1161 f.
623 1134 656 1161 18
673 1141 714 1165 r⁰;
733 1134 850 1168 Parra„
866 1135 977 1167 22736.)

111 1239 278 1268 Venerabili
299 1238 392 1274 fratri
418 1237 537 1265 Roberto
563 1237 695 1274 episcopo
722 1237 955 1274 Monopolitano.
985 1236 1066 1266 Eum

68 1303 82 1318 α
100 1291 155 1330 qui
176 1300 231 1330 per
248 1290 380 1320 rebelles
399 1289 481 1319 sedis
497 1288 665 1327 apostolice
680 1289 834 1328 dampna,
861 1289 1045 1319 afflictiones
1056 1312 1065 1326 ,

66 1344 198 1374 exilium
214 1349 244 1374 et
257 1342 397 1382 pericula
411 1339 520 1380 gravia
539 1355 552 1368 n
574 1342 723 1380 pertulit,
741 1343 779 1372 de
798 1342 929 1372 ecclesia
946 1343 1066 1372 Martu-

66 1397 196 1427 ranensi
211 1396 357 1426 transfert
373 1395 412 1425 ad
429 1395 594 1425 ecclesiam
611 1396 882 1434 Monopolitanam
896 1420 903 1433 ,
923 1400 997 1425 tunc
1013 1404 1066 1424 va-

67 1455 191 1481 cantem
201 1459 256 1489 per
267 1448 507 1479 translationem
520 1449 609 1478 Petri
626 1449 857 1488 Monopolitani
873 1449 1012 1487 episcopi
1028 1448 1068 1477 ad

68 1498 231 1534 ecclesiam
247 1503 458 1532 Viceutinam.

109 1569 123 1583 «ι
140 1555 350 1586 Ecclesiarum
367 1554 496 1584 utilitati
512 1559 625 1585 tunc...
645 1572 683 1577 —
704 1555 774 1585 Dat.
794 1556 908 1592 Reate,
930 1565 951 1584 11
968 1563 1069 1584 nonas

64 1609 163 1649 junii,
178 1617 263 1638 anno
277 1609 391 1647 primo.
413 1620 425 1633 »

106 1663 146 1693 In
157 1672 184 1693 e.
197 1671 242 1692 m.
255 1685 274 1692 ..
287 1662 511 1692 archidiacono
525 1667 555 1692 et
569 1662 708 1701 capitulo
720 1662 968 1701 Monopolitanis
978 1671 1066 1692 man-

67 1716 120 1746 dat
129 1720 164 1746 ut
173 1716 330 1755 praedicto
343 1716 487 1755 episcopo
502 1716 716 1746 obedientiam
728 1716 867 1746 debitam
883 1716 1064 1755 praebeant.

104 1769 143 1799 In
157 1777 184 1798 e.
202 1778 244 1798 m.
263 1769 346 1799 clero
361 1769 499 1799 civitatis
517 1773 548 1798 et
563 1769 716 1799 dioecesis
735 1769 1004 1808 Monopolitanae.

104 1823 144 1853 In
160 1831 188 1853 e.
205 1831 248 1852 m.
266 1822 380 1862 populo
398 1823 536 1853 civitatis
555 1828 585 1853 et
604 1823 757 1853 dioecesis
772 1823 1043 1862 Monopolitanae.

106 1876 146 1906 In
159 1885 187 1906 e.
203 1885 246 1906 m.
266 1877 424 1906 universis
440 1875 584 1906 vassallis
602 1876 756 1906 ecclesiae
773 1876 1043 1915 Monopolitanae.

139 2054 323 2083 142-148

100 2115 134 2143 Ο.
151 2116 324 2151 patriarchae
338 2117 519 2144 Antiocheno
541 2117 731 2144 committitur
746 2118 956 2145 administratio
972 2118 1065 2145 eccle-

65 2167 124 2194 siae
139 2166 304 2194 Januensis.
322 2167 403 2201 (Rea.
421 2169 464 2200 44,
481 2177 506 2195 c.
525 2169 569 2202 70,
585 2168 607 2195 f.
626 2169 657 2196 18
675 2170 728 2201 vo.)

696 2054 787 2088 Rieu,
806 2056 898 2090 4Juin
918 2056 992 2082 1283.

110 2269 276 2297 Venerabili
297 2271 388 2305 fratri
415 2270 447 2299 0.
469 2271 642 2307 patriarche
663 2272 856 2301 Antiocheno.
884 2271 965 2300 Eum
980 2295 987 2309 ,
1010 2272 1065 2310 qui

64 2325 190 2360 propter
210 2322 431 2359 Agar-enorum
453 2323 621 2361 perfidiam
645 2324 684 2353 ab
707 2323 840 2354 ecclesia
862 2325 1065 2354 Antiochena

64 2372 193 2402 exulare
221 2377 251 2402 et
274 2372 362 2403 illius
390 2374 552 2405 fructuum
580 2376 780 2414 perceptione
808 2376 973 2406 fraudatus
1007 2386 1064 2407 ne-

63 2425 274 2456 cessariorum
292 2427 494 2457 incommoda
512 2429 649 2467 experiri
667 2429 881 2467 compellitur,
903 2430 1062 2468 praeficit,

65 2491 78 2506 u
104 2478 203 2508 donec
229 2478 339 2508 eadem
363 2480 565 2511 Antiochena
580 2482 712 2512 ecclesia
732 2483 823 2512 bonis
845 2483 910 2512 suis
931 2492 1062 2522 recupe-

63 2532 139 2561 ratis
155 2531 194 2560 de
209 2532 320 2570 adepta
336 2533 476 2570 ipsorum
494 2536 690 2573 possessione
709 2535 843 2570 letetur,
863 2548 876 2562 n
900 2537 933 2565 in
954 2545 1064 2566 curam

64 2589 94 2614 et
113 2579 426 2615 administrationem
447 2586 596 2617 ecclesiae
615 2588 791 2618 Januensis
809 2593 885 2618 tnnc
906 2590 1062 2626 vacantis,

65 2647 79 2663 α
98 2636 170 2666 licet
182 2636 289 2666 dilecti
304 2637 363 2666 filii
379 2638 551 2676 capitulum
564 2640 664 2678 ipsius
681 2641 809 2671 ecclesie
826 2650 881 2680 per
894 2641 1064 2671 electiones

61 2688 202 2719 diversas
217 2695 288 2719 vota
303 2699 360 2719 sua
380 2691 415 2719 in
433 2696 586 2729 quatuor,
606 2693 753 2724 videlicet
776 2694 811 2723 in
834 2694 963 2724 dilectos
982 2694 1065 2724 filios

62 2742 250 2773 Nicolinum
265 2743 304 2773 de
319 2744 466 2780 Camilla,
479 2745 677 2784 capellanum
693 2753 848 2784 nostrum,
864 2748 993 2778 fratrem
1009 2749 1027 2778 J
1031 2757 1064 2778 a-

62 2796 176 2826 cobum
191 2797 230 2826 de
245 2797 412 2835 Voragine,
429 2798 554 2828 ordinis
566 2800 810 2839 predicatorum,
823 2801 1015 2831 Thedisium
1026 2802 1064 2831 de

62 2848 182 2886 Flisc0‚
200 2850 436 2880 Lincolniensis
453 2856 486 2881 et
501 2851 698 2882 Octohonum
716 2854 755 2884 de
775 2854 914 2893 Spinolis
929 2879 934 2890 ,
952 2854 1065 2884 Catha—

61 2901 228 2932 launensis
244 2903 449 2934 ecclesiarum
467 2905 649 2942 canonicos,
667 2906 860 2943 divisissent,
877 2907 939 2937 duo
958 2911 1064 2937 tamen

63 2964 99 2985 ex
126 2955 233 2986 electis
250 2957 370 2987 eisdem
384 2983 391 2995 ,
410 2958 558 2988 videlicet
580 2958 748 2989 Nicolinus
769 2964 800 2990 et
817 2960 913 2990 frater
928 2961 1064 2990 Jacobus

62 3009 244 3048 supradicti,
259 3011 467 3042 electionibus
478 3012 516 3041 de
532 3021 564 3041 se
578 3012 670 3042 sactis
684 3022 886 3053 nequaquam
895 3014 1065 3045 voluerunt

2114 355 2152 386 23

1151 415 1282 453 prebere
1307 415 1516 452 consensum,
1542 420 1573 445 et
1594 415 1649 445 alii
1670 416 1733 446 duo
1757 417 1926 448 Thedisius
1953 420 2098 450 videlicet
2123 427 2153 452 et

1150 467 1328 498 Octobonus
1343 469 1456 507 prefati
1471 477 1566 499 omne
1579 470 1631 508 jus
1646 470 1730 508 quod
1745 470 1805 500 sibi
1821 480 1858 500 ex
1874 471 2080 503 electionibus
2094 475 2153 505 hu-

1147 520 1287 557 jusmodi
1305 521 1407 551 fuerat
1422 523 1617 561 acquisitum
1631 522 1731 553 libere
1749 524 1917 555 innostris
1932 527 2080 557 manibus
2102 537 2152 558 re-

1152 573 1331 610 signarunt.
1348 587 1360 601 ι

1192 638 1205 652 α
1221 627 1283 656 Pre
1299 629 1410 658 ceteris
1423 638 1521 667 que...
1539 647 1578 651 —
1594 630 1665 659 Dat.
1683 631 1793 668 Reate,
1807 641 1830 661 11
1840 640 1941 662 nonas
1953 634 2050 672 junii,
2067 643 2153 665 anno

1148 679 1262 717 primo.
1282 692 1295 707 n

1190 733 1229 762 In
1255 742 1282 762 e.
1307 743 1351 763 m.
1378 735 1514 773 capitulo
1535 737 1707 774 Januensi,
1729 743 1764 768 ut
1789 738 1908 769 dictum
1934 741 1970 771 O.
2001 746 2153 782 tanquam

1148 790 1306 824 pastorem
1324 788 1508 826 suscipiant.

1190 838 1230 867 In
1247 848 1274 868 e.
1291 848 1334 869 m.
1354 839 1438 870 clero
1457 841 1592 881 civitatis
1610 847 1640 872 et
1658 843 1808 874 dioecesis
1828 845 2012 876 Januensis.

1190 892 1229 921 In
1246 901 1273 922 e.
1290 901 1335 922 m.
1355 915 1372 922 ..
1391 894 1579 932 capitaneis,
1601 896 1734 927 consilio
1753 902 1783 926 et
1799 900 1961 929 communi
1976 901 2152 930 Januensi-

1149 944 1219 975 bus.

1189 999 1229 1028 In
1247 1008 1275 1028 e.
1292 1008 1337 1028 m.
1357 1000 1504 1031 vassallis
1522 1001 1673 1032 ecclesiae
1687 1003 1871 1033 Januensis.

1223 1159 1306 1186 147
1769 1163 1860 1197 Rieu,
1883 1165 1916 1191 30
1932 1166 1988 1192 mai
2004 1166 2081 1193 1288.

1186 1220 1279 1256 Super
1295 1222 1433 1248 electione
1449 1223 1549 1250 decani
1561 1223 1778 1252 Xanctonensis
1790 1226 1872 1259 (Rea.
1886 1228 1928 1259 44,
1942 1236 1966 1255 c.
1983 1230 2056 1260 71‚f.
2071 1230 2102 1257 19
2111 1238 2152 1263 r0;

1150 1269 1216 1296 LAP.
1233 1279 1269 1297 un
1284 1270 1386 1303 Tama,
1404 1270 1432 1303 I,
1454 1273 1505 1305 19.)

1196 1372 1416 1403 I'enerabz'lz‘bus
1438 1377 1612 1411 fratribus..
1638 1377 1837 1407 Xanctonensi
1861 1384 1910 1408 et..
1934 1381 2154 1418 Enyoli‘smensi

1150 1428 1293 1465 episcopis
1323 1436 1358 1456 ac
1385 1429 1490 1457 dilecto
1516 1430 1602 1465 filio..
1643 1431 1752 1460 decano
1779 1434 1893 1461 ecclesie
1919 1434 2155 1470 E7190l2'81nensis

1150 1480 1281 1512 mandat
1302 1485 1459 1519 quatenus
1481 1482 1566 1512 infra
1591 1491 1643 1512 sex
1669 1485 1828 1514 mensium
1853 1486 1989 1523 spatium
2011 1491 2080 1525 post
2103 1497 2154 1517 re-

1152 1534 1330 1571 ceptionem
1344 1535 1563 1572 praeseutium
1583 1537 1756 1566 terminent
1773 1539 1937 1576 negotium
1951 1540 2033 1569 inter
2049 1540 2155 1578 Hugo-

1151 1597 1226 1618 nem
1242 1589 1280 1618 de
1306 1589 1504 1627 Malamorte,
1531 1590 1749 1629 scolasticum,
1770 1597 1799 1622 et
1820 1594 1991 1631 Hugonem
2014 1595 2152 1632 Vigerii,

1150 1642 1340 1672 canonicum
1359 1642 1510 1673 ecclesiae
1532 1644 1786 1682 Xanctouensis‚
1812 1647 1970 1684 existens,
1989 1648 2043 1686 qui
2062 1649 2154 1679 ambo

1149 1695 1183 1724 in
1200 1695 1356 1726 decanum
1371 1697 1472 1735 ipsius
1488 1697 1637 1727 ecclesiae
1655 1698 1792 1729 diversis
1818 1701 2010 1738 temporibus
2031 1710 2048 1730 a
2068 1703 2155 1740 capi-

1151 1748 1216 1778 tulo
1231 1749 1340 1785 electi,
1358 1749 1396 1779 de
1416 1749 1476 1780 hoc
1498 1751 1624 1788 negotio
1642 1751 1681 1781 ad
1697 1752 1806 1782 sedem
1825 1753 2027 1792 apostolicam
2044 1754 2152 1794 appel-

1148 1801 1310 1839 laverant,
1335 1808 1616 1843 procuratoresque
1648 1805 1813 1835 miserant.
1846 1806 1880 1836 Si
1903 1807 1962 1837 hoc
1990 1808 2153 1846 negotium

1149 1856 1321 1886 terminare
1346 1866 1408 1887 non
1431 1858 1569 1896 possint,
1593 1858 1626 1887 id
1649 1859 1688 1888 ad
1711 1859 1795 1889 sedis
1811 1861 1999 1899 apostolicae
2018 1870 2152 1892 examen

1148 1909 1321 1938 remittant.

1191 1974 1204 1988 u
1229 1962 1293 1992 Sua
1308 1962 1399 1992 nobis
1415 1963 1559 1993 dilecti...
1573 1981 1612 1986 —
1624 1966 1694 1995 Dat.
1714 1966 1823 2003 Reate,
1838 1976 1873 1996 111
1888 1967 2042 1997 kalendas
2054 1968 2150 2006 junii,

1148 2024 1234 2045 anno
1246 2016 1361 2054 primo.
1382 2029 1396 2043 ³>

1222 2175 1306 2204 148
1774 2178 1865 2212 Rieu,
1880 2179 1913 2206 26
1929 2180 1986 2206 mai
2002 2179 2077 2207 1288.

1183 2237 1335 2272 Exemptio
1359 2238 1493 2265 visitandi
1518 2239 1615 2266 limina
1637 2241 1841 2274 apostolorum.
1872 2241 1951 2273 (Rae.
1981 2242 2023 2271 44,
2049 2250 2075 2268 c.
2103 2243 2148 2275 72,

1146 2286 1213 2314 f.19
1230 2294 1269 2320 1⁸⁰3
1288 2286 1354 2314 Lar.
1371 2297 1406 2314 nu
1420 2287 1522 2321 Tnfflt,
1540 2288 1566 2318 Ι,
1588 2289 1639 2320 14.)

1185 2390 1322 2419 ,Iohanni
1340 2392 1441 2420 abbati
1463 2393 1643 2421 monasterti
1664 2392 1699 2422 S.
1715 2393 1864 2422 Johannis
1888 2394 2081 2429 Senonensz's,
2100 2403 2148 2422 or-

1146 2444 1228 2473 dinis
1240 2444 1270 2473 S.
1282 2445 1512 2484 ,ithustz'ni(l).
1530 2445 1685 2475 Abbatem
1702 2447 1887 2476 monasterii
1903 2447 2010 2477 Sancti
2025 2447 2151 2477 Johau-

1148 2497 1198 2526 nis
1212 2496 1407 2527 Senonensis
1423 2507 1440 2527 a
1451 2499 1634 2536 juramento
1646 2499 1731 2537 quod
1744 2499 1912 2537 praestitit,
1923 2500 2050 2538 quando
2062 2508 2148 2538 prae-

1147 2549 1246 2579 fectus
1265 2551 1357 2580 estin
1372 2551 1529 2587 abbatem,
1549 2555 1640 2589 prout
1658 2557 1703 2581 est
1718 2553 1828 2589 moris,
1845 2552 1994 2581 visitandi
2011 2552 2148 2590 singulis

1147 2602 1287 2632 bienniis
1302 2603 1415 2632 limina
1429 2604 1653 2642 apostolorum,
1668 2604 1812 2641 absolvit,
1828 2613 2012 2643 quanquam
2024 2614 2148 2635 monas-

1148 2656 1263 2686 terium
1292 2657 1397 2695 ipsum
1424 2657 1630 2695 privilegium
1657 2659 1848 2696 exceptionis
1868 2666 1934 2688 non
1957 2658 2071 2688 habeat
2094 2659 2149 2689 sed

1144 2710 1362 2748 jurisdictioni
1380 2710 1574 2740 Senonensis
1591 2711 1816 2750 archiepiscopi
1833 2711 1873 2741 sit
1890 2712 2078 2750 subJectum.

1189 2774 1202 2789 «
1227 2763 1273 2792 Ex
1294 2768 1382 2802 parte
1403 2768 1493 2794 tua...
1511 2781 1550 2785 —
1568 2764 1639 2793 Dat.
1659 2764 1776 2801 Reate,
1799 2774 1844 2794 vn
1864 2764 2016 2795 kalendas
2041 2766 2146 2804 junii,

1146 2825 1232 2846 anno
1247 2817 1361 2856 primo.
1382 2829 1395 2843 ι)

1187 2871 1226 2900 ln
1245 2879 1272 2900 e.
1292 2879 1335 2900 m.
1357 2870 1445 2900 Adae
1461 2871 1605 2909 episcopo
1620 2871 1790 2902 Meldensi.

1179 2977 1211 3006 (1)
1227 2975 1299 3000 Cette
1311 2977 1470 3007 suscription
1485 2983 1499 3000 a
1512 2976 1553 2999 e'te
1565 2977 1646 3000 omise
1659 2977 1725 3001 dans
1738 2977 1762 3001 le
1776 2984 1835 3006 ms„
1852 2978 1917 3001 mais
1936 2978 1986 3001 elle
2006 2984 2034 3001 se
2056 2980 2148 3001 trouve

1146 3028 1178 3045 en
1191 3021 1266 3052 appel
1281 3021 1346 3045 dans
1360 3021 1385 3045 la
1399 3027 1487 3052 marge
1502 3021 1652 3052 superieure
1669 3021 1704 3045 du
1719 3021 1828 3046 feuillet.
