2477 3637
203 365 260 395 286
519 379 522 382 ·
950 362 1183 392 REGISTRES
1206 362 1260 392 DE
1284 361 1468 392 NICOLAS
1492 362 1547 391 1v.

203 431 242 461 de
267 430 433 466 Awelton‚
452 438 551 468 usque
579 429 617 458 ad
643 429 907 468 quinquennium
930 430 965 460 in
986 429 1207 469 presbyterum

203 483 384 524 promoveri
403 492 434 512 se
452 483 553 512 facere
570 491 632 512 non
653 486 808 512 teneatur.

245 549 259 564 «
280 536 401 566 Meritis
424 540 476 565 tue
499 535 701 574 probitatis...
716 551 756 557 —
772 535 843 565 Dat.
868 535 984 572 Reate,
1011 545 1030 565 v
1057 535 1209 566 kalendas

202 590 348 625 octobris,
367 597 452 619 anno
468 588 618 618 secundo.
639 600 653 615 1>

275 762 295 789 1
303 761 392 790 450

236 823 277 851 De
292 824 476 851 translatione
490 824 568 851 sedis
584 824 757 859 episcopalis
777 823 1016 858 Carthaginiensis
1031 824 1065 851 ad
1081 828 1208 852 castrum

200 873 330 901 Mun-tiae.
349 874 430 907 (Rau.
449 874 491 908 44,
509 882 534 901 c.
553 874 613 905 509,
632 874 650 900 f.
667 874 718 900 ‘2‘25
740 875 792 903 νῦ.)

722 761 807 794 Rieu,
834 760 862 788 13
878 761 1043 796 septembre
1060 762 1138 790 1289.

242 999 261 1006 ..
276 978 374 1006 abbati
388 977 422 1006 de
434 977 629 1013 Benesazam,
649 976 863 1012 cisterciensis,
880 982 906 1006 et
922 998 941 1005 ..
957 978 1055 1014 priori
1071 977 1104 1006 de
1119 977 1210 1006 Porta

200 1029 272 1066 Geli,
291 1030 493 1060 Carlzisiensis
508 1030 668 1066 ordinum,
689 1030 959 1066 monasteriorum,
979 1030 1164 1059 Dei-[usensis
1183 1035 1209 1059 el

204 1082 358 1114 Valentine
377 1083 559 1120 diocesin-m,
585 1083 731 1120 mandat,
749 1083 834 1122 quod
848 1083 916 1122 Jam
933 1083 1076 1122 episcopo
1094 1083 1208 1113 Dertu-

199 1137 285 1168 sensi
308 1142 338 1167 et
360 1137 520 1176 praedicto
542 1137 651 1167 abbati
672 1137 881 1167 mandaverat
901 1136 1053 1167 Nicolaus
1071 1137 1209 1175 llI,qui

198 1190 230 1220 id
259 1199 324 1221 non
355 1191 519 1226 fecerunt,
549 1194 582 1219 ut
614 1190 783 1228 inquirant
813 1189 852 1219 de
881 1188 1113 1228 supplicatione
1146 1198 1210 1228 qua

198 1244 362 1283 episcopus
381 1248 411 1274 et
429 1243 604 1282 capitulum
628 1242 875 1281 Cartagiuenses
898 1242 1079 1272 facultatem
1105 1247 1208 1272 trans-

197 1297 322 1327 ferendi
347 1296 455 1327 sedem
478 1296 742 1335 Cartaginensem
768 1296 807 1325 ad
831 1300 970 1326 castrum
997 1296 1153 1333 Murtiae,
1173 1296 1208 1325 in

197 1350 309 1380 eadem
331 1350 487 1386 dioecesi,
506 1353 635 1389 propter
654 1350 878 1387 Agarenorum
900 1352 931 1378 et
955 1348 1034 1379 alias
1057 1348 1206 1387 injurias,

198 1409 342 1443 poscunt.

239 1470 252 1485 α
272 1457 402 1488 Accedit
418 1457 532 1487 matris
549 1456 719 1487 ecclesie...
735 1472 776 1478 —
792 1456 862 1486 Dat.
881 1457 995 1493 Reate,
1013 1456 1118 1486 idibus
1135 1464 1206 1494 scp-

198 1511 338 1548 tembris,
354 1519 440 1541 anno
460 1510 611 1541 secundo.
632 1522 645 1537 »ι

270 1686 379 1713 1451

235 1747 418 1782 Dispensatio
435 1747 618 1773 matrimonii.
637 1746 720 1779 (Rau.
738 1746 782 1779 44,
798 1754 822 1773 c.
842 1746 907 1778 510,
926 1746 945 1772 f.
962 1745 1014 1772 225
1030 1748 1079 1776 vo.)

723 1683 808 1717 Rieu,
826 1683 860 1710 23
875 1683 1039 1718 septembre
1056 1682 1135 1710 1289.

246 1850 412 1879 Venerabili
426 1850 554 1885 fratri..
573 1850 705 1886 episcopo
727 1849 933 1887 Wyyorniensi
946 1848 1114 1878 committit
1130 1856 1207 1887 qua-

199 1908 291 1934 tenus
313 1912 386 1933 cum
402 1902 547 1933 Waltero
568 1903 607 1932 de
627 1902 828 1940 Bellocampo
854 1907 884 1932 et
908 1902 1026 1938 Alitia,
1053 1906 1125 1931 nata
1144 1902 1208 1932 Ra-

198 1957 277 1986 dulfi
293 1957 332 1987 de
351 1957 466 1995 Touny
478 1980 486 1995 ,
502 1956 665 1995 dispenset
682 1956 765 1985 utin
788 1956 994 1986 matrimonio
1010 1956 1094 1994 quod
1111 1955 1206 1991 olim,

198 2011 382 2049 ignorantes
402 2019 434 2040 se
455 2014 567 2049 quarto
587 2009 879 2047 consanguinitatis
902 2009 1001 2047 gradu
1020 2011 1208 2048 conjunctos

199 2073 284 2101 esse,
302 2069 546 2100 contraxerunt,
568 2069 597 2093 et
617 2064 650 2092 in
669 2072 731 2102 quo
750 2063 856 2101 plures
878 2062 961 2093 filios
984 2067 1206 2102 procrearunt,

199 2126 365 2148 remanere
383 2118 513 2157 possint.

241 2184 255 2197 «
279 2172 423 2209 Exposita
444 2171 551 2200 dilecti
575 2170 673 2199 tilii...
691 2187 728 2190 —
746 2170 815 2199 Dat.
838 2170 949 2200 Reate.
970 2179 1036 2198 vnn
1055 2169 1208 2199 kalendas

198 2224 345 2260 octobris,
362 2232 447 2254 anno
467 2223 615 2253 secundo.
639 2235 652 2250 »

275 2396 388 2434 1452
725 2404 810 2437 meu,
828 2403 859 2429 27
877 2402 1040 2437 septembre
1058 2402 1134 2429 1239.

235 2466 378 2503 Episcopo
396 2467 550 2494 Morinensi
575 2466 689 2493 mandat
712 2469 742 2493 ut
762 2465 893 2493 subditos
911 2473 982 2492 suos
998 2465 1130 2492 severius
1144 2473 1209 2493 cas-

199 2518 280 2552 tiget⁴
303 2517 382 2549 (Rae.
402 2516 444 2548 44,
464 2524 488 2543 c.
507 2516 567 2550 511,
585 2516 603 2542 f.
622 2515 815 2548 ‘2261-0;Lu›.
834 2524 867 2542 nu
887 2514 985 2546 Tueu„
1005 2514 1045 2548 11,
1063 2514 1135 2547 263.)

246 2620 414 2650 Venerabili
428 2621 524 2656 fratri
548 2643 566 2648 ..
587 2620 721 2658 episcopo
746 2619 921 2648 Morinensi.
946 2630 960 2644 «
984 2618 1088 2656 Exigit
1107 2621 1210 2657 pasto-

200 2673 276 2703 ralis
292 2673 386 2703 officii
406 2673 549 2703 debitum
568 2676 600 2702 ut
617 2673 700 2702 circa
721 2676 845 2702 tuorum
869 2671 1070 2701 subditorum
1089 2680 1209 2702 correc-

202 2727 320 2757 tionem
345 2727 482 2757 debitam
508 2726 652 2757 sollerter
675 2725 827 2764 invigiles
851 2729 882 2755 et
904 2729 1023 2755 attente
1045 2724 1211 2763 vigilando

201 2780 335 2810 labores.
363 2780 474 2818 Nuper
492 2780 649 2819 siquidem
668 2789 703 2809 ex
720 2783 808 2818 parte
825 2778 943 2809 nobilis
966 2778 1027 2808 viri
1045 2799 1066 2808 ..
1084 2778 1210 2808 comitis

204 2833 422 2863 Atrebatensis
450 2833 555 2871 gravis
580 2832 713 2872 querela
734 2832 794 2862 suit
817 2831 957 2871 exposita
977 2840 1081 2861 coram
1100 2826 1209 2868 nobis,

203 2886 285 2924 quod
307 2886 455 2916 nonnulli
473 2886 596 2923 clerici,
615 2886 648 2915 in
668 2889 750 2916 terra
773 2894 869 2924 quam
891 2885 924 2914 in
948 2889 1000 2914 tua
1015 2884 1131 2914 diocesi
1153 2884 1209 2914 ob-

205 2939 283 2968 tinet
299 2943 530 2968 commorantes
545 2963 551 2976 ,
570 2948 632 2969 nou
650 2942 829 2969 metuentes
845 2946 900 2977 per
914 2946 1061 2976 campum
1081 2937 1210 2968 licentie

202 2991 366 3027 lascivire,
391 3000 447 3021 nec
474 3001 564 3021 suam
590 3001 662 3022 cum
690 2991 844 3022 adulteris
874 2999 992 3030 ponere
1014 2991 1207 3030 portionem,

203 3045 310 3074 aliena
330 3045 409 3074 bona
427 3045 567 3082 rapiunt,
585 3053 700 3075 manus
718 3054 791 3075 suas
808 3044 953 3075 humano
968 3044 1126 3082 sanguine
1141 3044 1208 3083 pol-

1293 427 1404 464 luunt,
1423 431 1453 457 et
1472 428 1510 458 ad
1527 427 1608 458 alias
1623 428 1811 467 iniquitates
1826 429 2022 468 extendunt,
2038 440 2100 470 que
2119 432 2300 463 redundant

1294 481 1327 510 iu
1345 480 1550 510 ecclesiastici
1566 481 1772 520 opprobrium
1788 481 1925 519 ordinis,
1943 483 2140 514 secularibus
2156 485 2298 523 personis

1293 535 1422 574 pariunt
1438 533 1636 570 scandalum,
1650 539 1680 564 et
1695 539 1770 564 suut
1786 535 1960 574 pernitiosa
1976 536 2132 576 exemplo,
2146 541 2187 573 et,
2205 542 2240 568 ut
2254 538 2298 568 ef·

1294 588 1419 626 fugiant
1434 588 1557 625 virgam
1571 587 1676 617 debite
1691 587 1873 626 discipline,
1887 588 1926 618 ad
1938 589 2064 619 diversa
2075 589 2142 620 loca
2153 599 2186 620 se
2199 595 2299 622 trans-

1294 640 1401 670 ferunt
1419 639 1580 676 etant-uto,
1601 639 1712 670 relicto
1732 641 1842 671 habitu
1867 641 2025 680 clericali,
2041 651 2076 672 ac
2095 643 2209 681 etiam,
2226 652 2298 674 cum

1293 694 1455 724 interdum
1472 693 1598 732 aliquos
1614 703 1648 723 ex
1668 694 1782 724 talibus
1800 699 1852 724 tuo
1867 695 2026 733 contingit
2041 696 2162 726 carceri
2176 697 2298 727 manci·
2351 710 2370 738 '.

1292 747 1372 786 pari,
1390 746 1474 783 illos,
1493 755 1556 776 non
1575 747 1644 776 sine
1657 747 2132 786 notabilinegligentia,habire
2143 749 2299 788 permittis

1293 801 1459 840 impunes,
1480 805 1605 839 propter
1631 800 1715 839 quod
1742 801 1776 830 in
1803 801 1914 831 eadem
1941 806 2023 832 terra
2047 803 2299 842 presumptiones

1295 854 1406 884 talium
1424 854 1627 884 invalescunt
1645 863 1699 892 per
1715 854 1943 894 impunitatem
1965 855 2010 885 eis
2028 856 2192 887 incentivo
2214 865 2300 896 pres-

1295 908 1349 937 tito
1368 907 1590 946 delinquendi.
1608 908 1688 937 Cum
1708 907 1806 945 igitur
1827 907 1896 945 hec,
1914 908 1939 937 si
1958 909 2080 938 veritati
2096 913 2298 948 concurrant,
2338 910 2350 918 ”·

1294 965 1380 991 tauto
1403 961 1624 991 vehementius
1650 969 1707 991 nos
1734 961 1919 1000 perturbent
1944 966 2063 1000 quanto
2093 962 2149 992 illa
2173 961 2300 1002 plenius

1292 1014 1384 1044 obvia
1401 1014 1612 1044 ecclesiastice
1637 1014 1795 1044 honestati
1819 1019 1850 1044 et
1874 1015 1907 1044 in
1937 1020 1964 1045 te
1988 1015 2163 1054 pontificali
2186 1006 2300 1048 honori
2344 1008 2347 1010 ⁵

1292 1067 1507 1105 conspicimus
1523 1068 1675 1105 derogare
1687 1091 1694 1105 ‚
1713 1077 1749 1097 ac
1767 1072 1931 1107 propterea
1948 1068 2092 1099 nolentes
2109 1069 2165 1099 illa
2186 1069 2300 1100 conni-

1292 1120 1441 1149 ventibus
1457 1120 1559 1151 oculis
1577 1121 1782 1159 pertransire,
1803 1121 2035 1152 fraternitatem
2051 1125 2137 1152 tuam
2152 1130 2300 1161 rogamus

1292 1178 1409 1203 attente
1430 1183 1485 1213 per
1500 1174 1671 1213 apostolica
1689 1175 1807 1213 scripta
1822 1175 2012 1205 mandantes
2027 1181 2205 1215 quatenus,
2222 1183 2300 1207 con-

1292 1226 1438 1256 siderans
1460 1227 1631 1266 diligenter
1648 1229 1732 1268 quod
1750 1229 1782 1258 in
1805 1229 2022 1267 superioribus
2038 1228 2165 1268 culpam
2181 1229 2300 1260 consti-

1293 1281 1351 1311 tuit
1375 1280 1518 1319 neglecta
1538 1283 1690 1313 correctio
1706 1283 1927 1320 subditorum,
1945 1283 1983 1312 ad
2000 1283 2115 1313 horum
2132 1284 2298 1314 correctio-

1291 1343 1366 1364 nem
1391 1335 1439 1380 sic
1465 1343 1639 1374 consurgas
1664 1336 1820 1366 sollicitus
1848 1341 1879 1366 et
1902 1340 2041 1367 attentus
2064 1336 2148 1376 quod
2174 1341 2300 1368 tuorum

1290 1388 1492 1418 subditorum
1521 1389 1661 1419 maxime
1691 1389 1725 1419 in
1748 1389 1831 1420 dicta
1851 1395 1934 1420 terra
1960 1390 2212 1429 presumentium
2235 1393 2300 1421 tam

1290 1441 1401 1480 iniqua
1418 1447 1637 1481 compescatur
1654 1444 1824 1479 temeritas,
1841 1443 1952 1483 prelati
1968 1443 2094 1474 comitis
2109 1448 2250 1474 mentem
2262 1452 2299 1475 ex

1290 1493 1356 1524 hiis
1380 1495 1517 1533 procella
1540 1496 1730 1527 turbationis
1749 1502 1929 1535 quassatam
1954 1496 2141 1527 reconcilies
2156 1494 2300 1536 'castiga-

1291 1547 1388 1577 tionis
1409 1549 1549 1579 remedio
1565 1549 1749 1588 diligentis,
1769 1550 1813 1580 ita
1835 1550 1919 1589 quod
1945 1551 1977 1580 in
2005 1550 2119 1589 populo
2139 1550 2177 1580 de
2197 1553 2300 1580 cetero

1290 1606 1433 1640 pretextu
1451 1602 1609 1632 similium
1629 1602 1755 1633 nullum
1773 1603 1960 1634 scandalum
1975 1605 2114 1640 oriatur,
2134 1602 2184 1633 vel
2199 1602 2299 1633 susci-

1292 1659 1373 1685 tetur
1388 1655 1511 1686 occasio
1529 1657 1773 1692 murmurandi,
1793 1666 1850 1687 uec
1871 1657 1904 1686 in
1930 1657 1993 1687 hiis
2009 1657 2097 1687 aliud
2121 1656 2319 1688 remedium·
2340 1655 2341 1658 ’

1290 1708 1446 1746 exigatur,
1464 1713 1561 1748 tuque
1576 1710 1608 1739 in
1624 1710 1767 1740 custodia
1780 1710 1892 1740 crediti
1909 1711 1964 1740 tibi
1978 1711 2083 1749 gregis
2094 1710 2178 1749 apud
2194 1710 2298 1741 Deum
2322 1747 2325 1754 λ

1290 1767 1395 1800 pastor
1412 1762 1550 1800 vigilans
1567 1763 1798 1801 comproberis3
1812 1772 1933 1802 nosque
1947 1763 2149 1802 diligentiam
2165 1768 2250 1793 tuam
2263 1762 2298 1793 in

1289 1816 1350 1846 hac
1375 1821 1462 1855 parte
1480 1816 1644 1846 iuvenisse
1667 1816 1800 1855 dignam
1823 1817 1973 1847 laudibus
1993 1816 2201 1855 gaudeamus.
2226 1816 2296 1848 Dat.

1290 1869 1400 1906 Reate,
1418 1879 1436 1898 v
1453 1869 1607 1899 kalendas
1623 1870 1774 1907 octobris,
1789 1878 1876 1900 anno
1894 1870 2044 1900 secundo.
2065 1881 2078 1897 n
2257 1857 2261 1863 ¹

1364 2049 1480 2078 1453
1907 2049 1998 2079 Rieu.
2017 2049 2050 2076 '25
2065 2050 2133 2076 aotit
2151 2048 2229 2077 1289.

1327 2112 1509 2148 Dispensatio
1525 2121 1612 2148 super
1628 2113 1789 2148 pluralitate
1807 2113 2021 2140 beneficiorum.
2039 2112 2122 2146 (Rau.
2135 2112 2179 2145 44,
2194 2120 2220 2140 c.
2237 2111 2297 2146 51⁴2,

1289 2162 1308 2189 f.
1326 2161 1376 2188 2⁵26
1395 2164 1442 2194 νῦ.)

1338 2265 1504 2294 Venerabili
1521 2266 1618 2301 fratri
1637 2266 1774 2299 lieberto,
1792 2265 1990 2294 Bathonieiisi
2014 2269 2040 2294 et
2069 2265 2202 2294 Wellensi
2223 2265 2300 2303 epis-

1289 2327 1369 2356 copo.
1392 2318 1472 2347 Eum
1491 2322 1604 2356 purgat
1620 2318 1744 2347 macula
1764 2327 1861 2356 quam
1879 2327 1913 2348 ex
1931 2317 2111 2357 receptione
2126 2317 2298 2349 beneficio-

1290 2380 1362 2402 rum
1388 2370 1470 2401 ultra
1493 2380 1664 2401 numerum
1689 2372 1721 2401 in
1751 2371 1988 2410 dispensatione
2011 2371 2189 2410 praefixum
2208 2379 2298 2402 rece-

1289 2425 1358 2464 pit,
1395 2424 1569 2454 dummodo
1601 2424 1723 2455 fructus
1752 2428 1782 2454 et
1815 2424 1958 2455 redditus
1989 2423 2104 2455 illicite
2138 2429 2298 2464 perceptos

1290 2478 1544 2517 competentibus
1563 2477 1705 2508 ecclesiis
1723 2478 1879 2509 restituat.

1333 2543 1347 2558 α
1376 2531 1522 2561 Exhibita
1545 2531 1635 2562 nobis
1662 2536 1751 2562 ttza...
1769 2549 1806 2553 —
1832 2532 1900 2562 Dat.
1925 2532 2043 2569 Reate,
2060 2541 2118 2562 v111
2145 2530 2298 2562 kalendas

1291 2585 1495 2624 septembris,
1512 2593 1598 2615 anno
1615 2585 1766 2616 secundo.
1785 2598 1796 2611 υ

1367 2772 1482 2801 1454
1811 2768 1897 2802 Ricti,
1914 2772 1948 2798 22
1967 2765 2131 2807 septembre
2148 2770 2226 2799 1289.

1328 2834 1513 2870 Dispensatio
1528 2835 1712 2862 matrimonii.
1729 2834 1810 2867 ‹Rm.
1829 2834 1876 2866 44,
1894 2842 1920 2861 c.
1937 2833 1998 2865 5¹3.
2016 2834 2034 2860 f.
2054 2833 2105 2861 226
2120 2834 2168 2866 ν’.)

1339 2938 1503 2967 Venerabili
1517 2938 1614 2974 fratri
1633 2959 1654 2967 ..
1673 2939 1806 2975 episcopo
1833 2937 1982 2968 Venetensi
1999 2934 2170 2966 committit
2185 2938 2294 2974 quate-
2331 2941 2336 2948 “

1292 3000 1352 3021 nus
1368 2999 1441 3021 cum
1465 2991 1614 3028 Pagano,
1634 2990 1766 3021 domino
1782 2989 1964 3020 Malastredi
1976 3012 1985 3026 ,
2005 2987 2192 3018 Venetensis
2210 2986 2295 3018 dioe-
2335 2979 2346 2986 ⁸

1291 3043 1389 3079 cesis,
1409 3049 1439 3073 et
1455 3043 1624 3081 Guildart‚
1651 3048 1724 3073 nata
1750 3042 1914 3082 quondam
1932 3041 2090 3079 Gauri-idi,
2116 3039 2239 3072 domiui
2256 3038 2296 3070 de
