2477 3637
297 432 351 462 180

293 499 378 529 cium
395 495 550 536 generari,
570 494 691 524 dilectis
707 492 782 522 filiis
802 514 820 520 ..
837 491 941 530 priore
957 490 996 520 de
1011 490 1210 528 Calvitione,
1232 491 1296 521 Ne-

292 550 470 581 mausensis
485 548 636 582 diocesis,
655 555 689 575 ae
706 569 725 576 ..
746 548 930 583 precentore
947 543 1078 574 ecclesie
1095 545 1295 574 Nemausen-

293 605 337 634 sis
359 609 388 634 et
411 603 561 639 magistro
580 598 772 637 Raymundo
788 598 825 627 de
844 597 960 633 Ponte,
983 596 1146 635 capellano
1165 601 1272 628 nostro
1288 621 1294 633 ,

291 656 445 688 canonico
461 645 604 688 Oscensi,
621 653 679 681 sibi
696 660 791 689 super
806 650 865 680 hoc
883 660 936 689 per
952 654 1076 679 nostras
1087 650 1208 680 litteras
1223 659 1295 680 exe-

291 710 452 741 cutoribus
479 707 651 746 deputatis,
683 713 819 743 cumque
845 704 930 733 idem
953 704 1104 741 magister
1131 704 1296 742 Raymun-

290 763 369 799 dus,
387 762 440 800 qni
458 760 543 790 solus
557 782 564 795 ,
586 763 677 797 prout
693 767 727 787 ex
744 757 893 787 benificio
911 756 1088 786 litterarum
1108 756 1167 786 sibi
1185 760 1215 785 et
1229 755 1294 786 col-

289 816 368 853 legis
400 814 466 843 suis
492 812 620 851 prefatis
638 811 830 841 directarum
865 813 982 849 poterat
1000 833 1008 844 ,
1038 809 1071 838 in
1107 808 1293 848 hujusmodi

289 867 479 908 provisionis
501 865 628 903 negotio
653 863 856 903 procedebat,
877 861 1050 892 venerabili
1076 861 1166 891 frat-ri
1187 865 1294 891 nostro

290 922 341 957 R.,
361 920 606 958 archiepiscopo,
624 922 654 947 et
671 941 690 948 ..
712 917 869 956 preposito
886 924 921 946 ac
932 915 1070 954 capitulo
1086 915 1293 954 Aquensibus

288 973 522 1008 mandavisset,
539 971 723 1001 auctoritate
742 969 926 1009 hujusmodi
948 969 1127 999 litterarum
1141 994 1148 1008 ‚
1172 972 1205 998 ut
1222 977 1293 1007 pre-

289 1028 387 1058 fatum
414 1025 626 1061 Bernardum,
638 1025 687 1054 vel
704 1028 940 1063 procuratorem
957 1032 1050 1052 suum
1067 1023 1136 1061 ejus
1148 1023 1290 1058 nomine,

289 1081 321 1110 in
341 1080 481 1120 predicta
497 1078 630 1109 ecclesia
649 1078 813 1117 Aquensi,
834 1077 866 1106 in
888 1086 950 1115 qua
966 1077 1102 1114 receptio
1122 1076 1292 1105 canonico-

289 1143 360 1164 rum
373 1139 401 1163 et
415 1133 538 1163 collatio
552 1131 786 1170 prebendarum
800 1131 838 1160 ad
855 1139 906 1160 eos
917 1130 1131 1159 communiter
1143 1130 1290 1168 pertinet,

289 1188 322 1217 in
340 1188 467 1216 fratrem
486 1191 514 1214 et
532 1185 721 1215 canonicum
740 1184 936 1222 reciperent,
953 1184 1078 1222 sibique
1097 1183 1290 1222 prebendam

289 1250 350 1280 que
378 1250 432 1279 per
458 1244 588 1269 moi-teni
615 1238 691 1268 dicti
723 1238 857 1268 Huberti
884 1237 929 1266 sic
955 1242 1119 1266 vacaverat
1144 1237 1291 1274 assigna-

288 1299 376 1330 rent,
391 1294 463 1323 licet
479 1292 748 1331 archiepiscopus,
765 1291 944 1330 prepositus
958 1295 987 1319 et
1003 1290 1176 1329 capitulum
1192 1290 1291 1319 nomi-

288 1348 353 1377 nati
376 1347 413 1376 ad
446 1346 631 1375 mandatnm
662 1344 847 1383 hujusmodi
876 1344 996 1373 dictum
1027 1343 1226 1372 Ber-nardum
1257 1343 1291 1372 in

287 1400 476 1430 canonicum
499 1398 684 1437 receperint,
703 1402 731 1426 et
750 1397 863 1426 dictam
886 1397 1078 1435 prebendam
1096 1396 1293 1434 assignarint

287 1454 404 1489 eidem,
423 1453 589 1490 dictusque
608 1452 800 1489 prepositnS,
816 1451 906 1488 juxta
923 1458 1044 1479 morem
1062 1450 1093 1478 in
1112 1449 1221 1479 eadem
1240 1458 1290 1479 ec-

287 1506 380 1536 clesia
398 1506 598 1536 observaturi]
617 1528 624 1541 ,
648 1508 881 1543 procuratorem
907 1503 981 1532 dicti
1002 1503 1159 1532 Bernardi
1183 1512 1238 1542 pro
1255 1511 1291 1533 eo

287 1560 320 1589 in
346 1559 574 1598 possessionem
600 1558 698 1597 ipsius
720 1557 879 1596 prebende
907 1557 1071 1586 induxerit
1098 1566 1152 1586 seu
1182 1556 1291 1588 induci

287 1613 395 1643 fecerit
415 1611 609 1650 corporalem
624 1634 632 1647 ,
652 1615 682 1640 et
705 1615 768 1640 tam
789 1611 873 1640 idem
896 1611 1071 1649 prepositus
1093 1619 1188 1649 quam
1212 1619 1291 1640 nou-

287 1666 369 1696 nulli
395 1666 539 1696 canonici
564 1667 735 1703 Aquenses
760 1668 858 1694 totum
879 1665 931 1702 jus
952 1664 1034 1703 qnod
1051 1664 1152 1694 dictus
1169 1664 1294 1694 Huber-

288 1724 337 1749 tus
358 1719 513 1748 habuerat
535 1719 567 1747 in
588 1718 749 1757 prebenda
769 1727 826 1747 sua
847 1718 945 1756 ipsius
963 1718 1093 1747 ecclesie
1115 1717 1154 1747 de
1173 1717 1290 1755 Rians,

288 1773 363 1802 duni
383 1772 486 1801 adhuc
504 1772 625 1801 viveret
642 1796 647 1806 ,
665 1772 876 1809 assignarint,
895 1776 999 1800 tamen
1019 1771 1156 1801 Jacobus
1178 1771 1217 1800 de
1235 1771 1293 1800 Ta-

289 1826 452 1856 rentliesio
465 1826 522 1865 (1),
535 1827 587 1864 qni
608 1835 661 1864 pro
674 1826 826 1855 canonico
842 1826 973 1855 ecclesie
985 1825 1146 1864 Aquensis
1156 1825 1293 1864 predicte

290 1889 321 1909 se
337 1880 438 1916 gerit,
457 1879 534 1908 salso
551 1880 742 1918 pretendens
758 1888 790 1908 se
806 1880 858 1918 jus
876 1880 908 1908 in
926 1879 1086 1918 prebenda
1107 1879 1292 1917 hujusmodi

289 1932 440 1962 habuisse
469 1937 639 1971 antequam
671 1933 812 1962 Huberto
836 1932 1056 1970 assignaretur
1081 1932 1203 1969 eidem,
1228 1941 1292 1963 non

289 1987 408 2025 absque
433 1986 635 2015 conniventia
661 1990 691 2015 et
714 1986 820 2015 favore
850 1985 1076 2024 archiepiscopi
1108 1991 1137 2016 et
1164 1985 1294 2025 capituli

289 2040 514 2079 predictorum,
534 2039 726 2078 prebendam
740 2040 840 2078 ipsam
852 2039 904 2069 tali
923 2043 1064 2077 pretextu
1077 2045 1194 2070 temere
1203 2049 1293 2070 occu-

289 2094 375 2132 pavit
389 2097 419 2122 et
434 2093 555 2122 detinet
570 2098 753 2131 occupatan]
766 2115 773 2128 ‚
790 2093 823 2121 in
842 2097 984 2122 nostrum
1005 2097 1034 2122 et
1056 2093 1225 2131 apostolice
1244 2102 1293 2123 se-

289 2146 338 2176 dis
349 2151 565 2184 contemptum
582 2150 611 2175 et
624 2146 724 2184 ipsius
741 2146 895 2175 Ber-nardi
913 2145 1068 2184 capellani
1084 2146 1293 2185 prejudicium

291 2209 353 2230 non
371 2200 532 2230 modicum
550 2205 579 2228 et
597 2208 781 2237 gravamen.
802 2200 907 2235 Quare
923 2200 1062 2238 prefatus
1087 2201 1137 2237 B.‚
1156 2200 1292 2238 capella-

290 2262 369 2289 nus,
390 2254 479 2283 nobis
498 2253 665 2282 humiliter
681 2252 871 2291 supplicavit
889 2257 923 2282 ut
942 2253 1107 2291 providere
1125 2254 1184 2283 sibi
1201 2263 1295 2292 super

290 2308 349 2338 hoc
363 2307 400 2336 de
417 2307 612 2344 benignitate
629 2307 712 2336 sedis
726 2306 894 2345 apostolice
908 2306 1124 2344 dignaremur.
1141 2307 1294 2338 Nolentes

290 2362 389 2399 igitur
420 2366 503 2390 tante
536 2360 781 2399 presumptionis
808 2369 971 2390 excessum
1002 2361 1230 2400 archiepiscopi
1267 2367 1296 2391 et

289 2414 419 2453 capituli
437 2418 467 2442 et
481 2414 590 2443 Javobi
610 2414 821 2452 predictorum
841 2414 1056 2452 equanimiter
1072 2415 1241 2452 sustinere,
1259 2424 1295 2445 ac

290 2468 492 2498 intendentes
512 2468 644 2496 oninino
666 2473 697 2495 ut
714 2468 796 2496 idem
826 2468 861 2497 B.
884 2467 1077 2505 capellanus,
1096 2478 1203 2507 quem,
1230 2469 1296 2498 suis

291 2521 493 2558 exigentibus
511 2521 649 2553 meritis,
665 2525 694 2549 et
710 2521 806 2550 etiam
822 2521 1075 2551 consideratione
1097 2522 1196 2560 ipsius
1212 2523 1294 2561 epis-

290 2575 370 2612 copi,
386 2574 498 2603 affectu
517 2574 739 2612 prosequimur
756 2574 895 2612 spetiali,
914 2574 1098 2612 hujusmodi
1121 2575 1204 2604 circa
1221 2584 1294 2605 eum

291 2637 344 2666 per
366 2636 423 2657 nos
440 2626 586 2656 inchoate
607 2628 706 2664 gratie
729 2631 871 2666 optatum
896 2633 1108 2666 consequatur
1130 2628 1294 2665 effectum,

290 2681 471 2710 discretioni
490 2687 590 2710 vesti-t¹
608 2691 662 2719 per
684 2681 853 2719 apostolica
872 2682 987 2720 scripta
1010 2682 1200 2711 mandamus
1216 2692 1295 2721 qua-

292 2738 383 2763 tenus
403 2744 476 2769 vos,
495 2734 542 2763 vel
564 2735 625 2763 dno
650 2740 703 2763 ant
721 2744 802 2763 unus
827 2740 987 2772 vestrum,
1012 2744 1067 2773 per
1086 2744 1139 2765 vos
1166 2735 1215 2764 vel
1241 2744 1295 2773 per

291 2786 389 2816 alium
408 2796 462 2815 seu
479 2787 558 2816 alios
574 2811 578 2822 ,
598 2788 888 2826 archiepiscopum,
905 2788 1079 2826 capitulum
1097 2793 1125 2818 et
1141 2788 1295 2818 jaeobum

293 2842 471 2870 nominatos
487 2850 521 2870 ex
542 2846 625 2879 parte
644 2847 749 2871 nostra
767 2851 896 2871 monere
908 2851 943 2871 ac
957 2842 1127 2872 efficaciter
1144 2842 1295 2872 inducere

293 2894 476 2931 prorui-etis,
496 2899 528 2922 ut
546 2894 626 2923 infra
643 2895 825 2933 quiiislevim
840 2895 908 2924 dies
924 2900 991 2934 post
1005 2896 1215 2925 monitionem
1231 2904 1297 2925 ves-

294 2951 384 2981 tram,
403 2946 500 2975 iidem
518 2948 771 2986 ars-hiupisvopns
786 2953 814 2977 et
831 2948 1006 2987 capitulum
1024 2952 1191 2988 procurent
1210 2953 1239 2978 et
1254 2948 1296 2978 sa-

293 3000 377 3028 ciant
402 3008 473 3027 cuni
499 3002 608 3028 wilm-’11
643 3002 724 3039 quod
750 3001 833 3030 idem
866 3001 1051 3031 Bernardus
1082 3001 1198 3031 dictam
1226 3009 1296 3040 pre-

336 3111 582 3139 t).ils.C;‹r··1uh·-»
602 3124 614 3130 ω

1042 424 1278 455 REGISTRES
1300 425 1354 455 DE
1376 423 1560 454 NICOLAS
1584 424 1638 454 IV.

1379 490 1516 520 hendam
1541 491 1578 519 de
1612 490 1732 526 Rians,
1755 499 1851 529 quam
1876 490 1961 520 idem
1993 491 2156 523 Hubertns
2183 493 2322 524 tenuisse
2347 503 2383 526 ac

1379 543 1554 582 possedisse
1569 543 1687 573 dicitur
1704 548 1844 582 ternpore
1859 545 1971 573 mortis
1989 553 2064 582 sue,
2084 549 2114 574 et
2131 545 2200 584 ejus
2215 548 2382 584 possessio-

1380 605 1452 626 nem
1471 596 1584 626 habeat
1597 600 1628 626 et
1643 601 1802 633 resumat,
1819 596 1989 635 dictusque
2004 597 2142 627 Jacobus
2159 599 2298 637 predicte
2312 609 2382 639 pre.

1378 650 1481 680 bende
1503 650 1732 689 possessionem
1755 649 1890 680 liberam
1907 659 1942 680 ac
1958 651 2094 681 totaliter
2113 652 2291 691 expeditam
2311 654 2381 694 sibi,

1378 703 1427 733 vel
1443 704 1637 742 procuratori
1655 712 1712 733 suo
1728 704 1796 742 ejus
1818 704 1962 739 nomine,
1980 705 2115 735 omnino
2130 705 2290 744 dimittat,
2311 707 2383 738 nul-

1377 756 1505 795 lamque
1524 756 1583 785 sibi
1599 756 1638 786 de
1651 760 1756 786 cetero
1771 766 1866 795 super
1882 756 1992 786 eadem
2008 757 2169 795 prebenda
2184 758 2222 788 de
2239 758 2340 789 Rians
2353 762 2384 791 et

1377 809 1446 848 ejus
1465 809 1679 848 pertinentiis,
1700 819 1754 848 per
1773 818 1805 839 se
1824 809 1874 839 vel
1892 818 1948 848 per
1964 809 2064 840 alium
2083 819 2137 840 seu
2156 811 2246 849 alios,
2267 811 2381 844 moles-

1379 863 1453 892 tiam
1470 863 1588 892 inferat
1603 862 1650 892 vel
1667 871 1854 900 gravamen.
1870 863 1916 892 [ta
1930 864 2014 901 qnod
2029 872 2099 893 eam
2114 863 2199 894 idem
2216 865 2267 901 B.‚
2282 864 2383 904 capel-

1377 915 1487 952 lanus,
1511 915 1560 946 vel
1582 916 1684 946 dictus
1702 920 1885 955 procurator
1902 924 1957 955 pro
1973 916 2057 955 ipso,
2079 917 2207 956 pacifice
2224 917 2383 956 possidere

1377 967 1479 998 valeat
1495 974 1524 998 et
1541 969 1666 1008 quiete,
1690 969 1839 1008 quodque
1859 969 1945 998 infra
1962 969 2090 1009 eosdem
2108 969 2293 1008 quindecim
2315 971 2382 1003 dies

1377 1020 1415 1050 de
1437 1021 1590 1052 fructibus
1608 1022 1713 1052 medio
1732 1027 1871 1060 tempore
1895 1022 2049 1061 perceptis
2070 1031 2105 1052 ex
2125 1031 2161 1052 ea
2181 1027 2212 1052 et
2232 1023 2289 1062 qui
2307 1033 2382 1063 per-

1376 1074 1439 1114 cipi
1455 1079 1636 1114 potuerunt,
1657 1084 1780 1105 necnon
1799 1081 1828 1105 et
1844 1076 1881 1105 de
1895 1076 2045 1114 dampnis
2064 1081 2189 1115 propter
2203 1076 2264 1107 hoc
2279 1068 2381 1108 eidem

1378 1127 1541 1159 Bernardo
1562 1128 1670 1166 illatis,
1688 1134 1718 1158 et
1740 1129 1887 1168 expensis
1905 1129 1999 1158 etiam
2014 1129 2202 1168 hujusmodi
2220 1130 2383 1162 occasione

1375 1181 1466 1211 factis
1479 1182 1517 1212 ab
1528 1183 1608 1221 ipso,
1623 1182 1872 1212 satisfactionem
1890 1182 2068 1221 plenariam
2083 1183 2207 1213 studeat
2220 1183 2380 1215 exhibere.

1376 1234 1466 1271 Quod
1479 1235 1506 1265 si
1522 1236 1600 1265 sorte
1613 1236 1870 1275 archiepiscopus
1881 1261 1888 1275 ‚
1901 1236 2074 1275 capitulum
2089 1240 2119 1266 et
2131 1236 2270 1267 Jacobus
2284 1236 2385 1268 nomi·
2420 1269 2430 1280 ,

1376 1289 1442 1318 nati
1460 1289 1542 1319 infra
1560 1290 1733 1319 terminum
1751 1290 1854 1328 ipsum
1867 1290 1991 1326 vestris,
2010 1290 2109 1320 immo
2119 1290 2223 1328 potius
2234 1289 2383 1329 apostoli-

1376 1342 1422 1371 cis
1440 1342 1570 1372 monitis
1590 1351 1653 1372 non
1674 1344 1858 1373 curaverint
1879 1342 2046 1373 humiliter
2069 1347 2100 1372 et
2123 1342 2294 1373 efficaciter
2307 1343 2383 1374 obe-

1376 1397 1457 1433 dire,
1475 1406 1528 1427 vos
1540 1406 1575 1427 ex
1595 1401 1670 1427 tunc
1685 1397 1974 1436 archiepiscopum,
1989 1396 2164 1435 capitulum
2184 1400 2215 1426 et
2230 1396 2384 1427 Jacobum

1376 1440 1533 1490 predictos
1562 1451 1774 1490 peremptorie
1802 1451 1898 1480 citare
1920 1451 2053 1486 curetis,
2079 1455 2114 1480 ut
2138 1450 2223 1479 infra
2248 1449 2384 1481 duorum
2406 1470 2412 1474 -

1375 1504 1538 1534 mensium
1557 1503 1698 1543 spatium
1717 1508 1784 1542 post
1800 1504 1983 1533 citationem
1997 1508 2133 1533 vestram
2150 1502 2250 1533 iidem
2265 1503 2385 1534 archie-

1374 1558 1521 1595 piscopus
1537 1561 1567 1586 et
1581 1557 1718 1586 Jacobus
1735 1557 1960 1595 personaliter,
1984 1557 2104 1586 dictum
2121 1564 2195 1586 vero
2210 1555 2384 1595 capitulum
2404 1569 2406 1579 =
2423 1541 2433 1552 ⁸

2412 1215 2422 1233 ρ

2416 1438 2424 1450 Ι

2415 1458 2423 1467 ⁸
2462 1455 2463 1463 i

2413 1478 2463 1514 l>

2415 1554 2430 1571 Γ.

2415 1579 2425 1599 ⁰

1375 1620 1431 1650 per
1448 1615 1684 1649 procuratorem
1703 1611 1879 1649 ydoneum,
1897 1619 1970 1640 cum
1986 1610 2139 1640 omnibus
2155 1610 2245 1647 actis,
2258 1609 2387 1649 juribus
2400 1616 2420 1628 '⁸

1376 1668 1406 1694 et
1419 1663 1633 1693 munimentis
1645 1664 1711 1692 suis
1726 1663 1912 1702 hujusmodi
1931 1663 2096 1701 negotium
2110 1662 2383 1702 contingentibus,
2407 1698 2418 1702 ῃ

1376 1771 1439 1800 turi
1458 1780 1553 1809 super
1570 1770 1628 1800 hoc
1644 1770 1726 1808 quod
1739 1769 1865 1808 justitia
1881 1769 2036 1799 suadebit.
2055 1769 2128 1799 Non
2144 1769 2288 1800 obstante
2305 1777 2383 1800 con-

1376 1824 1540 1854 stitutione
1568 1823 1606 1853 de
1626 1823 1749 1852 duabus
1771 1823 1866 1852 dietis
1891 1822 1974 1852 edita
2001 1822 2041 1852 in
2062 1822 2197 1853 concilio
2225 1821 2381 1861 generali.

1376 1878 1470 1907 Diem
1488 1886 1562 1907 vero
1581 1877 1742 1906 citationis
1758 1881 1788 1906 et
1809 1877 1961 1911 sormam,
1984 1880 2013 1905 et
2031 1875 2185 1915 quicquid
2208 1885 2303 1915 super
2324 1875 2384 1907 hoc

1375 1716 1547 1756 apostolico
1568 1726 1601 1746 se
1624 1717 1807 1755 conspectui
1829 1720 2067 1755 representem,
2092 1715 2206 1746 facturi
2226 1719 2256 1746 et
2278 1724 2383 1755 recep·
2401 1704 2430 1800 ί
2464 1721 2465 1727 ’

1376 1931 1531 1967 fecerim,
1551 1930 1642 1960 nobis
1660 1939 1716 1968 per
1736 1933 1855 1960 vestras
1874 1929 1994 1959 litteras
2018 1929 2133 1959 harum
2149 1929 2266 1959 seriem
2283 1929 2384 1960 conti-

1377 1989 1490 2014 nentes
1514 1984 1668 2014 studeatis
1697 1983 1833 2013 fideliter
1862 1983 2024 2013 intimare.
2053 1983 2125 2013 Dat.
2153 1982 2276 2020 Rome,
2301 1982 2385 2022 apud

1377 2038 1527 2068 Sanctam
1545 2039 1680 2068 Mariam
1700 2038 1867 2077 Majorem,
1884 2046 1923 2067 xv
1940 2036 2094 2067 kalendas
2114 2037 2190 2067 maii
2205 2061 2212 2074 ,
2229 2045 2315 2068 anno
2331 2045 2383 2068 se·
2408 2035 2418 2038 ’

1378 2091 1494 2122 cundo.
1513 2103 1525 2118 n

1448 2293 1535 2322 813

1413 2356 1597 2383 Confirmatio
1617 2356 1774 2382 litterarum
1791 2356 1897 2390 quibus
1917 2355 2075 2391 Gregorius
2098 2364 2192 2383 nonus
2207 2355 2383 2384 Cistercien-
2401 2363 2412 2370 '

1712 2291 2075 2327 Saiute-Marie-MaJeure,
2095 2293 2133 2319 1⁸¹·
2148 2292 2219 2319 avril
2233 2291 2313 2321 1289.

1379 2406 1461 2432 sibus
1483 2405 1627 2432 concessit
1654 2414 1688 2431 ne
1713 2406 1783 2431 ultra
1809 2405 1880 2432 duas
1902 2405 1992 2431 dietas
2018 2413 2033 2431 a
2058 2405 2241 2432 monasteriis
2262 2404 2415 2452 propriis?

1379 2464 1429 2491 per
1453 2456 1626 2490 apostolicas
1650 2454 1759 2480 litteras
1789 2455 1815 2480 in
1841 2462 1957 2480 causam
1982 2454 2055 2481 trahi
2078 2455 2201 2490 possint.
2227 2454 2309 2489 (REG-
2330 2453 2381 2487 44,
2402 2460 2409 2466 ‘

1378 2513 1403 2531 c.
1424 2505 1471 2531 117
1487 2527 1491 2533 .
1507 2505 1525 2531 f.
1552 2504 1598 2531 136
1619 2503 1797 2533 V⁰;Lx1›.nn
1811 2503 2050 2536 Tn1311„11,65.)
2403 2509 2410 2525 ⁸

1421 2645 1440 2651 ..
1458 2621 1558 2650 abbati
1573 2625 1598 2649 et
1619 2620 1780 2648 eonvenlui
1805 2620 1984 2648 monasterii·
2009 2620 2065 2648 loci
2090 2619 2196 2649 Sancti
2220 2619 2382 2658 Bernardi,

1382 2674 1584 2705 cisterciensis
1613 2674 1747 2708 ordinis,
1779 2673 2002 2701 Cmneracensis
2027 2673 2162 2702 diocesis.
2187 2685 2199 2699 κ
2227 2672 2383 2703 Teuorem
2400 2700 2411 2712 ⁶

1379 2725 1777 2766 quarumdamlitterarum
1793 2725 1892 2754 felicis
1906 2725 2134 2755 recordationis
2147 2724 2292 2763 Gregorii
2307 2733 2382 2764 pape

1381 2780 1476 2817 noni,
1494 2778 1724 2818 predecessoris
1744 2779 1861 2815 nostri,
1882 2779 1914 2807 in
1941 2779 2008 2816 ejus
2036 2784 2176 2816 regestro
2201 2783 2383 2818 repertum,
2402 2765 2409 2771 ⁹

1380 2834 1418 2864 de
1435 2833 1529 2862 verbo
1551 2832 1589 2861 ad
1610 2832 1740 2860 verbum
1767 2832 1966 2870 presentibus
1992 2832 2125 2862 fecimus
2142 2832 2310 2870 annotari,
2329 2830 2383 2872 qui

1380 2887 1450 2917 talis
1469 2890 1516 2916 est
1532 2895 1538 2915 :

1424 2952 1436 2967 ι
1453 2939 1625 2977 Gregorius
1651 2939 1813 2977 episcopus
1844 2948 1953 2969 servus
1980 2947 2144 2974 servorum
2162 2939 2233 2969 Dei.
2254 2935 2410 2970 nitentis*
2458 2933 2470 2974 ,’

1381 3005 1394 3020 1>
1413 2993 1487 3022 filiis
1499 3015 1519 3021 ..
1537 2992 1639 3020 abbati
1652 2990 1859 3020 Cisterciensi
1874 2995 1902 3020 et
1919 2992 2076 3021 universis
2085 2991 2290 3022 coabbatibus
2303 2992 2381 3031 ejus,

1381 3059 1394 3073 »
1419 3051 1449 3076 ct
1463 3046 1614 3076 fratribus
1633 3045 1691 3074 suh
1708 3045 1818 3074 eodem
1834 3045 1947 3075 ordine
1965 3045 2030 3075 Deo
2050 3045 2281 3083 servientibus,
2298 3044 2382 3076 salu·

1381 3113 1394 3128 n
1421 3105 1481 3130 tem
1508 3103 1537 3127 et
1570 3098 1773 3137 apostolicam
1799 3097 2067 3128 benedictionem.
2093 3098 2124 3128 Si
2153 3098 2258 3129 adhuc
2284 3099 2381 3129 Ama-
