2342 3652
929 373 1155 414 DEUXOEME
1175 373 1332 413 ANNEiE.
2113 384 2169 417 333

88 451 186 490 phani
214 450 345 480 nomine
369 449 534 487 insignita.
564 449 633 478 Dat.
663 449 803 485 Romae,
831 449 914 487 apud
939 449 1088 479 Sanctam

90 504 221 534 Mariam
241 503 394 541 Maj0rem
410 526 415 539 ‚
435 512 455 531 ιι
474 501 546 531 idus
562 501 758 538 decembris,
775 510 860 531 anno
876 501 1026 531 secundo.

368 579 719 614 Sainte-Marie-Majeure‚
737 580 750 606 4
767 580 919 606 decembre
939 580 1015 607 1289.

126 645 163 674 In
183 653 209 674 e.
228 653 270 674 m.
291 643 451 673 universis
467 642 588 672 Christi
607 641 753 671 fidelibus
772 647 952 681 praesentes
968 643 1088 672 litteras

87 697 286 736 inspecturis.
312 696 453 726 Eandem
470 695 705 733 indulgentiam
727 695 871 725 concedit
891 704 948 733 pro
969 694 1089 733 capella

87 751 120 781 in
137 750 288 780 honorem
306 749 413 779 Sancti
437 749 520 778 Petri
542 747 674 787 apostoli
697 752 876 777 constructa
900 748 933 777 in
957 748 1088 778 ecclesia

87 812 167 833 nova
183 802 396 832 Narbonensi.
416 801 487 831 Dat.
508 801 642 835 Romae,
673 801 755 838 apud
777 800 925 830 Sanctam
953 800 1088 830 Mariam

87 856 253 895 Majorem,
271 864 291 884 11
309 863 408 885 nonas
426 853 621 889 decembris,
641 862 726 883 anno
744 853 892 883 secundo.

405 934 758 968 Sainte-Marie-Majeure.
778 934 793 961 9
808 933 920 968 janvier
938 933 1015 960 1290.

124 999 161 1028 In
180 1007 206 1028 e.
226 1007 268 1027 m.
290 1021 309 1026 ..
327 997 504 1035 guardiano
519 1001 549 1026 et
562 996 713 1026 fratribus
730 996 853 1025 ordinis
872 997 1033 1025 minorum
1049 996 1088 1024 de

85 1052 250 1088 canturio,
275 1051 522 1080 Mediolanensis
549 1049 714 1080 dioecesis.
746 1049 888 1079 Eandem
914 1040 1086 1087 indulgen-

87 1105 161 1136 tiam
177 1103 321 1135 concedit
339 1113 393 1142 pro
413 1103 645 1142 praedictorum
666 1103 801 1132 fratrum
818 1102 961 1141 ecclesia,
977 1103 1010 1132 in
1030 1102 1087 1132 ho-

87 1167 194 1190 norem
220 1158 327 1188 Sancti
351 1157 514 1187 Francisci
539 1161 727 1186 constructa.
759 1156 828 1185 Dat.
850 1157 987 1193 Romae,
1004 1156 1087 1195 apud

86 1212 231 1245 Sanctam
256 1211 392 1241 Mariam
411 1211 559 1250 Major-em
573 1232 580 1245 ‚
604 1219 622 1237 v
650 1210 723 1239 idus
741 1210 901 1248 januarii,
923 1218 1009 1240 anno
1036 1219 1086 1240 se-

84 1266 186 1297 cundo
202 1265 351 1304 (Pomm,
370 1264 491 1302 231-15).

393 1317 747 1352 sainte-Marie-Majeure,
763 1317 793 1343 21
809 1317 922 1351 janvier
937 1317 1014 1344 1290.

124 1382 161 1412 In
177 1391 204 1411 e.
224 1390 267 1411 m.
289 1404 309 1410 ..
330 1381 507 1419 praeposito
532 1385 562 1410 et
577 1380 714 1419 capitulo
732 1380 882 1410 ecclesiae
898 1381 1088 1410 Sanctorum

85 1435 230 1466 Gervasii
263 1439 293 1464 et
325 1434 484 1464 Prothasii
519 1434 556 1464 de
591 1434 800 1472 Grogonzola,
838 1433 1088 1464 Mediolanensis

86 1488 248 1519 dioecesis.
275 1488 417 1517 Eandem
441 1487 678 1525 indulgentiam
706 1487 851 1517 concedit
876 1495 931 1525 pro
955 1487 1088 1517 ecclesia

85 1542 186 1573 sancti
202 1542 350 1572 Herasmi
368 1550 462 1580 prope
477 1540 726 1579 Grogonzolam,
745 1540 920 1582 praedictae
939 1541 1088 1571 ecclesiae

85 1596 234 1635 subjecta.
255 1596 325 1625 Dat.
345 1596 482 1631 Romae,
501 1596 584 1633 apud
603 1595 752 1625 Sanctam
771 1595 904 1624 Mariam
919 1595 1085 1633 Majorem,

85 1659 128 1680 xii
143 1648 294 1680 kalendas
309 1649 460 1679 februarii
476 1673 481 1684 ,
498 1658 584 1678 anno
598 1648 747 1678 secundo.

154 1822 174 1849 1
182 1821 270 1851 809

113 1883 297 1919 Dispensatio
312 1891 400 1918 super
416 1883 576 1918 pluralitate
594 1883 799 1910 beneficiorum
825 1887 852 1910 et
875 1883 988 1910 defectu
1009 1883 1086 1910 ordi-

80 1941 156 1960 num.
173 1933 256 1966 (itm.
274 1933 317 1964 44,
334 1941 358 1959 e.
378 1932 452 1967 675²,
466 1933 486 1959 1.
502 1932 554 1960 263
573 1935 620 1964 νο.)

344 1819 702 1855 Sainte-Marie-Majeure,
720 1820 751 1847 13
768 1820 919 1847 decembre
936 1820 1013 1848 1289.

118 2034 220 2065 octoni
234 2035 269 2064 de
286 2035 442 2064 Chauvent
455 2057 463 2071 ,
482 2036 592 2064 decano
608 2036 727 2065 ecclesie
745 2036 779 2064 de
797 2036 960 2070 Sesiriaco,
981 2036 1086 2065 Geben-

80 2088 177 2117 nensis
189 2088 323 2123 diocesis,
335 2088 450 2117 merito
465 2087 596 2118 Octonis
613 2088 652 2117 de
664 2087 879 2123 Grandisono,
894 2087 1040 2125 indulget
1054 2093 1086 2117 nt

81 2140 266 2170 decanatum
283 2141 436 2170 ecclesiae
447 2141 486 2170 de
498 2141 667 2178 Sesiriaco,
683 2141 907 2171 Gebennensis
920 2141 1083 2178 dioecesis,

79 2201 186 2223 curam
202 2193 390 2232 habentem,
408 2199 438 2224 et
455 2194 604 2224 ecclesias
620 2194 658 2224 de
676 2195 867 2230 Haffhunte,
885 2195 923 2224 de
939 2195 1086 2225 Tuwrin-

81 2249 148 2281 ten,
166 2247 414 2286 Wyntoniensis
441 2252 471 2277 et
498 2248 708 2278 Eboracensis
733 2248 946 2286 dioecesium,
975 2258 1085 2279 curam

82 2298 251 2337 hahentes,
271 2310 352 2340 quae
377 2301 530 2337 insimul,
549 2302 618 2331 sine
637 2302 887 2340 dispensatione,
906 2311 960 2340 per
979 2303 1085 2341 plures

81 2361 181 2383 annos
204 2354 360 2391 detinuit,
380 2363 491 2384 eorum
519 2355 639 2385 fructus
665 2355 857 2394 percipiens,
876 2364 933 2385 nec
950 2365 983 2385 se
1001 2356 1086 2385 infra

83 2413 203 2437 annum
218 2407 252 2436 in
270 2408 491 2446 presbyterum
507 2409 684 2446 promoveri
701 2408 833 2443 faciens,
848 2408 932 2438 licite
948 2410 1086 2439 retinere

83 2459 200 2498 valeat,
229 2461 403 2491 dummodo
433 2461 471 2491 de
501 2462 658 2491 fructibus
689 2462 844 2501 perceptis
875 2463 1086 2501 quadraginta

83 2512 226 2543 marchas
247 2513 473 2551 sterlingorum
492 2514 524 2543 in
545 2514 717 2544 utilitatem
736 2515 920 2544 earumdem
937 2515 1084 2546 ecclesia-

84 2574 153 2595 rum
169 2567 398 2597 convertendas
418 2567 571 2597 restituat.

123 2630 137 2646 ι
156 2619 329 2650 Desidet-iis
353 2620 414 2650 tuis
437 2621 507 2651 in...
527 2638 564 2642 —
589 2621 660 2650 Dat.
689 2621 806 2658 Rome,
831 2622 914 2660 apud
936 2622 1084 2652 Sanctam

85 2671 215 2702 Mariam
233 2674 403 2713 Majorem,
421 2674 528 2704 idibus
546 2675 723 2704 decembris
736 2698 743 2711 ,
761 2684 845 2705 anno
861 2677 1010 2706 secundo.
1030 2689 1043 2703 »

155 2831 272 2860 1810

120 2890 304 2928 Dispensatio
320 2902 408 2929 super
423 2894 582 2929 pluralitate
598 2896 811 2923 beneficiorum.
824 2897 906 2929 (Rae.
921 2898 962 2928 44,
980 2906 1005 2924 c.
1022 2898 1084 2929 676,

85 2939 104 2966 i'.
119 2940 170 2968 263
185 2943 236 2975 vo.)

341 2831 701 2868 sainte-Marie-Majcuve,
722 2834 751 2860 13
765 2834 917 2861 decembre
935 2835 1011 2863 1289.

131 3043 242 3072 Valtero
261 3045 295 3073 de
313 3045 525 3082 Lanyuethon,
549 3048 657 3075 rectori
681 3047 796 3075 eet-lesse
812 3047 916 3077 Sanco·
935 3050 1086 3079 Michaelis

1171 457 1258 486 super
1294 449 1393 487 Wyre,
1425 451 1616 481 Eborac-ensis
1648 453 1785 487 diocesis,
1819 453 1925 481 clerico
1953 453 2106 481 carissimi
2136 454 2168 480 in

1172 500 1288 529 chrisio
1302 502 1363 538 filii
1378 505 1477 532 nostri
1490 505 1536 539 E.,
1552 506 1631 542 reyis
1644 506 1812 542 Anylorum
1827 506 1969 534 illustris.
1985 505 2037 540 Ei,
2056 505 2168 535 merito

1170 553 1300 583 Octonis
1316 555 1353 584 de
1379 556 1597 594 Grandisono,
1616 558 1760 596 indulget
1786 563 1834 593 nt,
1859 563 1980 596 praeter
2002 557 2167 588 ecclesiam

1170 605 1278 636 Sancti
1299 608 1462 639 Michaelis
1479 619 1573 648 super
1589 611 1702 649 Wyre,
1726 620 1834 641 curam
1858 611 2043 648 habentem,
2066 620 2167 640 unum

1169 659 1255 689 aliud
1279 661 1470 692 beneficium
1487 663 1750 699 ecclesiasticum,
1769 665 1863 694 etiam
1885 673 1958 694 cum
1974 673 2067 700 cura,
2086 665 2168 695 obti-

1170 721 1245 743 nere
1263 715 1370 752 possit.

1212 779 1224 793 a
1250 768 1313 797 Etsi
1331 770 1516 807 pretermitti
1536 778 1638 800 non...
1656 786 1693 792 ——
1712 772 1782 800 Dat.
1804 776 1837 800 ut
1852 780 1957 810 supra.
1983 785 1995 798 ιι

1245 914 1359 942 1811

1207 974 1248 1000 De
1269 975 1437 1001 alienatione
1459 977 1678 1010 possessionum
1701 977 1849 1011 hospitalis
1874 977 1970 1004 Sancti
1995 978 2119 1012 Spiritus
2144 980 2168 1004 in

1171 1022 1255 1050 Saxia
1270 1024 1304 1050 de
1321 1024 1408 1051 Urbe.
1426 1024 1507 1057 (Rae.
1528 1025 1569 1055 44,
1587 1034 1611 1051 c.
1629 1026 1690 1056 677,
1710 1025 1727 1051 f.
1739 1026 1790 1052 ‘2823
1808 1029 1859 1058 νο.)

1439 913 1786 948 Sainte-Marie-Majeure,
1804 915 1837 941 <20
1853 915 2003 941 decembre
2021 917 2096 943 1289.

1217 1126 1385 1155 Venerabili
1410 1127 1506 1162 fratri
1529 1149 1548 1156 ..
1575 1128 1705 1164 episcopo
1728 1127 1874 1157 Firmano
1894 1134 1919 1156 et
1940 1129 2043 1157 dilecto
2063 1128 2126 1164 filio
2151 1151 2169 1157 ..

1168 1179 1269 1216 priori
1292 1180 1486 1208 Lateranensz?
1509 1180 1639 1209 mandat
1661 1184 1819 1218 quatenus
1840 1181 1986 1210 fratribus
2010 1180 2172 1219 hospitalis

1171 1231 1280 1261 Sancti
1303 1232 1441 1271 Spiritus
1460 1234 1492 1261 in
1521 1233 1614 1262 Saxia
1635 1233 1672 1263 de
1696 1234 1783 1264 Urbe
1806 1233 1969 1264 licentiam
1991 1234 2031 1264 de
2055 1243 2118 1273 qua
2139 1235 2172 1263 in

1170 1294 1237 1324 cap.
1255 1295 1374 1316 anxxv
1390 1286 1434 1325 (l)
1453 1287 1487 1316 fit
1504 1288 1624 1317 mentio
1639 1288 1824 1318 concedant.

1212 1352 1224 1366 α
1244 1340 1358 1370 Dilecti
1372 1340 1430 1370 filii
1449 1364 1468 1370 ..
1488 1341 1675 1378 magister...
1690 1358 1730 1364 —
1750 1342 1818 1372 Dat.
1841 1343 1958 1376 Rome,
1975 1342 2059 1381 apud
2074 1343 2172 1372 Sanc-

1171 1397 1234 1423 tam
1264 1394 1400 1423 Mariam
1434 1395 1607 1433 Majorem‚
1640 1404 1693 1424 xiii
1723 1395 1875 1425 kalendas
1901 1396 2057 1432 januarii,
2089 1404 2173 1425 anno

1170 1447 1319 1477 secundo.
1340 1459 1353 1474 »

1261 1594 1373 1622 1812

1205 1657 1337 1684 Facultas
1350 1657 1507 1683 redimendi
1522 1657 1659 1683 decimas,
1678 1657 1760 1688 (Rae.
1780 1658 1822 1688 44,
1839 1666 1866 1684 c.
1883 1658 1943 1689 678,
1961 1658 1980 1683 s.
1998 1658 2048 1685 ζ263
2064 1660 2116 1690 v0.)

1431 1593 1788 1628 Sainte-Marie-Majeure,
1808 1594 1836 1621 13
1853 1594 2003 1620 decembre
2022 1594 2098 1621 1289.

1209 1747 1317 1775 Dilecto
1348 1747 1412 1782 filio
1445 1747 1576 1784 capitulo
1615 1747 1730 1775 ecclesie
1766 1747 1959 1775 Gebennemss
1990 1746 2170 1776 facultatem

1168 1799 1312 1829 concedit
1339 1799 1518 1828 redimendi
1547 1799 1688 1828 decimas
1713 1799 1751 1828 de
1778 1800 1927 1829 manibus
1954 1799 2108 1829 laicorum
2138 1800 2170 1829 in

1167 1852 1345 1890 parrochiis
1357 1852 1562 1882 ecclesiarum
1575 1852 1797 1882 Gebennensis
1811 1853 1946 1881 civitatis
1960 1857 1989 1881 et
2004 1853 2169 1889 dioecesis,

1167 1906 1341 1935 rectoribus
1358 1905 1563 1935 ecclesiarum
1578 1911 1608 1935 et
1625 1929 1644 1934 ..
1664 1906 1871 1935 Gebennensi
1885 1906 2028 1943 episcopo
2040 1914 2171 1935 consen-

1168 1960 1331 1995 tientibus,
1349 1959 1393 1988 ita
1411 1964 1516 1988 tamen
1536 1963 1569 1989 ut
1586 1959 1712 1988 easdem
1729 1959 1868 1989 decimas
1886 1960 2052 1989 restituant
2067 1968 2169 1998 qnan-

1168 2013 1347 2051 documqne
1363 2012 1423 2042 sibi
1438 2021 1456 2042 a
1474 2013 1647 2042 rectoribus
1665 2012 1704 2042 de
1722 2013 1948 2051 redemptionis
1964 2013 2064 2051 pretio
2079 2013 2169 2042 satis-

1167 2066 1285 2096 factum
1304 2066 1409 2096 suerit.

1209 2132 1222 2146 «
1243 2121 1367 2149 Ati'ectu
1383 2119 1530 2149 benivolo
1545 2124 1659 2149 sunt...
1683 2136 1720 2140 —
1745 2119 1814 2148 Dat.
1834 2120 1952 2156 Rome,
1969 2119 2051 2158 apud
2070 2119 2169 2149 Sanc-

1169 2178 1232 2203 tam
1245 2173 1379 2203 Mariam
1392 2173 1545 2211 Major-em
1554 2195 1561 2209 ,
1572 2172 1677 2202 idibus
1689 2172 1880 2207 decembris,
1894 2180 1978 2202 anno
1991 2173 2138 2202 secundo.
2156 2184 2168 2198 υ

1243 2320 1361 2349 1813

1203 2382 1387 2416 Dispensatio
1403 2390 1490 2416 super
1505 2382 1664 2416 pluralitate
1679 2381 1896 2408 beneficiorum.
1912 2381 1994 2413 (Rea.
2013 2381 2054 2411 44,
2068 2389 2093 2407 ο.
2106 2381 2168 2412 679,

1168 2431 1187 2457 f.
1205 2430 1255 2457 263
1272 2431 1325 2463 vo.)

1425 2318 1787 2354 Salute-Marie-Majeurc,
1809 2319 1837 2345 13
1854 2318 2004 2344 decembre
2022 2318 2098 2344 1989.

1209 2521 1335 2549 Henrz‘co
1352 2520 1386 2548 de
1405 2520 1600 2554 Craneburn,
1620 2520 1834 2547 archidiacono
1854 2519 2053 2553 Landavensi,
2074 2518 2169 2555 capel-

1168 2574 1238 2602 lano
1258 2573 1359 2602 dilecti
1375 2572 1436 2608 filit·
1454 2573 1552 2600 nostri
1572 2572 1616 2607 8.,
1637 2571 1740 2600 Sancti
1763 2572 1878 2601 Nscolai
1902 2572 1933 2599 in
1951 2571 2072 2599 Camere
2098 2570 2168 2599 Tac-

1169 2628 1251 2655 liano
1275 2626 1395 2654 diaconi
1420 2625 1605 2659 cardinalis,
1624 2624 1737 2653 merito
1753 2623 1905 2661 praedicti
1924 2622 2094 2652 cardinalis
2106 2647 2112 2658 ,
2130 2622 2168 2652 de

1170 2687 1249 2709 novo
1267 2677 1415 2707 ecclesias
1433 2677 1471 2705 de
1492 2678 1668 2713 Essemere,
1687 2676 1943 2710 Saresbhiensis,
1964 2679 1993 2704 et
2009 2675 2046 2704 de
2070 2675 2168 2705 Estle-

1167 2732 1237 2768 che,
1254 2730 1494 2768 Wigorniensis
1517 2730 1721 2765 dioecesium,
1744 2738 1821 2767 quas
1840 2738 1901 2758 una
1919 2737 1990 2758 cum
2009 2728 2168 2758 archidia-

1167 2789 1279 2816 conatu
1311 2783 1513 2813 Landavensi
1542 2783 1610 2812 sine
1633 2782 1869 2820 dispensatione
1895 2782 2012 2819 recepit
2033 2786 2064 2811 et
2090 2783 2167 2811 reti-

1168 2838 1248 2872 nnit,
1266 2837 1291 2865 si
1312 2836 1393 2865 nulli
1409 2835 1463 2879 alii
1482 2835 1656 2864 debeantur
1672 2844 1729 2864 nec
1747 2835 1779 2863 in
1802 2836 1847 2863 eis
1862 2835 1914 2873 jus
1931 2837 2113 2872 patronatus
2128 2834 2168 2863 ad

1168 2891 1283 2920 laicum
1301 2893 1429 2927 spectet,
1449 2888 1580 2918 confert.

1212 2956 1224 2970 ι
1242 2944 1278 2973 In
1298 2947 1400 2972 nostra
1422 2942 1644 2981 proposuisti...
1662 2958 1699 2963 -
1719 2942 1786 2970 Dat.
1807 2946 1958 2979 utsupra.
1981 2953 1993 2967 n

1198 3057 1230 3087 (1)
1247 3056 1325 3078 Num.
1346 3054 1411 3077 1623.
