2342 3652
921 363 1147 403 DEUXIEME
1169 363 1324 402 ANNEE.
2106 379 2160 409 297

83 453 97 469 ι
119 438 281 471 communi
299 437 421 467 Veneto
434 445 565 467 omnem
584 436 755 467 utilitatem
774 442 804 466 et
819 442 1005 476 proventus,
1024 438 1082 476 qui

68 484 96 522 '»
118 501 155 523 ex
168 491 273 523 officio
285 490 501 529 provenirent.
517 490 555 519 In
567 491 658 528 cujus
672 490 719 519 rei
731 490 827 519 fidem
845 495 875 520 et
888 490 1082 520 evidentiam

82 559 96 575 ι
117 545 291 586 pleniorem
309 543 415 573 dictus
432 542 584 572 dominus
607 542 671 571 dux
696 542 860 572 mandavit
878 543 916 573 de
932 543 1082 581 predictis

81 611 96 629 ι
117 600 368 630 instrumentum
381 595 549 635 publicum
560 604 617 633 per
628 604 679 625 me
694 596 872 625 Martinum
886 597 1080 634 Ravignani,

81 665 96 681 ι
118 651 276 682 notarium
292 654 322 679 et
337 649 470 679 ducatus
487 648 699 677 Venetiarum
715 648 862 685 scribam,
879 649 965 685 fieri,
980 653 1010 679 et
1025 657 1083 679 sua

82 718 95 734 ι
115 703 202 736 1111113
215 703 364 742 plumbea
381 701 586 732 communiri.
611 701 728 730 Actum
747 700 905 737 Venetiis,
925 702 958 730 in
977 701 1082 731 ducali

81 771 95 788 »
116 757 243 798 palatio.
263 756 328 793 Ego
344 755 503 784 Martinus
518 754 712 791 Ravignani‚
728 753 888 792 imperiali
899 756 1082 785 auctoritate

81 824 95 840 ι
117 809 270 845 notarim,
289 813 319 838 et
334 808 467 838 ducatus
483 807 692 836 Venetiarum
709 807 814 836 scriba
825 829 834 843 ,
851 807 916 836 hiis
931 808 1082 837 omnibus

81 876 96 892 n
115 862 246 894 interfui
261 866 292 891 et
305 861 344 891 de
362 860 513 890 mandato
528 860 605 890 dicti
624 860 748 890 domini
765 860 854 889 ducis
871 861 982 898 scripsi
1000 864 1031 890 et
1048 861 1083 890 in

81 927 97 945 »
119 915 275 956 publicam
293 914 428 944 formam
446 913 567 949 redegi.
587 924 601 939 »

119 969 199 999 Item
220 980 226 997 ε

121 1034 134 1050 ι
167 1022 204 1052 In
232 1021 292 1051 Dei
316 1020 458 1050 nomine.
487 1021 602 1048 Amen.
634 1019 730 1048 Anno
756 1019 899 1058 ejusdem
927 1019 1083 1049 Nativita-

83 1087 96 1104 »
119 1075 159 1106 tis
181 1083 411 1109 MCGLXXXVHH,
433 1073 485 1102 die
508 1076 620 1111 quarto
642 1072 788 1110 augusti,
812 1072 950 1102 secunde
979 1073 1083 1102 indic-

81 1139 96 1156 »
119 1127 223 1158 1101115.
262 1127 401 1157 1111151115
434 1125 586 1168 dominus
619 1125 785 1155 Johannes
812 1125 1000 1161 Dandulus,
1024 1126 1083 1155 Dei

81 1193 95 1210 n
116 1180 217 1220 gratia
250 1179 476 1216 Venetiarum,
510 1178 670 1208 Dalmatie
701 1182 795 1217 atque
822 1178 972 1208 Cliroatie
998 1178 1080 1213 dux,

80 1246 95 1264 ›
117 1233 265 1265 dominus
279 1236 391 1271 quarte
407 1232 503 1271 partis
519 1236 550 1262 et
565 1231 700 1261 dimidie
717 1232 812 1261 totius
823 1232 950 1270 imperii
962 1232 1082 1262 Roma—

82 1300 95 1317 ·
117 1288 182 1324 nie,
202 1287 240 1317 de
258 1286 420 1316 voluntate
435 1290 530 1324 atque
546 1294 692 1323 expresso
708 1294 864 1315 consensu
882 1286 931 1315 sui
947 1286 1082 1328 minoris

78 1353 94 1370 n
117 1344 148 1371 et
162 1340 291 1379 majoris
314 1339 443 1369 consilii
465 1344 495 1368 et
519 1338 700 1368 communis
721 1338 947 1376 Venetiarum‚
970 1339 1010 1368 ad
1032 1348 1080 1369 so-

79 1404 95 1426 »
116 1403 194 1425 1111111
224 1402 453 1432 campanarum
483 1397 513 1422 et
546 1401 637 1422 voces
674 1392 838 1431 preconias
869 1400 956 1422 more
988 1392 1082 1422 solito

63 1459 94 1484 -ι
115 1451 379 1485 congregatorum
396 1470 402 1482 ,
423 1450 454 1475 et
476 1446 545 1484 ipsa
569 1445 704 1475 consilia
722 1449 752 1474 et
774 1445 921 1474 homines
938 1446 1082 1484 ipsorum

78 1511 94 1529 n
114 1499 320 1531 consiliorum
345 1507 418 1529 cum
442 1499 553 1529 eodem
577 1498 709 1528 domino
734 1498 813 1528 duce
829 1498 943 1534 simul,
962 1499 1030 1528 vice
1046 1507 1082 1528 ac

79 1565 94 1582 »
115 1553 246 1584 nomine
267 1552 449 1583 communis
471 1552 700 1588 Venetiarum,
724 1552 883 1587 fecerunt,
906 1552 1079 1581 constitue—

77 1618 91 1636 ι
115 1610 190 1637 runt
211 1610 241 1636 et
256 1606 487 1636 ordinaverunt
503 1614 575 1635 suos
591 1605 732 1640 nuntios,
751 1604 908 1634 scindicos
924 1608 1080 1643 011110011-

79 1672 94 1688 »
116 1663 233 1690 ratores
263 1659 387 1689 nobiles
413 1660 497 1688 viros
528 1659 671 1688 Marcum
703 1658 824 1688 Benibo
856 1663 886 1687 et
913 1658 1080 1688 Nicolaum

77 1725 91 1741 ι
115 1712 261 1750 Quirini,
287 1712 519 1742 ambaxiatores
547 1711 657 1741 fideles
682 1711 758 1741 dicti
781 1710 903 1741 domini
931 1711 1021 1740 ducis
1047 1712 1080 1740 in

79 1777 95 1794 »
117 1766 206 1797 curia
220 1765 448 1804 dominipape‚
470 1765 542 1795 licet
558 1765 716 1802 absentes,
737 1769 765 1794 et
779 1765 955 1804 quemlibet
971 1773 1080 1795 eorum

79 1832 94 1848 ι
115 1820 150 1850 in'
168 1819 304 1850 solidum
319 1843 325 1856 ,
343 1819 387 1849 ita
408 1819 491 1858 quod
511 1827 575 1849 non
594 1819 634 1848 sit
651 1819 751 1857 potior
768 1818 907 1849 conditio
922 1827 1080 1857 occupan-

79 1883 95 1904 )
117 1873 175 1910 115,
192 1877 223 1903 01
237 1873 333 1912 quod,
352 1873 380 1903 si
398 1881 481 1902 unus
500 1881 610 1902 eorum
627 1872 793 1910 inceperit,
806 1872 886 1902 alter
901 1872 998 1912 possit
1013 1881 1082 1911 pro-

81 1939 95 1955 n
117 1927 208 1965 sequi
226 1931 256 1956 et
277 1925 453 1965 complere,
477 1926 516 1955 ad
538 1925 757 1962 offerendum,
778 1926 1029 1964 promittendum
1052 1931 1083 1956 et

33 1994 42 2003 ·
79 1992 94 2009 n
115 1980 312 2010 firmandum
346 1979 479 2009 nomine
503 1979 684 2009 communis
715 1979 923 2009 Venetiarum
952 1980 1082 2010 domino

76 2045 91 2062 ι
116 2042 241 2064 summo
261 2033 405 2072 pontifici
432 2038 461 2062 et
483 2032 720 2062 venerabilibus
741 2033 883 2071 patribus
903 2037 1011 2062 sancte
1032 2042 1081 2064 ro-

78 2097 94 2114 n>
115 2095 209 2116 mane
229 2085 361 2116 ecclesie
380 2085 617 2121 cardinalibus,
641 2085 691 2114 vel
706 2085 867 2122 aliquibus
884 2094 1011 2122 eornm,
1032 2086 1081 2116 vel

78 2149 94 2167 11
115 2138 188 2169 31115
201 2139 456 2177 quibuscumque
472 2138 640 2171 videbitur,
657 2138 740 2176 quod
753 2138 904 2168 dominus
919 2139 982 2168 dux
997 2138 1082 2168 solus

79 2203 94 2220 n
115 2192 201 2222 dabit
221 2192 379 2222 auxilium
406 2191 653 2230 inquisitoribus
678 2191 817 2221 heretice
843 2192 1006 2230 pravitatis
1028 2201 1082 2230 pro

79 2255 95 2273 n
117 2245 339 2284 inquisitionis
361 2245 467 2275 officio
494 2244 671 2274 exercendo
696 2245 731 2273 in
751 2244 913 2279 Venetus,
937 2245 1081 2283 quando-

79 2309 94 2326 »
115 2306 251 2338 cumque
268 2299 308 2329 ab
325 2299 400 2337 ipsis
422 2298 669 2337 inquisitoribus
686 2298 783 2328 fuerit
798 2298 991 2337 requisitus,
1012 2299 1081 2328 sine

79 2361 95 2379 n
116 2351 244 2382 alterius
272 2351 483 2391 requisitione
511 2351 649 2381 consilii.
680 2351 761 2380 Item
793 2352 875 2390 quod
907 2352 1082 2390 deponetur

79 2413 96 2435 D
116 2406 248 2444 pecunia
277 2414 373 2444 penes
403 2405 544 2444 aliquem
573 2406 759 2444 deputatum
790 2405 821 2434 in
855 2405 999 2434 Venetiis
1026 2414 1082 2443 per

81 2469 95 2486 ιι
117 2465 285 2488 commune
316 2458 524 2488 Venetiarum
550 2458 589 2487 ad
620 2466 736 2487 nomen
764 2458 1009 2496 inquisitorum,
1039 2458 1082 2487 ita

81 2522 96 2538 ³›
117 2512 218 2550 quod,
237 2512 504 2551 quandocumque
524 2511 733 2550 inquisitores
750 2511 933 2549 indigerent
948 2512 1082 2550 pecunia

81 2574 96 2592 ³)
118 2573 171 2603 pro
185 2565 308 2601 officio,
327 2565 411 2604 quod
430 2573 493 2594 non
512 2569 652 2603 oporteat
668 2573 720 2594 eos
738 2564 799 2594 alio
814 2564 1001 2602 perquirere
1018 2564 1081 2593 11151

81 2628 96 2644 ι
117 2617 213 2648 istum
229 2619 274 2648 sic
291 2618 487 2657 deputatum,
514 2619 569 2657 qui
588 2621 734 2647 teneatur
762 2622 792 2647 et
807 2618 935 2653 debeat,
953 2617 1081 2655 qnando

81 2681 96 2698 ²
115 2672 330 2710 requisierint,
349 2671 411 2701 sibi
429 2671 515 2707 dare,
534 2676 563 2701 et
578 2672 711 2710 recipiat
727 2680 782 2709 pro
797 2671 961 2701 communi
980 2671 1082 2700 Vene-

81 2734 96 2751 »
117 2723 232 2754 tiarum
253 2733 382 2754 omnem
404 2725 571 2754 utilitatem
596 2728 626 2754 et
648 2728 819 2763 proventus
845 2724 900 2762 qui
920 2733 956 2753 ex
975 2723 1082 2754 officio

82 2787 96 2803 n
117 2777 332 2816 provenirent.
367 2778 592 2807 Promittentes
616 2778 747 2807 firmum
777 2781 807 2806 et
833 2780 938 2806 ratum
965 2777 1081 2806 babere

81 2839 96 2856 ι
118 2830 268 2870 quicquid
284 2831 434 2867 fecerint,
452 2831 501 2859 vel
518 2830 597 2860 alter
612 2838 722 2860 eorum
738 2830 848 2860 fecerit
862 2830 900 2859 de
915 2830 1079 2868 predictis,

82 2893 96 2909 ι
119 2883 177 2914 sub
191 2883 386 2922 obligatione
410 2884 565 2914 bonorum
591 2884 771 2914 communis
796 2884 1013 2913 Venetiarum.
1042 2883 1080 2912 In

82 2945 97 2961 »
118 2935 208 2974 cujus
223 2937 267 2966 rei
284 2936 380 2966 fidem
398 2941 428 2966 et
445 2936 640 2966 evidentiam
657 2936 833 2974 pleniorem
851 2935 1001 2965 dominus
1018 2936 1080 2964 dux

83 2997 97 3015 υ
117 2989 279 3019 mandavit
302 2993 331 3019 et
348 2989 424 3019 dicti
443 2989 481 3019 de
497 2988 630 3019 consilio
648 2993 839 3026 rogaverunt
854 2998 908 3027 per
927 2997 977 3018 me
996 2989 1079 3017 Mar-

69 3051 97 3081 )
118 3041 219 3072 tinum
234 3042 430 3080 Ravignani,
445 3042 602 3071 notarium
618 3041 867 3079 infrascriptum,
880 3041 1016 3071 fierihoc
1027 3050 1081 3078 pu-

218 3108 289 3135 1150.
312 3108 433 3136 Νιοοιᾼε
454 3108 504 3134 [V.

1166 448 1179 463 »
1203 437 1322 468 1111011111
1348 439 1617 477 instrumentum,
1635 442 1719 480 quod
1743 442 1894 472 domiuus
1913 442 1975 472 dux
2001 444 2163 474 mandavit

1165 501 1179 517 »
1204 499 1260 520 sua
1277 491 1363 521 bulla
1380 492 1527 531 plumbea
1540 496 1744 525 communiri.
1760 497 1875 525 Actum
1891 496 2043 532 Venetiis,
2060 497 2091 525 in
2108 497 2163 526 du-

1166 554 1179 569 »
1204 543 1262 572 cali
1279 544 1409 582 palatio,
1429 547 1627 584 presentibus
1646 549 1796 586 magistro
1822 549 1938 585 Tanto,
1956 549 2162 587 cancellario,

1166 607 1180 622 »
1205 596 1396 627 Rustichino
1413 598 1628 636 Benentenffi,
1650 601 1762 631 Ziliolo
1781 601 1818 630 de
1834 602 1967 631 Xanino
1983 606 2013 632 et
2028 601 2162 631 Gusme-

1166 659 1180 674 »
1204 648 1252 678 rio
1261 649 1298 678 de
1313 650 1480 687 Madonio,
1496 653 1625 682 notariis
1637 653 1808 683 etducatus
1821 654 2026 684 Venetiarum
2039 655 2161 684 scribis.

1167 712 1180 727 n
1206 700 1271 738 Ego
1294 702 1450 733 Martinus
1471 704 1675 742 -Ravignani,
1700 706 1859 744 imperiali
1875 708 2057 737 auctoritate
2074 713 2162 737 nota-

1166 764 1181 779 »
1205 754 1271 784 rius
1288 759 1316 784 01
1331 755 1463 786 ducatus
1479 757 1686 787 Venetiarum
1709 759 1810 788 scriba
1823 782 1830 796 ,
1849 760 1997 797 predictis
2015 762 2164 791 omnibus

1167 820 1181 835 ³>
1203 809 1335 839 interfui
1351 815 1379 839 et
1395 811 1432 840 de
1447 812 1595 842 mandato
1613 813 1688 842 dicti
1704 814 1826 843 domini
1842 815 1930 844 ducis
1946 816 2057 854 scripsi
2074 820 2104 845 et
2118 824 2164 846 ro-

1167 873 1181 887 »
1205 866 1278 899 gatu
1294 863 1508 901 predictorum
1527 866 1560 894 in
1579 865 1737 903 publicam
1756 867 1890 896 sormam
1906 868 2024 905 redegi.
2043 880 2058 895 »

1206 914 1276 944 Dat.
1296 916 1410 952 Reate,
1428 926 1446 945 v
1463 916 1615 946 kalendas
1633 919 1830 957 septembris,
1849 928 1933 948 anno
1949 921 2098 950 secundo.
2120 934 2131 948 »

1239 1109 1258 1135 Ι
1266 1108 1353 1137 548

1201 1169 1327 1196 Licentia
1343 1170 1507 1196 conferendi
1524 1171 1671 1197 beneficia.
1690 1171 1771 1204 (Rae.
1791 1172 1834 1205 44,
1852 1180 1876 1198 c.
1895 1172 1953 1205 548,
1973 1173 1990 1198 fv
2010 1173 2061 1199 *234
2078 1175 2123 1205 ro.)

1687 1110 1772 1139 Rieu,
1790 1109 1822 1136 ‘27
1840 1111 2001 1144 septembre
2022 1111 2095 1138 1289.

1211 1287 1377 1316 Venerabili
1392 1287 1487 1323 fratri
1503 1287 1617 1323 Garsie,
1637 1288 1855 1325 archiepiscopo
1873 1289 2027 1325 [spalensi.
2048 1302 2059 1315 ιι
2076 1289 2169 1319 Clara

1165 1343 1218 1370 tue
1241 1339 1456 1370 devotionis...
1490 1340 1575 1369 Hinc
1597 1345 1643 1369 est
1674 1340 1757 1379 qnod
1787 1349 1854 1375 1105,
1883 1342 1942 1371 11115
1959 1342 2079 1372 devotis
2095 1352 2167 1381 sup-

1164 1392 1390 1431 plicationibus
1421 1394 1599 1431 benignum
1621 1394 1840 1432 impartientes
1859 1403 2043 1432 assensum,
2068 1401 2101 1425 ut
2121 1397 2167 1434 si,

1164 1451 1330 1485 postquam
1348 1446 1386 1475 ad
1404 1446 1590 1485 Yspalensis
1607 1447 1739 1477 ecclesie
1755 1448 1898 1484 regimen
1917 1457 1949 1477 es
1968 1454 2147 1488 assumptus
2159 1473 2166 1485 ,

1164 1499 1319 1529 beneficia
1336 1499 1563 1536 ecclesiastica,
1588 1500 1683 1529 etiam
1702 1501 1728 1529 si
1747 1505 1930 1539 personatus
1948 1506 1977 1531 et
1998 1502 2168 1539 dignitates

1165 1553 1301 1582 existant
1323 1556 1353 1582 et
1375 1561 1485 1582 01113111
1508 1552 1648 1582 1131103111
1671 1553 1868 1590 animarum,
1891 1561 2099 1590 vacaverunt,
2118 1556 2168 1586 vel

1164 1606 1269 1636 medio
1294 1610 1433 1644 tempore
1463 1614 1525 1644 quo
1548 1606 1586 1635 ad
1610 1606 1774 1636 ecclesiam
1803 1607 1904 1645 ipsam
1937 1608 2065 1637 accedes
2090 1609 2168 1639 sorte

1164 1659 1335 1695 vacabunt,
1363 1659 1457 1689 etiam
1490 1659 1516 1689 si
1541 1663 1711 1698 antequam
1741 1659 1894 1689 beneficia
1927 1660 1994 1698 ipsa
2025 1661 2168 1691 conferre

1164 1722 1270 1753 posses
1293 1712 1452 1742 laberetur
1474 1716 1624 1742 semestre
1642 1717 1765 1752 tempus
1780 1713 1862 1751 quod
1879 1713 1934 1743 tibi
1950 1714 1989 1743 ad
2006 1715 2170 1744 conseren-

1165 1767 1241 1797 dum
1259 1767 1413 1796 beneficia
1425 1766 1535 1796 eadem
1548 1775 1565 1795 a
1580 1766 1756 1796 canonibus
1769 1766 1965 1805 indulgetur,
1979 1768 2063 1805 quod
2076 1768 2169 1797 bene-

1164 1821 1235 1851 ficia
1258 1821 1345 1859 ipsa,
1367 1824 1458 1858 prout
1480 1819 1558 1849 alias
1580 1819 1619 1849 ad
1645 1824 1734 1850 tuum
1759 1824 1876 1858 spectat
1902 1820 2059 1857 officium,
2086 1822 2169 1852 infra

1164 1873 1251 1904 aliud
1271 1873 1432 1903 semestris
1459 1873 1607 1912 temporis
1632 1873 1786 1911 spatium,
1802 1882 1820 1902 3
1840 1874 1905 1904 tine
1929 1874 2025 1913 primi
2042 1875 2168 1904 decursi

1165 1928 1314 1966 temporis
1353 1927 1435 1957 circa
1469 1927 1665 1957 vacationem
1701 1927 1902 1965 singulorum
1939 1928 2169 1958 beneficiorum

1164 1981 1350 2020 hujusmodi
1375 1980 1645 2018 computandum,
1678 1980 1761 2019 quod
1792 1989 1864 2010 cum
1898 1982 1995 2018 priori
2029 1986 2168 2019 tempore

1164 2033 1343 2072 computari
1362 2033 1532 2069 nolumus,
1559 2034 1702 2071 personis
1730 2038 1835 2062 tamen
1859 2033 1992 2072 ydoneis
2016 2034 2073 2063 bac
2101 2035 2169 2063 vice

1164 2087 1308 2118 conferre
1337 2086 1438 2116 libere
1467 2086 1572 2116 valeas
1603 2086 1790 2115 fraternitati
1821 2090 1872 2116 tue
1902 2087 2084 2116 auctoritate
2114 2087 2168 2116 tibi

1165 2140 1361 2179 presentium
1392 2139 1608 2177 indulgemus.
1642 2139 1732 2169 Nulli
1758 2148 1832 2177 ergo
1862 2144 1920 2169 etc.
1955 2144 2061 2169 nostre
2092 2148 2168 2169 0011-

1164 2194 1319 2224 cessionis
1346 2198 1403 2223 010.
1435 2194 1504 2223 Dat¹
1533 2194 1645 2229 Reate,
1672 2203 1691 2222 v
1720 2192 1872 2222 kalendas
1899 2193 2052 2226 octobris,
2081 2201 2168 2223 anno

1165 2241 1313 2277 secuiido.
1335 2259 1347 2273 n

1240 2447 1258 2474 Ι
1267 2446 1354 2474 549

1202 2509 1331 2536 Facultas
1357 2507 1522 2534 absolvendi
1551 2508 1825 2534 excommunicatos.
1854 2507 1936 2540 (Res.
1962 2507 1993 2533 44
2005 2529 2011 2539 ,
2042 2515 2066 2532 c.
2098 2507 2164 2537 549,

1163 2558 1183 2584 f.
1201 2558 1250 2584 <234
1269 2564 1308 2588 r⁰;
1326 2556 1393 2582 Lar.
1410 2565 1445 2582 nu
1460 2555 1559 2588 Tuum,
1576 2555 1613 2588 11,
1630 2555 1703 2589 ⁶279.)

1686 2444 1772 2475 Rieti,
1790 2445 1823 2471 ‘37
1839 2445 2000 2479 septembre
2018 2444 2094 2471 1989.

1211 2671 1375 2701 Venerabili
1389 2672 1485 2707 fratri
1500 2671 1663 2703 Ademaro,
1682 2670 1812 2705 episcopo
1829 2669 2080 2705 claromontensi,
2094 2678 2166 2699 con-

1164 2725 1246 2754 cedit
1272 2729 1306 2754 ut
1325 2723 1453 2752 clericos
1480 2731 1555 2751 suae
1577 2721 1729 2751 dioecesis
1751 2721 1806 2759 qui
1830 2729 1883 2758 pro
1901 2720 2041 2750 violenta
2064 2721 2166 2759 injec-

1165 2779 1248 2808 tione
1270 2785 1426 2806 manuum
1444 2776 1479 2804 in
1498 2783 1647 2813 personas
1666 2774 1895 2804 ecclesiasticas
1916 2774 1965 2802 vel
1983 2783 2037 2812 pro
2060 2775 2166 2804 mani-

1164 2832 1241 2861 festa
1265 2829 1497 2860 cohabitatione
1518 2836 1590 2857 cnm
1616 2827 1804 2856 mulieribus
1826 2826 2016 2855 sententiam
2041 2835 2164 2857 excom-

1164 2883 1391 2914 municationis
1418 2881 1613 2910 incurrerint
1639 2879 1817 2915 absolvere,
1839 2884 1869 2907 et
1889 2888 1960 2909 cnm
1980 2880 2024 2909 eis
2044 2881 2099 2918 qui
2122 2881 2166 2910 sic

1164 2937 1274 2976 legati,
1293 2935 1412 2965 divinis
1431 2944 1462 2964 se
1479 2933 1704 2970 immiscendo,
1721 2932 1987 2970 irregularitatem
2003 2939 2166 2963 contraxe-

1163 2991 1248 3027 rint,
1266 2989 1451 3027 dispeusare
1466 2986 1573 3026 possit.

1205 3056 1217 3070 a
1236 3043 1278 3072 Ex
1295 3047 1381 3080 parte
1402 3046 1490 3070 tua...
1510 3057 1545 3060 Α·
1562 3040 1633 3069 Dat.
1653 3043 1805 3077 utsupra.
1828 3050 1842 3066 ι»

1993 3105 2024 3131 38
