2477 3637
269 375 326 405 486

272 557 287 572 ))

273 610 287 625 Ἰ)

273 662 287 677 2

272 716 286 730 ))

272 769 286 784 l)

274 1194 287 1208 S
273 1141 287 1156 U
274 1087 287 1101 U
273 1033 286 1048 U
271 981 283 996 Ὶ
272 927 286 943 U
273 875 285 888 U

275 1567 287 1581 Β
274 1514 287 1528 U
274 1459 287 1474 U
274 1407 287 1421 U
274 1353 287 1368 ὓ
274 1300 287 1315 ⁸

274 1674 288 1689 ))

277 1888 290 1903 ))

276 1941 291 1956 ))

311 438 616 469 excommunicatos,
635 434 819 464 interdictos
841 431 888 460 vel
912 439 1081 468 suspensos
1099 439 1116 459 a
1134 429 1225 459 nobis
1248 432 1278 457 01

311 491 546 522 successoribus
574 488 690 518 nostris
714 496 748 516 ac
771 484 960 516 officialibus
983 483 1276 518 Noviomensibus,

312 554 369 574 nec
395 543 520 573 eosdem
547 542 591 571 sic
618 541 731 578 ligatos
755 537 917 568 absolvent
936 546 989 565 sen
1009 536 1171 565 absolvere
1191 540 1278 573 pote-

312 602 383 626 rnnt
413 605 469 625 nec
497 604 548 624 eos
574 593 729 631 recipient
755 590 804 620 vel
833 598 885 619 eos
912 589 1007 627 recipi
1035 588 1218 626 permittent
1242 587 1277 616 in

310 649 402 678 dictis
422 647 496 676 villa
517 651 547 676 et
566 650 666 675 castro
686 642 938 677 PeronensibnS,
955 642 979 670 si
1000 642 1043 670 sic
1064 641 1152 678 ligati
1171 640 1279 670 deces-

311 703 425 737 serint,
443 700 481 729 ad
502 699 696 737 sepulturam
719 696 965 726 ecclesiasticam
985 694 1031 724 vel
1047 694 1086 724 ad
1102 694 1163 723 alia
1180 693 1278 723 eccle-

310 756 435 785 siastica
455 757 663 783 sacramenta.

312 821 326 835 »
349 810 426 837 Item
443 806 589 836 volumus
603 804 687 843 qnod
704 803 895 834 Peronensis
907 802 1046 831 decanus
1057 801 1114 840 qni
1129 809 1184 839 pro
1198 804 1280 830 tem-

310 871 382 900 pore
410 861 505 889 fuerit
525 859 557 888 in
576 858 726 888 omnibns
745 856 850 886 causis
869 860 899 884 et
920 853 1058 892 singulis
1080 853 1228 883 civilibus
1249 858 1280 883 et

309 914 502 954 pecuniariis
515 913 555 941 sit
569 912 607 941 de
619 910 844 950 jurisdictione
858 908 955 938 solius
967 907 1097 946 capituli
1112 907 1278 937 Peronen-

310 968 370 1003 sis,
387 972 415 996 et
431 966 514 1005 quod
533 966 559 995 si
575 964 712 994 eundem
732 964 887 993 decanum
908 962 941 990 in
962 961 1045 990 dicta
1064 959 1196 990 ecclesia
1215 968 1279 989 nou

312 1020 450 1049 residere
468 1019 646 1055 contingat,
667 1016 842 1056 capitulum
861 1016 1042 1044 Peronense
1060 1014 1182 1042 fructus
1201 1021 1279 1051 quos

313 1075 345 1103 iu
368 1074 477 1103 eadem
500 1072 632 1102 ecclesia
656 1070 705 1100 vel
730 1070 806 1099 alibi
829 1069 928 1108 ipsius
952 1068 1125 1097 decanatus
1148 1066 1280 1096 nomine

311 1129 432 1158 obtinet
449 1136 502 1156 sen
521 1127 615 1155 etiam
630 1124 786 1155 obtinebit
802 1124 833 1152 iu
853 1127 1010 1161 posterum
1025 1129 1082 1150 sua
1095 1121 1280 1150 auctoritate

312 1182 424 1211 saisire
440 1185 470 1209 et
486 1183 640 1209 arrestare
657 1177 760 1207 valeat
775 1182 803 1206 et
822 1177 916 1205 etiam
934 1174 1087 1204 detinere.

314 1246 328 1260 »
354 1234 432 1263 ltem
450 1233 597 1262 volumus
613 1231 713 1269 qnod,
733 1230 759 1259 si
777 1230 914 1259 decanus
938 1227 1069 1257 ecclesie
1086 1226 1281 1256 Peronensis

311 1287 477 1325 delinquat
498 1287 529 1314 in
552 1285 683 1314 ecclesia
700 1283 876 1313 Peronensi
896 1281 945 1311 vel
965 1281 999 1310 111
1018 1281 1160 1319 aliquem
1177 1279 1216 1309 de
1230 1288 1281 1309 ec-

311 1340 406 1371 clesia
426 1338 601 1369 Peronensi
618 1345 746 1376 quoquo
764 1334 1068 1374 inodo,jurisdictio
1085 1338 1114 1363 et
1129 1333 1280 1363 correctio

312 1394 455 1432 ejusdem
472 1392 583 1422 decani
600 1390 773 1429 delictique
796 1390 844 1419 sui
866 1389 900 1418 in
926 1387 1058 1418 ecclesia
1078 1391 1108 1416 et
1130 1394 1281 1425 personas

313 1447 447 1485 prefatas
473 1444 636 1475 commissi
660 1444 701 1472 sit
726 1447 756 1473 et
778 1446 895 1482 spectet
917 1442 956 1471 ad
979 1440 1084 1471 solum
1104 1439 1281 1479 capitulum

313 1502 507 1531 Peronense.
539 1500 577 1528 In
609 1498 760 1528 omnibus
790 1496 863 1526 aliis
895 1496 954 1526 erit
988 1495 1026 1524 de
1056 1493 1282 1533 jurisdictione

312 1558 427 1583 nostra.

315 1622 327 1633 »ν
346 1609 423 1637 Item
433 1606 613 1645 jurisdictio
624 1610 653 1635 et
662 1605 787 1643 justitia
797 1603 984 1634 omnimoda
997 1602 1163 1642 parrochie
1175 1601 1283 1631 Sancti

313 1661 461 1697 Quintini
482 1661 513 1689 in
532 1661 626 1698 Aqua
645 1664 675 1688 et
691 1658 839 1688 oninium
860 1657 893 1686 in
914 1656 1024 1686 eadem
1044 1656 1209 1695 parrochia
1227 1655 1281 1685 de-

313 1715 457 1753 gentium
478 1722 686 1752 personarum
704 1712 797 1750 pleno
813 1712 885 1750 jure
902 1710 941 1740 ad
958 1719 1015 1740 nos
1037 1715 1067 1740 et
1085 1718 1284 1740 successores

314 1773 438 1798 nostros
453 1767 552 1797 libere
569 1767 704 1806 pertinet
722 1770 752 1795 et
767 1765 862 1795 etiam
880 1764 1060 1803 pertinebit.

317 1835 330 1849 »
357 1823 436 1851 110111
454 1831 511 1850 1105
529 1825 559 1850 et
579 1828 774 1850 successores
796 1819 895 1849 nostri
911 1819 967 1857 qni
988 1827 1042 1857 pro
1060 1823 1199 1857 tempore
1214 1817 1284 1847 fue—

315 1876 380 1905 rint
397 1875 430 1904 in
451 1883 508 1904 suo
526 1874 664 1912 jocundo
681 1873 818 1902 adventu
838 1872 1092 1910 procurationem
1110 1879 1209 1900 unam
1225 1870 1283 1900 113-

315 1928 461 1959 bebimus
478 1927 512 1956 in
530 1927 661 1957 ecclesia
682 1926 769 1956 Beati
787 1925 908 1955 Fnrseii
927 1925 1114 1955 Peronensi.

316 1994 330 2009 »
356 1982 435 2011 Item
454 1989 512 2011 nos
530 1984 560 2010 et
578 1980 688 2018 prefati
713 1986 910 2008 successores
931 1978 1029 2007 nostri
1048 1977 1105 2016 qni
1127 1985 1181 2015 pro
1205 1982 1283 2006 tem-

314 2044 387 2074 pore
405 2034 525 2063 suerint
543 2032 679 2071 singulis
695 2032 790 2061 annis
808 2040 862 2070 pro
880 2031 1100 2070 procuratione
1120 2034 1226 2060 nostra
1248 2031 1282 2060 in

315 2088 447 2118 eeclesia
463 2087 551 2117 Beati
566 2086 689 2116 Furseii
702 2094 803 2115 unum
816 2085 962 2114 modium
977 2084 1129 2114 frumenti
1142 2084 1180 2114 ad
1196 2092 1284 2113 men-

315 2150 422 2172 suram
443 2141 658 2171 Peronensem
677 2139 866 2169 habebimus
883 2143 913 2168 et
930 2138 1152 2177 percipiemus.

315 2207 330 2222 »
354 2196 432 2225 ltem
450 2194 598 2225 volumus
615 2198 645 2223 et
662 2193 697 2223 in
714 2192 774 2222 hoc
794 2201 940 2230 expresse
960 2192 1179 2222 consentimus
1198 2191 1283 2230 quod

319 2249 494 2285 ‚occasione
508 2247 757 2286 premissorum,
778 2254 836 2275 nos
860 2254 917 2275 nec
937 2253 1132 2275 successores
1151 2245 1286 2282 nostrissa

314 2302 461 2341 predictis
485 2301 604 2330 decano
621 2305 650 2330 et
668 2299 807 2339 capitulo
823 2299 1061 2329 Peronensibus
1084 2298 1208 2337 aliquid
1228 2308 1281 2328 ra-

314 2356 399 2385 tione
428 2354 566 2393 preteriti
594 2353 744 2391 temporis
768 2357 872 2391 petere
896 2352 1053 2390 possimus
1079 2352 1111 2381 in
1135 2351 1283 2382 futurum

313 2416 440 2447 quoquo
457 2407 561 2443 modo,
580 2415 638 2436 nec
654 2406 749 2435 etiam
767 2405 829 2444 ipsi
844 2414 862 2435 a
879 2405 982 2435 nobis.

313 2474 328 2489 »
355 2463 391 2492 Et
406 2462 445 2491 ad
461 2465 611 2500 perpetue
628 2460 713 2498 pacis
728 2459 976 2496 observantiam,
991 2467 1060 2497 nos,
1073 2467 1128 2497 pro
1145 2458 1237 2488 nobis
1253 2462 1282 2488 01

314 2515 445 2546 ecclesia
468 2518 575 2545 nostra
596 2514 805 2544 Noviomensi
827 2522 862 2543 ac
886 2512 1123 2543 successoribus
1146 2512 1279 2549 nostris,

312 2578 348 2599 ac
365 2568 543 2608 predictum
560 2567 734 2606 capitulum
752 2567 947 2603 Peronense,
965 2570 1097 2596 vacante
1113 2565 1280 2603 decanatu,

311 2623 461 2653 universa
482 2621 622 2660 predicta
640 2625 670 2650 et
690 2619 834 2658 singula,
854 2624 948 2659 prout
969 2619 1116 2658 superins
1134 2623 1209 2648 sunt
1228 2628 1282 2649 ex-

314 2685 436 2716 pressa,
456 2680 562 2705 tenere
580 2678 731 2713 perpetuo
749 2678 779 2703 et
798 2673 1028 2704 inviolabiliter
1045 2673 1229 2710 observare,
1246 2681 1282 2704 ac

313 2730 421 2760 eadem
446 2728 608 2767 procurari
633 2736 688 2766 per
712 2727 820 2757 sedem
843 2726 1048 2765 apostolicam
1074 2726 1280 2764 confirmari,

314 2783 428 2813 nostris
447 2787 477 2811 et
496 2781 596 2820 ipsius
614 2780 747 2819 capituli
766 2780 957 2810 Peronensis
978 2780 1158 2818 sumptibus
1178 2785 1208 2809 et
1226 2789 1282 2810 ex-

314 2836 429 2875 pensis,
447 2835 527 2864 bona
544 2834 605 2864 fide
622 2834 873 2872 repromittimus
888 2838 919 2863 et
934 2842 1045 2863 sumus
1062 2833 1202 2864 invicem
1218 2832 1280 2863 501-

313 2889 481 2927 lempniter
507 2887 665 2926 stipulati,
687 2888 887 2926 presentibus
910 2891 940 2916 et
965 2887 1122 2917 contentis
1147 2887 1182 2916 in
1204 2887 1282 2925 ipsis

314 2947 427 2971 extunc
443 2942 605 2971 dumtaxat
623 2940 769 2971 valituris
786 2950 860 2970 cum
883 2949 938 2979 per
959 2949 1123 2970 summum
1147 2940 1281 2978 pontifi-

315 3004 381 3025 cem
405 3004 439 3023 ex
467 2998 549 3024 certa
571 2995 704 3024 scientia
728 2994 846 3024 fuerint
868 2994 1076 3029 confirmata,
1101 3002 1160 3024 nec
1189 2993 1282 3024 aliter

315 3047 433 3087 possint
451 3056 560 3077 eorum
576 3048 716 3078 narratio
737 3052 767 3078 et
787 3048 962 3086 confessio,
978 3056 1044 3078 non
1063 3047 1173 3078 habita
1195 3047 1281 3078 dicta

1021 361 1256 394 REGISTRES
1280 361 1334 391 DE
1357 359 1541 389 NICOLAS
1566 359 1620 389 [V.

1399 425 1658 460 confirmatione,
1677 425 1821 464 primevo
1836 423 1903 461 juri
1923 422 2060 461 partium
2075 421 2208 460 aliquod
2228 421 2366 460 prejudi-

1399 479 1485 509 cium
1511 487 1680 516 generare,
1697 477 1751 507 sed
1771 477 1856 507 dicta
1875 475 2118 506 confirmatione
2139 483 2201 504 nou
2221 474 2365 512 obtenta,

1402 541 1455 571 pro
1471 532 1598 561 insectis
1617 531 1754 561 totaliter
1772 530 1961 559 habeantur.

1403 597 1416 612 »
1443 586 1479 615 In
1497 593 1632 623 qnorum
1652 585 1799 614 omnium
1826 582 2043 612 testimouium
2062 580 2205 619 sigillum
2225 585 2366 612 nostrum

1402 638 1601 677 presentibus
1625 637 1739 667 litteris
1762 637 1912 666 duximus
1936 634 2172 673 apponendum.
2195 634 2264 663 Dat.
2284 642 2368 666 anno
2400 620 2409 629 ⁰

1402 692 1533 721 Domini
1552 696 1585 721 111ο
1601 696 1648 721 cc⁰
1664 690 1856 728 octogesimo
1879 697 1981 725 nono,
1998 688 2050 718 die
2066 687 2159 718 Jovis
2181 691 2248 726 post
2267 687 2368 717 Bran-

1401 745 1511 775 (101105.

1404 810 1417 824 »
1444 798 1611 828 Universis
1636 801 1799 835 presentes
1820 795 1941 825 litteras
1968 795 2173 833 inspecturis.
2194 793 2369 832 capitulum

1403 851 1534 881 ecclesie
1551 850 1754 886 peronensis,
1774 850 1928 879 decanatu
1947 853 2087 884 vacante,
2105 846 2239 877 5311110111
2255 848 2288 876 111
2305 847 2368 878 Do-

1403 905 1502 934 mino.
1522 904 1602 934 Cum
1618 903 1709 939 olim,
1724 903 1898 940 instigante
1913 902 1968 941 (101
1984 901 2215 931 discordiarum
2230 900 2368 931 semina-

1405 964 1451 988 tor
1471 958 1589 993 extitit,
1606 958 1684 988 ortis
1707 956 1950 993 controversiis,
1967 954 2107 994 querelis
2124 959 2155 984 et
2171 954 2280 984 litibus
2297 963 2370 993 gra.-

1404 1012 1495 1041 vibus
1521 1015 1550 1040 et
1577 1011 1780 1049 (1311111110515,
1805 1010 1888 1039 inter
1914 1008 2126 1038 reverendum
2150 1012 2269 1047 patrem
2297 1008 2370 1039 tuno

1406 1066 1554 1104 temporis
1578 1065 1827 1095 Noviomensem
1852 1063 2050 1101 episcopum,
2071 1071 2107 1092 ex
2134 1070 2198 1092 una
2220 1066 2321 1100 parte,
2342 1064 2372 1092 ot
2435 1093 2438 1101 ,

1405 1118 1642 1156 predecessores
1660 1117 1730 1156 (ms.
1747 1126 1757 1146 .·
1777 1115 1946 1155 predictos)
1961 1120 2084 1145 nostros
2101 1114 2259 1144 decanum
2275 1117 2306 1144 et
2320 1122 2372 1144 cae
2414 1101 2433 1137 *¹²

1403 1171 1542 1210 pitulnm
1560 1171 1635 1201 eccl·
1648 1172 1693 1201 sie
1709 1170 1920 1206 Peronensis,
1939 1178 1976 1199 ex
1990 1168 2105 1206 altera,
2122 1177 2217 1207 super
2238 1176 2274 1198 eo
2289 1167 2373 1206 quod

1406 1224 1518 1263 prefati
1535 1224 1772 1263 predecessores
1790 1223 1905 1259 nostri,
1922 1226 2100 1252 asserentes
2122 1231 2154 1252 se
2169 1230 2238 1252 esse
2254 1221 2286 1250 in
2305 1229 2374 1260 pos-
2419 1214 2422 1219 Δ

1405 1278 1561 1313 sessione,
1581 1286 1634 1307 5011
1654 1278 1762 1316 qnasi,
1781 1276 1921 1307 habendi
1938 1280 1968 1306 et
1983 1275 2153 1305 exercendi
2176 1274 2373 1315 jurisdictio-

1405 1341 1477 1362 nem
1503 1336 1533 1361 et
1553 1331 1712 1371 justitiam
1736 1331 1957 1361 omnimodam
1975 1329 2219 1360 ecclesiasticam
2241 1329 2275 1358 in
2298 1327 2375 1359 villa
2415 1334 2419 1340 ⁴

1404 1390 1434 1415 et
1456 1390 1557 1416 castro
1579 1385 1817 1415 Peronensibus
1839 1393 1875 1414 ac
1896 1384 2039 1423 personis
2061 1382 2253 1421 degentibus
2274 1381 2371 1416 inibi.

1404 1440 1552 1470 dicebaut
1570 1440 1629 1469 hec
1644 1440 1706 1469 sibi
1732 1439 1830 1469 licere
1846 1443 1876 1469 et
1893 1442 2085 1476 competere,
2105 1441 2171 1466 tum
2190 1445 2227 1466 ex
2246 1434 2374 1474 privile-

1405 1493 1467 1531 giis
1492 1502 1699 1523 romanorum
1723 1492 1930 1531 pontificum,
1951 1496 2017 1521 tum
2038 1500 2074 1521 ex
2094 1489 2264 1528 largitione
2285 1497 2375 1520 reve-

1406 1547 1497 1577 rendi
1522 1547 1621 1585 patris
1645 1546 1818 1585 Symonis,
1843 1546 1901 1575 Dei
1927 1545 2028 1583 gratia
2053 1549 2128 1574 tunc
2150 1541 2376 1573 Noviomensis

1405 1604 1499 1639 atque
1513 1601 1726 1630 Tornacensis
1743 1599 1894 1638 episcopi,
1910 1604 1976 1628 tum
1993 1599 2090 1628 etiam
2109 1606 2147 1627 ex
2166 1595 2374 1636 possessione,

1406 1653 1637 1692 prescriptione
1659 1657 1688 1683 et
1709 1652 1940 1683 consuetudine
1961 1650 2173 1689 longissimis,
2191 1658 2228 1679 ex
2246 1647 2375 1688 privile—

1407 1707 1468 1745 giis
1487 1711 1517 1736 et
1534 1706 1705 1744 largitione
1724 1706 1852 1745 prefatis
1871 1709 2023 1744 tanquam
2041 1713 2059 1734 a
2077 1703 2143 1734 suis
2158 1702 2253 1742 justis
2275 1701 2376 1732 titulis

1407 1769 1536 1790 03053111
1564 1765 1594 1790 01
1619 1764 1725 1790 ortum
1752 1759 1957 1789 sumentibus
1984 1763 2014 1788 et
2038 1765 2259 1797 progressum,
2285 1754 2376 1786 nobis
2414 1742 2418 1750 ³

1406 1813 1607 1853 postmodum
1630 1813 1853 1843 attestantibus
1872 1812 1952 1842 illud
1974 1811 2059 1842 idem
2084 1811 2203 1850 prefato
2222 1814 2297 1840 tunc
2312 1809 2378 1840 No-

1407 1867 1565 1897 viomensi
1593 1867 1740 1906 episcopo
1766 1871 1796 1896 et
1823 1866 1888 1895 suis
1918 1864 2154 1895 successoribus
2182 1863 2376 1894 contrarium

1407 1920 1587 1950 dicentibus
1605 1923 1635 1950 et
1652 1920 1691 1949 ad
1707 1929 1739 1949 se
1757 1919 1868 1949 eadem
1890 1918 2091 1949 solummodo
2108 1917 2212 1948 causis
2230 1915 2377 1956 plurimis

1407 1983 1442 2004 ac
1459 1974 1638 2004 rationibus
1655 1977 1718 2003 tam
1738 1973 1810 2003 13011
1827 1981 1924 2012 quam
1940 1972 2024 2011 juris
2047 1971 2264 2001 asserentibus
2286 1970 2378 2010 perti·

1408 2036 1499 2063 nere,
1520 2031 1566 2064 et,
1587 2036 1661 2057 cnm
1687 2031 1826 2057 castrum
1852 2027 2034 2056 Peronense
2059 2025 2091 2054 in
2118 2024 2237 2055 diocesi
2261 2023 2378 2054 Novio-

1407 2081 1513 2110 mensi
1527 2081 1622 2110 situm
1638 2081 1795 2117 existeret,
1810 2089 1900 2110 suam
1917 2079 2133 2109 intentionem
2148 2078 2187 2108 de
2203 2078 2278 2117 jure
2293 2084 2379 2107 com-

1407 2134 1499 2164 muni
1511 2133 1764 2172 proponentibus
1775 2142 1843 2163 esse
1854 2132 2020 2162 fundatam
2032 2132 2127 2162 .Item
2138 2139 2234 2170 super
2246 2138 2283 2160 eo
2293 2128 2377 2169 quod
2416 2166 2419 2171 ,

1406 2188 1570 2227 predictus
1588 2192 1662 2218 tunc
1679 2187 1832 2226 temporis
1845 2185 2070 2217 Noviomensis
2081 2185 2247 2225 episcopus
2259 2192 2296 2214 30
2308 2190 2379 2214 sue-¹

1408 2252 1547 2273 cessores
1570 2244 1619 2273 sui
1641 2242 1789 2273 dicebant
1812 2252 1844 2272 se
1867 2242 1984 2273 habere
2008 2241 2138 2271 nomine
2161 2239 2292 2270 ecclesie
2309 2239 2375 2270 No-

1407 2297 1583 2328 viomensis
1599 2301 1629 2327 et
1646 2297 1706 2327 sibi
1722 2301 1901 2335 competere
1918 2296 1972 2335 jus
1987 2293 2185 2334 percipiendi
2199 2293 2296 2324 annis
2313 2293 2376 2324 sin·
2419 2319 2422 2326 =
2450 2311 2454 2316 ·

1407 2350 1493 2389 gulis
1517 2351 1638 2380 fructus
1664 2350 1761 2380 unius
1787 2350 1946 2389 prebende
1968 2349 2002 2378 iu
2027 2348 2160 2379 ecclesia
2182 2345 2376 2383 Peronensi,

1406 2404 1557 2444 predictis
1581 2403 1858 2443 predecessoribus
1882 2403 1998 2434 nostris
2019 2411 2055 2432 ac
2079 2401 2171 2432 nobis
2190 2401 2287 2431 etiam
2309 2403 2378 2440 post

1406 2458 1491 2497 ipsos
1507 2457 1822 2488 econtradiceutibus
1835 2457 1957 2487 tructus
1973 2455 2100 2486 eosdem
2118 2463 2182 2485 non
2196 2454 2322 2491 dsberi;
2333 2457 2374 2489 et,

1406 2511 1517 2542 eodem
1539 2510 1769 2540 discordiarum
1794 2510 1987 2540 seminatore
2007 2512 2211 2548 procurante,
2227 2505 2377 2547 predictis

1406 2564 1517 2594 litibus
1534 2569 1564 2594 01
1580 2564 1766 2599 discordiis,
1785 2572 1849 2594 non
1870 2563 1940 2593 sine
1954 2562 2045 2601 gravi
2062 2560 2211 2592 scandalo
2228 2565 2259 2592 et
2272 2561 2376 2600 preju—

1406 2618 1490 2648 dicio
1505 2618 1646 2648 maxime
1662 2618 1800 2656 partium
1817 2620 1848 2647 et
1863 2616 2068 2647 ecclesiarum
2084 2615 2242 2654 ipsarum,
2260 2618 2325 2644 tam
2339 2612 2375 2643 in

1407 2672 1441 2701 in
1466 2680 1599 2702 romana
1623 2671 1711 2701 curia
1738 2679 1836 2710 quam
1858 2670 1934 2700 alibi
1959 2669 2158 2708 longissimis
2181 2667 2376 2707 temporibus

1406 2725 1551 2764 agitatis,
1568 2729 1599 2755 et
1615 2725 1720 2755 adhuc
1735 2725 1942 2760 continuant,
1961 2723 2149 2762 partiumet
2170 2720 2374 2752 ecclesiarum
2423 2746 2428 2755 ,

1407 2778 1585 2818 dispendiis
1600 2778 1792 2808 durantibus
1808 2782 1838 2807 et
1855 2776 2078 2816 pendentibus,
2096 2774 2236 2812 tandem,
2250 2773 2307 2804 illo
2320 2771 2375 2812 qui

1407 2835 1441 2862 ut
1454 2840 1563 2870 pacem
1576 2831 1667 2862 daret
1683 2831 1770 2861 venit
1786 2831 1819 2860 in
1836 2830 1995 2860 mundum
2011 2831 2171 2868 operante,
2184 2836 2243 2858 nos
2257 2826 2374 2866 capitu·

1405 2884 1473 2914 lum
1492 2884 1625 2914 ecclesie
1642 2884 1849 2920 Pei-ouensis,
1866 2887 1997 2913 vacante
2012 2882 2179 2919 decanatu,
2197 2889 2292 2920 super
2306 2887 2373 2920 pre-

1406 2939 1512 2968 missis
1535 2938 1646 2968 litibus
1667 2943 1696 2968 et
1718 2938 1886 2969 discordiis
1905 2946 1978 2968 cum
2002 2935 2176 2966 reverendo
2195 2938 2282 2975 patre
2295 2933 2373 2964 Gui-

1405 2992 1502 3029 done,
1523 2992 1581 3022 Dei
1600 2993 1701 3030 gratia
1719 2991 1928 3023 Noviomensi
1945 2990 2107 3029 episcopo,
2125 2992 2195 3028 post
2212 2987 2326 3018 multos
2343 2989 2373 3016 st

1405 3047 1509 3077 varios
1525 3051 1676 3077 tractatus
1687 3055 1784 3085 super
1798 3045 1857 3076 hoc
1873 3045 2009 3081 habitos,
2024 3043 2171 3074 unanimi
2184 3046 2216 3072 et
2226 3038 2372 3072 concordi
