2342 3652
901 364 1132 402 Tnolsninn
1155 364 1312 402 ANNiin.
2093 376 2150 407 465

134 442 384 473 2292-2’293
421 439 780 473 Sainte-Marie-Majeure,
796 439 830 465 ιΞΟ
846 439 901 464 mai
918 438 994 465 1290.

99 519 283 554 Dispensatio
310 525 398 551 super
421 516 535 542 defectu
559 516 660 542 aetatis
685 518 714 541 et
739 515 879 541 ordinum.
907 515 989 549 (Rae.
1016 516 1066 549 45,

62 577 90 598 ο.
105 569 167 603 231,
182 567 202 594 f.
220 567 253 593 42
267 567 316 598 ro.)

107 696 211 726 Thome
229 694 263 722 de
283 693 467 723 Goldebornh
484 691 568 730 (sic),
592 693 705 720 rectori
725 692 840 720 ecclesie
855 692 889 720 cle
905 693 1066 729 Kirkeion,

66 748 282 779 Lincolnz'ensis
309 746 443 781 diocesis,
473 745 527 783 qui
555 744 631 774 olim
657 743 823 774 ecclesiam
848 744 886 774 de
912 745 1069 774 Kirketon

67 799 303 831 Lincolniensis
319 798 483 833 dioecesis⁷
497 806 606 827 curam
622 797 806 826 animarum
822 797 1006 834 habentem,
1019 798 1070 828 de-

68 854 183 884 fectum
194 852 229 882 in
243 855 343 882 aetate
353 851 486 890 patiens,
498 850 616 889 recepit
628 854 658 880 et
669 859 738 879 eam
753 850 941 888 aliquandiu
951 852 1071 890 absque

69 905 305 945 dispensatione
328 903 499 942 apostolica
527 903 647 940 tenuit,
674 903 794 933 fructus
817 904 1008 942 percipendo
1033 914 1069 934 ex

69 959 189 990 eadem.
205 957 286 987 Cum
303 965 351 993 eo,
370 965 456 986 nunc
473 957 588 994 viginti
607 965 706 985 unum
724 965 825 986 annos
844 960 930 994 nato,
944 957 1072 996 dispen-

69 1014 115 1042 sat
129 1015 163 1040 nt
180 1010 371 1049 praedictam
390 1009 556 1039 ecclesiam
574 1011 711 1039 retinere
732 1009 834 1039 valeat
850 1013 880 1039 et
898 1013 1003 1040 tamen
1023 1019 1071 1040 us-

68 1073 129 1104 que
142 1064 180 1093 ad
196 1063 459 1102 quinquennium
475 1063 516 1092 ad
534 1063 785 1101 presbyteratum
804 1063 985 1101 promoveri
1006 1072 1070 1093 non

68 1121 222 1148 teneatur.

109 1182 123 1198 «
149 1170 294 1208 Benigno
315 1169 371 1199 tibi
396 1169 490 1199 illa...
513 1186 552 1191 —
574 1170 645 1200 Dat.
674 1170 790 1206 Rome,
814 1170 897 1209 apud
922 1170 1072 1200 Sanctam

69 1224 202 1255 Mariam
223 1224 392 1262 Majorem,
410 1233 464 1253 xm
479 1223 633 1253 kalendas
646 1224 748 1261 junii,
766 1232 851 1254 anno
867 1225 970 1254 tertio.
991 1236 1004 1252 »

108 1277 145 1306 ln
163 1286 189 1307 e.
207 1286 250 1306 m.
267 1278 409 1306 Antonio
424 1277 462 1306 de
479 1276 696 1313 Goldeborch,
717 1277 831 1306 rectori
847 1277 996 1307 ecclesiae
1012 1277 1073 1307 loci

70 1330 230 1370 ejusdem,
253 1329 459 1360 Eboracensis
479 1330 645 1360 dioecesis.
670 1343 683 1357 «
710 1331 872 1368 Benigno,
899 1335 956 1360 etc.
980 1335 1014 1360 ut
1038 1331 1072 1360 in

70 1384 213 1423 proxima
224 1383 383 1422 superiori
397 1392 497 1421 usque
511 1383 650 1413 exhibita
660 1385 842 1413 continebat
855 1384 938 1423 quod
954 1388 983 1414 tu
996 1384 1074 1414 olim

71 1436 233 1468 ecclesiam
258 1437 297 1466 de
323 1436 537 1474 Goffleborch,
562 1437 768 1466 Eboracensis
793 1438 939 1474 diocesis⁷
964 1446 1074 1468 curam

72 1491 251 1521 animarum
272 1490 444 1520 habentem
464 1495 522 1519 etc.
545 1499 646 1528 usque
667 1490 834 1519 humiliter
855 1491 1017 1529 postulasti
1040 1495 1076 1521 ut

72 1552 142 1574 cum
152 1543 343 1573 vicesimum
354 1543 444 1573 etatis
453 1552 588 1580 annum,
599 1543 683 1573 sicut
693 1544 854 1584 proponis,
863 1544 1005 1581 attigeris
1014 1548 1073 1574 etc.

71 1605 171 1635 usque
187 1597 220 1625 in
236 1596 311 1626 fine.
330 1596 402 1626 Dat.
421 1600 455 1626 ut
471 1605 577 1635 supra.
598 1608 612 1623 »

122 1796 374 1825 2294-2295
440 1796 802 1832 Sainte-Marie-Majeure,
821 1797 854 1824 ‘20
870 1799 925 1824 mai
944 1798 1019 1826 1290.

104 1871 316 1899 Tabellionatus
331 1873 469 1899 officium.
486 1873 570 1906 (Rae.
588 1873 634 1904 45,
653 1881 677 1899 c.
695 1873 757 1907 ²232,
774 1874 792 1900 f.
811 1874 841 1900 42
859 1876 906 1907 ru.)

117 2001 282 2030 Venerabili
296 2002 391 2037 fratri
407 2023 427 2030 ..
446 2002 578 2040 episcopo
598 2002 792 2031 Dunelmensi
808 2002 988 2032 facultatem
1004 2011 1075 2033 con-

72 2054 154 2085 cedit
172 2054 356 2084 conferendi
372 2054 596 2084 tabellionatus
614 2055 756 2085 officium
776 2056 878 2085 tribus
894 2057 1046 2095 personis.

116 2119 128 2134 ‹
144 2107 187 2136 Ex
204 2112 291 2146 parte
311 2112 399 2137 tua...
418 2124 455 2129 —
471 2108 543 2137 Dat.
566 2108 684 2145 Rome,
703 2113 736 2138 ut
755 2117 860 2147 supra.
880 2121 892 2136 n

611 2195 727 2222 Orvieto
738 2216 744 2226 ,
761 2196 801 2221 1²r
812 2196 907 2230 juillet
927 2196 1001 2223 1290.

110 2257 147 2286 In
163 2267 189 2287 e.
207 2267 250 2287 m.
267 2257 426 2295 Guidoni,
444 2258 543 2288 electo
559 2259 745 2295 Aniciensi,
763 2259 944 2289 facultatem
961 2268 1072 2290 conce-

71 2310 117 2340 dit
140 2311 325 2341 conferendi
353 2311 576 2342 tabellionatus
604 2312 744 2342 officium
771 2313 894 2342 duabus
920 2314 1072 2351 personis.

71 2363 142 2394 Dat.
170 2365 253 2404 apud
278 2365 559 2403 Urbemveterem,
586 2365 733 2395 kalendis
756 2366 848 2405 julii,
874 2375 958 2396 anno
984 2367 1074 2397 tertio

69 2416 129 2458 (En
143 2418 272 2458 τηαν-96).

143 2615 260 2645 ²296

408 2617 767 2653 Sainte-Marie-MaJeure,
787 2619 817 2645 15
834 2628 909 2646 mars
929 2620 1003 2647 1‘290.

107 2691 318 2720 Tabellionatus
333 2693 470 2720 officium.
488 2693 571 2727 (Rae.
589 2694 639 2725 45,
656 2702 682 2721 c.
699 2694 773 2726 2322,
790 2695 808 2722 f.
830 2696 863 2722 42
878 2698 923 2727 r0.)

119 2821 287 2851 Venerabili
298 2822 394 2858 fratri
408 2822 554 2859 Johanni,
567 2823 789 2862 archiepiscopo
802 2826 963 2862 mindensi,
982 2825 1078 2856 facul-

76 2876 169 2903 tatem
192 2875 337 2904 concedit
360 2874 545 2905 conferendi
569 2875 792 2906 tabellionatus
816 2877 958 2907 officium
979 2878 1078 2908 tribus

75 2927 230 2965 personis

117 2991 131 3006 «
149 2979 192 3009 Ex
211 2985 296 3018 parte
311 2984 401 3011 tua...
416 2998 451 3004 —
464 2983 535 3012 Dat.
553 2983 666 3021 Rome,
681 2984 762 3022 apud
781 2984 928 3014 Sanctam
944 2985 1076 3014 Mariam

77 3031 247 3071 Majorem,
265 3033 370 3063 idibus
385 3034 509 3070 martii,
529 3044 615 3065 anno
634 3036 736 3066 tertio.
753 3048 766 3064 n

217 3098 288 3126 Rae.
309 3099 432 3127 Nicoms
452 3100 504 3127 IV.

1220 439 1334 466 2⁸79?

1183 498 1287 525 Contra
1301 501 1484 528 simoniacos.
1503 502 1584 536 (Rau.
1603 502 1646 533 45,
1663 511 1687 528 c.
1704 502 1766 536 233,
1781 503 1800 528 f.
1818 503 1849 529 42¹
1866 504 1913 535 ro.)

1491 440 1843 474 Sainte-Marie-Majeure,
1860 441 1893 467 ‘23
1909 449 1984 467 mars
2002 442 2078 469 1290.

1194 587 1360 617 Venerabili
1375 591 1470 625 fratri
1481 590 1626 626 Johanni,
1641 591 1861 628 archiepiscopo
1873 592 2035 628 Lzmclensi9
2051 592 2152 622 Suetie

1146 641 1287 676 primati.
1320 653 1331 666 u
1360 641 1401 670 Ex
1430 646 1514 680 parte
1542 647 1594 671 tua
1618 643 1678 671 fnit
1705 643 1897 681 propositum
1926 653 2030 674 coram
2059 645 2152 675 nobis

1151 692 1234 729 quod
1250 693 1396 722 nonnulli
1413 694 1520 723 clerici
1537 700 1566 724 et
1582 695 1733 725 mulieres
1749 697 1843 724 etiam
1858 697 1889 725 in
1907 697 2071 726 nonnullis
2088 706 2153 728 mo-

1151 746 1299 781 nasteriis
1321 747 1520 776 diversorum
1542 748 1711 784 ordinum,
1727 755 1781 778 tue
1799 750 1934 779 civitatis
1955 756 1984 779 et
2002 751 2151 788 diocesis,

1151 798 1206 827 tibi
1228 798 1296 836 lege
1313 800 1479 829 diocesana
1498 801 1665 839 subjectis,
1686 803 1868 839 ingressum
1888 803 2068 833 habuerunt
2083 813 2152 834 me-

1151 851 1259 880 diante
1276 853 1351 881 vitio
1369 853 1536 891 symonie,
1555 858 1680 892 propter
1698 855 1779 892 qnod
1801 859 1849 891 tu,
1866 855 1904 884 de
1925 856 2034 885 talium
2055 857 2154 887 salute

1152 904 1327 941 sollicitus,
1346 906 1483 942 petivisti
1507 906 1602 935 statui
1625 915 1733 936 eorum
1753 916 1807 944 per
1824 907 1931 937 sedem
1950 909 2154 946 apostolicam

1153 956 1323 986 salubriter
1338 958 1506 995 provideri.
1525 958 1590 988 Nos
1608 959 1732 996 itaque,
1753 968 1847 997 super
1864 961 1972 989 omnia
1990 961 2155 999 cupientes

1153 1017 1317 1039 occurrere
1329 1010 1478 1048 periculis
1488 1010 1683 1046 animarum,
1695 1011 1885 1040 fraternitati
1898 1016 1948 1041 tue
1962 1014 2155 1050 presentium

1153 1063 1338 1092 auctoritate
1352 1064 1580 1093 committimus
1594 1068 1752 1102 quatenns
1767 1063 1932 1101 religiosos
1949 1070 1978 1094 et
1993 1065 2156 1103 religiosas

1154 1116 1309 1153 predictos
1325 1116 1363 1145 ad
1382 1116 1443 1146 alia
1461 1118 1654 1146 monasteria
1671 1126 1799 1146 suorum
1819 1118 1969 1147 ordinum
1988 1120 2157 1150 transferre

1153 1178 1320 1208 procures,
1338 1171 1483 1208 injuncta
1501 1170 1546 1199 eis
1566 1174 1595 1198 et
1615 1178 1724 1199 eorum
1744 1170 1875 1200 cuilibet
1890 1175 2014 1209 propter
2031 1171 2088 1201 hoc
2104 1181 2158 1210 pe-

1155 1224 1291 1252 nitentia
1311 1223 1511 1261 competenti.
1536 1223 1626 1259 Qnod
1651 1224 1676 1253 si
1703 1223 1817 1253 talibus
1839 1224 1972 1253 aliorum
1997 1231 2156 1255 monaste-

1154 1278 1275 1307 riorum
1301 1276 1441 1306 difficilis
1469 1277 1619 1306 reddatur
1646 1277 1827 1315 ingressus,
1853 1277 1936 1315 ipsos
1960 1278 1993 1306 in
2023 1279 2159 1316 propriis

1154 1331 1357 1360 monasteriis
1382 1330 1597 1369 dispensative
1620 1330 1659 1359 de
1684 1339 1763 1359 novo
1787 1330 1884 1369 recipi
1909 1331 2022 1366 facias,
2050 1331 2095 1361 eis
2125 1332 2159 1361 in

1154 1384 1262 1415 choris
1283 1389 1313 1413 et
1339 1384 1512 1413 refectoriis
1532 1383 1611 1413 locis
1636 1383 1758 1413 ultimis
1777 1383 1967 1421 assignatis,
1986 1385 2109 1422 proviso
2126 1390 2160 1415 ut

1154 1440 1238 1469 bona
1254 1446 1315 1476 qne
1332 1438 1464 1476 predicti
1483 1437 1624 1475 religiosi
1643 1437 1710 1466 suis
1726 1438 1927 1467 monasteriis
1941 1447 1996 1476 pro
2011 1438 2159 1476 ingressu

1155 1492 1343 1530 symoniaco
1361 1490 1566 1520 contulerunt
1585 1493 1810 1519 convertantur
1831 1490 1864 1519 in
1888 1499 1963 1520 usus
1984 1500 2158 1530 pauperum

1154 1545 1205 1574 vel
1238 1553 1291 1582 pro
1319 1543 1555 1573 substentandis
1587 1543 1705 1572 eisdem
1721 1566 1728 1579 ,
1757 1544 1784 1572 si
1810 1543 1847 1572 ad
1873 1543 1936 1572 alia
1966 1545 2159 1574 monasteria

1156 1603 1337 1633 transeant,
1357 1597 1558 1635 deputentnr.
1581 1597 1649 1626 Dat.
1672 1597 1791 1633 Rome,
1809 1597 1893 1635 apud
1917 1597 2064 1627 Sanctam
2091 1598 2158 1627 Ma-

1156 1653 1236 1682 riam
1255 1652 1420 1690 Maj0re1n,
1438 1660 1456 1680 x
1473 1650 1625 1680 kalendas
1641 1651 1762 1689 aprilis,
1780 1659 1865 1680 anno
1884 1652 1985 1681 tertio.
2005 1664 2017 1677 n

1227 1796 1483 1825 2298-2299
1730 1794 1847 1821 Orvieto
1859 1816 1866 1828 ,
1883 1795 1915 1821 ⁵24
1929 1795 1991 1829 juin
2011 1795 2089 1821 1290.

1192 1858 1309 1885 collatio
1327 1859 1468 1885 beneficii.
1488 1858 1571 1891 (Rea.
1589 1857 1632 1888 45,
1650 1866 1675 1883 c.
1695 1856 1766 1887 233²,
1786 1858 1805 1883 f.
1823 1857 1855 1883 4⁶2
1872 1859 1923 1890 v0.)

1196 1948 1339 1985 Magistro
1357 1947 1488 1976 Gnidoni
1504 1947 1538 1975 cle
1553 1947 1696 1982 NoaHms,
1719 1948 1860 1976 canonico
1880 1946 2089 1982 Xanctonensi,
2110 1956 2160 1976 ca-

1155 2002 1275 2039 pellano
1288 2005 1403 2035 nostro,
1419 1999 1640 2028 canonicatum
1656 2002 1685 2027 et
1701 1999 1912 2036 praebendam
1930 2003 2094 2027 vacantem
2110 2000 2162 2028 dat

1157 2054 1206 2084 vel
1224 2058 1407 2083 vacaturam
1423 2057 1562 2082 reservat
1580 2053 1612 2081 in
1632 2052 1851 2081 Xanctonensi
1871 2052 2014 2088 ecclesia,
2032 2053 2161 2091 dispen-

1156 2112 1265 2146 satque
1291 2116 1362 2136 cum
1388 2115 1423 2136 eo
1450 2110 1482 2134 nt
1505 2114 1575 2135 eam
1604 2114 1667 2134 una
1686 2114 1757 2134 cum
1781 2105 1970 2144 capiceriatu
1994 2105 2026 2134 in
2057 2105 2161 2134 Picta-

1156 2161 1264 2196 vensi‚
1287 2159 1524 2189 canonicatibus
1549 2163 1578 2188 et
1603 2158 1792 2197 praebendis
1815 2159 1846 2187 in
1874 2159 2071 2194 Pictavensi‚
2098 2159 2161 2188 Re-

1156 2213 1280 2249 mensi,
1302 2212 1522 2242 Lemovicensi
1540 2216 1569 2241 et
1583 2211 1768 2241 Caturcensi
1789 2211 1945 2248 ecclesiis,
1964 2211 2101 2250 prioratu
2122 2211 2161 2240 de

1157 2267 1273 2297 Sancto
1292 2266 1470 2302 Frontone,
1491 2266 1695 2303 Agennensis
1720 2265 1890 2301 dioecesis,
1909 2265 1994 2294 licite
2020 2265 2162 2294 detinere

1156 2322 1265 2360 possit.

1198 2386 1212 2401 α
1236 2373 1298 2403 Illo
1321 2377 1404 2402 recte
1428 2372 1597 2401 rationis...
1623 2389 1661 2392 —
1683 2372 1755 2401 Dat.
1780 2371 1862 2410 apud
1888 2371 2160 2407 Urbemveterem,

1157 2437 1211 2457 vm
1227 2425 1476 2464 kalendasjulii,
1496 2433 1581 2454 anno
1599 2425 1699 2454 tertio.
1720 2437 1733 2451 n

1196 2481 1235 2510 In
1255 2489 1283 2510 e.
1302 2489 1344 2510 m.
1365 2502 1384 2508 ..
1401 2479 1638 2516 archiepiscopo
1656 2477 1860 2512 Bituricensi,
1879 2501 1898 2508 ..
1915 2477 2017 2506 abbati
2036 2485 2161 2506 monas-

1157 2533 1228 2564 terii
1250 2532 1503 2567 Nobiliacensis,
1530 2530 1727 2560 pictavensis
1754 2530 1926 2565 dioecesis,
1957 2533 1986 2558 et
2010 2529 2164 2566 magistro

1159 2585 1334 2621 Matthaeo,
1355 2583 1644 2622 protonobilissimo
1657 2607 1664 2619 ,
1684 2583 1805 2612 cantori
1820 2582 1971 2620 ecclesiae
1985 2580 2162 2610 Gai-noten-

1158 2640 1211 2674 sis,
1230 2638 1393 2677 capellano
1411 2646 1484 2671 suo,
1505 2636 1634 2665 mandat
1650 2639 1806 2674 qnatenus
1825 2635 1961 2665 eundem
1979 2634 2161 2664 Gnidonem

1158 2692 1193 2721 in
1209 2690 1402 2729 corporalem
1417 2690 1649 2728 possessionem
1665 2689 1715 2718 sui
1732 2688 1936 2718 canonicatus
1953 2687 2119 2717 inducant.

1231 2834 1480 2864 2800·2801

1194 2898 1312 2925 Collatio
1329 2898 1458 2924 beneficii
1479 2900 1506 2923 et
1526 2896 1702 2930 dispensatio
1718 2903 1805 2929 super
1828 2894 1986 2929 pluralitate
2009 2893 2164 2919 beneficio-

1159 2956 1230 2974 rum⁴
1250 2946 1332 2979 (liae.
1351 2946 1394 2975 45,
1412 2954 1438 2971 c.
1457 2945 1517 2978 ⁶234,
1536 2944 1551 2970 i.
1572 2943 1604 2970 4²2
1619 2949 1662 2975 v‘·;
1682 2943 1747 2969 Lm.
1765 2952 1799 2970 nu
1815 2943 1912 2972 annn,
1931 2941 1983 2975 III,
2003 2943 2074 2973 107.)

1744 2833 1869 2861 Orvieto.
1887 2832 1918 2858 24
1932 2831 1993 2865 juin
2014 2831 2091 2858 1290.

1200 3035 1341 3071 Mayz'stro
1372 3034 1503 3062 Guidoni
1534 3033 1566 3061 de
1595 3032 1743 3067 Noalhas,
1771 3032 1914 3060 canonico
1946 3030 2162 3066 Xanclonensi,

1991 3097 2023 3123 59
