2477 3637
208 359 265 389 212
956 349 1193 381 REGISTRES
1216 350 1270 380 DE
1292 348 1477 380 NICOLAS
1501 349 1557 379 IV.

208 425 337 456 ecclesia
355 423 554 462 supradicta,
581 418 764 458 hujusmodi
790 417 980 456 dignitatem
1007 421 1037 447 et
1065 425 1213 456 persona-

209 485 291 516 tum,
312 486 407 517 quam
425 475 473 505 vel
495 483 590 514 quem
612 472 841 510 acceptaveris,
868 479 994 500 necnon
1020 470 1214 509 prebendam

208 533 364 570 integram
383 538 445 559 non
465 526 690 557 sacerdotalem
707 525 848 564 proximo
865 524 947 553 inibi
964 528 1140 560 vacaturos,
1158 524 1214 562 qui

207 586 245 615 de
259 586 330 624 jure
346 582 426 612 nulli
443 581 498 611 alii
518 581 711 614 debeantur,
729 577 939 608 conferendos
960 577 1015 607 tibi
1037 586 1110 607 cum
1128 586 1216 607 vaca-

206 638 312 668 verint
327 635 491 666 donationi
504 632 673 672 apostolice
685 640 923 662 reservamus...
943 631 1015 660 Non
1030 631 1212 661 obstante...

206 691 289 730 qnod
317 688 612 720 archidiaconatum
651 687 849 724 Burgensem
874 685 907 714 in
937 684 1070 714 ecclesia
1097 684 1215 714 Torna-

205 743 304 779 censi,
323 748 352 771 et
368 743 401 771 in
419 751 454 771 ea
468 751 503 770 ac
518 739 737 775 Laudunensi,
757 738 957 774 Belvacensi,
975 737 1213 773 Suessionensi,

204 796 354 828 Trecensi
371 801 400 825 et
418 795 456 825 de
473 793 735 829 Monteialconis‚
759 792 930 822 Remensis
947 791 1097 827 diocesis,
1117 790 1215 820 eccle-

206 852 262 882 siis
284 850 490 881 canonicatus
513 853 543 878 et
566 847 743 887 prebendas
767 846 908 877 nosceris
928 845 1112 876 obtinere...
1140 844 1212 874 Dat.

204 906 315 941 Reate,
330 914 348 934 x
364 902 518 933 kalendas
533 902 621 941 julii,
644 910 730 931 anno
748 900 896 930 secundo.
919 911 932 926 n

246 958 284 988 In
303 967 331 989 e.
351 967 394 987 m.
416 979 436 987 ..
453 955 721 991 Claromontensi,
737 977 756 983 ..
774 954 812 983 de
829 954 1023 991 Masengeyo
1036 953 1069 982 in
1084 951 1217 981 ecclesia

204 1011 395 1043 Carnotensi
415 1010 621 1050 praepositis,
648 1018 683 1039 ac
709 1009 860 1047 magistro
882 1007 1018 1046 Symoni
1035 1006 1214 1042 Matifardi‚

205 1068 359 1097 canonico
376 1064 561 1101 Parisiensi,
580 1063 711 1093 mandat
723 1067 882 1101 quatenus
899 1060 1079 1100 praefatum
1095 1059 1216 1090 Johan-

206 1129 293 1156 nem,
307 1118 355 1148 vel
372 1122 607 1157 procuratorem
621 1117 700 1155 ejus,
720 1116 755 1144 in
774 1114 970 1153 corporalem
982 1113 1214 1152 possessionem

207 1173 440 1213 praedictorum
463 1171 670 1201 canonicatus
693 1174 724 1200 et
741 1168 943 1208 praebendae
957 1167 1124 1196 inducant.
1144 1166 1214 1196 Dat.

207 1232 241 1257 ut
261 1236 366 1266 supra.

277 1364 364 1395 988
826 1361 918 1392 Rieu,
935 1361 969 1388 27
982 1361 1047 1395 juin
1066 1359 1142 1386 1289.

243 1422 370 1449 Licentia
385 1419 518 1447 audiendi
534 1419 629 1445 divina
646 1419 673 1444 in
691 1418 762 1444 locis
779 1416 950 1443 interdictis.
964 1415 1045 1449 (Rue.
1059 1414 1102 1445 44,
1116 1422 1142 1440 c.
1154 1413 1215 1447 ²256,

206 1473 225 1499 f.
246 1472 294 1499 16²2
312 1472 361 1503 vo.)

249 1561 409 1591 carissime
432 1560 464 1588 ἰη
481 1558 599 1587 Christo
615 1557 677 1594 filie
694 1556 846 1591 Johanne,
862 1555 966 1592 reqine
982 1554 1111 1583 Francie
1131 1551 1218 1582 illus-

209 1616 268 1651 tri,
286 1613 431 1651 indulget
455 1616 488 1641 nt
510 1612 544 1641 in
566 1611 644 1640 locis
662 1609 842 1639 interdictis
858 1607 921 1638 sibi
936 1612 967 1637 et
982 1607 1123 1636 familiae
1143 1615 1218 1636 suae

209 1678 265 1707 per
287 1666 489 1706 capellanum
507 1664 671 1704 proprium
690 1663 800 1692 divina
819 1661 972 1692 celebrari
990 1661 1092 1690 facere
1108 1660 1216 1699 possit.

253 1733 265 1748 a
292 1721 335 1750 Ex
363 1725 414 1749 tue
438 1717 713 1756 magnitudinis...
733 1733 772 1739 --
790 1716 861 1745 Dat.
883 1716 998 1749 Reate,
1023 1724 1043 1744 v
1067 1713 1220 1744 kalendas

207 1774 297 1814 julii,
314 1782 399 1803 anno
416 1771 567 1802 secundo.
590 1783 603 1798 »

282 1914 367 1943 98⁸?
798 1909 889 1940 Rieu,
909 1909 1052 1943 terjuiltet
1070 1908 1146 1935 1289.

248 1970 375 1997 Licentia
387 1968 523 1995 vescendi
535 1976 630 1994 carne.
642 1966 723 1999 (nm.
735 1966 776 1998 44,
788 1974 812 1992 c.
826 1966 899 1999 2562,
911 1966 929 1992 f.
945 1965 992 1993 162
1004 1973 1042 1996 νο,
1056 1973 1090 1991 en
1102 1966 1219 2000 mai-ge).

252 2061 394 2089 Nicotaus
423 2063 475 2087 etc.
503 2056 666 2087 Carissime
695 2057 729 2085 in.
755 2056 874 2085 Christo
900 2055 962 2092 filie
988 2055 1097 2090 Marte,
1119 2054 1224 2091 reyine

213 2114 342 2144 Francia
357 2112 486 2141 illustri.
503 2123 517 2137 α
532 2110 656 2140 Meritis
672 2113 724 2139 tue
739 2108 917 2138 devotionis
934 2107 1120 2137 inducimur
1136 2111 1170 2136 ut
1187 2107 1222 2136 in

214 2167 279 2196 hiis
293 2175 354 2205 que
373 2165 469 2202 digne
485 2163 624 2202 postulas
645 2172 702 2193 nos
725 2162 783 2192 tibi
801 2162 949 2200 propitios
974 2160 1112 2199 gaudeas
1128 2160 1223 2189 inve-

214 2220 310 2249 nisse.
336 2219 417 2248 Cum
443 2218 557 2255 igitur,
582 2217 662 2246 sicut
690 2225 725 2245 ex
753 2220 839 2254 parte
867 2220 919 2244 tua
945 2214 1004 2244 fuit
1029 2213 1224 2253 propositum

213 2282 319 2304 coram
337 2272 438 2305 nobis,
456 2271 717 2301 elemosinarium
736 2269 852 2300 habeas
870 2269 1000 2298 fratrem
1019 2267 1144 2298 ordinis
1161 2267 1223 2296 fra-

216 2333 298 2357 trum
321 2326 421 2355 Vallis
437 2325 608 2355 scolarium
625 2324 814 2363 professum,
833 2323 884 2353 cni
905 2331 941 2352 ex
957 2322 1158 2352 institutione
1174 2321 1225 2350 sui

213 2381 338 2412 ordinis
361 2389 434 2409 esus
457 2378 603 2408 carnium
623 2377 820 2416 prohibetur,
844 2384 915 2413 nos,
937 2376 1000 2405 tuis
1017 2375 1225 2414 supplicatio-

215 2435 312 2464 nibus
328 2432 486 2466 inclinati,
504 2434 539 2461 ut
555 2431 641 2461 idem
655 2429 902 2460 elemosinarius
921 2429 981 2459 tuis
997 2428 1160 2467 obsequiis
1177 2428 1225 2457 in-

216 2487 373 2522 sistendo,
394 2486 542 2525 quotiens
570 2485 632 2514 sibi
661 2492 790 2514 necesse
818 2483 928 2520 suerit,
950 2482 1099 2512 carnibus
1125 2482 1226 2512 libere

215 2542 299 2572 vesci
318 2540 431 2579 possit,
449 2539 608 2569 contraria
626 2537 854 2568 constitutione
866 2537 915 2566 sui
933 2536 1055 2566 ordinis
1071 2544 1134 2566 nou
1149 2535 1224 2565 obs-

216 2599 316 2630 tante,
348 2593 534 2623 anctoritate
567 2591 623 2621 tibi
657 2590 855 2630 presentium
887 2589 1106 2627 indulgemus.
1133 2588 1225 2619 Nulli

216 2657 290 2687 ergo
306 2653 377 2684 etc,
392 2651 499 2677 nostre
515 2645 731 2676 concessionis
747 2648 804 2674 etc.
847 2644 917 2673 Dat.
945 2644 1058 2680 Reate,
1076 2641 1225 2672 kalendis

214 2702 304 2739 julii,
323 2710 409 2731 anno
428 2699 578 2730 secundo.
601 2711 613 2726 ι»

289 2840 376 2868 988
802 2837 891 2869 meti,
909 2837 1054 2872 terjuitlet
1074 2835 1151 2863 1289.

257 2895 439 2927 privilegium
449 2894 603 2929 capellanis
613 2895 728 2928 reginae
740 2893 877 2920 Franciae
885 2900 1070 2920 eoncessum.
1083 2891 1166 2924 (Rea.
1180 2891 1224 2922 44,

220 2952 245 2972 e.
261 2943 322 2974 257,
341 2944 359 2970 f.
381 2944 427 2970 163
443 2945 490 2976 1·⁰.)

262 3033 375 3062 Eidem.
392 3045 403 3057 u
422 3032 461 3060 Ex
480 3035 532 3060 tue
547 3031 820 3068 magnitudinis...
838 3035 872 3060 ut
889 3030 933 3060 tui
951 3029 1109 3068 capellani
1124 3029 1159 3058 in
1178 3037 1222 3058 sa-

1297 415 1437 446 cerdotio
1450 415 1626 451 constituti,
1641 415 1725 444 circa
1741 414 1816 445 illos
1832 415 1887 454 qui
1908 415 2080 446 existentes
2095 417 2133 446 de
2154 422 2206 446 tua
2221 418 2309 450 curia

1297 469 1486 500 contrahere
1504 468 1750 498 matrimonium
1767 467 1806 498 ad
1825 468 1964 498 invicem
1982 468 2104 505 volunt,
2124 470 2242 508 banna,
2253 471 2309 502 be-

1298 523 1513 553 nedictionem
1544 526 1574 552 et
1599 521 1664 551 alia
1690 530 1753 559 qne
1777 522 1810 551 in
1827 522 2108 552 matrimoniorum
2124 522 2308 563 sollempni-

1299 577 1413 606 tatibus
1436 575 1630 605 exhibentur
1647 579 1677 604 et
1693 575 1787 609 fiunt,
1805 574 1905 605 libere
1923 584 2070 606 exercere
2089 576 2223 615 possint,
2240 578 2309 610 sine

1295 629 1378 668 juris
1394 628 1569 668 prejudicio
1585 628 1697 664 alieni,
1711 628 1898 658 auctoritate
1916 628 1972 658 tibi
1990 629 2184 668 presentium
2201 629 2310 661 indul-

1297 692 1421 721 gemus.
1449 682 1540 712 Nulli
1564 690 1638 720 ergo
1661 687 1719 712 etc.
1745 686 1852 712 nostre
1876 683 2092 713 concessionis
2109 687 2167 713 etc.
2186 683 2258 714 Dat.
2275 678 2310 715 nt

1297 745 1405 775 supra.
1430 750 1440 761 »ι

1369 889 1456 918 989
1868 887 1965 921 nien,
1982 888 2020 914 ior
2032 888 2136 923 juillet.
2159 887 2237 916 1289.

1334 952 1461 979 Licentia
1478 951 1658 987 ingrediendi
1675 952 1860 978 monasteria.
1877 951 1962 984 (Rea.
1980 952 2024 984 44,
2041 960 2067 979 c.
2085 951 2148 983 258,
2163 951 2184 978 f.
2202 951 2252 979 ¹63
2267 957 2306 986 1⁰5

1300 1001 1417 1032 Porru..
1434 1001 1545 1032 22987.)

1339 1104 1455 1133 Eidem.
1468 1115 1482 1130 «
1496 1103 1538 1133 Ex
1554 1107 1606 1133 tue
1619 1102 1856 1141 magnitudinis
1916 1106 1951 1132 ut
1963 1103 2156 1132 monasteria
2165 1102 2310 1134 domina-

1299 1166 1371 1187 rum
1385 1157 1510 1186 ordinis
1526 1156 1642 1187 Sancte
1654 1156 1762 1193 Clare,
1774 1157 1921 1195 quotiens
1935 1156 1992 1186 tibi
2002 1156 2105 1186 visum
2119 1156 2226 1194 suerit,
2238 1164 2312 1187 cum

1299 1220 1350 1241 sex
1372 1210 1518 1242 honestis
1535 1211 1690 1241 matronis
1710 1215 1738 1240 et
1758 1215 1894 1249 quatuor
1916 1209 2075 1240 militibus
2091 1204 2131 1240 ac¹
2146 1209 2247 1240 tribus
2262 1209 2313 1241 vel

1298 1268 1434 1304 quatuor
1456 1263 1608 1294 fratribus
1624 1264 1747 1294 ordinis
1771 1264 1938 1293 minorum
1957 1263 2116 1300 discretis,
2129 1263 2256 1302 ingredi
2273 1262 2313 1294 li-

1300 1318 1384 1354 bere,
1403 1327 1438 1347 ac
1454 1317 1582 1347 mittere
1604 1317 1730 1356 aliquos
1752 1327 1788 1348 ex
1810 1317 1961 1356 predictis
1980 1317 2133 1348 fratribus
2148 1317 2188 1347 ad
2203 1305 2314 1348 eadem

1301 1371 1505 1406 monasteria,
1535 1370 1682 1409 quotiens
1711 1371 1769 1401 tibi
1785 1370 1961 1409 placuerit,
1980 1379 2034 1409 pro
2053 1370 2116 1409 piis
2131 1374 2163 1401 et
2177 1369 2313 1401 utilibus
2351 1401 2359 1406 ,

1300 1424 1484 1454 tractatibus
1515 1424 1722 1462 exequendis,
1749 1424 1849 1454 libere
1877 1424 1991 1463 possis,
2011 1423 2187 1454 dummodo
2212 1428 2244 1454 tu
2263 1423 2314 1455 vel

1301 1481 1446 1508 matrone
1461 1481 1516 1507 aut
1531 1477 1651 1507 milites
1668 1477 1718 1507 vel
1733 1477 1845 1507 fratres
1860 1477 1991 1516 predicti
2006 1477 2040 1506 in
2055 1476 2122 1507 illis
2133 1485 2198 1507 uon
2213 1476 2314 1508 edatis

1301 1530 1351 1560 vel
1367 1531 1463 1560 etiam
1481 1531 1671 1569 pernoctetis
1690 1531 1725 1560 in
1741 1530 1808 1561 illis
1881 1531 2044 1561 devotioni
2063 1535 2114 1561 tue
2130 1530 2315 1561 auctoritate

1301 1584 1502 1623 presentium
1515 1583 1735 1621 indulgemus.
1762 1583 1852 1613 Nulli
1876 1592 1951 1622 ergo
1973 1588 2032 1614 etc.
2059 1588 2166 1614 nostre
2185 1591 2315 1614 conces-

1302 1637 1401 1668 sionis
1417 1641 1475 1667 etc.
1495 1637 1567 1666 Dat.
1587 1641 1742 1675 utsupra.
1765 1649 1778 1664 ι)

1374 1797 1465 1826 990
1888 1796 1984 1828 Rieti,
2002 1798 2040 1824 ¹12¹
2053 1797 2148 1831 juillet
2164 1796 2242 1824 1289.

1339 1860 1472 1887 Facultas
1489 1860 1671 1888 absolvendi.
1693 1860 1775 1893 (Rae.
1794 1860 1843 1894 44,
1860 1868 1885 1887 c.
1903 1859 1972 1892 ⁶259,
1990 1860 2010 1886 ἰ.
2027 1859 2077 1887 163
2093 1862 2139 1891 ro.)

1344 1963 1449 1993 Eidem
1465 1961 1612 2000 indulget
1628 1966 1662 1991 ut
1679 1962 1841 1992 confessor
1856 1963 1925 2001 ejus
1941 1971 2013 1992 eam
2030 1966 2060 1992 et
2075 1961 2228 1993 mulieres
2247 1961 2315 2002 ejus

1305 2025 1322 2045 a
1339 2015 1507 2046 sententiis
1523 2015 1688 2045 canonicis
1703 2014 1869 2045 absolvere
1885 2016 1992 2054 possit.

1348 2081 1361 2095 ιι
1386 2068 1512 2105 Quanto
1529 2077 1698 2107 personam
1715 2072 1841 2098 tuam...
1858 2085 1897 2090 -
1914 2069 1986 2098 Dat.
2005 2072 2039 2099 ut
2055 2077 2162 2108 supra.
2182 2080 2198 2096 »

1379 2228 1606 2258 991-1003
1931 2228 2027 2260 Rieu,
2045 2228 2076 2255 31
2094 2229 2150 2256 mai
2167 2227 2245 2256 1289.

1344 2291 1386 2317 De
1402 2291 1512 2317 decima
1529 2299 1579 2325 pro
1595 2290 1711 2325 negotio
1722 2290 1886 2325 Aragoniae
1900 2292 1961 2326 regi
1973 2290 2150 2318 Francorum
2165 2298 2313 2319 concessa.

1307 2339 1388 2373 (Rau.
1406 2341 1453 2373 44,
1471 2348 1496 2366 c.
1514 2340 1566 2367 250
1583 2340 1601 2366 f.
1621 2340 1670 2367 163
1687 2347 1726 2374 r⁰;
1739 2340 1805 2366 Lar.
1823 2349 1858 2367 nn
1873 2340 1971 2372 Tuam,
1989 2340 2034 2375 11;
2051 2339 2158 2368 Pom-1.
2172 2340 2281 2376 22971.)

1353 2443 1573 2473 Venerabilibus
1582 2444 1733 2479 fratribus
1747 2466 1765 2472 ..
1782 2444 2013 2482 Rotltomaqensi
2024 2444 2246 2482 archiepiscopo
2255 2447 2282 2474 et
2294 2464 2314 2476 ..

1307 2497 1438 2534 episcopo
1457 2496 1710 2525 Autisiodorense'.
1731 2508 1743 2522 α
1763 2496 1898 2532 Quantis
1917 2496 1957 2526 ab
1974 2496 2055 2527 olim
2075 2502 2107 2527 et
2126 2505 2223 2535 quam
2245 2503 2316 2535 gra-

1308 2550 1400 2580 vibus
1425 2557 1591 2579 romanam
1617 2554 1750 2579 matrem
1775 2550 1943 2580 ecclesiam
1969 2551 2150 2589 provocavit
2171 2549 2314 2586 offensis,

1308 2603 1413 2633 affecit
1438 2602 1584 2640 injuriiS,
1609 2603 1792 2633 excessibus
1824 2603 2023 2642 perturbavit
2052 2603 2107 2633 ille
2137 2601 2316 2642 iniquitatis

1308 2655 1409 2691 filius,
1442 2655 1590 2685 minister
1618 2656 1779 2695 nequitie,
1808 2656 1973 2695 quondam
2001 2657 2133 2694 Petrus,
2157 2655 2234 2688 olim
2263 2663 2316 2686 rex

1308 2709 1512 2747 Aragonum,
1529 2708 1562 2738 in
1582 2709 1677 2739 totius
1694 2709 1759 2739 sere
1777 2710 1863 2740 orbis
1880 2710 2030 2740 notitiam
2048 2710 2132 2740 fame
2147 2708 2316 2748 divulgatis

1307 2761 1454 2792 affatibus
1477 2761 1698 2792 verisimiliter
1718 2762 1858 2793 creditur
1881 2763 2075 2802 pervenisse,
2098 2762 2195 2794 Unde
2218 2760 2317 2793 felicio

1308 2814 1536 2845 recordationis
1553 2815 1711 2845 Martinus
1729 2824 1819 2855 papa,
1836 2816 2039 2855 predecessor
2055 2820 2174 2852 noster,
2189 2814 2229 2846 ad
2245 2821 2316 2854 pro-

1307 2867 1498 2907 pulsandam
1525 2871 1588 2898 tam
1616 2868 1748 2907 grandis
1776 2869 2009 2908 persecutionis
2034 2869 2169 2906 molem,
2191 2873 2316 2907 tamque

1307 2921 1417 2951 infesti
1447 2921 1660 2960 persecutoris
1689 2923 1899 2959 instantiam,
1927 2927 2112 2962 tantamque
2140 2920 2315 2961 nequitiam

1308 2974 1557 3014 reprimendam,
1579 2976 1767 3006 necessitate
1787 2977 1892 3016 ipsum
1919 2980 2063 3015 cogente,
2084 2976 2189 3006 varios
2208 2973 2316 3005 modos

1308 3032 1339 3058 et
1360 3027 1426 3058 vias
1453 3029 1618 3067 exquirere
1643 3030 1764 3059 studuit
1788 3030 1977 3069 diversaque
2001 3029 2145 3059 remedia
2166 3027 2313 3067 cogitare.
