2477 3637
286 372 341 402 148
1027 369 1263 401 REGISTRES
1286 370 1340 401 DE
1362 369 1548 400 NICOLAS
1570 369 1626 400 IV.

285 440 354 478 ipsa
370 443 399 470 et
414 438 485 468 aliis
501 438 616 468 vicinis
631 437 811 469 diocesihus
830 436 1038 468 existentibus
1063 438 1198 468 duxeras
1211 445 1288 467 con—

284 493 474 525 cedendum,
490 492 715 530 perquendam
733 491 918 522 simulatum
935 499 989 521 seu
1007 491 1116 521 fictum
1136 491 1287 520 nuntium

284 545 334 576 vel
353 545 560 580 servientem,
583 545 642 574 sub
664 546 795 574 nomine
811 544 910 581 regio.
930 544 962 573 in
983 544 1178 583 corporalem
1196 545 1288 575 castri

283 604 313 629 et
328 598 595 638 pertinentiarum
614 598 825 636 predictorum
844 597 1077 636 possessionem
1094 606 1127 627 se
1146 606 1290 636 procura-

283 653 328 682 vit
343 652 464 682 induri.
483 652 626 689 Cumque
643 651 843 689 postmodum
860 651 999 690 prefatus
1016 651 1220 686 senescallus,
1237 652 1288 682 cui

282 706 320 736 de
337 705 524 744 hujusmodi
545 705 751 735 simulatione
773 714 809 734 ac
833 704 968 734 falsitate
990 705 1184 741 constiterat,
1206 713 1288 734 nun—

283 759 362 789 tium
381 767 434 788 seu
451 758 643 788 servientem
660 759 794 797 cepisset
809 758 959 793 eundem,
977 762 1006 787 et
1017 758 1048 787 in
1063 766 1187 788 carcere
1201 758 1289 796 regio

281 811 363 850 apud
382 811 524 840 Montem
538 811 693 848 Mani-ilii,
705 811 787 842 dicte
799 811 999 841 pictavensis
1007 811 1154 846 diocesis
1168 811 1288 850 posuis-

281 869 343 900 set,
363 864 535 902 prelibatus
553 864 729 894 Gaufridus
753 864 938 900 confestim,
959 869 1110 903 tanquam
1127 863 1210 894 male
1227 864 1288 895 sibi

280 918 438 954 conscius,
455 921 593 946 castrum
611 917 776 947 dimittens
793 917 969 956 predictum
984 942 990 954 ‚
1013 917 1117 948 claves
1132 918 1202 956 ejus
1225 917 1288 947 cle-

281 972 348 1001 rico
367 971 508 1009 ejusdem
526 971 620 1000 castri
636 971 675 1000 de
698 971 812 1009 Euglia
833 980 888 1010 per
912 980 945 1001 se
967 971 1016 1001 vel
1040 980 1094 1010 per
1119 971 1288 1001 servitores

281 1032 356 1054 suos
378 1023 507 1053 tradidit
521 1028 552 1053 et
569 1024 647 1053 tradi
665 1024 811 1063 episcopo
828 1024 875 1054 vel
893 1025 960 1063 ejus
974 1023 1146 1054 castellano
1159 1024 1289 1054 manda-

281 1078 344 1114 vit,
367 1082 397 1107 et
421 1077 650 1116 subsequenter
667 1077 892 1108 celsitudinem
910 1078 1030 1116 regiam
1050 1078 1098 1108 vel
1118 1078 1288 1116 magistros

281 1131 427 1160 Parisius
447 1131 559 1160 adiens
583 1135 794 1168 memoratos,
814 1140 849 1161 ac
873 1132 1018 1167 tandem,
1035 1132 1146 1161 innata
1165 1131 1287 1160 malitia

280 1184 476 1220 stimulatus,
496 1184 528 1213 in
547 1184 723 1214 Pictaviam
741 1184 880 1219 rediens,
898 1193 1004 1215 coram
1022 1183 1196 1214 senescallo
1213 1193 1285 1222 pre-

281 1238 344 1268 fato
359 1238 410 1273 s'e,
430 1242 464 1267 ut
480 1237 666 1274 vulgaribus
686 1239 785 1277 patrie
803 1239 907 1268 verbis
924 1243 1053 1268 utamur
1067 1263 1074 1274 ,
1098 1243 1206 1268 contra
1218 1238 1284 1276 jam

278 1291 398 1320 dictum
416 1291 598 1329 episcopum
617 1292 649 1320 <Ie
666 1296 725 1321 tort
745 1296 770 1320 el
787 1292 821 1321 de
835 1293 916 1328 force
933 1292 995 1321 sibi
1013 1292 1102 1321 factis
1125 1292 1163 1321 de
1184 1296 1286 1321 castro

279 1348 309 1373 et
325 1343 528 1382 pertinentiis
540 1343 728 1381 supradictis
741 1344 924 1382 applegiare
935 1344 1070 1374 curavit.
1088 1345 1286 1383 thuoniam

278 1397 433 1436 sepefatus
451 1397 615 1435 episcopus
632 1397 669 1426 ad
687 1397 833 1435 ejusdem
853 1397 1022 1427 senescalli
1048 1398 1234 1427 mandatum
1253 1406 1286 1427 se

279 1450 427 1480 similiter
442 1455 550 1480 contra
566 1450 670 1486 illum,
690 1450 799 1480 multis
816 1455 846 1480 et
862 1451 1044 1481 efficacibus
1063 1451 1177 1481 ductus
1191 1451 1286 1480 ratio-

279 1504 373 1533 nibus
390 1503 457 1533 sivo,
473 1504 588 1540 causis,
599 1504 849 1542 conti-aplegiare
860 1505 986 1543 penitus
1000 1504 1169 1541 recusavit,
1184 1504 1287 1534 dictus

279 1556 473 1587 senescallus
490 1561 630 1586 castrum
644 1557 749 1595 ipsum
767 1566 839 1587 cum
863 1557 1066 1596 pertinentiis
1086 1558 1152 1587 suis
1167 1557 1200 1586 in
1219 1566 1286 1587 ma-

279 1611 373 1640 nibus
391 1610 489 1647 regiis
504 1611 625 1648 posuit3
645 1615 675 1640 et
692 1611 907 1649 postmodum,
923 1611 962 1641 de
980 1615 1032 1641 tuo
1043 1620 1097 1641 sen
1115 1611 1285 1649 magistro-

278 1672 349 1693 rum
366 1663 506 1701 ipsorum
526 1663 690 1698 mandato,
708 1664 812 1693 dictus
831 1664 1027 1694 senescallus
1045 1664 1182 1693 eundem
1199 1664 1287 1694 Gau-

279 1717 397 1747 fridum
413 1717 445 1746 in
465 1717 696 1755 possessionem
713 1718 807 1747 castri
821 1723 852 1748 et
867 1718 1131 1756 pertinentiarum
1143 1718 1286 1756 ipsorum

279 1771 425 1804 induxit,
443 1775 472 1800 et
490 1771 609 1800 fructus
631 1776 792 1810 perceptos
812 1781 830 1801 a
848 1776 989 1809 tempore
1006 1780 1068 1810 quo
1085 1775 1223 1801 castrum
1242 1771 1288 1809 ip-

280 1833 350 1854 sum
369 1825 499 1854 nomine
515 1825 602 1862 regio
620 1825 786 1854 tenebatur
810 1825 892 1855 dicto
908 1825 1073 1861 Gaufrido,
1102 1830 1135 1854 ut
1157 1825 1285 1862 dicitur,

280 1877 358 1907 tradi
378 1877 467 1913 fecit,
485 1879 576 1915 cujus
595 1877 794 1908 inductionis
811 1876 972 1917 pretextu,
991 1878 1092 1908 dictus
1113 1877 1287 1908 Gaufridus

279 1931 471 1961 feodatarios
483 1931 624 1968 ejusdem
639 1931 790 1970 episcopi,
804 1932 842 1961 de
854 1932 959 1962 feudis
974 1941 1036 1970 que
1046 1932 1085 1961 ab
1097 1932 1165 1970 ipso
1180 1936 1286 1962 tenere

280 1989 467 2019 noscuntur,
491 1984 677 2022 homagium
695 1989 725 2014 et
742 1985 983 2024 juramentum,
1002 1985 1091 2024 prius
1109 1985 1286 2015 exhibitum

280 2037 383 2066 eidem
398 2037 554 2076 episcopo,
567 2041 597 2066 et
612 2037 651 2067 ab
666 2038 797 2076 antiquo
808 2038 1050 2068 Pictavensibus
1064 2039 1218 2077 episcopis
1231 2039 1286 2077 qni

279 2093 368 2122 fuere
381 2101 437 2131 pro
454 2097 594 2130 tempore
609 2092 739 2122 solitum
757 2093 910 2125 exhiberi,
933 2093 1005 2131 sibi,
1023 2094 1110 2131 regia
1125 2094 1286 2124 mediante

280 2146 432 2184 potentia,
451 2150 590 2184 prestare
606 2146 760 2185 compulit
775 2151 806 2176 et
820 2146 1002 2185 compellit3
1021 2147 1200 2186 prepositis,
1220 2156 1288 2177 ser-

280 2199 442 2229 vientibus
459 2203 489 2228 et
506 2199 577 2228 aliis
593 2199 780 2229 hominibus
803 2208 858 2229 seu
880 2200 1023 2230 vassallis
1043 2201 1186 2239 ejusdem
1203 2200 1286 2239 epis-

280 2252 348 2291 copi
363 2261 399 2282 ac
415 2252 583 2282 nonnullis
601 2257 662 2282 tam
685 2253 883 2283 secularibus
904 2262 1000 2292 quam
1017 2254 1176 2291 religiosis
1192 2254 1288 2284 cleri-

280 2306 325 2336 cis
346 2306 448 2335 eidem
468 2305 624 2335 Gaufrido
646 2311 676 2335 et
699 2307 764 2336 suis
788 2307 918 2337 obedire
942 2307 1144 2344 nolentibus,
1164 2312 1289 2346 propter

281 2358 341 2389 hoc
358 2359 506 2397 nequiter
522 2359 620 2397 captis
639 2363 794 2389 eteorum
811 2359 973 2399 aliquibus
989 2360 1202 2391 carceralibus
1219 2361 1289 2390 vin-

280 2412 362 2443 culis
378 2412 580 2451 mancipatis,
591 2421 626 2442 ac
638 2413 733 2442 etiam
750 2414 890 2452 quodam
902 2414 1097 2453 presbytero,
1112 2419 1146 2444 nt
1157 2414 1286 2450 (licitur,

281 2465 453 2496 crudeliter
463 2467 665 2503 interempto,
675 2474 738 2496 non
747 2466 819 2495 sine
829 2466 938 2495 divine
949 2467 1123 2506 majestatis
1132 2467 1289 2497 offensaet

283 2519 456 2558 apostolice
468 2519 551 2548 sedis
562 2522 744 2558 contemptu
757 2528 792 2549 ac
803 2520 987 2550 eorumdem
1002 2521 1139 2559 episcopi
1152 2525 1180 2550 et
1191 2520 1289 2551 eccle-

281 2573 326 2602 sie
341 2572 429 2611 gravi
447 2572 622 2611 prejudicio
637 2577 667 2602 et
679 2569 813 2611 jactura.
829 2572 909 2603 Cum
922 2573 1039 2612 itaque,
1054 2574 1100 2603 fili
1111 2574 1287 2612 carissime,

281 2634 449 2665 personam
467 2625 588 2663 regiam
605 2626 631 2655 si
647 2627 831 2656 consideres
846 2630 966 2657 attente
979 2650 986 2664 ,
1005 2635 1067 2657 non
1087 2627 1210 2665 deceat,
1230 2636 1288 2657 nec

282 2680 314 2708 in
335 2679 379 2708 tui
397 2679 529 2709 honoris
545 2678 636 2709 cedat
650 2685 861 2718 augmentum
876 2705 883 2717 ,
902 2684 936 2710 ut
950 2680 1034 2710 circa
1049 2681 1141 2719 regni
1158 2682 1202 2711 tui
1219 2690 1288 2721 pre-

281 2732 370 2769 latos,
389 2732 538 2763 ecclesias
554 2737 585 2762 et
601 2742 751 2772 personas
764 2733 993 2764 ecclesiasticas
1011 2735 1056 2765 sic
1077 2739 1104 2765 te
1120 2743 1223 2773 geras,
1243 2735 1288 2765 sic

283 2789 350 2815 tuos
383 2794 546 2823 processus
576 2795 742 2825 exasperes
770 2787 913 2826 dureque
943 2792 1114 2826 pertractes
1143 2788 1286 2825 eosdem3

282 2846 403 2876 nosque
419 2848 536 2877 magno
551 2840 709 2870 desiderio
726 2842 894 2880 cupiamus
909 2847 944 2871 ut
962 2846 1031 2872 tuos
1046 2846 1134 2872 actus
1151 2846 1180 2871 et
1194 2850 1288 2881 opera

282 2891 326 2920 sic
346 2890 547 2921 laudabiliter
564 2898 594 2922 et
616 2893 787 2924 salubriter
803 2895 997 2931 modereris,
1019 2900 1052 2925 ut
1068 2895 1100 2925 in
1118 2898 1286 2934 conspectu

282 2943 429 2973 altissimi
454 2946 611 2982 gratiosus
636 2956 808 2985 apparens,
837 2949 953 2978 existas
968 2953 1077 2986 gratus
1096 2953 1125 2978 et
1141 2952 1288 2987 acceptus

281 3005 438 3033 occurras,
465 2997 684 3029 excellentiam
713 3001 836 3039 regiam
862 3002 1035 3040 rogandam
1056 3006 1174 3032 attente
1196 3001 1287 3031 duxi-

282 3059 354 3080 mus
379 3054 409 3079 et
439 3050 627 3081 hortandam
657 3058 835 3091 quatenus,
865 3063 920 3093 pro
947 3055 1056 3084 divina
1073 3059 1104 3085 et
1118 3054 1287 3094 apostolice

1372 436 1456 466 sedis
1481 435 1678 471 reverentia,
1707 435 1862 475 prefatum
1883 436 2066 476 episcopum
2093 446 2201 469 coram
2219 442 2261 478 te,
2289 441 2376 480 curio
2404 447 2412 465 ‘-

1372 489 1512 528 predicte
1534 489 1695 527 magistris
1715 493 1746 519 et
1765 489 1839 519 aliis
1858 489 2051 520 officialibus
2075 491 2186 530 regiis,
2211 492 2279 524 sive
2301 481 2374 533 qui-¹

1371 543 1470 572 busve
1492 543 1633 581 personis
1656 541 1729 572 aliis
1746 542 1938 582 respondere
1956 542 2007 573 vel
2024 544 2278 584 contraplegiare
2291 570 2298 583 ‚
2322 555 2376 588 peg-

1372 596 1523 626 saisinam
1543 605 1598 626 seu
1616 595 1776 626 honorum
1791 595 1832 624 ad
1848 596 2030 635 episcopum
2053 601 2082 627 et
2099 597 2266 628 ecclesiam
2282 599 2374 639 preli-.-

1370 649 1458 679 batos
1485 648 1698 687 spectantium
1719 648 1911 687 captionem,
1941 649 1989 679 vel
2017 649 2096 679 alias
2123 651 2373 698 quomodolibet,
2391 665 2408 694 5·

1371 705 1480 732 contra
1497 701 1703 740 privilegium
1720 701 1824 731 eidem
1839 701 1970 732 ecclesie
1986 702 2165 733 Pictavensi
2177 712 2374 747 concessum,
2394 713 2401 733 ’,
2437 735 2443 739 ,

1371 754 1420 785 vel
1446 755 1676 794 possessiouem
1705 754 1881 793 pacificam,
1911 764 1966 785 seu
1993 764 2119 795 quoquo
2149 757 2241 787 modo
2266 761 2364 794 cont

1370 808 1558 838 canonicam
1575 807 1754 838 libertatem
1769 807 1974 847 aliquatenus
1991 817 2054 839 non
2070 810 2255 849 compellas,
2270 819 2334 852 neq
2364 826 2382 840 ;,;

1371 861 1536 900 permittas
1550 870 1605 900 per
1617 861 1769 891 officiales
1787 861 1919 892 eosdem
1935 865 1990 892 aut
2003 861 2082 892 alios
2095 863 2253 902 quoslibet
2266 872 2382 903 exerunt

1369 915 1554 945 auctoritate
1569 914 1728 953 compelli,
1747 915 1824 954 quin
1842 915 1942 945 immo
1965 915 2148 955 episcopum
2165 921 2195 947 et
2210 917 2379 954 ecclesiam,

1369 968 1566 1006 supradictos
1583 972 1792 998 manuteneas
1808 968 2035 1005 favorabiliter,
2055 974 2086 999 et
2105 969 2257 1000 defendas
2272 979 2324 1002 eos
2339 960 2378 1005 ir·

1368 1020 1568 1051 libertatibus
1589 1025 1619 1050 et
1643 1021 1903 1051 immunitatibus
1927 1021 2005 1060 ipsis
2034 1022 2084 1052 vel
2110 1030 2220 1053 eorum
2244 1015 2379 1064 ουίῌὴρ

1368 1075 1620 1113 competentibus
1636 1084 1671 1104 ex
1693 1074 1858 1114 privilegio
1879 1074 1927 1105 vel
1945 1076 2144 1115 possessione
2170 1077 2299 1116 prefatis
2321 1068 2363 1114 aq
2382 1092 2388 1099 ·

1368 1127 1448 1157 alias
1474 1128 1513 1157 de
1537 1127 1767 1158 consuetudine
1787 1128 1833 1158 vel
1857 1128 1895 1158 de
1915 1129 2008 1167 jure3
2036 1133 2066 1159 et
2090 1129 2245 1169 quicquid
2268 1138 2327 1161 con
2349 1146 2386 1168 Ἠ

1369 1180 1585 1219 privilegium,
1603 1181 1853 1220 possessionem,
1874 1181 2065 1218 libertatem,
2086 1183 2151 1222 jus,
2175 1182 2225 1213 vel
2241 1191 2375 1225 consuo,-

1370 1234 1514 1263 tudinem
1532 1234 1724 1273 supradicta,
1741 1239 1851 1265 contra
1871 1235 2007 1274 prefatos
2028 1236 2211 1275 episcopum
2229 1239 2261 1266 et
2275 1235 2351 1267 ecol-

1369 1287 1449 1317 siam
1467 1297 1521 1326 per
1537 1288 1656 1318 dictum
1673 1288 1887 1318 senescallum
1905 1289 1953 1319 vel
1972 1289 2141 1327 magistros
2156 1289 2309 1320 officiales
2323 1298 2342 1329 a
2359 1305 2381 1323 ‚w

1369 1349 1588 1380 quoscumque
1614 1340 1693 1371 alios
1719 1341 1905 1371 auctoritate
1937 1342 2024 1372 iltius
2049 1342 2205 1373 hactenus
2233 1346 2281 1373 est
2309 1351 2329 1383 p
2352 1356 2383 1369 :1

1370 1398 1531 1433 sumptum
1547 1416 1555 1431 ‚
1589 1395 1755 1432 presertim
1782 1404 1877 1433 snper
1909 1396 2020 1425 eodem
2044 1400 2147 1426 castro
2173 1395 2212 1426 de
2238 1387 2381 1434 EngliaJss

1368 1440 1492 1485 juribus
1513 1451 1543 1477 et
1567 1447 1772 1486 pertinentiis
1793 1449 1870 1484 suis,
1895 1448 1991 1478 facias
2011 1449 2146 1479 totaliter
2165 1449 2325 1487 revocari;
2339 1457 2375 1483 ao,

1368 1500 1490 1530 dictum
1507 1505 1645 1530 castrum
1663 1510 1734 1531 cum
1749 1501 1876 1540 juribus
1890 1507 1920 1532 et
1936 1503 2144 1541 pertinentiis
2157 1502 2226 1533 suis
2239 1511 2276 1538 ac
2290 1496 2383 1535 fruc—:⁴

1371 1553 1466 1591 tibus,
1497 1554 1701 1593 proventibus
1721 1559 1751 1584 et
1776 1555 1952 1585 redditibus
1978 1555 2052 1585 inde
2075 1555 2242 1595 perceptis,
2267 1559 2298 1586 et
2321 1554 2378 1595 qui

1370 1607 1487 1646 percipi
1499 1612 1681 1646 potuerunt,
1699 1608 1822 1646 integre
1838 1609 1974 1646 restitui,
1986 1614 2078 1648 prout
2094 1608 2133 1638 ad
2150 1613 2241 1640 tuum
2257 1611 2377 1648 spectat

1369 1661 1523 1698 officium,
1532 1661 1677 1700 episcopo
1686 1666 1875 1699 memorato;
1889 1662 1934 1692 sic
1947 1666 1975 1692 te
1986 1663 2019 1692 in
2033 1662 2097 1692 hiis
2108 1662 2280 1693 efficaciter
2288 1661 2376 1698 habi·-v

1371 1719 1459 1744 turus
1472 1719 1505 1744 ut
1523 1714 1656 1753 proinde
1672 1714 1728 1745 tibi
1743 1724 1779 1745 ex
1791 1715 1854 1746 alto
1867 1716 1989 1754 premia
2000 1716 2162 1754 condigna
2174 1715 2361 1758 provenian³

1370 1772 1399 1797 et
1419 1777 1475 1798 nos
1491 1769 1692 1798 devotionem
1710 1770 1828 1807 regiam
1846 1769 1998 1799 uberibus
2015 1769 2163 1800 laudibus
2180 1778 2243 1800 non
2260 1760 2374 1807 immef

1370 1821 1429 1851 rito
1446 1821 1638 1858 attollamus,
1657 1831 1715 1852 nec
1731 1826 1870 1861 oporteat
1886 1831 1980 1861 super
1995 1823 2054 1853 boc
2070 1832 2125 1861 per
2140 1821 2342 1862 providentia
2365 1815 2367 1818 ¹

1369 1874 1452 1904 dicte
1470 1874 1565 1911 sedis,
1583 1883 1645 1914 qne
1664 1874 1848 1914 hujusmodi
1870 1884 2017 1906 excessus
2034 1876 2191 1915 patienter
2207 1875 2290 1905 ferre
2311 1879 2407 1927 uoq

1370 1928 1502 1966 poterit,
1529 1933 1583 1958 aut
1606 1928 1745 1958 finaliter
1766 1929 1824 1959 sub
1848 1929 2106 1959 dissimulatione
2123 1929 2278 1966 transire,
2295 1927 2383 1974 qni'x

1371 1991 1465 2020 super
1493 1982 1673 2021 premissis,
1698 1986 1790 2020 prout
1810 1981 1957 2020 expedire
1985 1981 2157 2019 videbitur,
2183 1976 2379 2038 oportunuuaf

1370 2035 1548 2066 remedium
1573 2035 1695 2065 studeat
1711 2035 1874 2066 adhibere.
1896 2036 1967 2067 Dat.
1985 2035 2102 2072 Rome,
2120 2035 2204 2075 apud
2225 2035 2378 2066 Sanctam

1372 2091 1507 2120 Mariam
1525 2091 1688 2129 Majorem,
1703 2090 1850 2121 kalendis
1866 2091 1985 2127 martii,
2004 2099 2091 2121 anno
2106 2090 2258 2121 secundo.
2275 2101 2290 2118 x
2367 2080 2374 2088 ⁴

1442 2317 1527 2345 ’uo

1407 2377 1449 2404 Dc
1469 2374 1570 2404 eodem
1594 2377 1718 2412 negotio.
1742 2377 1824 2409 (Rae.
1851 2377 1903 2411 44,
1925 2385 1952 2404 c.
1975 2378 2031 2409 44¹2,
2058 2377 2077 2404 f.
2109 2377 2159 2405 115
2180 2383 2224 2411 1⁸⁰5
2245 2376 2315 2406 Lu.
2339 2384 2367 2405 n·
2395 2382 2398 2386 ’

1370 2426 1467 2458 Tus-it,
1485 2425 1522 2460 11,
1539 2425 1595 2459 29.)

1697 2315 2059 2351 Saiute-Marie-Majfflre,
2078 2316 2117 2343 1⁶¹*
2131 2323 2209 2343 mars
2225 2315 2305 2344 1289.

1418 2566 1640 2604 Venerabilibus
1660 2575 1812 2611 fratribus
1837 2597 1857 2604 ..
1877 2575 2050 2605 Ebroicensi
2072 2579 2098 2604 ec
2121 2597 2142 2606 ..
2161 2574 2301 2605 Silvanec
2346 2571 2371 2613 j

1371 2629 1514 2667 episcopis
1530 2627 1660 2656 mandat
1674 2631 1844 2666 quatenus,
1861 2637 1968 2666 regem
1985 2627 2140 2663 Franciae
2155 2627 2376 2667 personaliter,

1371 2681 1441 2710 siue
1457 2688 1556 2716 mora,
1574 2679 1735 2717 adientes,
1753 2689 1826 2710 eum
1844 2685 1998 2711 moneant
2015 2685 2046 2710 et
2060 2679 2215 2711 inducant
2230 2684 2265 2711 ut
2280 2678 2386 2720 preci‘

1370 2734 1430 2764 hus
1445 2737 1475 2763 et
1490 2733 1763 2764 exhortationibus
1781 2733 1815 2762 in
1832 2734 2094 2773 praecedentibus
2109 2733 2224 2764 litteris
2245 2728 2368 2771 contenf,

1371 2787 1411 2816 tis
1426 2787 1615 2825 acquiescat.
1631 2803 1670 2807 —
1687 2795 1703 2813 <t
1720 2786 1876 2817 Volumus
1898 2791 2005 2817 autem
2028 2787 2113 2826 quod
2136 2787 2379 2827 responsionem

1371 2848 1467 2879 quam
1496 2849 1548 2870 rex
1578 2839 1644 2878 ipse
1667 2849 1762 2879 super
1787 2841 1952 2879 premissis
1973 2840 2099 2871 duxerit
2125 2841 2326 2879 faciendum,
2352 2839 2379 2868 tf?
2428 2875 2429 2882 ἵ

1371 2893 1523 2932 quicquid
1546 2893 1643 2922 ctiam
1658 2893 1797 2923 feceritis
1814 2898 1844 2923 et
1860 2894 2027 2924 senseritis
2042 2894 2075 2924 iu
2097 2894 2158 2925 hac
2170 2898 2270 2934 parte,
2284 2892 2384 2934 nos—2

1370 2947 1463 2985 plene
1479 2946 1621 2976 seriatim
1636 2950 1665 2975 et
1682 2946 1830 2977 distincte
1853 2956 1907 2986 per
1926 2951 2047 2978 vestras
2061 2947 2178 2978 litteras
2193 2947 2311 2978 harum
2330 2942 2382 2975 :td

1370 3001 1450 3030 riem
1463 2999 1664 3029 continentes
1677 3001 1871 3039 quamtotius
1886 3001 2056 3031 intimetis.
2075 3013 2089 3029 n
2363 3013 2376 3031 ι

1413 3065 1425 3079 u
1448 3052 1558 3092 Nuper
1574 3052 1612 3081 ad
1630 3057 1812 3083 nostrum...
1827 3070 1868 3076 —
1884 3054 1954 3084 Dat.
1975 3058 2009 3084 ut
2026 3063 2131 3094 snpra.
2151 3066 2164 3082 n
