2477 3637
311 389 348 417 90
1054 379 1289 410 REGISTRES
1312 381 1366 411 DE
1388 381 1572 413 NICOLAS
1595 383 1651 413 IV.

311 463 391 493 quae
422 457 536 483 statum
570 450 752 480 monasterii
785 452 917 486 tangunt
955 446 1051 475 inviti
1087 446 1195 476 subire
1221 446 1311 485 judi-

311 507 396 537 cium
416 530 435 536 ..
453 505 600 544 episcopi.
614 503 741 542 capituli
759 507 787 531 et
803 501 877 530 cleri
893 500 1162 529 Ambianeusium
1179 508 1242 530 non
1259 508 1311 530 co—

311 566 434 597 gantur.

352 626 364 638 ‹-
402 612 482 642 Cum
519 618 718 648 nequaquam
753 612 891 636 tutum...
922 622 959 628 --
992 606 1061 636 Dat.
1094 606 1193 636 Rome
1227 607 1311 646 apud

311 666 456 695 Sanctam
484 664 615 692 Mariam
647 662 817 700 Major-em,
844 659 988 689 kalendis
1019 659 1194 697 februarii,
1224 668 1310 691 anno

310 718 420 755 primo.
440 730 451 742 ι

375 900 464 929 470
620 898 976 932 Suinte-Maric-Majeurc,
998 899 1026 925 10
1038 899 1140 925 fevi-ier
1160 899 1235 926 1289.

344 963 472 989 Potestas
494 961 677 988 benedicendi
698 961 889 987 sacerdotales
905 965 1011 988 vestes.
1034 961 1115 993 (nso.
1133 961 1182 990 44.
1196 970 1220 988 e.
1241 961 1304 993 304,

308 1013 324 1038 f.
342 1012 375 1039 69
392 1019 429 1041 r⁰;
448 1012 514 1038 Lar».
529 1020 561 1038 nt·
578 1010 678 1042 'l'ni-:11,‚
698 1010 718 1041 1,
742 1010 811 1043 137.)

348 1146 366 1151 ..
385 1123 484 1150 abbati
502 1122 676 1150 aionaslerse‘
694 1120 899 1157 Cor-begsensis,
917 1120 956 1148 acl
973 1128 1130 1149 romanam
1151 1121 1303 1150 ecclesiam

308 1176 390 1205 nullo
409 1176 501 1203 medio
523 1175 716 1212 pertinentis,
736 1173 854 1202 ordinis
869 1173 972 1202 Sancti
992 1173 1157 1210 Benedicti,
1179 1174 1305 1203 Ambia-

307 1229 404 1258 nensi's
420 1228 550 1257 diocesis.
569 1226 607 1256 ad
626 1227 725 1256 instar
737 1225 881 1263 Gregorii
898 1226 1006 1263 VIIII,
1023 1226 1166 1256 concedit
1182 1230 1216 1256 ut
1237 1226 1305 1265 ipse

305 1286 334 1311 et
356 1288 549 1310 successores
572 1280 639 1318 ejus
663 1278 870 1309 sacerdotales
889 1283 1008 1315 vestes,
1028 1279 1137 1309 altaris
1155 1278 1255 1318 pallas
1275 1283 1306 1310 et

304 1333 476 1371 corporalia
501 1333 532 1361 in
556 1333 746 1362 monasterio
765 1332 847 1362 dicto
866 1337 896 1362 et
917 1332 1059 1363 ecclesiis
1082 1333 1186 1363 eidem
1210 1333 1305 1372 pleno

300 1387 371 1424 jure
388 1386 536 1424 subiectis
554 1385 741 1415 benedicere
754 1385 865 1415 valeat.

344 1452 356 1465 (ι
384 1439 425 1468 Ut
449 1438 618 1478 apostolice
641 1439 746 1468 sedi...
768 1455 804 1460 -
829 1439 898 1468 Dat.
924 1440 1024 1469 Rome
1046 1441 1129 1478 apud
1155 1439 1304 1471 Sanctam

304 1492 435 1522 Mariam
453 1493 620 1530 Majorem,
640 1502 683 1521 1111
698 1492 770 1522 idus
786 1493 953 1530 februarii,
971 1502 1057 1523 anno
1073 1493 1186 1532 primo.
1209 1506 1222 1521 a>

334 1676 526 1706 qvi-⁴25

335 1737 431 1764 Electo
447 1738 626 1766 Messanensi
641 1740 916 1768 administrationem
929 1743 1066 1770 ecclcsiae
1084 1744 1208 1772 Nolanae
1221 1755 1303 1774 com-

301 1787 395 1814 mittit.
416 1787 494 1817 (ltro.
514 1789 560 1822 44,
577 1798 601 1815 c.
620 1789 684 1821 305,
701 1790 719 1816 s.
736 1790 769 1818 [39
786 1793 836 1823 νῦ.)

652 1678 1008 1715 Sainte-Maric—Majcure,
1021 1681 1175 1715 ‘29janvier
1189 1681 1266 1710 1289.

340 1896 512 1932 Froncisco,
534 1898 620 1926 electo
639 1899 907 1939 ‚llesfflnensi.'qt¹i
931 1902 1229 1943 archiepiscopalem
1253 1915 1301 1937 se-

300 1948 370 1977 dem
390 1949 639 1988 Messaneusem,
659 1957 780 1990 propter
799 1964 940 1992 guerras,
958 1957 1090 1996 adipisci
1107 1968 1171 1990 non
1188 1964 1300 2000 potest,

300 2009 407 2031 curam
425 2007 454 2031 et
474 2003 787 2036 administrationem
809 2008 959 2039 ccclesiae
982 2011 1125 2042 Nolanae
1149 2017 1226 2044 tunc
1247 2024 1302 2044 va-

299 2055 399 2083 cantis
413 2056 592 2086 committit.

341 2120 353 2134 α
378 2109 557 2146 Apostolice
579 2111 803 2143 sollicitudinis
831 2116 1010 2146 studium...
1038 2136 1076 2139 —
1101 2119 1170 2149 Dat.
1199 2121 1301 2152 Rome

299 2161 380 2198 apud
400 2163 547 2192 Sanctam
563 2165 696 2194 Mariam
715 2167 884 2205 Majorern,
904 2179 946 2198 1111
965 2171 1117 2202 kalendas
1133 2174 1298 2211 februarii,

299 2223 383 2244 anno
400 2225 510 2253 primo.
530 2229 542 2243 »

342 2268 378 2296 In
397 2278 423 2297 e.
443 2278 485 2299 m.
502 2271 637 2309 capitulo
660 2272 810 2303 ecclesiae
829 2275 972 2307 Nolanae
993 2279 1122 2310 mandat
1142 2286 1300 2319 quatenus

301 2321 459 2359 praedicto
475 2322 571 2353 electo
586 2324 800 2356 obedientiam
818 2328 955 2359 debitam
972 2332 1130 2369 praebeat.

339 2375 374 2404 In
389 2385 414 2404 e.
433 2386 476 2405 m.
494 2376 577 2406 clero
593 2378 731 2409 civitatis
747 2381 940 2412 etdioeccsis
958 2384 1113 2416 Nolanae.

340 2428 375 2456 ln
393 2438 419 2457 e.
437 2438 480 2459 m.
495 2431 609 2469 populo
624 2432 758 2463 civitatis
775 2439 804 2464 et
819 2436 970 2466 dioecesis
985 2439 1138 2470 Nolanae.

341 2481 374 2509 ln
392 2492 418 2510 c.
437 2491 479 2511 m.
499 2484 656 2515 universis
675 2487 818 2517 vassallis
834 2490 985 2521 ecclesiae
1005 2492 1158 2524 Nolanae.

366 2662 452 2690 ⁴2ss

334 2722 515 2757 Dispensatio
538 2734 625 2760 super
647 2730 834 2756 ‹natrinn›ni‹›.
860 2731 939 2764 (tu-212.
973 2734 1014 2765 Η,
1042 2744 1066 2761 c.
1085 2737 1146 2767 30⁴3,
1164 2738 1182 2764 f.
1200 2738 1233 2766 69
1250 2746 1297 2771 v⁰;

300 2770 361 2796 Lxr.
382 2781 414 2798 ιιι·
431 2773 526 2805 Tin-211⁴,
546 2774 567 2802 Ι.
591 2776 661 2808 1:3¹³.)

601 2666 954 2703 Suinte-Mario-Majouro,
974 2673 1001 2698 :31
1018 2675 1132 2707 Janvicr
1152 2676 1224 2703 1289.

344 2879 505 2909 tenes-atili
524 2885 617 2918 fratrs
636 2909 654 2914 ,.
673 2882 891 2928 (trrltiepis'vopo
916 2893 1081 2931 Viennensi,
1100 2895 1139 2925 ad
1154 2905 1295 2935 preces..

299 2933 431 2970 episcopi
465 2933 624 2965 Valentini
652 2944 680 2967 et
707 2946 841 2978 quatuor
866 2943 1000 2975 alioruin
1027 2947 1244 2988 episcoporum
1269 2956 1299 2980 et

299 2991 440 3022 quinque
455 2986 603 3017 abbatum
619 2995 879 3025 monasteriorum
898 2996 1026 3029 illarum
1045 3002 1193 3040 partium,
1209 3012 1296 3033 man-

299 3035 351 3064 dat
367 3042 522 3074 quatenus
534 3048 605 3070 cum
622 3044 717 3073 nobili
735 3046 801 3075 viro
819 3048 976 3081 Ademaro
992 3052 1030 3082 de
1044 3053 1186 3085 Pictavia
1200 3060 1230 3086 et
1244 3065 1298 3087 no—

1395 447 1451 477 bili
1469 448 1603 480 muliere
1625 449 1816 487 Margarita,
1836 453 1909 479 nata
1925 450 2087 488 quondam
2104 451 2232 482 Rodulfi
2245 475 2253 488 ,
2273 453 2398 484 comitis

1394 500 1635 539 Gebenneusis,
1654 511 1760 532 sorore
1784 503 1859 532 dicti
1881 503 2019 542 episcopi
2036 503 2219 542 Valentini,
2237 505 2399 545 dispenset

1394 559 1438 591 ut,
1455 564 1517 586 nou
1534 556 1734 586 obstantibus
1747 557 1838 587 tertio
1853 561 1883 586 et
1899 561 2011 595 quarto
2025 559 2313 596 consanguinitatis
2328 567 2398 598 gra-

1392 608 1487 638 dibus
1504 609 1622 648 quibus
1639 610 1805 648 conjuncti
1823 614 1909 646 sunt,
1922 611 2178 649 matrimonium,
2190 613 2230 642 ad
2242 613 2397 644 sedandas

1392 670 1504 699 graves
1521 662 1709 692 iuimicitias
1728 663 1813 693 iuter
1831 663 1952 693 dictum
1970 664 2169 695 Ademarum
2185 670 2216 695 et
2230 666 2397 697 ecclesiam

1394 714 1598 745 Valentinani
1616 720 1751 752 exortas,
1768 716 1957 746 contrahere
1976 716 2112 748 valeant.

1433 777 1447 796 ε
1466 768 1509 797 Ex
1526 773 1612 807 parte
1627 769 1772 799 dilecti...
1790 787 1829 791 —
1843 770 1914 799 Dat.
1935 770 2035 801 Rome
2056 771 2140 810 apud
2159 772 2309 803 Sanctam
2327 773 2396 804 Ma-

1391 821 1472 851 riam
1489 822 1659 861 Majorem,
1679 833 1696 852 n
1713 823 1864 853 kalendas
1878 823 2048 861 februarii,
2065 833 2151 856 anno
2168 826 2284 864 primo.
2302 839 2316 854 ι»

1442 1016 1528 1043 4ἵῖ

1426 1076 1573 1105 Fratribus
1605 1079 1755 1114 hospitalis
1788 1079 1909 1107 Sanctae
1941 1079 2045 1106 Mariae
2068 1079 2246 1108 Urbevetani
2275 1078 2396 1111 eandem

1389 1125 1521 1152 concedit
1533 1126 1660 1160 regulam
1672 1127 1879 1154 observandam
1892 1136 1976 1162 quain
1988 1127 2125 1155 fratribus
2134 1128 2286 1164 hospitalis
2297 1129 2396 1158 Sancti

1388 1173 1490 1201 Jacobi
1513 1174 1547 1201 de
1570 1175 1638 1202 Alto
1664 1175 1769 1208 Passu,
1789 1176 1919 1203 Lucanae
1935 1177 2089 1204 dioecesis.
2116 1176 2197 1208 (Rea.
2215 1177 2262 1209 44,
2280 1186 2306 1205 c.
2328 1178 2395 1211 307,

1388 1223 1407 1249 f.
1423 1223 1456 1251 69
1474 1225 1524 1257 νο.)

1674 1016 2032 1051 Sainte-Marie-Majeure,
2050 1017 2082 1044 ‘23
2098 1017 2250 1045 decembre
2266 1018 2344 1047 1288.

1430 1340 1548 1369 Dilectis
1560 1341 1634 1377 filiis
1649 1341 1746 1377 fratri
1763 1341 1898 1370 Johannt
1913 1342 1948 1371 cle
1964 1343 2129 1380 Florentia,
2146 1344 2274 1380 rectori,
2289 1348 2315 1373 et
2331 1345 2397 1381 fra-

1390 1394 1486 1422 tribus
1508 1394 1667 1431 hospitalis
1688 1394 1796 1424 Sancte
1818 1395 1911 1424 Mario
1936 1396 2115 1425 [tr-bevelone
2135 1396 2304 1427 confirmat
2325 1397 2396 1427 ins-

1389 1441 1587 1476 trumentum
1599 1455 1660 1486 quo
1675 1448 1824 1486 Jacobus,
1842 1448 1976 1478 Sanctae
1989 1449 2107 1479 Mariae
2118 1450 2151 1479 in
2163 1449 2224 1480 Via.
2235 1449 2314 1480 Lata
2326 1449 2394 1480 dia-

1388 1508 1487 1530 conus
1512 1499 1702 1536 cardinatis,
1738 1501 1783 1531 eis
1810 1502 1966 1532 concessit
2000 1503 2239 1533 observantiam
2265 1502 2397 1542 regulae

1388 1562 1485 1592 quam
1510 1558 1613 1584 rector
1635 1558 1665 1584 et
1687 1555 1799 1584 fratres
1823 1555 1987 1594 hospitalis
2007 1556 2115 1586 Sancti
2132 1556 2243 1586 Jacohi
2262 1555 2301 1586 de
2319 1555 2394 1587 Atto

1387 1608 1509 1645 Passu,
1536 1608 1682 1638 Lucanae
1705 1608 1878 1645 dioecesis,
1903 1609 2122 1639 observabant.
2146 1610 2206 1640 Hic
2230 1613 2278 1640 est
2304 1614 2396 1641 tenor

1387 1662 1530 1700 ejusdem
1545 1662 1752 1692 instrumenti
1768 1674 1773 1691 :

1429 1726 1442 1741 α
1459 1715 1499 1744 In
1520 1715 1651 1744 nomine
1675 1715 1826 1752 Domini,
1847 1724 1932 1745 anno
1950 1715 2081 1745 Domini
2102 1716 2145 1745 M.
2163 1715 2225 1746 CC.
2245 1719 2393 1755 octuage-

1389 1780 1402 1795 >›
1427 1769 1508 1798 simo
1527 1773 1654 1803 octavo,
1678 1768 1854 1798 indictione
1871 1769 2026 1805 secunda,
2049 1768 2252 1807 pontificatus
2270 1768 2395 1800 domini

1388 1833 1401 1848 »
1427 1821 1552 1851 Nicolai
1574 1830 1652 1860 pape
1670 1822 1735 1851 IIII
1752 1830 1837 1851 anno
1860 1822 1983 1860 primo,
2007 1821 2058 1851 die
2081 1822 2252 1852 undecima
2272 1821 2394 1852 mensis

1387 1887 1401 1901 »
1425 1874 1615 1912 decembris,
1632 1875 1833 1913 presentibus
1846 1874 2057 1905 ine-Iohanne
2073 1874 2236 1905 Parlatore
2244 1875 2283 1905 de
2295 1875 2392 1912 Setia,

1388 1940 1401 1955 v>
1424 1928 1530 1967 judice
1546 1933 1575 1958 et
1590 1928 1724 1965 notario,
1744 1933 1774 1958 et
1791 1928 1921 1958 testibus
1938 1928 2162 1967 infrascriptis,
2180 1929 2220 1958 ad
2238 1928 2298 1959 hoc
2321 1937 2394 1967 spe-

1388 1995 1401 2009 »
1426 1982 1549 2012 cialiter
1567 1983 1686 2012 vocatis
1706 1986 1736 2011 et
1751 1982 1888 2020 rogatis,
1910 1982 2104 2012 venerabilis
2131 1986 2218 2021 pater
2242 1981 2394 2012 domiuus

1388 2048 1401 2062 n
1424 2036 1572 2072 Jacobus,
1591 2035 1705 2065 Sancte
1722 2035 1824 2065 Mai-ie
1846 2035 1879 2064 in
1901 2035 1961 2064 Via
1982 2036 2058 2065 Lata
2074 2035 2230 2065 diaconus
2245 2035 2394 2066 cardina-

1388 2101 1401 2116 »
1425 2088 1477 2126 lis,
1495 2089 1681 2119 auctoritate
1699 2089 1936 2119 commissionis
1956 2089 2016 2118 sibi
2034 2089 2113 2118 facte
2129 2097 2224 2127 super
2239 2088 2300 2119 hoc
2322 2088 2393 2119 vive

1388 2157 1399 2169 »ι
1426 2143 1510 2173 vocis
1541 2142 1668 2173 oraculo
1707 2152 1761 2181 per
1794 2142 2032 2172 sanctissimum
2064 2146 2187 2181 patrem
2223 2142 2392 2173 dominum

1388 2210 1400 2225 n
1426 2197 1612 2234 Nicolaum,
1636 2200 1833 2226 sacrosancte
1855 2205 1986 2226 romane
2002 2201 2032 2225 ct
2052 2195 2244 2226 universalis
2260 2195 2392 2227 ecclesie

1387 2264 1400 2279 ‚2
1425 2259 1590 2281 summum
1621 2250 1823 2290 pontificem,
1858 2250 2014 2280 concessit
2036 2254 2066 2279 et
2091 2249 2221 2280 tradidit
2244 2249 2393 2289 religioso
2431 2261 2435 2267 ·
2456 2256 2459 2266 ²

1386 2317 1400 2333 »
1423 2305 1491 2336 viro
1519 2305 1609 2335 fratri
1637 2304 1780 2335 Johanni
1805 2304 1843 2333 de
1878 2303 2052 2340 Florentia,
2082 2304 2195 2334 rectori
2225 2303 2392 2343 hospitalis

1387 2371 1400 2386 »
1424 2367 1600 2397 pauperum
1632 2357 1749 2388 Sancte
1780 2357 1881 2387 Mai-ic
1910 2357 1949 2386 de
1985 2357 2190 2393 Urbeveteri,
2223 2357 2259 2387 in
2291 2356 2392 2396 ipsius

1387 2424 1400 2439 »
1426 2413 1549 2443 domini
1570 2411 1741 2442 cardinalis
1761 2411 1930 2441 constituto
1952 2411 2130 2450 presentia,
2150 2410 2317 2449 recipienti
2334 2418 2391 2450 pro

1387 2479 1399 2494 n
1425 2475 1458 2496 se
1482 2470 1511 2496 et
1526 2466 1595 2496 vice
1618 2469 1649 2494 et
1673 2466 1803 2495 nomine
1823 2469 2000 2494 ceterorum
2026 2464 2161 2494 fratrum
2183 2463 2261 2494 dicti
2284 2463 2390 2504 hospi-

1386 2532 1399 2546 »
1425 2519 1518 2556 talis,
1549 2528 1567 2548 a
1595 2518 1710 2557 quibus
1735 2522 1764 2547 et
1790 2518 1998 2562 universitate
2022 2517 2165 2556 ipsorum
2187 2517 2275 2548 idem
2294 2516 2392 2547 frater

1386 2587 1398 2601 >2
1422 2575 1586 2605 Johannes
1611 2573 1650 2603 ad
1670 2573 1729 2603 hoc
1754 2573 1884 2612 plenum
1902 2578 1931 2602 et
1951 2572 2088 2611 speciale
2115 2572 2303 2603 mandatum
2331 2571 2389 2603 ha-

1385 2641 1398 2655 »
1424 2628 1529 2665 bebat,
1559 2632 1587 2657 et
1617 2636 1671 2666 per
1701 2626 1840 2656 eundem
1868 2627 1997 2656 fratrem
2023 2626 2209 2656 Johannem
2238 2625 2390 2656 fratribus

1386 2694 1398 2708 »
1423 2680 1612 2720 supradictis
1644 2685 1675 2709 et
1706 2680 1906 2709 universitati
1931 2687 2060 2715 corum,
2086 2678 2232 2716 regulam
2254 2678 2391 2708 fratrum

1385 2747 1398 2762 »
1424 2733 1589 2773 hospitalis
1606 2733 1715 2763 Sam-ti
1729 2733 1841 2763 Jacobi
1857 2733 1895 2762 dt·
1916 2732 1990 2762 Alto
2008 2733 2119 2768 Passu,
2139 2732 2267 2762 Lucane
2282 2731 2389 2762 dioce-

1385 2800 1398 2815 »
1423 2788 1477 2824 sis,
1496 2787 1654 2826 recipiens
1670 2787 1855 2816 auctoritate
1876 2786 2019 2825 predicta
2035 2785 2075 2815 ab
2095 2784 2206 2815 eodem
2221 2784 2319 2815 fratre
2331 2783 2389 2815 Jo-

1385 2854 1398 2869 »
1424 2841 1541 2877 banne⁷
1565 2842 1733 2879 profitente
1751 2844 1780 2869 et
1801 2840 2005 2879 promittente
2023 2847 2080 2878 pro
2095 2847 2129 2868 se
2144 2841 2175 2868 et
2189 2838 2259 2868 vice
2279 2843 2311 2869 et
2330 2845 2390 2868 no-

1385 2907 1398 2922 »
1423 2895 1511 2925 minc
1526 2895 1682 2924 dictorum
1704 2895 1837 2923 fratrum
1850 2894 1961 2932 prefati
1977 2891 2143 2931 hospitalis
2160 2891 2274 2922 Sancte
2288 2891 2388 2922 Mario

1385 2960 1398 2975 »
1422 2948 1460 2977 de
1484 2947 1688 2983 Urbeveteri,
1714 2948 1768 2986 qui
1787 2947 1825 2977 ad
1849 2947 1907 2977 boc
1927 2946 2029 2976 cidem
2052 2945 2141 2975 fratri
2159 2944 2302 2975 Johanni
2318 2952 2388 2984 spe-

1384 3014 1397 3029 »
1422 3001 1500 3032 ciale
1517 3011 1553 3032 ac
1569 3002 1731 3032 sufficiens
1747 3001 1862 3032 dedere
1879 3000 2078 3037 mandatum,
2102 2998 2334 3038 professionem
2359 3001 2389 3028 et

1384 3069 1396 3083 »
1422 3055 1665 3094 promissionem
1686 3059 1836 3094 perpetue
1851 3053 2054 3085 observantie
2075 3050 2183 3091 regule
2199 3055 2384 3082 memorate.
