2342 3652
921 359 1141 398 PREMIERE
1163 359 1320 399 ANNnE.
2128 374 2168 404 53

81 441 264 470 monasterii
280 439 357 469 Case
374 440 431 469 Dei
450 441 480 469 et.
498 438 696 468 Bernardnm
712 437 848 476 prefatos
863 436 902 465 de
918 438 1079 464 monaste-

82 494 127 524 rio
153 495 235 532 ipso,
262 502 326 523 non
343 494 412 522 siue
436 493 628 532 injuriarum
653 490 861 528 irrogatione,
891 488 1021 526 fugatis3
1043 496 1079 517 ac

81 547 178 576 iidem
202 546 359 576 Geraldus
383 550 413 575 et
434 546 530 575 abbas
554 543 740 575 monasterii
764 542 841 573 Case
862 541 920 570 Dei
941 540 1079 570 eundem

82 599 209 629 Heliam
232 604 262 628 et
284 599 444 637 quendam
474 599 549 628 dicti
572 597 756 627 monasterii
785 594 998 629 monachum,
1024 594 1079 632 qui

81 657 188 691 captus
215 653 317 682 extitit
339 661 411 681 cum
438 652 568 689 eodem,
593 651 630 680 de
651 649 789 688 predicto
813 648 880 677 loco
908 646 1077 676 Branthoi-

80 706 185 735 mensi
202 706 377 735 temerariis
394 706 523 735 ausibus
537 705 728 739 eduxerunt3
746 710 803 731 nec-
818 710 853 730 ex
872 705 945 730 tunc
962 700 1080 738 sepefa-

80 762 130 788 tus
152 759 257 788 Helias
272 761 311 788 ab
329 759 437 797 aliquo
453 758 491 788 de
507 758 572 787 suis
588 756 687 786 videri
703 755 813 794 potnit,
835 762 892 783 nec
907 753 1079 792 quomodo-

79 811 156 842 libet
177 812 325 850 reperiri,
351 812 405 842 sed
427 813 492 851 ipse
512 811 676 848 dictusque
696 807 870 838 monachus
886 808 921 836 in
940 807 1078 846 quodam

79 864 155 894 dicti
171 865 315 903 magistri
342 865 380 894 G.
405 869 504 894 castro
525 866 559 893 in
581 861 783 900 compedibus
806 861 942 890 detineri
962 860 1077 890 dicun-

79 921 141 954 tur,
157 918 226 948 diro
243 919 359 948 carceri
377 917 562 957 mancipati;
579 920 608 946 et
625 914 855 944 nichilominus
872 914 1078 952 prefatusJo-

78 970 258 1007 hannetus‚
283 976 424 1009 pretextu
450 970 659 1009 predictarum
685 967 847 1005 regiarum
878 967 1074 1002 litterarum,

79 1024 182 1054 eidem
203 1025 307 1054 abbati
332 1023 517 1054 monasterii
541 1022 616 1052 Case
640 1022 715 1058 Dei,
739 1021 869 1059 ipseque
892 1020 1076 1060 abbas-pre-

78 1076 160 1107 dicto
187 1077 349 1107 Bel-nardo
374 1077 528 1116 prefatum
556 1075 785 1106 monasterium
810 1073 1076 1103 Brautliolmense

78 1138 134 1169 pro
155 1139 264 1161 eorum
290 1131 457 1161 voluntatis
475 1130 562 1159 libito
583 1129 805 1166 assignarunt;
828 1127 976 1166 idemque
998 1128 1076 1156 Ber-

78 1183 197 1213 nardus
213 1192 323 1213 omnes
343 1187 372 1213 et
388 1183 530 1221 singulos·
544 1182 618 1211 dicti
635 1182 818 1211 monasterii
838 1181 1005 1210 monachos
1021 1180 1075 1218 qui

78 1235 116 1266 de
133 1237 281 1266 mandato
301 1236 441 1275 ejusdem
462 1235 553 1265 Helie
568 1234 601 1263 in
617 1234 808 1273 prioratibus
825 1238 855 1263 et
870 1234 1075 1272 preposituris

78 1288 213 1327 aliisque
235 1289 422 1319 obedientiis
444 1288 543 1327 ipsius
562 1287 745 1317 monasterii
767 1287 975 1316 existentibus
1005 1295 1076 1316 con-

79 1345 126 1371 tra
140 1351 213 1372 eum
224 1341 291 1381 (sic)
307 1342 378 1371 fecit
389 1350 442 1380 per
457 1341 627 1370 servientes
641 1340 743 1378 regios
760 1340 900 1379 spoliari,
918 1349 953 1369 ac
965 1348 1074 1378 aspor—

78 1394 138 1424 tari
160 1395 274 1424 exinde
290 1395 372 1424 bona
387 1393 504 1423 ibidem
521 1394 669 1429 inventa⁷
687 1397 717 1422 et
731 1394 825 1422 etiam
845 1393 1020 1429 devastari,
1040 1402 1075 1422 ac

78 1447 220 1485 ejusdem
238 1447 419 1477 monasterii
435 1446 605 1476 monachos
622 1447 677 1484 qui
695 1447 729 1475 in
747 1446 885 1475 adventu
901 1445 1074 1475 Johauneti

79 1500 209 1538 predicti
228 1501 266 1530 ad
293 1501 519 1530 monasterium
544 1500 650 1538 ipsum
671 1499 750 1529 inibi
771 1499 1021 1537 permanebant,
1039 1507 1074 1527 eo

79 1557 219 1591 pretextu
236 1553 317 1592 quod
332 1553 430 1582 iidem
446 1553 593 1583 monachi
612 1553 755 1591 ejusdem
771 1552 955 1582 monasterii
972 1556 1075 1590 portas

79 1605 113 1635 in
126 1607 261 1636 adventu
280 1606 457 1636 clauserant
471 1606 649 1645 supradicto
670 1615 709 1635 ne
722 1605 799 1635 illuc
814 1606 900 1635 idem
916 1605 946 1634 J.
965 1614 1075 1634 eorum

78 1657 454 1695 introduceretinimicos,
463 1668 520 1698 per
532 1658 743 1688 senescallum
754 1658 929 1696 predictum
942 1657 976 1687 in
988 1657 1074 1686 mille

77 1709 174 1741 libras
212 1712 428 1741 turonensium
460 1712 706 1751 coudeinpnari3
742 1712 918 1750 sepedictus
950 1720 1075 1750 quoque

79 1763 271 1802 Bernardus,
289 1770 438 1804 tanquam
456 1774 512 1795 sue
529 1765 639 1795 salutis
658 1774 783 1803 prorsus
799 1765 927 1801 oblitus,
943 1765 988 1794 sic
1004 1774 1074 1794 sus-

78 1825 193 1856 pensus
213 1822 243 1847 et
259 1818 417 1857 depositus
436 1818 545 1848 divina
564 1819 666 1848 officia
691 1819 723 1848 in
748 1818 858 1848 eodem
884 1819 1075 1848 monasterio

79 1871 325 1910 perjamdictum
340 1872 521 1911 episcopum
535 1882 570 1902 ex
585 1882 679 1902 causa
695 1872 876 1902 rationabili
892 1872 1075 1902 auctoritate

80 1923 240 1954 ordinaria
259 1925 424 1956 interdicto
444 1926 603 1964 supposito
623 1925 760 1955 celebrat
785 1929 814 1955 et
834 1926 907 1955 facit
925 1935 979 1964 per
995 1925 1075 1955 alios

82 1975 242 2014 celebrari,
257 1987 291 2008 ac
306 1979 496 2009 habitatores
515 1979 588 2009 ville
608 1980 646 2009 de
663 1979 860 2009 Brantolmio
882 1988 936 2018 per
957 1979 1073 2016 captio-

82 2036 156 2058 nem
176 2029 326 2061 honorum
349 2041 477 2062 suornm
498 2037 528 2062 et
552 2033 647 2062 etiam
668 2040 896 2071 personarum,
919 2036 952 2061 ut
966 2031 1075 2060 divina

81 2081 184 2112 officia
199 2083 231 2112 in
251 2084 358 2114 eodem
374 2086 563 2116 monasterio
585 2085 717 2115 audiant
733 2089 763 2114 et
783 2085 958 2124 percipiant
974 2084 1073 2114 eccle-

81 2135 204 2165 siastica
219 2143 423 2175 sacramenta,
447 2138 604 2177 compelli,
629 2139 662 2167 in
680 2139 787 2168 anime
807 2147 862 2168 sue
880 2138 1072 2176 periculum,

83 2187 288 2218 ecclesiastice
308 2189 470 2229 discipline
487 2195 702 2230 contemptum
722 2195 751 2220 et
767 2191 952 2220 scandalum
976 2191 1073 2229 pluri-

82 2248 218 2270 morum.
236 2241 314 2271 Cum
333 2247 436 2273 autem
451 2244 606 2282 nolimus,
627 2244 719 2274 sicuti
738 2253 795 2273 nec
810 2244 981 2281 debemus,
1001 2243 1074 2273 talia

82 2294 324 2325 conniventibus
347 2297 443 2326 oculis
462 2299 671 2336 pertransire,
691 2298 876 2327 discretioni
895 2302 997 2327 vestre
1019 2306 1074 2335 per

81 2347 250 2385 apostoliea
275 2348 387 2387 scripta
416 2349 449 2378 in
478 2350 591 2380 virtute
614 2351 794 2381 obedientie
818 2350 958 2380 districte
979 2351 1076 2388 preci-

80 2400 196 2438 piendo
215 2401 402 2432 mandamus
424 2408 577 2441 quatenus
601 2413 654 2434 vos
678 2404 728 2434 vel
750 2404 830 2434 alter
853 2408 993 2434 vestrum
1011 2404 1074 2433 Ge-

81 2453 220 2489 raldum,
254 2455 450 2485 Beriiardum
481 2461 510 2486 et
539 2457 690 2494 Ebolum,
714 2458 858 2488 abbatem
889 2457 1074 2487 monasterii

81 2505 158 2536 Case
175 2507 243 2541 Dei.
260 2513 288 2537 et
300 2508 513 2539 Joliannetum
531 2511 695 2549 predictos,
711 2519 834 2541 necnon
851 2511 877 2540 si
893 2518 970 2549 quos
983 2510 1073 2546 alios,

80 2568 158 2599 quos
174 2570 227 2599 per
244 2561 361 2590 famam
376 2565 429 2591 aut
443 2562 622 2601 indaginem
640 2573 702 2594 non
720 2563 929 2603 sollempnem
947 2564 1075 2592 invene-

81 2613 150 2643 ritis
166 2613 339 2651 culpabiles
354 2614 387 2642 in
406 2615 583 2653 premissis,
602 2626 637 2646 ex
655 2619 742 2656 parte
758 2621 864 2646 nostra
882 2626 937 2655 per
952 2624 1005 2646 vos
1025 2615 1075 2645 vel

81 2667 179 2697 alium
195 2676 248 2697 seu
265 2667 344 2697 alios
360 2669 566 2707 peremptorie
581 2670 676 2700 citare
690 2671 806 2700 curetis
821 2695 827 2707 ,
844 2675 879 2700 nt
896 2670 980 2700 infra
996 2670 1074 2699 duo-

81 2729 152 2750 rum
174 2721 333 2750 mensium
357 2721 492 2759 spatium
514 2727 580 2760 post
603 2724 784 2754 citationem
808 2723 993 2763 hujusmodi
1013 2723 1075 2752 iin—

81 2772 217 2803 mediate
229 2774 433 2812 sequentium
446 2775 556 2812 prefati
572 2775 735 2814 Geraldus,
752 2778 935 2807 Ber-nardus
951 2782 981 2806 et
999 2777 1075 2806 Ebo-

81 2824 130 2855 lus
151 2826 246 2856 abbas
270 2836 306 2856 ac
330 2827 531 2857 Johannetus
548 2830 772 2867 personaliter,
791 2830 907 2868 reliqui
929 2839 1000 2860 vero
1022 2839 1076 2868 per

81 2887 114 2908 se
126 2879 175 2909 vel
190 2889 245 2918 per
260 2885 477 2918 procuratores
493 2880 631 2919 ydoneos
644 2883 681 2911 ad
696 2882 753 2913 hoc
769 2883 946 2922 specialiter
962 2883 1075 2913 consti·

82 2935 173 2969 tutos,
186 2933 353 2971 apostolico
370 2943 402 2962 se
420 2934 600 2972 conspectui
615 2940 840 2973 representent,
858 2935 971 2966 facturi
984 2940 1013 2965 et
1028 2944 1075 2965 re-

82 2985 202 3022 cepturi
223 2995 316 3024 super
345 2986 505 3024 premissis
530 2986 613 3025 quod
640 2988 715 3017 ordo
736 2988 900 3018 dictaverit
926 2988 1074 3025 rationis3

83 3042 189 3075 aperte
215 3038 433 3068 denuntiaturi
450 3039 568 3069 eisdem
594 3040 677 3078 quod
698 3041 724 3070 si
745 3042 853 3072 venire
880 3046 1076 3080 contempse-

1162 435 1243 471 rint,
1265 444 1316 465 eos
1338 445 1373 466 ex
1395 440 1470 466 tunc
1490 445 1554 466 non
1577 435 1680 465 solum
1703 436 1895 465 sententiam
1914 440 2165 469 excommunica·
2184 455 2186 457 ·

1162 487 1256 517 tionis
1283 488 1448 518 incurrere
1472 498 1581 519 verum
1599 489 1693 518 etiam
1712 488 1886 518 Geraldum
1903 494 1933 519 et
1948 490 1997 526 E.,
2020 491 2165 522 abbatem

1161 539 1238 570 Case
1266 541 1343 579 Dei,
1372 551 1407 571 ac
1431 542 1631 572 Bel-nardum
1654 542 1808 580 predictos
1831 543 1980 572 omnibus
2003 543 2166 575 beneficiis

1161 593 1227 622 suis
1247 593 1467 625 ecclesiasticis
1487 596 1624 634 privatos
1647 605 1714 625 esse
1731 595 1878 625 volumus
1899 596 1966 634 ipso
1982 596 2072 627 facto.
2091 598 2166 628 Non

1161 645 1305 676 obstante
1320 648 1433 685 quavis
1451 648 1619 686 apostolice
1638 648 1722 677 sedis
1741 648 1942 686 indulgentia
1957 650 2099 687 generali
2115 650 2166 680 vel

1161 699 1310 737 speciali,
1336 701 1568 740 cujuscumque
1589 702 1706 731 tenoris
1728 701 1778 730 vel
1802 702 2012 740 expressionis
2031 703 2163 740 existat,

1162 760 1216 789 per
1233 761 1332 790 quam
1354 754 1483 783 effectus
1499 755 1697 792 presentium
1715 755 1863 793 impediri
1880 755 1981 785 valeat
1996 757 2166 795 quomodo-

1160 803 1238 834 libet
1253 805 1301 834 vel
1317 806 1454 843 differri,
1471 811 1500 836 et
1516 807 1554 836 de
1570 817 1631 846 qua
1644 809 1798 846 cujusque
1816 813 1877 837 toto
1895 813 2001 838 tenore
2016 809 2054 838 de
2070 810 2165 840 verbo

1159 857 1199 887 ad
1212 858 1344 888 verbum
1359 859 1393 888 in
1406 861 1522 889 nostris
1537 860 1652 889 litteris
1667 861 1809 898 specialis
1822 862 1941 891 mentio
1953 862 1993 890 sit
2004 862 2163 900 habenda,

1160 914 1190 939 et
1208 911 1432 941 constitutione
1456 913 1494 942 de
1514 913 1637 942 duabus
1653 913 1745 942 dietis
1763 913 1846 942 edita
1862 914 1896 942 in
1915 914 2052 944 concilio
2071 924 2164 952 gene-

1160 963 1230 992 rali.
1261 964 1355 993 Diem
1377 974 1450 995 vero
1469 967 1626 996 citationis
1647 971 1676 995 et
1701 967 1836 995 formam
1864 972 1894 996 et
1917 967 2070 1006 quicquid
2093 968 2163 998 fieri

1160 1018 1327 1055 contigerit
1349 1018 1383 1047 in
1407 1018 1465 1048 hac
1484 1023 1570 1057 parte
1593 1019 1684 1049 nobis
1702 1029 1756 1057 per
1774 1025 1892 1049 vestras
1909 1019 2030 1050 litteras
2046 1021 2162 1051 harum

1160 1070 1276 1099 seriem
1309 1071 1508 1101 continentes
1537 1072 1689 1102 studeatis
1725 1073 1862 1102 fideliter
1891 1065 2054 1104 ii‘i't'imare.
2090 1074 2161 1104 Dat.

1160 1122 1270 1160 Reate,
1288 1134 1309 1153 11
1326 1124 1397 1154 idus
1413 1126 1611 1164 septembris,
1631 1134 1716 1155 anno
1736 1126 1848 1164 primo.
1870 1139 1882 1153 υ

1230 1284 1318 1312 284

1196 1345 1233 1372 Ut
1248 1347 1410 1378 Ariverius,
1428 1348 1583 1374 canonicus
1601 1347 1793 1378 Veronensis,
1819 1356 1835 1373 a
1854 1347 1978 1381 quodam
1997 1350 2162 1382 juramento

1158 1395 1332 1422 absolvatur.
1351 1396 1432 1428 (Res.
1450 1397 1496 1428 44,
1514 1404 1538 1422 c.
1559 1397 1617 1427 ¹165,
1633 1396 1652 1422 f.
1672 1397 1700 1422 sil
1722 1398 1774 1429 vo.)

1675 1284 1766 1315 Rieti,
1784 1285 1817 1311 -23
1834 1285 1997 1319 septembre
2013 1285 2091 1313 1288.

1199 1498 1317 1527 Dilectis
1330 1498 1404 1535 fili'e's
1421 1499 1534 1528 Corado
1551 1499 1585 1527 cle
1599 1499 1772 1535 Brimforte,
1793 1501 1937 1528 canonico
1951 1501 2161 1536 iiber-donensi,

1158 1551 1312 1588 capellano
1327 1556 1441 1587 nostro,
1451 1557 1476 1580 et
1495 1575 1513 1581 ..
1529 1553 1785 1591 archipresbytero
1800 1553 1888 1590 plebis
1902 1554 1934 1582 cle
1948 1554 2043 1582 Monte
2058 1554 2162 1582 Sancti

1157 1604 1324 1640 Johannis,
1348 1605 1541 1634 Bononiensis
1564 1606 1699 1634 diocesis.
1723 1605 1872 1642 Arverio,
1900 1609 1973 1650 nato
1999 1607 2163 1644 quondam

1158 1656 1318 1695 Uspinelli
1348 1657 1386 1687 de
1419 1657 1692 1694 Carbonemsffins,
1727 1658 1765 1687 de
1797 1658 1957 1695 Bononia,
1991 1658 2163 1697 Gregorius

1159 1718 1237 1748 papa
1261 1710 1292 1739 X
1316 1710 1531 1748 praebendam
1550 1711 1583 1739 iu
1604 1711 1782 1740 Veronensi
1800 1711 1930 1741 ecclesia
1947 1713 2088 1749 proximo
2107 1721 2161 1741 va-

1158 1766 1302 1792 caturam'
1332 1763 1558 1793 conferendam
1586 1768 1821 1801 reservaverat,
1852 1768 1882 1793 et
1916 1787 1935 1794 ..
1964 1764 2067 1794 abbati
2093 1773 2162 1794 mo-

1159 1815 1292 1846 nasterii
1316 1816 1424 1846 Sancti
1445 1816 1571 1846 Proculi
1588 1816 1807 1846 Bononiensis
1827 1818 1891 1846 suis
1910 1817 2038 1847 dederat
2054 1817 2165 1847 litteris

1158 1869 1192 1897 in
1227 1869 1386 1898 mandatis
1420 1874 1454 1899 ut
1483 1869 1568 1899 dicto
1600 1870 1750 1899 Ariverio
1788 1870 1920 1899 eandem
1952 1871 2162 1909 praebendam

1159 1922 1315 1959 assignari
1346 1927 1493 1958 curaret,
1525 1923 1595 1959 sed,
1624 1922 1698 1952 licet
1726 1924 1758 1952 in
1788 1923 1898 1952 eadem
1927 1923 2056 1953 ecclesia
2085 1928 2166 1953 esset

1159 1978 1263 2004 certus
1281 1975 1522 2005 nonodenarius
1537 1976 1765 2006 canonicorum
1781 1985 1945 2013 numerus,
1961 1980 2066 2006 tamen
2080 1999 2099 2006 ..
2113 1986 2164 2006 ar-

1159 2028 1381 2067 chipresbyter
1405 2034 1435 2058 et
1460 2029 1637 2068 capitulum
1660 2029 1761 2059 dictae
1789 2029 1955 2066 ecclesiae,
1984 2034 2068 2060 motu
2092 2039 2165 2068 pro-

1158 2074 1227 2119 prio
1242 2106 1247 2118 ,
1267 2081 1349 2110 ultra
1369 2081 1456 2111 hunc
1473 2090 1645 2111 nnmerum
1662 2082 1771 2112 decem
1794 2087 1824 2111 et
1845 2087 1962 2121 septem
1980 2083 2013 2111 in
2030 2082 2165 2113 canoni-

1158 2143 1209 2164 cos
1228 2139 1431 2173 receperunt,
1451 2148 1464 2161 «
1483 2140 1524 2172 et,
1542 2135 1588 2165 eis
1605 2135 1797 2174 quibusdam
1817 2136 1950 2165 modicis
1966 2136 2166 2174 portionibus

1158 2188 1258 2226 ipsius
1286 2187 1419 2217 ecclesie
1444 2189 1633 2226 assignatis,
1660 2189 1801 2227 ipsarum
1827 2189 1983 2219 [ructibus
2007 2189 2090 2219 inter
2114 2198 2166 2219 eos

1158 2250 1214 2279 pro
1230 2242 1321 2279 equis
1340 2242 1536 2280 portionibus
1550 2241 1750 2277 dividendis,
1766 2242 1956 2272 ordinarunt
1969 2247 2041 2272 ante
2055 2243 2166 2281 hujus-

1157 2295 1245 2324 modi
1261 2296 1475 2334 receptionem
1492 2296 1650 2325 dictorum
1674 2296 1783 2325 decem
1806 2300 1834 2325 et
1855 2301 1974 2334 septem
1994 2297 2164 2326 canonico-

1158 2358 1229 2378 rum
1246 2353 1296 2386 nt,
1323 2349 1472 2387 predictis
1495 2350 1607 2379 decem
1623 2353 1654 2379 et
1676 2359 1789 2379 novem
1814 2350 1974 2380 canonicis
1996 2351 2115 2379 fructus
2137 2354 2167 2379 et

1158 2406 1328 2440 proventus
1347 2403 1471 2439 integre
1492 2412 1622 2432 suarum
1643 2403 1893 2441 percipientibus
1911 2403 2163 2441 prebendarum,

1158 2456 1353 2494 quicumque
1371 2465 1410 2485 ex
1428 2460 1503 2485 tunc
1521 2455 1693 2494 apostolica
1711 2456 1759 2485 vel
1776 2456 1837 2485 alia
1853 2456 1966 2495 quavis
1981 2456 2166 2486 auctoritate

1158 2509 1351 2547 reciperetur
1369 2509 1399 2537 in
1418 2508 1551 2538 eeclesia
1576 2509 1776 2547 supradicta,
1795 2513 1824 2538 et
1846 2509 1985 2548 aliquam
2001 2513 2165 2539 vacantem

1159 2561 1196 2590 de
1217 2561 1309 2591 dictis
1331 2562 1439 2591 decem
1463 2566 1492 2591 et
1516 2571 1630 2591 novem
1655 2562 1826 2600 prebendis
1845 2566 2082 2600 assequeretur,
2101 2565 2164 2591 tam

1158 2615 1277 2644 fructus
1296 2615 1396 2653 ipsius
1415 2615 1575 2653 prebende
1598 2615 1700 2645 taliter
1723 2615 1851 2653 adepte,
1874 2624 1969 2653 quam
1991 2624 2045 2653 per
2071 2623 2164 2653 quos-

1158 2676 1295 2706 cumque
1309 2667 1389 2697 alios
1404 2671 1586 2706 proventus,
1602 2676 1680 2706 quos
1696 2668 1735 2697 de
1751 2668 1944 2697 comunibus
1958 2668 2164 2706 proventibus

1158 2720 1301 2759 ejusdem
1315 2721 1446 2750 ecclesie
1460 2721 1635 2760 perciperet
1649 2745 1655 2757 ,
1677 2721 1787 2750 tandiu
1805 2721 1961 2759 equaliter
1977 2722 2164 2760 participare

1158 2773 1230 2803 aliis
1247 2774 1437 2812 recipiendis
1457 2778 1635 2811 teneretur,
1655 2773 1755 2803 donec
1776 2774 1911 2812 quilibet
1925 2775 2067 2813 ipsorum
2083 2775 2165 2805 reci-

1158 2826 1348 2865 piendorum
1361 2827 1440 2856 foret
1455 2835 1553 2856 uuam
1567 2827 1605 2856 de
1621 2827 1730 2856 decem
1744 2831 1773 2856 et
1786 2835 1900 2856 novem
1913 2827 2083 2865 prebendis
2098 2837 2165 2865 pre-

1158 2880 1248 2910 dictis
1262 2880 1386 2917 integre
1400 2884 1572 2909 assecutus.
1591 2892 1602 2907 »
1618 2880 1758 2910 Vacante
1770 2880 1971 2919 postmodum
1985 2881 2164 2920 praebenda

1159 2943 1214 2972 per
1224 2938 1358 2963 mortem
1371 2933 1512 2963 Thomae
1528 2934 1692 2972 Papazuri,
1706 2933 1809 2963 dictus
1821 2934 1917 2963 abbas
1929 2934 2062 2964 eandem
2076 2944 2164 2973 prae-

1160 2987 1295 3016 bendam
1315 2986 1462 3016 Ariverio
1482 2987 1634 3016 canonice
1653 2986 1798 3023 contulit,
1817 2987 1871 3016 sed
1890 2988 1967 3026 ipsis
1988 2988 2164 3026 archipres-

1160 3041 1271 3079 bytero
1297 3044 1326 3069 et
1354 3039 1489 3078 capitulo
1514 3039 1651 3069 eundem
1673 3040 1860 3071 Ariverium
1886 3041 2026 3079 recipere
2053 3041 2164 3072 nolen-
