2342 3652
640 309 860 349 PREMIERE
881 307 1038 348 ANNEE.
1062 333 1101 338 -
1123 316 1308 346 LETTRES
1332 314 1556 346 CURIALES.

101 395 180 425 Item
196 390 333 431 prefatus
349 387 502 417 Alfonsus
515 390 739 423 assecuretper
746 384 935 424 Jamdictum
949 391 1055 420 regem

62 446 239 485 Anglorum
256 442 340 482 quod
355 440 510 479 compleat
520 439 657 478 sepefato
672 438 784 468 Carolo
797 437 1011 476 primogenito
1028 440 1059 465 et
1097 462 1099 471 ι

63 501 131 540 ejus
145 496 315 528 heredibus
331 494 441 524 omnia
456 501 518 531 que
535 492 596 521 sibi
611 491 779 530 promittit,
798 490 935 529 predicto
951 494 1056 518 tamen

62 547 170 584 Carolo
183 547 394 589 primogenito
405 545 582 584 complente
595 545 689 575 etiam
703 544 786 573 dicto
798 542 930 572 Allonso
947 546 976 571 et
991 541 1058 571 suis

61 603 229 636 heredibus
245 609 308 639 que
323 600 384 629 sibi
399 600 434 628 in
450 607 507 628 sua
521 597 710 627 liberatione
726 595 890 634 promittit.

100 658 180 688 Item
205 653 362 693 sepefatus
389 651 521 682 Carolus
547 648 781 689 primogenitus
807 647 962 685 promittit
986 655 1058 676 cum

60 712 240 752 juramento
271 705 474 744 corporaliter
500 702 668 742 prestando
696 700 844 739 predictis
872 699 1005 729 All'ouso
1031 704 1060 729 et

62 765 130 804 ejus
147 760 320 791 heredibus
337 763 410 788 ante
427 758 477 787 sui
491 756 713 786 liberationem
733 758 764 783 et
783 754 879 783 etiam
896 757 1057 791 postquam

61 815 157 848 fuerit
177 822 248 844 cum
268 821 341 850 rege
359 810 539 849 Auglorum
554 808 693 847 predicto
708 807 792 836 infra
811 806 951 835 triduum
975 805 1059 844 quod
1098 813 1102 853 1

62 868 154 900 faciet
167 874 275 906 pacem
291 864 394 894 eidem
410 863 542 892 Alfonso
554 863 584 890 et
598 860 715 890 Jacobo
730 859 820 888 fratri
833 860 901 897 eJ'us
917 867 953 888 ac
964 858 1059 888 here-

34 941 46 943 7-
63 921 154 959 dibus
171 917 356 949 eorumdem
373 924 429 955 pro
451 924 483 944 se
507 919 537 944 et
559 921 692 943 romana
708 911 858 948 ecclesia,
882 919 1008 954 necnon
1031 915 1061 940 et

63 972 193 1005 Francie
209 975 239 1001 et
253 969 366 1000 Carolo
381 971 567 1006 Aragouum
584 966 712 1004 regibus
727 965 921 1001 memoratis,
941 965 979 994 de
998 974 1060 1003 qua

64 1026 138 1058 dicti
152 1024 305 1055 Alfonsus
317 1027 346 1052 et
361 1021 495 1051 heredes
508 1020 607 1059 ipsius
619 1020 683 1049 sint
693 1019 795 1058 pacati
807 1030 813 1055 ;
829 1018 877 1048 vel
889 1018 1006 1048 redibit
1020 1019 1060 1048 ad

64 1086 217 1111 carcerem
246 1075 380 1115 predicti
408 1074 535 1104 Alfonsi
563 1073 614 1103 vel
636 1072 791 1102 heredum
816 1081 946 1102 suorum
976 1072 1060 1102 infra

63 1131 236 1164 triennium
249 1134 318 1170 post
332 1128 554 1159 liberationem
566 1136 656 1156 suam
667 1138 674 1163 3
688 1130 718 1156 et
731 1126 814 1165 quod
827 1126 912 1155 infra
923 1127 1059 1164 spatium

64 1185 202 1226 ejusdem
218 1183 349 1213 triennii
371 1181 476 1212 nichil
498 1181 568 1219 paci
592 1180 786 1210 contrarium
808 1180 988 1218 procurabit
1004 1188 1059 1209 ne-

63 1248 123 1279 que
146 1247 200 1278 per
219 1246 251 1267 se
275 1244 379 1274 neque
399 1244 455 1274 per
471 1234 585 1270 alium,
602 1238 657 1263 aut
674 1233 834 1262 tractando
852 1233 890 1262 de
906 1232 1059 1271 predicto-

62 1301 132 1323 rum
148 1289 271 1320 Alronsi
292 1293 322 1318 et
342 1287 454 1330 Jacobi
481 1286 530 1316 vel
553 1286 709 1316 heredum
726 1286 868 1324 ipsorum
893 1285 1060 1315 incomodo

64 1348 214 1386 quantum
229 1343 268 1372 ad
284 1350 434 1381 personas
457 1345 487 1370 et
507 1341 591 1370 bona
617 1344 647 1369 et
670 1344 766 1369 terras
790 1344 820 1368 et
842 1339 905 1368 alia
923 1348 984 1377 que
1000 1340 1060 1377 ipsi

65 1399 213 1430 tenebunt
227 1401 257 1427 et
271 1395 480 1435 possidebunt
498 1399 638 1432 tempore
655 1393 853 1423 liberationis
869 1393 976 1423 Caroli
992 1393 1059 1432 pri-

63 1451 213 1491 mogeniti
224 1449 405 1489 supradicti,
415 1453 470 1479 aut
478 1448 640 1478 molestias
651 1456 707 1486 per
718 1456 750 1476 se
760 1447 808 1477 vel
821 1456 875 1485 per
884 1446 965 1476 alios
976 1446 1059 1476 infe-

65 1505 178 1542 rendo,
193 1508 249 1534 aut
272 1503 522 1541 conspirationes
543 1500 667 1539 aliquas
686 1504 795 1530 contra
811 1509 862 1530 eos
878 1500 928 1530 vel
950 1508 1061 1529 eorum

65 1558 199 1598 aliquem
212 1556 356 1587 faciendo
369 1559 424 1585 aut
436 1555 507 1585 fieri
519 1553 745 1593 permittendo,
759 1553 814 1583 ubi
824 1553 890 1591 ipse
903 1562 957 1591 per
968 1562 1000 1582 se
1012 1552 1061 1582 vel

64 1621 119 1652 per
131 1610 228 1641 alium
242 1609 507 1640 machinamenta
525 1606 710 1646 hujusmodi
728 1606 842 1646 poterit
858 1606 1024 1644 impedire.

102 1665 181 1695 Item
198 1663 298 1693 dictus
316 1662 448 1693 Carolus
471 1661 705 1700 primogenitus
720 1660 876 1699 promittit
898 1664 928 1690 et
940 1660 1062 1699 jurabit

66 1721 136 1749 ante
158 1717 207 1747 sui
235 1715 457 1746 liberationem
487 1714 572 1754 quod
608 1713 781 1752 complebit
809 1718 839 1743 et
871 1713 941 1743 fieri
971 1713 1064 1743 faciet

67 1771 207 1802 terminis
229 1771 262 1800 in
280 1770 341 1800 hoc
367 1769 483 1807 scripto
510 1767 669 1798 contentis
693 1767 801 1797 omnia
828 1776 889 1806 que
916 1766 1063 1805 superius

68 1829 139 1856 eunt
152 1832 306 1863 expressa,
323 1828 354 1853 et
370 1823 456 1862 quod
469 1823 652 1862 juramenta
669 1826 699 1852 et
712 1821 821 1851 omnia
835 1825 924 1860 pacta
939 1821 974 1849 in
990 1830 1061 1859 pre-

67 1878 161 1909 sentis
187 1877 292 1916 scripti
314 1876 522 1907 annotatione
542 1880 690 1906 contenta
714 1875 877 1905 renovabit
899 1874 983 1904 iufra
1011 1874 1064 1903 tri-

67 1930 163 1962 duum
183 1934 350 1970 postquam
379 1930 476 1960 fuerit
507 1938 579 1959 cum
609 1937 683 1966 rege
712 1928 890 1966 Anglorum
922 1927 1040 1957 illustri
1054 1938 1061 1964 3

68 1983 149 2024 quod
161 1984 188 2014 si
205 1992 269 2014 non
285 1983 412 2020 faceret,
429 1983 470 2012 sit
492 1982 624 2012 infamis
640 1986 670 2011 et
685 1982 832 2020 perjurus
847 1985 878 2011 et
895 1989 1063 2019 nunquam

67 2035 185 2068 honore
201 2036 288 2075 regio
302 2036 440 2075 potiatur
455 2035 505 2065 vel
522 2036 610 2073 regio
626 2035 758 2064 nomine
776 2034 971 2065 nominetur.

106 2090 174 2120 Dat.
192 2090 290 2121 Rome
301 2090 384 2129 apud
399 2089 553 2120 Sanctum
566 2089 710 2125 Petrum,
727 2088 834 2118 idibus
845 2088 964 2124 martii,
979 2096 1065 2118 anno

69 2143 176 2182 primo.
196 2155 210 2170 ι,

107 2196 145 2226 In
163 2205 191 2226 e.
213 2205 257 2226 m.
279 2196 436 2233 Johanni,
458 2195 541 2225 tituli
571 2195 705 2228 Sanctae
725 2195 862 2225 Ceciliae
881 2195 1065 2234 presbytero

71 2249 234 2287 cardinali,
252 2250 439 2289 apostolicae
458 2249 541 2279 sedis
556 2249 672 2287 legato.
689 2249 761 2279 Dat.
778 2254 812 2279 ut
828 2258 933 2288 supra.

105 2443 159 2472 Pro
174 2445 337 2472 liberatione
353 2444 446 2472 Caroli
460 2446 537 2480 regis
553 2445 676 2472 Siciliae.
697 2445 777 2477 (Rsso.
796 2446 839 2477 54,
853 2454 878 2472 c.
897 2445 922 2478 3,
934 2445 952 2472 f.
969 2445 1002 2472 86
1015 2446 1067 2477 vo.)

555 2382 757 2413 Saint-Pierre‚
778 2383 807 2409 15
824 2390 900 2408 mars
917 2382 996 2409 1288.

114 2533 329 2564 Venerabilibus
343 2535 492 2571 fratribus
507 2535 552 2570 B.,
565 2535 744 2570 Ravennati,
763 2539 788 2563 et
804 2535 850 2570 P.‚
868 2534 1069 2571 Montisreya-

65 2586 109 2616 -lis
123 2586 366 2625 archiepiscopis,
386 2588 544 2624 apostolice
565 2588 640 2617 sedis
662 2588 792 2624 nuntiis,
811 2595 888 2626 quos
906 2586 1070 2616 Honorius

72 2638 111 2669 ad
130 2648 236 2678 regem
261 2639 441 2678 Anglorum
466 2640 596 2670 miserat
613 2640 654 2670 ad
675 2640 898 2670 liberationem
931 2643 1069 2669 tractan-

73 2691 144 2722 dam
164 2692 269 2724 Caroli
283 2717 290 2729 ,
306 2693 368 2722 filii
385 2692 489 2723 clarae
509 2694 683 2724 memoriae
705 2693 811 2724 Caroli
827 2694 912 2731 regis
928 2692 1068 2729 Siciliae,

73 2745 200 2776 mandat
217 2751 373 2785 quatenus
391 2750 556 2776 tractatum
572 2747 786 2785 supradictum
803 2751 964 2785 respuant.

114 2810 129 2826 ι
145 2799 251 2830 Nostis
268 2800 402 2838 qualiter
416 2799 607 2829 hactenus...
624 2817 662 2823 —
678 2801 750 2830 Dat.
768 2805 802 2830 ut
817 2809 922 2840 supra.
945 2813 956 2825 υ

142 2932 228 2961 563
559 2931 760 2964 Saint-Pierre,
778 2933 810 2960 15
827 2941 902 2960 mars
922 2933 996 2960 1288.

109 2992 257 3029 utsupra.
275 2995 354 3027 (Rite.
373 2994 417 3028 44,
433 3002 457 3021 c.
476 2995 501 3025 4,
518 2994 537 3020 f.
555 2994 587 3021 87
603 3001 644 3027 1·⁰;
662 2994 727 3022 lav.
750 3004 785 3023 00
804 2995 901 3027 Tuam,
918 2995 941 3028 Ι,
961 2996 1032 3028 177.)

214 3055 285 3083 Rae.
305 3054 428 3083 Niconis
447 3055 498 3083 lv.

1097 531 1101 610 l

2089 310 2141 341 113

1182 383 1342 411 Carissime
1364 383 1394 410 iii
1421 381 1537 410 Christo
1562 381 1624 417 filie
1648 380 1755 413 Mai-ie,
1782 378 1913 406 consorti
1934 379 2084 406 carissimi
2111 378 2139 405 ἱη

1142 435 1259 463 Christo
1291 435 1352 471 filii
1383 435 1477 463 nostri
1508 433 1628 467 Caroli,
1658 431 1856 469 primoqenili
1887 431 1966 459 clare
2001 431 2143 458 memorie

1142 488 1171 516 C.
1201 489 1280 524 regis
1310 488 1430 524 Sicilie,
1457 487 1584 516 nuntiat
1606 494 1642 514 ea
1669 493 1750 522 quae
1779 492 1873 522 supra
1902 484 1934 512 in
1960 482 2097 520 capitulo
2121 492 2141 511 11

1140 540 1187 579 (0Ο
1204 540 1274 579 560)
1292 541 1507 569 continentur.

1211 725 1299 752 564

1177 786 1216 813 Ut
1231 795 1328 820 supra.
1347 786 1429 815 (Rea.
1449 787 1491 816 44,
1509 795 1533 812 c.
1552 788 1577 817 5,
1599 787 1618 812 f.
1636 786 1729 818 871·0;
1748 786 1862 815 ΡΟΤΤΗ,,
1880 785 1989 815 ἳῗὸἱῖ.)

1633 723 1835 753 Salat-pierre,
1858 723 1886 748 15
1903 730 1978 747 mars
1998 721 2072 747 1288.

1183 887 1345 916 Carissimo
1363 890 1391 916 in
1410 888 1528 917 Chi-islo
1543 889 1607 925 filio
1623 910 1641 916 ..
1657 889 1719 926 reyi
1734 888 1900 924 Anqlorimz
1921 887 2046 921 illustri,
2066 895 2146 915 nun-

1146 942 1200 970 tiat
1218 950 1251 970 se
1268 941 1449 980 supradicto
1465 940 1611 970 tractatui
1630 949 1795 969 assensum
1811 948 1875 969 non
1891 939 2119 977 praebiturum.

1183 1004 1198 1023 ι(
1216 994 1346 1024 Dudum
1367 994 1405 1024 ad
1422 994 1689 1033 procurandam...
1707 1011 1744 1015 —
1762 993 1834 1022 Dat.
1851 997 2004 1030 utsupra.
2023 1004 2035 1017 u>

1213 1180 1301 1208 585

1179 1243 1313 1274 Alfonso,
1331 1243 1388 1269 filio
1399 1242 1541 1277 quondam
1557 1242 1635 1268 Petri
1646 1243 1723 1276 regis
1734 1242 1914 1275 Aragonum,
1928 1240 2039 1266 mandat
2049 1245 2149 1274 quate-

1640 1178 1840 1209 Saint-Pierre,
1863 1179 1892 1204 15
1909 1186 1985 1204 mars
2003 1177 2077 1204 1288.

1144 1301 1199 1320 nus
1215 1292 1359 1325 Cal-olum,
1378 1292 1470 1319 Caroli
1487 1292 1600 1318 Siciliae
1617 1291 1759 1325 quondam
1778 1291 1855 1325 regis
1871 1289 2103 1325 primogenitum,
2120 1290 2147 1315 10

1144 1342 1268 1369 vinculis
1285 1341 1442 1372 detentum,
1459 1341 1593 1367 restituat
1607 1340 1740 1373 libertati,
1753 1340 1919 1373 nullumque
1934 1338 1968 1364 de
1984 1342 2077 1364 cetero
2092 1337 2150 1363 fra-

1144 1392 1180 1418 tri
1196 1399 1250 1418 suo
1265 1390 1374 1417 Jacobo
1389 1390 1527 1417 auxilium
1544 1390 1624 1416 ferat.
1642 1389 1724 1422 (Rue.
1742 1389 1784 1420 44,
1802 1396 1827 1414 c.
1845 1388 1871 1421 6,
1886 1388 1904 1414 f.
1923 1387 1954 1414 87
1971 1393 2014 1419 103
2032 1386 2146 1417 Porm„

1144 1441 1253 1471 22615.)

1184 1543 1284 1572 Nobili
1301 1543 1360 1572 viri
1373 1542 1506 1578 Alfonso,
1521 1546 1591 1570 noio
1603 1541 1753 1578 quondam
1771 1540 1850 1568 Petri·
1862 1538 1932 1568 olim
1948 1538 2149 1575 109154ὶά90-

1147 1606 1233 1632 num,
1253 1595 1394 1633 spiritum
1418 1595 1540 1625 consilii
1562 1595 1705 1623 sanioris.
1730 1605 1742 1619 <x
1768 1593 1801 1622 Si
1823 1601 1935 1630 graves
1956 1596 1985 1620 et
2004 1599 2151 1620 enormes

1146 1658 1307 1685 excessus,
1336 1652 1456 1678 atroces
1480 1647 1616 1686 injurias
1638 1651 1668 1676 et
1687 1646 1823 1676 offensas
1846 1643 2050 1682 multiplices,
2074 1651 2151 1681 quos

1146 1701 1308 1741 quondam
1324 1702 1451 1738 Petrus,
1466 1700 1544 1731 olim
1561 1709 1615 1730 rex
1631 1700 1831 1737 Aragonum,
1843 1702 1929 1736 pater
1946 1701 2030 1732 tuus,
2043 1696 2151 1725 diviua

1146 1760 1176 1786 et
1191 1755 1381 1795 apostolicae
1396 1754 1481 1785 sedis
1499 1753 1678 1783 reverentia
1693 1761 1822 1791 prorsus
1839 1751 1969 1789 abJecta,
1990 1750 2023 1778 in
2042 1748 2151 1778 salutis

1146 1809 1291 1848 propriae
1307 1808 1438 1838 molitus
1454 1806 1672 1846 dispendium,
1686 1805 1801 1844 suique
1816 1804 1969 1839 nominis,
1984 1802 2068 1841 quod
2084 1810 2154 1831 cau-

1147 1863 1211 1892 tius
1228 1861 1387 1892 custodire
1397 1861 1560 1896 debuerat,
1572 1858 1812 1896 derogationem
1825 1865 1888 1887 non
1904 1855 2073 1891 modicam,
2086 1855 2152 1884 ani-

1147 1920 1252 1945 matus
1262 1919 1372 1945 contra
1382 1922 1548 1944 romanam
1559 1912 1736 1948 ecclesiam,
1745 1915 1880 1940 matrem
1888 1913 2073 1939 cunctorum
2080 1907 2154 1937 fide-

1146 1969 1228 1999 lium
1249 1973 1279 1998 et
1302 1968 1508 2006 magistram,
1532 1966 1653 1996 illicitis
1673 1965 1805 1995 ausibus
1830 1967 2008 2002 perpetrare
2028 1962 2155 2000 sibique

1148 2024 1290 2061 irrogare
1305 2025 1553 2061 presumpserat,
1566 2018 1707 2049 insulam
1718 2017 1900 2056 occupando
1912 2015 2021 2046 Sicilie
2037 2024 2073 2045 ac
2084 2024 2153 2053 par-

1149 2080 1212 2106 tem
1233 2075 1326 2113 regni
1349 2073 1458 2105 Sicilie
1473 2073 1623 2109 alteram,
1640 2071 1679 2101 ad
1692 2072 1745 2110 jus
1766 2074 1795 2100 et
1813 2069 1995 2100 dominium
2011 2067 2155 2106 ejusdem

1148 2128 1280 2160 ecclesie
1290 2129 1500 2167 pertinentes,
1513 2135 1591 2166 quas
1602 2125 1685 2156 clare
1694 2123 1849 2154 memorie
1865 2121 1997 2152 Carolus
2012 2129 2066 2150 rex
2078 2119 2155 2149 Sici-

1148 2185 1190 2215 lie
1206 2184 1245 2214 ab
1269 2183 1380 2213 eadem
1398 2181 1530 2212 ecclesia
1550 2180 1678 2210 tenebat
1700 2179 1734 2207 in
1752 2177 1901 2212 seudum,
1917 2174 2031 2204 validis
2049 2175 2154 2213 impu-

1149 2237 1278 2276 gnando
1291 2236 1469 2271 conatibus,
1485 2238 1516 2264 et
1532 2234 1566 2263 iu
1583 2232 1720 2262 diversis
1733 2231 1808 2261 aliis
1825 2229 1969 2269 ejusdem
1985 2228 2077 2266 regni
2090 2236 2157 2265 par-

1151 2292 1236 2322 tibus
1245 2294 1362 2320 statum
1374 2289 1504 2319 ecclesie
1516 2290 1691 2317 memorate
1702 2284 1869 2324 pacificum
1881 2281 2156 2321 quamplurimum

1150 2343 1379 2384 perturbando,
1397 2351 1541 2381 quosque
1558 2345 1589 2370 tu
1607 2344 1637 2370 et
1655 2339 1792 2369 Jacobus
1809 2338 1905 2367 frater
1920 2345 1956 2366 30
1971 2335 2156 2365 Constantia

1151 2403 1251 2428 mater
1274 2398 1339 2434 tui⁷
1360 2397 1427 2435 jam
1452 2395 1536 2425 dicto
1558 2395 1654 2424 Petro
1679 2392 1802 2422 sublato
1818 2391 1856 2420 de
1872 2390 1994 2425 medio,
2018 2389 2085 2427 ejus
2106 2388 2155 2416 in-

1151 2451 1295 2483 consulte
1319 2449 1467 2480 sectando
1491 2447 1623 2485 vestigia
1636 2469 1644 2483 ,
1661 2444 1877 2480 commisistis,
1894 2441 2043 2481 predictis
2061 2440 2156 2469 fratre

1151 2511 1182 2536 et
1203 2510 1303 2535 matre
1321 2503 1463 2533 insulam
1486 2500 1704 2532 detinentibus
1726 2503 1910 2538 partemque
1936 2495 2068 2525 alteram
2094 2494 2156 2522 im-

1151 2558 1370 2598 pugnantibus
1388 2555 1602 2595 supradictas,
1621 2558 1714 2592 teque
1728 2551 1793 2581 illis
1810 2551 1844 2579 in
1861 2550 1924 2579 hiis
1941 2546 2157 2586 impendendo

1151 2611 1340 2647 consilium,
1363 2609 1524 2639 auxilium
1548 2611 1578 2637 et
1602 2607 1760 2641 favorem,
1782 2602 1918 2633 velimus
1939 2608 2088 2630 enarrare
2103 2607 2158 2637 per

1153 2665 1280 2703 singula
1303 2668 1333 2693 et
1354 2662 1484 2692 seriosis
1505 2660 1629 2699 aperire
1655 2657 1875 2691 sermonibus,
1897 2654 2032 2691 longum
2057 2657 2156 2687 esset,

1152 2721 1331 2757 ingensque
1354 2714 1563 2746 audientibus
1583 2712 1702 2742 tedium
1723 2712 1908 2748 generaret,
1927 2707 1981 2737 sed
2005 2711 2038 2736 tu
2061 2714 2096 2735 ex
2123 2713 2158 2735 eo

1152 2772 1315 2813 potissime
1334 2769 1518 2809 jamdictam
1542 2765 1707 2806 perturbas
1728 2762 1914 2797 ecclesiam,
1935 2761 2035 2799 ipsius
2064 2767 2156 2788 men-

1153 2832 1216 2857 tem
1232 2825 1438 2855 vehementer
1454 2821 1619 2854 amaricans,
1636 2825 1770 2855 eamque
1785 2816 1819 2845 in
1836 2814 1962 2844 intimis
1980 2813 2060 2842 dure
2076 2820 2158 2851 pun-

1153 2881 1219 2919 gis,
1236 2877 1321 2917 quod
1335 2875 1537 2906 carissimum
1560 2872 1595 2902 in
1619 2871 1744 2901 Christo
1767 2868 1871 2898 filium
1896 2871 2041 2897 nostrum
2059 2864 2158 2894 Caro-

1153 2934 1235 2969 lum,
1253 2931 1337 2962 clare
1352 2928 1506 2959 memorie
1523 2925 1629 2956 Caroli
1650 2923 1736 2962 regis
1756 2922 1866 2953 Sicilie
1886 2919 2156 2960 primogenitum,

1154 2993 1309 3024 magnum
1327 2983 1436 3021 utique
1453 2980 1553 3019 ipsius
1569 2977 1742 3008 vassallum
1759 2975 1891 3006 ecclesie
1908 2981 2066 3011 suumque
2083 2971 2158 3000 fide-

1986 3040 2018 3065 15
