2477 3637
219 348 277 378 228

220 415 362 447 redditus
375 418 405 444 et
419 417 590 452 proventus
605 409 699 449 primi
712 409 791 439 anui
805 409 950 439 omnium
967 408 1221 448 praebendarum

219 474 249 499 et
267 467 494 499 beneficiorum
512 464 818 498 ecclesiasticorum,
849 462 888 492 ad
913 462 1114 492 collationem
1140 462 1223 500 epis-

217 523 285 562 copi
300 519 568 552 Cathalanuensis
592 516 822 556 spectantium,
849 524 930 555 quae
947 525 1048 555 usque
1071 515 1110 545 ad
1127 516 1222 554 quin-

217 575 396 616 quennium
417 574 449 603 in
476 570 727 602 Catlialaunensi
752 570 879 599 civitate
901 574 931 599 et
951 569 1087 599 dioecesi
1112 577 1224 599 vacare

216 628 398 666 contigerit,
417 625 574 661 concedit,
593 623 825 654 convertendos
842 623 876 652 in
893 623 1047 652 fabricam
1063 622 1154 652 chori
1172 631 1223 652 ec-

217 682 330 713 clesiae
345 678 624 717 Cathalaunensis‚
637 685 733 716 quem
748 676 787 706 de
803 685 884 707 novo
897 675 1066 706 aedificare
1080 676 1224 714 incoepe-

217 740 302 766 runt.

258 801 271 816 ‹
302 786 485 817 Devotionis
510 789 613 816 vestre
638 785 790 814 merita...
815 801 854 806 —
875 784 946 814 Dat.
976 783 1092 822 Reate,
1114 792 1133 812 v
1153 781 1224 812 idus

213 842 303 881 julii,
320 849 405 871 anno
423 839 573 870 secundo.
596 850 609 864 »

256 897 293 925 In
316 905 343 925 e.
371 903 413 924 m.
437 917 456 923 ..
480 893 601 923 decano
626 891 793 923 Trecensis
817 895 847 921 et
871 913 891 921 ..
914 890 1139 921 archidiacono
1161 890 1224 920 Re-

218 950 338 980 mensis
358 947 566 978 ecclesiarum
586 947 718 977 mandat
732 949 892 984 quatenus
918 945 1058 980 fructus,
1080 943 1224 973 redditus

216 1008 247 1034 et
265 1006 436 1043 proventus
454 1001 630 1041 praedictos
645 999 751 1030 eidem
769 997 909 1038 capitulo
924 998 1050 1036 integre
1066 997 1224 1036 assignari

216 1057 346 1088 saciant.

261 1122 274 1138 ε
291 1108 477 1140 Devotionis
493 1108 606 1138 merita
624 1106 853 1137 dilectorum...
875 1121 915 1127 —
935 1105 1006 1136 Dat.
1028 1108 1063 1134 ut
1082 1113 1187 1144 supra.
1209 1116 1222 1131 r>

289 1268 405 1297 1088

251 1332 293 1359 De
309 1330 492 1358 contentione
508 1329 581 1355 inter
594 1327 785 1354 Boi-trandum
799 1326 928 1357 Jordani‚
941 1326 1065 1360 priorem
1081 1326 1225 1360 prioratus

213 1381 248 1408 de
268 1380 422 1412 Amiliano,
440 1378 640 1405 Rntlienensis
662 1377 823 1410 dioecesis,
845 1379 873 1401 et
898 1375 1106 1401 monasterium
1127 1374 1226 1401 Sancti

216 1430 342 1456 Victoris
358 1428 551 1455 Massiliense.
565 1426 648 1459 (nm.
663 1426 706 1460 lili,
723 1424 915 1456 c.308,f.173
932 1431 977 1457 v⁰;
996 1423 1062 1450 LA».
1080 1432 1114 1450 nu
1125 1423 1223 1456 Tame,

215 1478 260 1507 ΙΙ,
287 1478 356 1510 Πὸ.)

807 1263 894 1295 Rieu,
912 1263 944 1290 27
959 1263 1054 1297 juillet
1076 1262 1152 1290 1289.

262 1581 428 1610 Venerabili
440 1580 536 1616 fratri
552 1601 571 1608 ..
585 1579 717 1616 episcopo
735 1577 922 1615 Tripolitano
936 1584 970 1605 ac
983 1575 1098 1605 dilectis
1112 1575 1189 1612 siliis
1205 1597 1223 1604 ..

215 1636 316 1665 abbati
336 1633 513 1663 monasterii
532 1633 566 1662 de
582 1632 676 1661 Monte
695 1631 779 1660 0ἶίυο
798 1636 823 1660 et
843 1653 862 1661 ..
881 1630 983 1668 priori
997 1629 1104 1659 Sancti
1119 1629 1227 1658 Felicis

215 1689 250 1718 de
268 1688 380 1724 Orrez's‚
399 1686 646 1717 Carcassonensis
661 1685 796 1714 diocesis.
819 1696 831 1710 ι
847 1683 994 1713 Insolens
1011 1687 1041 1712 et
1056 1682 1225 1713 effrenis...

217 1741 300 1772 Sane
318 1740 454 1770 dilectus
472 1739 559 1768 filius
580 1738 777 1768 Bertrandus
790 1736 945 1773 „toi—dani,
964 1737 1050 1775 prior
1069 1736 1227 1774 prioratus

217 1794 256 1824 de
272 1793 450 1830 Amiliano,
463 1792 586 1822 ordinis
602 1792 634 1821 S.
651 1790 831 1827 Benedicti,
847 1790 1069 1820 Ruthenensis
1079 1789 1225 1826 diocesis,

216 1848 255 1879 ad
272 1847 503 1878 monasterium
519 1846 627 1875 Sancti
642 1845 778 1875 Victoris
792 1844 1008 1881 Massiliense,
1020 1843 1165 1883 ejusdem
1175 1852 1228 1874 or-

215 1901 314 1937 dinis,
340 1899 511 1939 spectantis
524 1923 531 1936 ,
553 1899 586 1928 in
604 1902 712 1929 nostra
727 1898 888 1937 presentia
905 1897 1115 1934 constitutus,
1137 1897 1229 1927 nohis

216 1955 356 1993 graviter
376 1957 422 1984 est
446 1957 640 1991 conquestus
662 1951 746 1991 quod
770 1951 848 1982 olim
872 1950 974 1981 felicis
999 1950 1230 1981 recordationis

220 2007 379 2037 Honorius
394 2015 484 2046 papa,
501 2006 704 2045 predecessor
715 2009 834 2041 noster,
852 2005 1031 2043 prioratum
1045 2004 1165 2042 ipsum,
1176 2013 1228 2034 va-

217 2065 342 2091 cantem
366 2070 422 2100 per
444 2059 580 2089 liberam
608 2059 857 2097 resignationem
883 2058 922 2088 de
946 2057 1014 2096 ipso
1040 2066 1094 2096 per
1116 2057 1229 2096 prede-

217 2122 375 2144 cessorem
399 2113 585 2151 recipientis
607 2111 748 2142 eundem
776 2111 862 2150 apud
889 2110 1093 2150 apostolicam
1121 2110 1230 2140 sedem

217 2168 370 2198 factam...
397 2166 502 2197 eidem
531 2166 707 2196 Bertrando
718 2190 725 2202 ,
754 2170 829 2196 tunc
859 2164 1017 2195 monacho
1044 2164 1230 2194 monasterii

217 2220 408 2257 Cannensis,
424 2219 536 2258 prefati
545 2218 678 2254 ordinis,
693 2228 729 2249 eo
741 2218 891 2257 primitus
904 2227 959 2256 per
972 2217 1230 2256 predecessorem

217 2274 375 2313 prefatum
387 2272 427 2302 ad
440 2272 526 2303 idem
543 2272 774 2302 monasterium
787 2271 896 2302 Sancti
911 2271 1047 2301 Victoris
1065 2270 1228 2306 translato,

218 2335 291 2357 cum
321 2326 472 2357 omnibus
500 2326 627 2365 juribus
657 2328 687 2355 et
716 2324 920 2364 pertinentiis
949 2324 1017 2354 suis
1044 2324 1231 2354 auctoritate

217 2380 389 2420 apostolica
415 2380 567 2417 contulit,
590 2379 714 2418 sibique
743 2378 882 2418 providit
905 2378 944 2409 de
968 2377 1044 2416 illo,
1064 2387 1100 2408 ac
1124 2378 1231 2417 ipsum

217 2433 379 2464 investivit
405 2442 460 2471 per
489 2442 585 2463 suum
610 2432 746 2463 anulum
775 2431 1013 2471 presentialiter
1037 2431 1075 2461 de
1100 2432 1228 2468 eodem,

218 2487 411 2523 decernens,
430 2491 523 2525 prout
545 2490 628 2524 erat,
647 2486 775 2516 irritum
799 2489 828 2516 et
852 2486 949 2516 inane
961 2509 968 2521 ‚
986 2486 1013 2516 si
1029 2494 1121 2516 secus
1137 2494 1231 2524 super

220 2540 277 2570 hoc
291 2549 309 2569 a
321 2547 483 2578 quoquam
497 2539 610 2578 quavis
622 2539 809 2569 auctoritate
822 2538 1022 2576 contingeret
1035 2538 1229 2578 attemptari,

218 2594 311 2623 certis
323 2593 384 2623 sibi
400 2602 496 2632 super
511 2592 570 2623 hoc
588 2593 647 2622 sub
663 2596 748 2623 certa
758 2592 859 2622 forma
869 2592 1091 2622 executoribus
1102 2591 1232 2631 deputa-

217 2646 267 2676 tis.
282 2645 342 2675 Sed
362 2645 530 2675 Johannes
545 2645 584 2675 de
601 2645 713 2682 Turre,
731 2644 817 2684 prior
833 2644 1024 2681 claustralis,
1042 2647 1072 2674 et
1087 2651 1232 2674 conven-

221 2702 268 2728 tus
279 2698 356 2728 dicti
368 2698 555 2728 monasterii
567 2697 674 2728 Sancti
693 2697 842 2735 Victoris,
855 2697 970 2736 spiritu
981 2697 1167 2728 rebellionis
1181 2706 1232 2727 as-

220 2755 361 2789 sumpto,
384 2775 402 2780 ..
423 2751 536 2781 abbate
563 2751 707 2790 ejusdem
733 2751 919 2781 monasterii
946 2755 1021 2780 tunc
1043 2751 1079 2780 in
1102 2751 1234 2781 remotis

219 2809 350 2841 agente,
368 2804 508 2834 eundem
530 2805 708 2843 prioratum
726 2804 821 2835 Petro
843 2804 882 2835 de
898 2803 1101 2842 Chanillaco,
1120 2813 1232 2835 mona-

220 2856 280 2886 cho
295 2857 407 2895 prelati
424 2858 622 2895 monasterii,
633 2858 671 2889 de
684 2858 776 2896 facto,
788 2866 863 2888 cum
872 2857 910 2888 de
923 2858 997 2897 jure
1014 2857 1233 2896 nequiverint,

223 2909 398 2940 temeritate
413 2911 539 2950 propria
555 2911 771 2949 contulerunt,
782 2911 839 2951 qui
852 2910 1042 2950 hujusmodi
1053 2910 1235 2941 collationis

223 2966 363 2999 pretextu
388 2963 562 3000 prioratum
582 2964 688 3003 ipsum
711 2964 903 3004 aliquandiu
922 2963 1078 2994 violenter
1096 2963 1237 2994 detinuit

221 3019 422 3053 occupatum.
440 3015 572 3053 Verum,
588 3016 662 3048 licet
678 3021 740 3047 tam
760 3017 874 3053 abbas,
894 3017 982 3056 prior
1003 3016 1183 3048 claustralis
1207 3022 1237 3048 et

968 341 1204 372 REGISTRES
1227 341 1281 371 DE
1304 340 1488 371 NICOLAS
1511 340 1568 370 IV.

1306 413 1483 438 conventus
1500 408 1610 447 prefati
1627 416 1724 447 quam
1740 407 1826 437 idem
1841 408 1954 438 Petrus
1969 407 2123 447 prelibato
2139 408 2312 441 Bertrando

1306 461 1406 491 libere
1433 461 1609 500 prioratum
1633 460 1816 491 dimiserint
1841 465 2066 498 memoratum,
2085 461 2253 500 dictusque
2274 462 2310 494 Β.

1307 515 1400 544 illum
1418 523 1472 553 per
1489 519 1550 544 tres
1567 522 1694 544 menses
1710 518 1741 543 et
1755 513 1894 554 amplius
1911 514 2085 553 possederit
2103 515 2174 546 sine
2188 515 2262 554 lite,
2277 525 2321 548 eo:
2344 515 2349 518 ’

1308 567 1456 597 tamenin
1466 567 1627 606 obsequiis
1637 566 1833 597 venerabilis
1845 567 1951 597 fratris
1965 568 2065 598 nostri
2080 567 2125 604 J.,
2141 567 2319 605 Tusculani,
2342 558 2353 588 ’¹

1307 620 1455 659 episcopi,
1483 621 1647 656 existente,
1669 620 1893 659 llaymundus,
1911 620 1987 651 dicti
2004 621 2190 658 monasterii
2206 620 2338 655 Sancti*-

1308 674 1447 704 Victoris
1465 674 1572 710 abbas,
1589 678 1664 703 tnnc
1675 673 1707 703 in
1728 674 1858 704 remotis
1867 674 2018 709 existens.
2031 674 2200 714 sepedictis
2216 674 2285 714 prio
2301 672 2333 690 '³

1308 733 1338 759 et
1364 727 1535 758 conventui
1561 736 1616 766 per
1641 727 1763 757 litteras
1786 736 1859 758 suas
1875 729 2035 767 injuncxit
2050 733 2085 759 ut
2102 732 2310 762 memoramus

1307 781 1483 820 prioratum
1501 780 1598 811 alicui
1616 780 1760 820 ejusdem
1783 781 1973 812 monasterii
1996 781 2153 812 monacho
2171 781 2262 812 conse
2302 783 2318 820 'g

1307 839 1475 872 curarent3
1494 835 1602 873 sicque
1627 834 1724 864 iidem
1744 834 1830 873 prior
1846 839 1876 864 et
1897 839 2088 873 conventus,
2107 835 2176 866 sedi
2193 839 2267 874 apos
2286 849 2290 862 ι
2307 822 2317 864 ,ι

1307 888 1367 919 lice
1391 897 1426 918 ac
1449 887 1554 918 eidem
1581 887 1727 926 episcopo
1748 887 1930 918 Tusculano
1956 888 2092 918 minime
2116 887 2295 921 deserentes

1307 943 1388 982 quin
1414 941 1517 982 potius
1536 945 1777 980 preconceptam
1802 940 1958 971 malitiam
1983 941 2176 972 deducentes
2202 941 2237 972 in
2268 955 2272 968 ι
2319 972 2322 974 ,

1308 1001 1388 1033 tum,
1405 1005 1469 1026 non
1485 995 1605 1034 absque
1621 994 1767 1034 ejusdem
1784 995 1869 1025 sedis
1883 995 2023 1034 dictique
2039 995 2178 1034 episcopi
2195 993 2274 1036 inju'
2285 995 2303 1003 ”“

1308 1050 1492 1085 manifesta,
1512 1049 1650 1079 eundem
1676 1049 1852 1088 prioratum
1877 1048 2040 1088 Mayrosio
2066 1048 2105 1079 de
2127 1037 2298 1081 Senarecto
2312 1064 2319 1084 ι

1308 1103 1468 1134 monacho
1483 1102 1560 1133 dicti
1576 1102 1763 1132 monasterii
1779 1102 1886 1132 Sancti
1904 1101 2042 1132 Victoris
2053 1126 2060 1139 ,
2075 1102 2237 1140 conferre,
2252 1110 2316 1132 ιιι

1309 1157 1380 1187 sine
1398 1156 1577 1187 temeritato
1594 1156 1712 1191 nimia,
1732 1159 2012 1195 presumpserunt,
2029 1155 2101 1195 qni,
2116 1151 2322 1195 ρτοοιιηιο,ἶξ

1308 1211 1410 1250 ipsius
1424 1209 1595 1240 Bertrandi
1611 1209 1725 1240 exinde
1738 1209 1895 1240 violenter
1908 1209 2018 1248 ejecto,
2027 1209 2062 1239 in
2076 1217 2142 1240 non
2154 1199 2321 1240 ιῐιοᾱίειιιιΙ

1308 1264 1408 1303 ipsius
1425 1263 1463 1294 B:
1480 1263 1595 1302 prioris
1610 1263 1836 1303 prejudicium,
1855 1262 1961 1300 illum,
1979 1266 2122 1302 pretextu
2138 1271 2319 1303 presumpfl

1309 1317 1486 1348 collationis
1506 1317 1704 1355 hujusmodi,
1730 1316 1851 1347 detinet
1870 1320 2076 1356 occupatum,
2094 1320 2219 1356 propter
2236 1311 2320 1355 quet*

1308 1370 1394 1400 idem
1411 1370 1498 1409 prior
1513 1379 1607 1409 super
1621 1370 1684 1400 hiis
1694 1370 1732 1400 ad
1747 1374 1889 1401 nostram
1907 1379 2072 1401 recurrere
2088 1369 2318 1409 providentiam

1309 1429 1356 1454 est
1378 1427 1514 1454 coactus.
1533 1423 1686 1454 Nolentes
1707 1424 1805 1463 igitur
1827 1428 1912 1454 tante
1939 1423 2190 1462 presumptionis
2213 1431 2250 1453 ex
2276 1436 2294 1449 :=

1310 1486 1381 1507 sum
1397 1477 1456 1507 sub
1473 1477 1732 1508 dissimulatione
1750 1478 1896 1513 transire,
1910 1486 1951 1507 ne
1968 1480 2108 1507 transeat
2123 1484 2274 1516 presump
2287 1477 2319 1509 ,ιῗ

1309 1531 1398 1561 ribus
1426 1531 1460 1560 in
1491 1530 1674 1569 exemplum
1686 1554 1693 1567 ,
1722 1530 1906 1561 discretioni
1934 1534 2038 1561 vestre
2065 1539 2122 1570 per
2150 1528 2318 1570 apostoli

1309 1585 1426 1624 scripta
1459 1584 1651 1614 mandamus
1673 1588 1832 1623 quatenus
1855 1584 2017 1620 abbatem,
2054 1583 2193 1623 priorem
2217 1581 2320 1615 clau

1311 1638 1439 1676 tralem,
1457 1642 1650 1668 conventum
1674 1642 1704 1667 et
1729 1637 1927 1677 Mayrosinm
1946 1638 2097 1677 prefatos,
2118 1645 2174 1668 vos
2189 1636 2240 1668 vel
2259 1636 2281 1669 d
2296 1658 2312 1671 2

1309 1696 1365 1722 aut
1388 1701 1472 1722 unus
1493 1695 1646 1727 vestrum,
1661 1699 1717 1729 per
1735 1699 1789 1721 vos
1806 1690 1855 1720 vel
1873 1690 1974 1720 alium
1989 1699 2047 1722 seu
2063 1689 2143 1721 alios
2156 1712 2164 1727 ‚
2180 1698 2218 1721 ex
2235 1698 2274 1730 pa

1310 1749 1419 1776 nostra
1435 1753 1566 1775 monere
1582 1753 1618 1774 ac
1635 1744 1804 1774 efficaciter
1819 1744 1974 1774 inducere
1985 1743 2173 1782 procuretis,
2186 1747 2222 1774 ut
2237 1741 2289 1774 inf
2296 1743 2320 1768 ἰἰ

1310 1798 1496 1838 quindecim
1515 1797 1582 1827 dies
1597 1801 1667 1835 post
1680 1796 1892 1826 monitionem
1908 1799 2046 1826 vestram
2062 1795 2184 1826 dictum
2200 1795 2268 1835 prio
2291 1799 2318 1824 ἐ
2345 1804 2348 1808 ·

1311 1856 1390 1887 tum,
1411 1860 1485 1881 cum
1504 1850 1659 1880 fructibus
1672 1849 1778 1880 medio
1793 1853 1933 1888 tempore
1942 1849 2097 1888 perceptis
2110 1857 2148 1879 ex
2163 1856 2210 1887 eo,
2221 1852 2253 1879 et
2272 1860 2278 1875 ι
2295 1859 2322 1886 *J

1311 1905 1429 1945 percipi
1447 1908 1630 1944 potuerunt,
1645 1903 1749 1933 eidem
1768 1903 1947 1933 Bertrando
1971 1911 2027 1932 seu
2043 1901 2241 1941 procuratori
2262 1906 2320 1932 stt

1311 1960 1379 1998 ejus
1399 1958 1531 1989 nomine
1552 1957 1691 1987 liberum
1715 1960 1745 1987 et
1766 1956 1949 1995 expeditum
1975 1956 2046 1986 sine
2069 1954 2213 1995 qualibet
2243 1953 2324 1988 ui}

1311 2012 1426 2043 cultate
1443 2011 1622 2049 dimittant,
1639 2018 1675 2041 ac
1690 2009 1729 2039 de
1747 2009 1895 2048 dampnis
1911 2014 1942 2039 et
1957 2009 2105 2048 expensis
2121 2017 2183 2048 que
2198 2016 2276 2048 prop
2295 2013 2323 2035 ιιι

1311 2066 1371 2096 hoc
1393 2065 1479 2096 idem
1497 2064 1534 2094 B.
1556 2063 1641 2103 prior
1660 2063 1814 2099 incurrit,
1832 2062 1862 2092 ei
1878 2061 2007 2101 plenam
2023 2070 2059 2092 ac
2075 2061 2218 2092 debitam
2229 2059 2323 2092 sati
2363 2057 2366 2059 ⁴
2390 2077 2393 2084 ·

1311 2120 1482 2150 factionem
1492 2117 1692 2157 impendant,
1699 2116 1894 2155 nullamque
1905 2116 1966 2146 sibi
1983 2124 2078 2155 super
2089 2115 2173 2146 dicto
2184 2115 2312 2155 priora

1313 2175 1444 2213 ejusque
1458 2171 1613 2202 fructibus
1634 2173 1665 2200 et
1681 2170 1811 2209 juribus
1833 2170 1868 2199 in
1886 2169 2033 2200 futurum
2049 2168 2230 2200 molestiam
2243 2167 2270 2199 i:

1312 2231 1396 2264 rant,
1416 2235 1472 2256 seu
1487 2225 1527 2255 ad
1545 2224 1721 2255 tenendum
1737 2224 1771 2253 in
1789 2223 1874 2254 dicto
1892 2223 2038 2263 prioratu
2050 2222 2225 2254 monachos
2243 2213 2322 2255 ult?v

1313 2280 1455 2311 debitum
1478 2282 1666 2309 consuetum
1687 2277 1843 2307 hacteuus
1864 2285 2039 2307 numerum
2063 2276 2169 2315 ipsum
2188 2276 2226 2308 B.
2240 2284 2260 2315 p
2279 2265 2326 2308 'ts
2342 2307 2346 2311 ,

1313 2343 1382 2365 rem
1409 2331 1602 2372 compellant
1631 2331 1782 2361 invitum.
1812 2329 1970 2369 Alioquin
1998 2330 2102 2361 citetis
2133 2328 2267 2360 eosdem·
2288 2332 2326 2363 -j

1313 2387 1414 2418 iidem
1433 2386 1541 2424 abbas,
1560 2386 1646 2425 prior
1661 2384 1842 2416 claustralis
1858 2388 1888 2415 et
1905 2383 2087 2424 Mayrosius
2105 2379 2324 2423 personante.

1314 2443 1490 2473 conventus
1502 2448 1576 2470 vero
1590 2448 1643 2479 per
1656 2442 1893 2478 procuratorem
1907 2437 2084 2478 ydoneum,
2095 2436 2181 2467 infra
2189 2436 2268 2468 duor
2298 2438 2323 2468 ¹51

1314 2495 1476 2526 mensium
1496 2493 1634 2533 spatium
1649 2496 1718 2532 post
1733 2496 1836 2523 vestre
1855 2484 2020 2522 'citationis
2039 2491 2179 2521 edictum
2200 2487 2294 2521 com⁴>
2311 2501 2326 2508 --

1315 2552 1406 2580 reant
1424 2547 1634 2588 peremptorie
1651 2555 1757 2577 coram
1775 2545 1884 2581 nobis,
1902 2544 2020 2575 nostris
2037 2552 2133 2584 super
2149 2543 2210 2574 hoc
2225 2539 2321 2581 hen-'j

1316 2602 1457 2641 placitis,
1480 2600 1667 2636 diffinitioni
1692 2604 1722 2631 et
1746 2599 1942 2630 ordinationi
1966 2607 2021 2638 per
2045 2597 2158 2628 omnia
2181 2596 2263 2638 parit
2284 2605 2333 2615 ff

1316 2657 1411 2687 Diem
1424 2663 1499 2686 vero
1510 2654 1670 2685 citationis
1686 2658 1716 2684 et
1728 2654 1866 2684 formam
1880 2657 1911 2683 et
1925 2651 2081 2692 quicquid
2097 2651 2175 2682 inde
2188 2648 2285 2682 feceri
2292 2645 2321 2696 ἐἶ

1318 2710 1409 2740 nobis
1424 2718 1480 2748 per
1495 2712 1615 2739 vestras
1631 2707 1752 2738 litteras
1766 2707 1882 2737 harum
1898 2706 2015 2737 seriem
2031 2705 2236 2737 continentes
2249 2703 2283 2734 fl·
2311 2727 2324 2737 0

1317 2763 1389 2794 liter
1410 2763 1562 2793 intimare
1585 2761 1712 2792 curetis.
1732 2761 1804 2791 Dat.
1824 2761 1940 2798 Reate,
1957 2769 1990 2790 vi
2009 2758 2162 2790 kalendas
2183 2751 2331 2806 augus-³53⁵

1317 2826 1405 2849 anno
1422 2816 1573 2848 secundo.
1596 2827 1610 2844 ιι

2385 1436 2395 1484 «ὲ

2456 677 2477 1141 Egi'REQRU-ffivu
2473 615 2477 641 „

2456 1261 2475 1286 -Σ,
2456 1206 2477 1249 ’ἓ
