2477 3637
245 389 282 418 42
987 382 1222 414 REGISTRES
1245 384 1299 414 DE
1322 383 1506 415 NICOLAS
1529 384 1585 414 IV.

247 467 260 481 n
285 454 367 491 sius,
392 457 483 492 prout
504 460 652 491 prospero
667 452 736 490 ejus
751 451 845 480 statui
867 450 1031 488 congruit,
1051 449 1247 488 providendo

247 520 260 535 ῃ
286 506 508 546 tranquillitati
530 510 559 535 et
585 505 717 535 utilitati
742 503 883 543 ejusdem
905 503 1045 537 ordinis.
1073 503 1247 533 consulatis

247 574 260 588 n
286 565 378 600 prout
404 560 579 590 secundum
606 559 709 588 Deum
730 557 874 587 videritis
894 557 1097 592 faciendum·,
1121 556 1246 596 proviso

247 627 260 642 ι
284 614 367 654 quod
383 612 567 650 hujusmodi
583 616 686 641 vestro
703 611 836 640 durante
853 618 1000 649 processu
1015 634 1021 646 ,
1043 609 1126 640 dicte
1145 610 1247 649 ipsius

247 680 260 694 ι,
284 667 406 697 ordinis
432 674 563 704 persone
591 667 764 694 memorato
788 663 885 702 priori
907 663 1058 693 obediant
1083 667 1113 692 et
1137 663 1246 692 inten-

247 733 260 747 η
283 720 378 756 dant;
399 719 443 748 ita
461 718 544 757 qnod
562 727 616 757 per
634 718 692 747 hoc
710 721 811 747 vester
827 725 992 755 processus
1008 716 1129 747 nullius
1145 717 1245 756 impe-

246 786 259 800 »
283 772 421 802 dimenti
449 771 571 801 obicem
597 771 744 809 patiatur,
775 771 942 809 dictusque
971 771 1056 809 prior
1079 770 1245 800 alienandi

246 839 259 853 n
283 827 365 856 bona
383 825 525 864 ejusdem
546 825 687 860 ordinis,
714 823 763 854 vel
783 824 1078 854 administrationes
1094 824 1247 854 habentes

245 893 258 907 n
282 889 299 909 a
311 881 377 909 suis
391 878 725 909 administrationibus
739 877 961 913 ammovendi,
987 878 1054 907 sive
1072 878 1106 907 in
1125 877 1244 907 dictum

245 945 257 960 n
283 933 417 963 electum
432 931 553 961 nnllam
570 932 779 971 [potestatem]
791 931 920 966 habeat;
937 939 994 961 nos
1007 931 1094 960 enim
1108 940 1144 960 ex
1160 939 1245 960 nunc

246 1000 257 1011 »
282 985 370 1016 illam
384 986 413 1015 ei
429 985 602 1015 adimimus
620 989 818 1023 potestatem3
836 983 984 1023 quodque
1001 984 1063 1013 hiis
1077 983 1133 1022 qui
1147 983 1245 1013 electo

245 1052 258 1067 ι
281 1039 477 1069 adheserunt
493 1038 598 1067 eidem
617 1038 771 1067 securitas
795 1037 926 1067 arbitrio
954 1042 1056 1067 vestro
1081 1036 1244 1066 sufficiens

244 1105 258 1119 ι
282 1097 384 1122 vestra
408 1091 589 1130 provisione
612 1095 786 1130 prestetur;
814 1094 844 1120 et
867 1090 1025 1128 predictus
1048 1089 1165 1119 electus
1187 1097 1245 1119 nec

246 1160 256 1171 n
282 1145 388 1184 sigillo
405 1154 462 1175 nec
481 1144 760 1174 administratione
783 1147 816 1173 nt
838 1143 925 1182 prior
942 1142 1244 1172 Grandimontensis

245 1212 257 1225 n
283 1203 399 1229 utatur.
433 1197 522 1233 Quod
550 1198 577 1227 si
606 1202 668 1226 tam
699 1196 873 1235 sepefatum
901 1196 1041 1234 priorem
1069 1195 1245 1225 ammoveri

244 1264 257 1278 ι.
282 1260 377 1291 quam
399 1250 516 1280 dictam
540 1249 727 1279 electionem
747 1249 863 1278 cassari
885 1257 939 1277 seu
956 1248 1081 1278 irritam
1099 1248 1245 1278 nuntiari

243 1318 257 1332 »
281 1305 443 1342 contingat
458 1313 529 1337 vos,
547 1303 653 1333 ordini
669 1306 843 1332 memorato
858 1302 1012 1333 canonice
1028 1302 1189 1341 provideri
1207 1301 1245 1332 de

243 1371 256 1385 n
283 1358 388 1397 priore
404 1357 531 1396 ydoneo
547 1366 601 1395 per
619 1365 671 1386 eos
691 1356 729 1385 ad
746 1364 825 1394 quos
849 1355 882 1385 id
907 1356 1044 1394 pertinet
1059 1355 1198 1392 faciatis,
1216 1360 1246 1385 et

243 1424 256 1438 »
281 1411 309 1441 ei
326 1411 364 1440 de
383 1419 445 1449 quo
465 1410 568 1439 taliter
584 1409 745 1448 provisum
764 1409 861 1439 fuerit
879 1409 1095 1439 obedientiam
1112 1413 1142 1438 et
1159 1418 1245 1439 reve-

242 1476 255 1490 »
280 1464 416 1493 rentiam
428 1464 567 1493 debitam
584 1472 601 1492 a
615 1463 681 1492 suis
697 1462 831 1492 subditis
843 1462 1026 1493 exhiberi...
1042 1463 1114 1492 Dat.
1131 1463 1243 1493 Rome.

242 1529 255 1543 n
279 1517 362 1555 apud
379 1516 528 1546 Sanctam
545 1516 715 1549 Sabinam.
735 1525 791 1545 vm
811 1515 964 1545 kalendas
981 1516 1103 1552 martii⁷
1121 1515 1246 1554 pontifi-

242 1582 254 1596 »
279 1575 366 1600 catus
383 1571 481 1600 nostri
498 1578 584 1599 anno
600 1569 750 1599 secundo.
772 1581 784 1595 n

280 1635 292 1649 ιι
325 1623 438 1653 Felicis
469 1622 699 1652 recordationis
731 1622 931 1652 Honorius...
958 1639 996 1643 —
1022 1622 1093 1652 Dat.
1122 1623 1243 1658 Rome,

237 1677 321 1715 apud
339 1677 370 1707 S.
391 1677 539 1713 Petrum,
559 1686 603 1705 vn
620 1676 773 1706 kalendas
789 1676 883 1711 maii,
903 1684 988 1706 anno
1004 1676 1119 1714 primo.
1139 1688 1152 1702 n

308 1863 393 1891 242
852 1863 942 1895 Rieu,
960 1864 989 1889 31
1008 1865 1075 1890 aout
1094 1863 1171 1890 1988.

274 1927 399 1953 Licentia
411 1926 563 1953 exercendi
574 1935 623 1960 per
633 1928 893 1961 procuratoresjus
906 1927 1088 1954 visitationis.
1102 1927 1185 1961 (Res.
1198 1927 1242 1961 44,

237 1983 262 2002 c.
286 1975 342 2006 132,
359 1976 378 2001 f.
397 1975 429 2002 35
447 1981 490 2008 νος
508 1975 574 2001 Lim.
592 1984 626 2002 nu
642 1975 739 2008 Tuan,
754 1975 777 2008 I,
792 1976 847 2007 4¹.)

283 2079 448 2107 Venerabili
463 2079 557 2114 fratri
585 2078 629 2114 G.‚
652 2079 784 2116 episcopo
800 2078 1016 2115 Xanctonensi‚
1043 2079 1190 2117 indulget
1211 2084 1244 2109 nt

237 2139 291 2170 per
312 2135 544 2169 procuratorem
566 2131 693 2160 visitare
714 2131 814 2169 possit
834 2131 1006 2162 nonnullas
1030 2132 1243 2170 parrochiales

239 2183 386 2213 ecclesias
405 2188 434 2212 et
455 2184 610 2222 prioratus
628 2184 690 2223 ipsi
709 2185 882 2223 subJectos,
908 2185 941 2214 in
960 2185 1095 2224 quibus,
1113 2195 1186 2216 cum
1203 2186 1242 2216 ad

239 2237 309 2267 illos
331 2246 424 2266 causa
448 2238 637 2268 visitationis
657 2239 795 2274 accedit,
822 2239 956 2269 honeste
979 2248 1042 2269 non
1068 2243 1168 2278 potest
1189 2245 1244 2270 aut

238 2300 348 2320 secure
369 2300 441 2320 cnm
463 2292 654 2330 competenti
675 2291 798 2321 familia
826 2292 996 2331 hospitari⁷
1022 2293 1242 2333 nonnullaque

237 2344 304 2374 loca
321 2345 448 2373 ,llaresia
465 2344 638 2382 vulgariter
649 2350 843 2384 nuncupata,
857 2350 887 2375 et
902 2346 1025 2376 insulas
1041 2351 1070 2376 et
1086 2348 1242 2385 quaedam

237 2397 298 2427 alia
315 2397 381 2427 loca
400 2397 485 2426 varia
497 2420 506 2434 ,
531 2398 570 2426 ad
593 2407 673 2437 quae
700 2403 824 2438 propter
842 2398 985 2429 locorum
1002 2400 1145 2438 pericula
1161 2409 1242 2439 quae

237 2459 272 2480 ex
292 2451 390 2480 maris
408 2451 557 2481 fluctibus
576 2456 606 2481 et
626 2452 860 2483 discriminosis
882 2454 1052 2484 itineribus
1070 2455 1244 2484 imminent

238 2513 295 2534 nec
310 2508 411 2543 potest
427 2513 484 2534 uec
499 2505 595 2534 audet
610 2505 669 2535 ire.

279 2570 291 2584 α
314 2557 466 2596 Specialis
489 2558 611 2589 devotio
634 2568 733 2598 qua...
751 2577 789 2581 —
810 2560 881 2590 Dat.
907 2561 1019 2597 Reate,
1046 2571 1067 2590 11
1090 2561 1242 2592 kalendas

237 2612 441 2650 septembris,
461 2620 546 2642 anno
563 2613 675 2651 primo.
694 2625 706 2639 »

308 2783 394 2811 248
773 2785 864 2817 Rieti,
881 2786 897 2812 4
911 2787 1074 2821 septembre
1091 2788 1170 2816 1288.

274 2844 456 2879 Dispensatio
477 2847 609 2874 visitandi
630 2848 727 2875 limina
748 2850 952 2883 apostolorum.
971 2850 1056 2885 (Rea.
1074 2851 1117 2883 44,
1134 2860 1161 2878 c.
1180 2852 1240 2884 133,

239 2895 256 2920 f.
274 2894 306 2921 35
322 2894 448 2926 v0;1,.i1».
467 2904 501 2922 nu
516 2895 620 2930 Tuam,
638 2896 665 2927 l,
685 2897 717 2924 35
734 2900 786 2929 νο.)

279 2997 379 3026 Eidem
406 2997 551 3035 indulget
574 3007 614 3027 ne
630 2999 812 3037 juramento
828 3001 977 3031 visitandi
997 3002 1130 3040 singulis
1154 3003 1242 3033 bien-

241 3050 302 3080 niis
326 3049 441 3080 limina
459 3050 671 3089 apostolorum
694 3053 780 3082 Petri
799 3059 829 3083 et
845 3054 937 3084 Pauli
955 3055 1082 3093 ligetur.

1371 463 1384 478 α
1406 450 1558 489 Specialis
1573 450 1676 488 gratia
1692 454 1758 481 et...
1772 468 1810 473 —
1825 451 1895 481 Dat.
1915 452 2027 488 Reate,
2045 462 2068 483 11
2084 461 2185 484 nonas
2200 456 2338 492 septem·

1330 503 1414 540 bris,
1430 512 1516 534 anno
1532 504 1645 543 primo.
1665 516 1678 530 n

1401 691 1487 719 24⁹
1862 691 1954 723 Rieu,
1973 692 1988 719 4
2004 693 2167 728 septembre
2185 693 2264 721 1288.

1367 752 1498 780 Facultas
1514 753 1671 780 redimendi
1687 753 1823 780 decimas.
1842 753 1925 786 (Rso.
1944 753 1986 786 44,
2003 762 2028 781 c.
2046 755 2105 787 134,
2119 755 2138 782 s.
2156 755 2188 783 35
2203 762 2249 788 vo;
2266 755 2335 783 Lar.

1330 810 1364 828 nu
1380 801 1483 830 Tuan„
1502 801 1527 833 1,
1546 802 1601 835 4¹2.)

1370 917 1472 945 Eidem
1502 916 1682 947 facultatem
1713 917 1858 948 concedit
1881 917 2061 948 redimendi
2093 918 2231 950 decimas
2256 929 2336 960 quas

1329 968 1402 999 laici
1416 969 1449 998 in
1465 970 1639 1007 parrochiis
1650 970 1763 1000 alienis
1778 971 1862 1000 infra
1876 971 1945 1009 ejus
1958 971 2129 1002 dioecesim
2141 973 2335 1012 percipiunt,

1328 1027 1485 1052 rectorum
1513 1023 1719 1053 ecclesiarum
1744 1023 1783 1053 ad
1808 1032 1886 1063 quos
1915 1024 2058 1054 decimae
2080 1025 2167 1063 ipsae
2193 1030 2337 1065 spectant

1328 1075 1367 1104 ad
1383 1075 1415 1104 id
1430 1076 1600 1106 accedente
1618 1085 1789 1108 consensu.

1370 1141 1383 1155 α
1405 1129 1478 1160 Non
1496 1135 1542 1160 est
1558 1131 1700 1169 petitio...
1718 1149 1754 1154 —
1773 1132 1843 1162 Dat.
1866 1136 2018 1170 utsupra.
2042 1145 2055 1158 n

1400 1316 1488 1344 250
1945 1319 2035 1351 Rieu,
2054 1320 2087 1347 23
2103 1321 2170 1347 aont
2186 1320 2265 1348 1288.

1364 1377 1402 1405 Ut
1419 1379 1564 1405 contentio
1581 1379 1655 1405 inter
1671 1378 1851 1414 Raynaldum
1866 1379 1901 1407 de
1913 1380 2078 1413 Sirmineto,
2092 1386 2234 1409 rectorem
2245 1383 2337 1410 ecele-

1327 1428 1387 1454 siae
1403 1426 1457 1454 SS;
1475 1427 1552 1454 Petri
1572 1431 1600 1454 et
1621 1427 1703 1454 Pauli
1725 1428 1760 1455 de
1780 1429 1943 1464 Traygnes,
1960 1434 1989 1457 et
2005 1427 2213 1458 monasterium
2228 1431 2264 1458 de
2279 1431 2336 1459 Fa-

1328 1485 1430 1503 versan
1446 1480 1544 1503 exorta
1560 1478 1740 1503 terminetur.
1760 1477 1843 1511 (Rae.
1862 1478 1905 1511 44,
1922 1487 1947 1506 c.
1967 1479 2027 1511 135,
2045 1480 2064 1506 s.
2082 1480 2115 1507 35
2131 1482 2180 1512 vu.)

1369 1594 1487 1623 Dileclis
1510 1594 1587 1630 filiis
1604 1594 1762 1631 magistris
1785 1593 1913 1631 Giffrido
1935 1595 1970 1624 de
1993 1595 2123 1634 Vesano,
2141 1598 2296 1634 capellano
2311 1603 2337 1628 et

1328 1647 1437 1676 mmlz'o
1468 1652 1569 1676 nostro
1594 1646 1625 1675 in
1654 1647 1786 1684 Anytia,
1815 1647 2057 1685 Cameracensis,
2086 1653 2112 1678 et
2139 1650 2275 1679 Johanni
2303 1650 2338 1680 de

1327 1700 1403 1729 Laco
1419 1724 1426 1737 ‚
1456 1701 1670 1730 Londoniensi's
1685 1701 1882 1730 ecclesiarum
1903 1703 2076 1738 canonicis,
2103 1711 2138 1732 ac
2163 1725 2183 1733 ..
2210 1703 2337 1740 officiali

1327 1754 1539 1789 Londoniensi,
1557 1753 1688 1783 mandat
1705 1758 1864 1792 quatenus
1881 1754 2016 1784 audiant
2033 1759 2062 1784 et
2079 1755 2252 1786 terminent
2265 1764 2337 1787 cau-

1327 1816 1395 1836 sam
1424 1806 1508 1836 inter
1530 1806 1736 1845 Raynaldum
1760 1807 1799 1836 de
1825 1806 2019 1844 Sirmineto,
2051 1808 2285 1839 subdiaconum
2307 1814 2338 1840 et

1326 1859 1527 1899 capellanum
1546 1860 1647 1898 ipsius
1665 1869 1783 1899 papae,
1812 1865 1960 1899 nepotem
1978 1862 2141 1900 quondam
2157 1862 2336 1893 Alexandri

1327 1923 1443 1952 papae,
1476 1918 1630 1943 rectorem
1653 1914 1808 1952 ecelesiae
1823 1913 2013 1944 Sanctorum
2030 1915 2118 1945 Petri
2135 1920 2166 1945 et
2182 1915 2276 1946 Pauli
2297 1915 2335 1946 de

1326 1968 1503 2006 Traygnes,
1519 1966 1756 1997 Lineolniensis
1768 1967 1933 2005 dioecesis,
1949 1977 1985 1998 ex
2004 1977 2067 1998 una
2083 1973 2180 2007 parte,
2198 1972 2230 1998 et
2246 1991 2266 1998 ..
2283 1969 2335 1999 ab·

1326 2022 1430 2051 batem
1459 2026 1489 2051 et
1515 2025 1709 2051 conventum
1736 2021 1924 2051 monasterii
1947 2021 1986 2051 de
2005 2021 2185 2059 Favet-san,
2210 2022 2335 2054 ordinis

1326 2075 1428 2105 sancti
1446 2075 1626 2110 Benedicti,
1644 2074 1885 2104 Cantuariensis
1902 2074 2072 2112 dioecesis,
2095 2084 2131 2105 ex
2147 2075 2262 2114 altera,
2280 2085 2336 2107 su-

1326 2128 1444 2158 blatam
1471 2137 1565 2167 super
1591 2136 1627 2157 eo
1652 2127 1753 2166 quod,
1777 2127 1850 2158 licet
1875 2127 1977 2158 dictus
2001 2128 2190 2167 Raynaldus
2212 2129 2334 2160 eisdem

1325 2182 1431 2212 abbati
1452 2187 1482 2211 et
1501 2181 1675 2211 conventui
1690 2181 1812 2211 fructus
1837 2181 2036 2220 supradictae
2054 2182 2204 2212 ecclesiae
2223 2182 2262 2212 ad
2279 2182 2335 2212 fir-

1326 2244 1412 2265 mam
1446 2234 1675 2271 concessisset,
1713 2234 1811 2263 iidem
1842 2239 1947 2264 tamen
1977 2234 2074 2264 abbas
2100 2239 2130 2264 et
2157 2239 2334 2265 conventus

1326 2288 1464 2327 praefato
1486 2288 1599 2318 rectori
1618 2288 1788 2326 pecuniam
1806 2295 1862 2325 pro
1880 2287 2069 2326 hujusmodi
2085 2287 2178 2318 firma
2193 2287 2334 2318 debitam

1326 2341 1448 2372 solvere
1463 2340 1698 2371 contradicunt.

1370 2408 1383 2422 α
1402 2395 1467 2425 Sua
1485 2395 1575 2425 nobis
1591 2394 1761 2425 dilectus...
1775 2411 1813 2415 -
1831 2393 1902 2423 Dat.
1921 2394 2035 2431 Reate,
2053 2403 2072 2424 x
2089 2393 2242 2425 kalendas
2260 2402 2332 2434 sep-

1326 2450 1473 2486 tembris,
1491 2457 1576 2480 anno
1593 2449 1706 2488 primo.
1723 2460 1736 2475 ι

1397 2637 1479 2665 251
1839 2634 1930 2665 Rieti,
1947 2634 1986 2660 1er
2000 2633 2163 2669 septembre
2180 2633 2260 2661 1288.

1361 2698 1523 2725 Feudatarii
1550 2697 1688 2724 ecclesiae
1722 2696 1875 2723 Remensis
1902 2699 2047 2731 coguntur
2074 2695 2109 2723 ad
2133 2697 2333 2731 juramentum

1325 2747 1468 2774 fidelitatis
1491 2741 1702 2781 praestandum.
1723 2745 1803 2778 (Rea.
1827 2745 1875 2776 44,
1896 2753 1923 2772 c.
1943 2745 2010 2775 136,
2032 2745 2051 2772 f.
2076 2745 2108 2772 35
2132 2752 2180 2777 vo;
2204 2744 2272 2772 Lm.
2296 2753 2334 2773 nu

1324 2796 1426 2827 ΤΗι-ῑιι,
1444 2795 1471 2829 I,
1490 2795 1544 2827 43.)

1371 2898 1537 2927 Venerabili
1551 2899 1644 2934 fratri
1659 2919 1679 2926 ..
1697 2898 1916 2935 archiepiscopo
1934 2897 2086 2933 Remensi,
2100 2896 2141 2926 ad
2158 2896 2260 2926 instar
2272 2896 2331 2927 In-

1324 2950 1463 2981 nocentii
1494 2958 1592 2989 papae
1621 2950 1708 2987 1111,
1749 2950 1894 2980 concedit
1926 2953 1959 2980 ut
1995 2957 2108 2980 omnes
2140 2949 2332 2980 feudatarios

1324 3003 1494 3033 Remensis
1510 3003 1660 3033 ecclesiae
1674 3028 1680 3041 ,
1707 3012 1743 3034 ac
1761 3003 1841 3034 alios
1855 3003 1909 3043 qui
1925 3003 1955 3033 ei
1975 3001 2164 3033 fidelitatem
2179 3001 2332 3034 exhibere

1325 3061 1490 3092 tenentur,
1509 3056 1549 3086 ad
1565 3057 1753 3095 praestanda
1768 3057 1830 3096 ipsi
1851 3055 2013 3087 fidelitatis
2029 3055 2135 3086 debita
2146 3055 2332 3095 juramenta
