2342 3652
878 368 1099 408 PREMOERE
1116 369 1273 408 ΑΝΝΕΕ.
2065 352 2069 356 “
2084 383 2121 414 69

32 449 154 479 habens
170 473 177 486 ,
196 448 368 487 nullusque
389 448 576 487 apostolicae
592 447 675 477 sedis
694 446 814 484 legatus
833 448 888 474 aut
910 443 1036 481 delega-

33 505 83 532 tus
105 501 153 531 vel
179 501 402 540 subdelegatus
422 502 461 531 ab
484 509 594 531 eorum
612 500 719 538 aliquo
741 507 795 528 seu
816 500 961 527 executor
982 501 1036 526 aut

34 556 128 586 etiam
149 559 352 585 conservator
376 564 395 585 a
418 555 491 584 sede
514 554 679 593 deputatus
704 551 813 582 eadem
832 550 866 579 in
884 558 955 579 eam
982 559 1033 580 ex-

31 608 331 639 communicationis
358 608 407 638 vel
435 607 597 638 interdicti
622 604 811 636 sententiam
831 603 1034 641 promulgare

31 662 133 692 valeat
148 662 217 691 sine
232 661 362 700 speciali
378 661 521 700 ejusdem
539 659 621 690 sedis
636 657 773 689 licentia.

73 728 86 742 «
111 715 229 753 Magne
242 715 422 745 devotionis
436 715 602 744 affectus...
618 728 658 735 —
672 712 742 741 Dat.
759 715 795 740 ut
813 719 917 749 supra.
937 722 950 737 n

101 888 189 917 324
549 885 635 914 Rieti,
651 883 685 910 24
702 882 865 918 septembre
882 882 958 909 1288.

67 949 106 977 Ut
121 959 217 985 supra.
236 949 316 984 (Rau.
335 949 377 981 44,
393 957 419 975 c.
440 948 505 978 225,
522 947 590 973 f.>52
606 953 652 974 vo:
670 945 735 971 Lam.
756 953 791 972 nu
806 944 910 975 Tuam,
927 944 956 975 Ι,
975 945 1030 977 38.)

73 1053 238 1082 Carissz'mo
260 1053 292 1081 in
316 1052 430 1081 Christo
451 1050 514 1087 filio
528 1049 674 1086 phylippo
694 1048 756 1085 reqz'
772 1048 899 1076 Francia
915 1048 1031 1076 illustri

32 1105 179 1137 concedit
195 1109 229 1135 ut
250 1105 318 1143 ejus
336 1103 440 1133 clerici
459 1106 488 1132 et
507 1101 680 1131 servientes
702 1100 736 1129 in
757 1100 872 1129 itinere
897 1100 1030 1138 quibus-

32 1167 169 1198 cumque
193 1157 326 1197 ydoneis
350 1153 712 1195 presbyteris·confiteri
738 1162 795 1182 sua
822 1158 946 1192 peccata
974 1162 1030 1183 va-

34 1212 131 1242 leant.

75 1277 88 1292 α
111 1264 321 1295 Celsitudinis
344 1267 395 1292 tue
416 1261 597 1301 precibus...
614 1277 652 1282 —
668 1261 739 1290 Dat.
759 1260 873 1296 Reate,
894 1269 951 1289 vm
972 1259 1030 1289 ka-

34 1317 143 1348 lendas
158 1317 311 1352 octobris,
328 1323 411 1345 anno
425 1314 539 1353 primo.
556 1325 569 1340 n

107 1497 193 1525 325
549 1493 636 1521 Rieu.
654 1492 687 1518 ⁵25
704 1492 866 1526 septembre
884 1492 961 1519 1288.

74 1560 111 1587 Ut
127 1568 223 1594 supra.
244 1559 323 1591 (Rae.
340 1558 386 1590 44,
403 1566 428 1584 c.
444 1557 513 1591 226,
528 1557 548 1584 f.
568 1556 600 1584 53
617 1562 657 1589 r⁰;
678 1556 743 1582 LAr.
763 1564 798 1582 nu
811 1555 913 1586 Tam,
930 1555 959 1589 Ι,
978 1556 1030 1587 48.)

77 1663 177 1692 Eidem
190 1660 332 1699 indulget
351 1664 384 1690 ut
405 1659 513 1690 nullus
529 1658 720 1698 apostolicae
738 1658 823 1688 sedis
837 1658 959 1696 legatus
980 1663 1036 1688 ant

37 1715 194 1754 delegatus
213 1713 261 1744 vel
277 1713 498 1751 subdelegatus
514 1713 552 1743 ab
569 1722 678 1743 eorum
694 1712 801 1752 aliquo
816 1722 870 1742 seu
888 1716 1035 1742 executor

36 1771 88 1798 aut
119 1770 315 1798 conservator
335 1775 353 1796 a
377 1766 449 1796 sede
472 1766 638 1805 deputatus
662 1766 772 1795 eadem
804 1765 838 1794 in
866 1774 1034 1804 personam

35 1821 101 1859 ejus
127 1820 460 1850 excommunicationis
487 1819 536 1849 vel
559 1818 724 1849 interdicti
747 1818 939 1848 senteutiam
965 1827 1035 1857 pro-

36 1873 176 1912 mulgare
193 1873 294 1903 valeat
308 1873 376 1902 sine
390 1872 518 1911 speciali
536 1872 676 1912 ejusdem
691 1872 775 1902 sedis
791 1871 932 1901 licentia.

74 1938 87 1953 ι
111 1925 353 1956 considerantes
375 1926 523 1956 att-entius
542 1930 610 1955 et...
631 1941 671 1947 -—
692 1925 762 1955 Dat.
780 1924 895 1960 Reate,
912 1934 959 1954 vn
976 1924 1035 1954 ka-

36 1978 145 2009 lendas
159 1979 292 2009 octobris
303 2003 310 2016 ,
329 1987 413 2009 anno
429 1979 541 2018 primo.
563 1991 576 2005 n

111 2153 196 2181 326

74 2213 205 2248 Philippo
221 2214 282 2247 regi
298 2212 469 2240 Francorum
483 2214 615 2240 concedit
636 2217 667 2240 ut
688 2213 750 2248 ipse
767 2216 794 2240 et
817 2213 940 2239 ministri
956 2214 1036 2247 ejus,

38 2263 62 2290 si
78 2271 128 2289 eos
143 2263 292 2297 contingat
307 2262 463 2296 flagitiosos
477 2263 597 2290 clericos
612 2271 714 2298 capere
726 2271 778 2289 seu
793 2263 855 2296 capi
870 2262 974 2295 facere,
987 2271 1038 2288 ex-

36 2310 304 2338 communicationis
319 2311 485 2338 sententiam
508 2319 563 2338 non
589 2312 743 2338 incurrant.
762 2310 844 2339 (Rau.
862 2309 911 2341 44,
929 2318 952 2337 c.
972 2310 1034 2341 227,

37 2361 55 2387 f.
74 2361 106 2386 52
122 2366 170 2392 v⁰;
188 2359 254 2387 Lar.
272 2368 306 2386 nu
321 2359 416 2391 Tum,
433 2359 461 2391 Ι,
478 2361 532 2394 93.)

552 2151 640 2185 Rieti,
656 2152 690 2178 24
707 2151 869 2186 septembre
887 2151 964 2178 1288.

73 2463 187 2492 Eidem.
217 2474 229 2488 ‹
246 2461 454 2492 Celsitudinis
477 2467 528 2493 tue
551 2463 696 2501 precibus
719 2463 897 2501 benignum
916 2462 1034 2500 impar-

33 2515 147 2545 tientes
163 2523 340 2551 assensum,
359 2520 392 2545 ut
407 2516 433 2545 si
449 2516 611 2554 contingat
627 2520 654 2546 te
672 2519 780 2546 tuosve
796 2516 962 2545 ministros
978 2516 1036 2545 ali-

37 2575 115 2607 quos
136 2567 308 2605 flagitiosos
326 2567 471 2605 clericos,
488 2572 610 2607 propter
629 2569 751 2599 notoria
769 2568 907 2598 crimina
927 2568 1033 2598 homi-

36 2620 123 2657 cidii,
154 2619 368 2650 mutilationis
397 2620 597 2651 aut'alterius
623 2621 764 2651 enormis
784 2622 958 2658 facinoris,
985 2615 1034 2650 vel

33 2674 128 2704 etiam
149 2682 243 2712 super
262 2673 446 2711 hujusmodi
469 2673 591 2712 publice
615 2674 808 2712 diffamatos,
832 2675 871 2704 de
896 2683 1033 2714 quorum

33 2725 108 2764 fuga
127 2731 157 2756 et
178 2727 326 2756 evasione
352 2726 556 2765 probabiliter
578 2727 741 2764 timeatur,
762 2732 884 2768 servata
910 2728 1033 2758 modes-

35 2779 78 2809 tia
99 2789 160 2818 que
183 2784 286 2818 potest
318 2780 352 2809 in
379 2780 489 2810 talibus
515 2780 692 2818 observari,
727 2789 856 2820 capere,
890 2781 1032 2811 detinere

36 2840 90 2862 seu
106 2833 174 2871 capi
195 2833 297 2862 facere
318 2833 367 2862 vel
386 2833 480 2862 etiarn
500 2832 653 2870 detineri,
678 2842 743 2864 non
763 2835 796 2863 in
815 2838 1032 2872 contemptum

31 2883 190 2914 clericalis
214 2885 339 2915 ordinis
357 2885 404 2915 vel
431 2884 497 2915 odii
518 2884 582 2914 zelo
595 2894 649 2915 seu
662 2887 889 2924 persecutionis
905 2887 1029 2922 affectu,

32 2945 90 2967 nec
112 2942 145 2967 ut
163 2938 425 2976 jurisdictionem
447 2938 603 2976 usurpetis
618 2939 651 2967 in
670 2939 772 2977 ipsos,
789 2940 843 2970 sed
859 2944 982 2969 tantum
999 2944 1033 2969 ut

31 2989 206 3021 reddantur
221 2991 259 3021 ad
277 2991 463 3021 mandatum
478 2990 625 3026 ecclesie,
641 2999 681 3020 ne
696 2992 830 3022 crimina
846 2997 1033 3022 remaneant

33 3041 205 3081 impunita,
233 3049 358 3082 propter
385 3044 443 3073 hoc
470 3048 501 3072 tu
529 3043 642 3073 dictive
664 3044 801 3074 ministri
829 3053 1032 3084 nequaquam

1119 445 1459 475 excommunicationis
1488 447 1680 476 sententiam
1710 447 1903 484 incurratis,
1937 449 2123 480 auctoritate

1117 497 1314 535 presentium
1333 498 1391 528 tibi
1406 499 1556 529 duximus
1572 499 1830 536 concedendum3
1846 499 1971 530 nullam
1990 510 2045 539 per
2062 501 2122 532 hoc

1117 549 1175 579 tibi
1192 551 1241 580 vel
1257 551 1418 581 ministris
1440 553 1560 582 eisdem
1580 553 1691 582 dantes
1707 552 1870 583 licentiam
1888 552 2019 583 clericos
2037 554 2122 593 ipsos

1117 603 1223 633 taliter
1243 605 1407 643 capiendi,
1429 614 1488 635 nec
1511 615 1623 636 eorum
1639 606 1818 644 captionem
1834 606 1883 636 vel
1904 606 2122 637 detentionem

1117 657 1213 687 etiam
1239 658 1425 697 hujusmodi
1450 660 1669 698 approbantes.
1697 659 1788 689 Nulli
1811 668 1885 698 ergo
1913 665 1988 697 etc.‚
2015 665 2122 691 nostre

1115 711 1330 741 concessionis
1359 716 1416 742 etc.
1448 712 1518 742 Dat.
1548 713 1661 750 Reate,
1688 723 1746 743 vm
1780 713 1933 744 kalendas
1963 714 2120 751 octobris,

1115 773 1200 794 anno
1215 763 1329 802 primo.
1351 777 1364 791 »

1186 937 1271 966 32²

1150 998 1337 1033 Privileginm
1354 999 1484 1035 Philippo
1500 1001 1561 1034 regi
1578 1000 1754 1027 Francorum
1770 1009 1953 1028 concessum.
1973 1001 2054 1034 (Res.
2072 997 2121 1036 44,

1114 1056 1139 1074 c.
1155 1048 1218 1082 228,
1236 1049 1255 1075 f.
1275 1049 1306 1075 53
1324 1055 1366 1080 1¹⁰3
1386 1048 1452 1076 Lar.
1469 1058 1504 1076 nu
1519 1049 1618 1081 Tuum,
1635 1049 1658 1081 Ι,
1677 1049 1730 1082 94.)

1638 939 1725 973 Rieti,
1742 940 1776 966 24
1792 940 1956 974 septembre
1972 940 2050 967 1288.

1154 1151 1269 1180 Eidem.
1287 1150 1527 1189 Indulgentiam
1541 1152 1687 1182 concedit
1703 1152 1813 1182 decem
1829 1153 1956 1182 dierum
1971 1153 2122 1183 omnibus

1114 1212 1187 1233 vere
1202 1205 1439 1242 poenitentibus
1455 1210 1485 1235 et
1501 1206 1656 1236 confessis
1670 1206 1728 1244 qui
1746 1206 1892 1236 divinam
1906 1215 1962 1245 pro
1978 1215 2014 1237 eo
2029 1207 2124 1237 mise-

1114 1257 1285 1287 ricordiam
1304 1257 1559 1297 imploraverint.

1156 1322 1169 1337 α
1187 1310 1324 1340 Provido
1340 1316 1371 1340 et
1385 1311 1544 1342 salubri...
1563 1329 1602 1334 -
1618 1313 1688 1342 Dat.
1706 1317 1860 1352 utsupra.
1881 1325 1894 1340 »

1186 1483 1273 1512 328

1152 1546 1250 1579 Maria,
1277 1547 1375 1581 regina
1398 1546 1547 1580 Franciac,
1574 1547 1732 1574 absolvitur
1754 1556 1769 1574 a
1783 1550 1849 1574 voto
1865 1549 1962 1575 crucis
1979 1552 2120 1583 sumptae.

1119 1595 1198 1627 (Res.
1217 1596 1259 1628 44,
1276 1603 1301 1621 c.
1318 1595 1380 1628 229,
1395 1595 1412 1621 s.
1433 1596 1465 1622 53
1481 1601 1523 1628 r⁰;
1542 1595 1609 1622 Lar.
1627 1605 1662 1623 Du
1677 1595 1779 1627 Tuam,
1799 1596 1828 1628 Ι,
1847 1597 1902 1629 95.)

1695 1485 1788 1517 Rieu,
1808 1487 1823 1512 7
1839 1486 1955 1512 octobre
1972 1486 2048 1513 1288.

1164 1699 1334 1728 Venerabili
1346 1698 1441 1736 fratr-13
1455 1721 1474 1727 ..
1492 1699 1625 1736 episcopo
1639 1699 1808 1728 Parisz'enst'
1824 1698 1955 1727 mandat
1967 1702 2124 1737 quatenus

1119 1752 1255 1788 Mariae,
1274 1752 1403 1789 reginae
1418 1751 1582 1788 Franciae,
1605 1751 1773 1781 denuntiet
1787 1759 1857 1780 eam
1880 1755 2042 1789 praetextu
2058 1760 2123 1781 non

1120 1805 1220 1834 teneri
1243 1809 1368 1834 sanctae
1389 1804 1509 1841 crucis,
1535 1804 1626 1842 cujus
1656 1804 1786 1842 signum
1809 1803 1887 1833 olim
1916 1803 1954 1834 de
1977 1804 2129 1834 manibus

1119 1858 1252 1888 Martini
1270 1867 1379 1896 papae,
1395 1862 1471 1887 tunc
1490 1858 1525 1886 in
1542 1857 1660 1887 minori
1676 1857 1779 1887 officio
1794 1857 1968 1893 constituti,
1986 1866 2128 1896 assump-

1119 1916 1218 1949 serat,
1236 1921 1272 1941 ea
1288 1911 1469 1941 conditione
1485 1910 1569 1950 quod
1586 1911 1613 1940 si
1630 1911 1731 1940 bonae
1748 1910 1922 1940 memoriae
1938 1909 2126 1949 Philippus,

1119 1974 1173 1995 rex
1204 1965 1374 2000 Franciae,
1402 1964 1452 1993 vir
1467 1965 1556 2003 ejus,
1586 1964 1619 1993 in
1649 1964 1765 1993 Terrae
1784 1963 1917 1993 Sanctae
1942 1963 2126 1993 subsidium

1120 2012 1354 2054 transfretaret,
1382 2017 1493 2048 eadem
1521 2026 1593 2047 cum
1612 2026 1648 2047 eo
1664 2017 1868 2046 transfretare
1886 2016 2023 2046 deberet.
2049 2016 2126 2046 Eam

1122 2060 1227 2101 tamen
1253 2071 1293 2101 ad
1323 2070 1577 2110 impendendum
1598 2071 1712 2100 Terrae
1732 2070 1866 2100 Sanctae
1882 2070 2125 2100 subventionem

1121 2129 1353 2163 congruentem
1369 2125 1509 2155 inducat.

1162 2192 1175 2206 α
1194 2179 1237 2209 Ex
1253 2184 1340 2218 parte
1358 2179 1558 2209 carissime...
1574 2195 1614 2201 —
1632 2179 1702 2208 Dat.
1726 2178 1841 2214 Reate,
1858 2178 1954 2208 nonis
1970 2177 2106 2207 octobris
2117 2200 2124 2213 ‚

1083 2267 1086 2269 Α
1122 2242 1208 2263 anno
1224 2233 1338 2272 primo.
1358 2245 1371 2259 υ

1686 2404 1772 2435 Rieti,
1790 2404 1828 2430 12¹·
1842 2404 1957 2430 octobre
1976 2403 2051 2430 1288.

1192 2406 1278 2434 329

1155 2468 1283 2495 Licentia
1299 2468 1422 2503 eligendi
1445 2467 1652 2494 confessorem.
1676 2467 1758 2501 (Rso.
1786 2467 1835 2498 44,
1859 2475 1883 2493 c.
1906 2467 1973 2498 230,
1993 2467 2011 2492 f.
2030 2466 2122 2499 531-0;

1118 2517 1186 2544 LAP.
1202 2527 1236 2544 ou
1252 2517 1350 2548 Tnmn,
1367 2517 1390 2548 l,
1406 2516 1462 2549 96.)

1159 2620 1265 2649 Dilecte
1281 2621 1313 2649 in
1329 2618 1448 2650 Christo
1464 2620 1527 2656 filie
1542 2619 1636 2648 nobili
1654 2619 1779 2648 mulieri
1797 2618 1906 2653 Marte,
1924 2618 2071 2646 comitisse
2089 2618 2122 2646 dc

1116 2674 1309 2712 Joot‘ynt'aco,
1327 2673 1504 2701 Senonensis
1522 2673 1656 2701 diocesis.

1159 2737 1172 2752 «
1189 2726 1255 2754 Tue
1274 2725 1450 2754 devotionis
1471 2725 1673 2754 sinceritas...
1691 2740 1728 2745 —
1745 2723 1813 2753 Dat.
1836 2723 1950 2760 Reate,
1969 2722 2117 2752 kalendis

1116 2778 1251 2808 octobris
1262 2801 1270 2815 ,
1284 2786 1370 2807 anno
1386 2778 1498 2816 primo.
1519 2790 1531 2803 »

1187 2937 1277 2966 380

1151 2999 1387 3034 Archiepiscopis
1404 3002 1432 3025 et
1447 2999 1592 3033 episcopis
1608 2997 1744 3025 Franciae
1761 2995 1876 3024 mandat
1891 3001 2035 3032 quatenus
2054 3006 2121 3024 sua-

1116 3057 1179 3075 rum
1197 3048 1373 3075 dioecesium
1396 3048 1630 3082 crucesignatos,
1647 3047 1753 3082 quibus
1773 3055 1823 3082 pro
1845 3050 1972 3081 tempore
1994 3047 2120 3081 passagii

1630 2935 1723 2967 Rieti,
1741 2935 1774 2962 27
1791 2935 1955 2970 septembre
1972 2935 2049 2962 1288.
