2477 3637
210 348 269 379 382
961 340 1199 372 REGISTRES
1221 341 1275 371 DE
1297 340 1482 371 NICOLAS
1504 341 1561 372 IV.

210 417 324 454 pererit
347 416 402 442 aut
429 410 548 450 predati
569 412 695 445 essent,
713 417 767 438 seu
784 408 860 447 ipsis
883 408 1004 438 decano
1029 412 1060 437 et
1079 406 1219 445 capitulo

210 470 267 499 aut
281 466 423 506 personis
441 464 538 503 ipsius
553 462 685 493 ecclesie
704 470 800 501 super
814 461 1000 500 hujusmodi
1014 461 1108 491 bonis
1129 461 1217 499 inju-

210 520 288 551 riari
306 521 542 558 presumerent,
560 516 626 545 sive
640 514 748 545 clerici
759 515 826 544 sive
839 513 913 544 laici
927 514 1110 549 existerent,
1125 513 1218 543 dictis

210 573 332 604 decano
349 576 378 601 et
397 568 534 608 capitulo
552 576 700 598 concessa
722 567 849 603 fuisset,
875 575 934 597 nec
953 576 1008 605 per
1029 565 1217 605 hujusmodi

208 626 318 661 verba,
335 623 481 653 videlicet
497 622 565 651 sive
583 620 692 651 clerici
711 621 778 650 sive
799 619 874 650 laici
897 620 1085 653 existerent,
1107 619 1141 648 in
1164 619 1216 648 in-

207 677 373 715 dulgentia
391 675 530 714 predicta
548 674 700 713 apposita,
718 673 804 703 idem
814 673 1072 711 archiepiscopus
1084 671 1132 702 vel
1142 672 1214 711 qui-

206 731 256 762 vis
271 729 352 760 alius
371 727 547 768 pontificali
565 727 723 765 dignitate
739 726 899 765 predictus
914 724 1143 764 comprehendi
1161 733 1216 754 va-

205 783 299 818 leret,
338 782 437 812 iidem
467 781 608 811 decanus
639 785 669 810 et
699 780 874 819 capitulum
890 803 898 816 ‚
935 783 1078 818 pretextu
1115 779 1216 817 ipsius

205 836 420 875 indulgentie.
439 839 550 865 contra
561 843 636 864 eum
650 842 716 864 non
732 838 878 873 poterant
893 833 996 863 taliter
1010 832 1213 872 processisse3

204 890 356 928 idemque
384 887 641 926 archiepiscopus
679 886 864 926 hujusmodi
895 895 1004 917 eorum
1043 885 1215 915 monitioni

203 951 316 983 parere
339 943 476 972 minime
503 942 683 978 tenebatur3
706 941 781 979 quia
808 945 914 970 tamen
931 940 1008 970 dicti
1029 939 1169 970 decanus
1186 943 1216 969 et

204 995 380 1036 capitulum
399 1004 472 1025 eum
490 1004 585 1033 super
604 982 664 1025 hoc
681 995 792 1024 audire
810 998 920 1024 contra
939 993 1097 1033 Justitiam
1119 992 1215 1022 deue—

203 1055 333 1090 garum,
350 1058 404 1088 pro
421 1054 508 1088 parte
518 1049 618 1087 ipsius
631 1048 862 1087 archiepiscopi
878 1048 938 1077 fuit
952 1048 992 1077 ad
1006 1047 1113 1077 sedem
1127 1055 1212 1086 apos-

203 1103 333 1135 tolicam
345 1102 552 1142 appellatum,
569 1111 605 1132 ac
620 1102 717 1132 iidem
735 1102 874 1132 decanus
888 1106 918 1132 et
933 1101 1107 1140 capitulum
1123 1125 1129 1136 ,
1151 1101 1213 1130 hu-

199 1156 341 1197 jusmodi
354 1155 567 1194 appellatione
579 1160 772 1194 contempta,
788 1155 925 1184 eundern
937 1154 1212 1193 archiepiscopum

201 1210 347 1240 fecerunt
375 1209 689 1238 excommunicatum
718 1207 844 1246 publice
874 1208 1028 1237 nuntiari.
1056 1206 1213 1243 Quocirca

201 1263 387 1293 discretioni
404 1267 507 1292 vestre
523 1271 578 1300 per
594 1261 765 1300 apostolica
790 1262 906 1300 scripta
928 1261 1119 1291 mandamus
1135 1270 1211 1299 qua-

201 1320 309 1353 tenus,
329 1317 446 1346 vocatis
463 1316 517 1354 qui
537 1315 657 1351 fuerint
674 1315 828 1345 evocandi
850 1319 880 1344 et
902 1314 1021 1344 auditis
1043 1314 1120 1344 hinc
1137 1314 1213 1344 inde

199 1370 380 1409 prepositis,
399 1369 483 1408 quod
500 1369 691 1398 canonicum
710 1368 820 1404 fuerit,
843 1368 1055 1407 appellatione
1070 1372 1210 1402 remota,

199 1423 389 1459 decernatis,
412 1423 562 1452 facientes
578 1422 664 1461 quod
682 1422 887 1452 decreveritis
906 1431 962 1460 per
977 1430 1148 1452 censuram
1163 1430 1213 1452 ec-

200 1476 412 1506 clesiasticam
425 1476 563 1505 firmiter
574 1476 745 1506 observari.
761 1476 870 1505 Testes
881 1479 988 1505 autem
1000 1479 1057 1505 etc.
1076 1475 1169 1511 Quod
1186 1476 1213 1505 si

201 1538 266 1559 non
283 1538 394 1559 omnes
411 1534 468 1559 etc.
491 1529 554 1559 duo
574 1533 714 1559 vestrum
734 1534 792 1561 etc.
812 1530 881 1559 Dat¹
901 1518 999 1559 Reate
1013 1553 1020 1566 ,
1039 1539 1079 1559 xv
1096 1529 1210 1559 kalen-

199 1582 363 1621 dasjulii‚
384 1591 470 1612 anno
489 1583 640 1613 secundo.
664 1596 675 1608 ι»

271 1735 391 1764 2¹8ss
819 1735 913 1770 Rieu,
934 1737 964 1763 17
978 1738 1042 1771 Juin
1060 1737 1137 1765 1289.

236 1797 278 1824 De
294 1797 395 1824 eodem
411 1798 535 1832 negotio.
554 1798 637 1827 (Rae.
655 1799 698 1831 44,
716 1806 741 1826 c.
759 1798 820 1840 874,
838 1799 856 1824 f.
873 1798 925 1826 299
939 1800 990 1831 νᾳ.)

240 1900 368 1930 Eisdem.
388 1912 400 1926 α
419 1900 483 1930 Sua
502 1901 595 1931 nobis
617 1924 637 1930 ..
661 1901 802 1931 decanus
828 1905 858 1931 et
880 1901 1056 1940 capitulum
1079 1901 1212 1932 ecclesie

200 1953 398 1984 Turonensis
415 1954 566 1993 petitione
584 1959 804 1985 monstrarunt
818 1955 901 1994 quod
921 1979 940 1984 ..
958 1955 1099 1985 decanus
1115 1961 1144 1986 et
1161 1965 1212 1986 ca-

200 2006 340 2046 pitulum
359 2007 490 2038 ecclesie
507 2007 616 2038 Sancti
642 2008 773 2038 Martini
798 2008 1014 2046 Turonensis,
1039 2009 1079 2039 ad
1106 2018 1210 2040 roma-

201 2069 277 2090 nam
309 2060 475 2091 ecclesiam
508 2061 597 2092 nullo
620 2062 727 2092 medio
752 2062 960 2100 pertinentis,
987 2063 1212 2100 pretendentes

203 2118 276 2151 etc.,
294 2119 329 2144 ut
347 2123 443 2154 supra
461 2124 561 2154 usque
579 2124 724 2146 exercere
747 2119 777 2145 et
798 2115 884 2154 quod
906 2115 1097 2146 venerabilis
1115 2116 1212 2147 frater

1306 411 1412 436 noster
1436 406 1644 444 Euchardus,
1668 407 1924 447 archiepiscopus
1950 408 2168 443 Turonensis.
2186 409 2310 442 elevata

1304 468 1398 489 cruce
1414 459 1573 498 signando
1591 459 1754 499 populum,
1778 461 1947 492 transitum
1963 470 2018 500 per
2033 462 2208 494 claustrum
2231 464 2310 496 fece-

1304 517 1353 542 rat
1371 513 1569 549 eorumdem,
1587 512 1725 543 eundem
1741 513 2030 553 archiepiscopum,
2041 519 2181 554 pretextu
2192 516 2310 548 indulti

1303 565 1489 605 hujusmodi
1504 590 1510 601 ,
1529 567 1652 596 moneri
1670 566 1710 597 de
1727 567 1826 602 facto,
1844 575 1917 596 cum
1933 566 1972 597 de
1984 568 2056 606 jure
2072 576 2136 599 non
2166 574 2308 608 possent,

1305 620 1450 649 fecerunt
1464 623 1498 649 ut
1513 619 1599 648 infra
1613 620 1690 649 certi
1715 620 1866 659 temporis
1887 621 2026 659 spatium
2043 625 2116 659 etc„
2130 630 2231 661 usque
2245 627 2311 653 tan·

1303 679 1371 703 tum
1388 677 1499 703 eontra
1515 672 1587 703 illos
1601 673 1658 712 qui
1675 672 1807 704 ecclesie
1823 673 1931 704 Sancti
1953 675 2080 705 Martini
2103 675 2186 705 bona
2207 676 2310 707 mani·
2347 702 2357 718 ὲ

1301 726 1381 756 feste
1396 730 1600 765 occuparent,
1613 726 1804 756 invaderent
1819 727 1886 757 sive
1903 732 2132 766 raperentetc.,
2146 737 2246 768 usque
2259 737 2311 770 ap-
2339 729 2344 735 ”
2372 728 2377 730 ’

1302 779 1468 818 pellatum,
1487 785 1519 810 at
1537 780 1612 810 dicti
1639 780 1779 810 decanus
1795 785 1825 809 et
1839 779 2016 819 capitulum
2033 781 2139 811 Sancti
2166 781 2308 820 Martini,

1301 833 1490 872 hujusmodi
1530 833 1744 873 appellatione
1784 838 1983 873 contempta,
2015 834 2160 865 fecerunt
2189 835 2310 867 dictum
2340 828 2342 837 ’

1300 887 1576 926 archiepiscopum
1595 887 1908 917 excommunicatum
1933 887 2058 927 publice
2083 888 2228 919 nuntiari
2242 888 2309 920 dic-

1302 945 1412 980 tosque
1440 941 1597 971 decanum
1623 933 1653 970 et
1677 940 1853 979 capitulum
1876 940 2007 971 ecclesie
2022 941 2221 972 Turonensis
2246 950 2310 974 mo·
2343 955 2345 961 ¹

1301 994 1372 1023 neri
1398 999 1432 1024 ut
1453 994 1537 1024 infra
1564 994 1705 1024 triduum
1728 998 1798 1033 post
1822 994 2036 1025 monitionem
2062 994 2250 1032 hujusmodi
2270 995 2311 1028 ah
2335 1022 2338 1025 ,

1301 1047 1444 1087 ejusdem
1457 1048 1940 1087 archiepiscopiparticipatione
1953 1052 2124 1084 cessarent,
2139 1047 2310 1088 ipsumque

1302 1105 1454 1139 tanquam
1473 1101 1786 1131 excommunicatum
1813 1101 1845 1130 in
1867 1101 2018 1131 omnibus
2035 1100 2210 1138 evitarent;
2230 1100 2308 1133 alio·

1300 1154 1380 1193 quin
1399 1154 1433 1183 in
1451 1154 1569 1184 dictum
1592 1154 1749 1184 decanum
1767 1158 1798 1183 et
1819 1153 1963 1192 singulos
1977 1153 2017 1184 de
2031 1158 2207 1185 memorato
2223 1155 2309 1194 capi-

1300 1207 1366 1237 tulo
1379 1208 1559 1242 'I‘uronensi
1568 1207 1911 1238 excommunicationis
1926 1211 1955 1237 et
1966 1207 1999 1237 in
2013 1206 2189 1246 capitulum
2202 1207 2308 1247 ipsum

1300 1261 1465 1291 interdicti
1481 1261 1656 1291 sententias
1670 1261 1927 1301 promulgabant.
1943 1260 1985 1290 Ex
2003 1265 2090 1299 parte
2103 1269 2176 1291 vero
2186 1268 2310 1292 eornm·
2340 1286 2342 1291 .

1299 1314 1372 1344 dem
1394 1314 1506 1344 decani
1529 1319 1560 1344 et
1581 1314 1710 1353 capituli
1731 1314 1927 1344 Turonensis
1951 1314 2010 1344 suit
2031 1322 2137 1344 coram
2160 1313 2309 1353 predictis
2331 1302 2334 1311 ¹

1298 1368 1418 1398 decano
1437 1373 1467 1398 et
1481 1368 1618 1407 capitulo
1634 1368 1743 1398 Sancti
1761 1368 1892 1398 Martini
1911 1367 2097 1407 excipiendo
2106 1366 2308 1406 'propositum
2324 1374 2342 1409 J

1297 1422 1400 1461 quod,
1418 1431 1490 1452 cum
1510 1422 1650 1460 prefatus
1674 1422 1932 1460 archiepiscopus
1948 1421 1987 1451 ah
2004 1421 2081 1460 ipsis
2102 1429 2138 1450 ex
2155 1410 2341 1459 premisso'l

1296 1476 1482 1514 gravamine
1497 1475 1536 1505 ad
1555 1475 1728 1514 predictam
1746 1475 1866 1511 sedem,
1883 1479 1918 1505 ut
1940 1474 2146 1513 premittitur,
2164 1473 2308 1513 legitime
2327 1488 2333 1490 -
2395 1479 2397 1482 ⁴

1295 1528 1496 1568 appellasset,
1512 1533 1656 1567 essetque
1672 1529 1757 1558 idem
1771 1528 2028 1567 archiepiscopus
2040 1528 2073 1557 in
2087 1527 2308 1567 prosequendo

1295 1581 1543 1620 appellationem
1565 1582 1700 1612 eandem
1714 1604 1723 1618 ,
1747 1581 1785 1611 de
1806 1582 1898 1620 cujus
1920 1585 2061 1620 tempore
2086 1579 2307 1619 prosequende

1295 1635 1519 1666 dinoscebatur
1538 1644 1602 1666 non
1620 1635 1782 1666 modicum
1803 1643 1986 1673 superesse,
2007 1637 2098 1673 prout
2115 1637 2207 1663 erant
2226 1632 2306 1672 legi·
2325 1627 2328 1629 ’

1296 1689 1373 1719 time
1399 1689 1533 1728 probare
1560 1689 1682 1728 parati,
1712 1688 1898 1727 hujusmodi
1925 1687 2098 1719 monitioni
2120 1686 2307 1718 eorumdem
2330 1717 2334 1725 ,

1294 1743 1408 1773 decani
1425 1747 1455 1772 et
1469 1743 1600 1782 capituli
1611 1742 1720 1773 Sancti
1737 1742 1870 1772 Martini
1881 1750 1993 1781 parere
2005 1740 2140 1770 minime
2154 1739 2306 1770 teneban-

1296 1800 1347 1826 tur
1362 1800 1391 1826 et
1408 1796 1448 1826 ad
1466 1796 1499 1825 id
1512 1796 1660 1835 compelli
1676 1796 1715 1826 de
1727 1797 1800 1835 jure
1819 1804 1883 1826 non
1900 1798 2046 1834 poterant
2060 1801 2121 1824 nec
2137 1793 2313 1839 dehebant..

1295 1850 1334 1880 Et
1351 1850 1428 1888 quia
1446 1850 1614 1880 memorati
1638 1850 1778 1886 decanus
1801 1853 1831 1878 et
1848 1847 2026 1887 capitulum
2042 1846 2153 1877 Sancti
2170 1845 2306 1877 Martini
2394 1834 2397 1842 Α

1294 1911 1346 1933 eos
1369 1912 1464 1942 super
1486 1903 1546 1934 hoc
1573 1903 1684 1933 audire
1704 1907 1813 1933 contra
1830 1902 1992 1942 justitiam
2017 1904 2226 1936 recusarunt,
2250 1895 2322 1939 prol

1295 1960 1381 1996 parte
1407 1956 1550 1995 ipsorum
1576 1956 1637 1986 fuit
1663 1956 1702 1986 ad
1729 1956 1836 1987 sedem
1866 1953 2073 1994 apostolicam
2098 1952 2304 1993 appellatum.

1294 2010 1449 2053 Quocirca
1464 2009 1648 2040 discretioni
1664 2014 1768 2040 vestre
1785 2018 1841 2048 per
1850 2007 2023 2048 apostolica
2039 2007 2156 2046 scripta
2171 2006 2304 2038 manda·

1293 2072 1368 2093 mus
1382 2067 1540 2103 quatenus
1552 2086 1561 2101 ‚
1583 2064 1703 2094 vocatis
1722 2063 1779 2102 qui
1800 2062 1924 2093 suerint
1943 2060 2097 2092 evocandi
2112 2064 2187 2098 etc.,
2205 2068 2306 2100 usque

1293 2116 1329 2147 in
1345 2116 1421 2147 fine.
1440 2128 1453 2144 n
