2342 3652
923 374 1153 412 TROISIEME
1176 375 1333 410 ANNEE,
2112 377 2174 407 569

576 452 701 483 Orvieto‚
719 451 751 477 ‘28
768 450 922 477 novembre
939 449 1015 476 1290.

127 517 166 546 In
181 525 207 546 e.
226 524 285 552 m.,
302 522 356 553 pro
371 513 503 544 ecclesia
519 514 707 544 Sanctorum
724 512 879 542 Nicandri
893 516 923 542 et
938 511 1089 541 Martiani

89 574 176 601 extra
187 577 295 598 muros
312 567 505 597 Venafrana.

131 634 145 649 α
162 622 234 652 Vite
250 620 399 659 perennis
417 619 556 657 gloria...
572 635 611 641 —
626 619 698 649 Dat.
716 618 799 657 apud
815 619 1088 652 Urbemveterem‚

91 686 137 707 1111
152 674 305 705 kalendas
320 673 508 708 decembriS,
525 681 610 703 anno
626 673 727 703 tertio.
746 685 760 698 n

132 729 171 759 In
186 738 214 759 e.
231 737 274 757 m.
286 750 294 764 ‚
314 735 369 766 pro
385 726 505 765 capella
525 726 689 765 hospitalis
710 726 747 756 de
767 730 868 756 castro
886 725 1071 755 Florentino
1083 747 1091 760 ‚

95 782 287 814 Vulteranae
299 780 462 816 dioecesis,
477 780 511 809 in
525 779 680 810 honorem
696 783 876 809 sanctorum
890 778 1048 808 ‚Iohannis
1065 781 1094 807 et

93 835 202 868 Jacobi
216 833 432 873 apostolorum
454 837 484 862 et
506 836 632 862 sanctae
657 831 851 862 Petronillae
871 831 1008 869 virginis
1022 839 1094 860 con-

95 891 222 919 structa.
240 887 311 916 Dat.
331 890 365 916 ut
380 895 485 924 supra.
503 885 561 924 (En
577 884 707 923 marye.)

134 942 172 971 In
188 950 217 972 e.
239 950 297 978 m.,
318 948 374 979 pro
396 939 528 969 ecclesia
550 939 658 969 Sancti
674 938 760 968 Petri
779 938 910 977 apostoli
927 938 1093 976 Bergensi,

94 994 288 1025 Morinensis
303 993 467 1023 dioecesis.

135 1060 150 1076 ι
177 1048 367 1078 Sanctorum
392 1046 516 1076 meritis
541 1045 689 1075 inclita...
717 1063 756 1067 —
782 1046 853 1075 Dat.
884 1050 918 1076 ut
944 1055 1048 1084 supra.
1081 1058 1094 1073 ι»

95 1101 199 1142 (Ibid.)

581 1164 711 1196 Orvieto,
729 1166 767 1192 1⁸¹·
782 1166 932 1192 decembre
950 1165 1025 1192 1290.

134 1229 174 1258 In
190 1238 218 1258 e.
236 1237 294 1265 m.,
312 1236 366 1267 pro
384 1227 517 1258 ecclesia
532 1227 716 1257 monasterii
735 1226 868 1257 Sanctae
887 1226 1098 1266 Claraejuxta

95 1282 250 1312 Parisius.

138 1347 153 1362 α
171 1335 244 1365 Vite
260 1335 410 1374 perennis
425 1334 564 1373 gloria...
579 1350 620 1357 —
634 1334 705 1364 Dat.
723 1334 806 1372 apud
825 1334 1096 1372 Urbemveterem,

97 1387 243 1418 kalendis
258 1387 448 1425 decembris,
467 1396 553 1418 anno
570 1387 673 1417 tertio.
692 1398 706 1413 »
723 1386 829 1426 (Ibid.)

587 1486 714 1521 Orvieto,
730 1487 763 1514 22
780 1488 933 1514 novembre
951 1489 1026 1516 1290.

139 1552 178 1582 In
194 1561 221 1582 e.
236 1560 294 1589 m.,
311 1560 367 1590 pro
384 1550 517 1581 ecclesia
535 1551 573 1580 de
588 1551 749 1588 Kettiuge‚
769 1551 1003 1581 Lincolniensis
1020 1552 1102 1582 dioe-

99 1606 191 1636 cesis.
211 1606 284 1635 Dat.
300 1605 385 1644 apud
400 1605 663 1635 Urbemveterem
676 1628 683 1642 ,
703 1614 721 1633 x
736 1604 890 1634 kalendas
906 1605 1099 1641 decembris,

99 1668 184 1690 anno
200 1659 301 1690 tertio.
317 1658 424 1698 (Ibid.)

575 1744 704 1775 Orvieto,
725 1745 759 1771 ‘28
780 1745 933 1771 novembre
954 1745 1030 1772 1290.

138 1808 177 1838 In
205 1817 232 1838 e.
261 1817 303 1838 m.
317 1832 324 1844 ,
354 1816 408 1846 pro
440 1806 572 1837 ecclesia
594 1807 781 1837 monasterii
814 1807 921 1837 Sancti
949 1807 1102 1837 Winnoci

102 1861 286 1900 BergensiS,
304 1861 426 1891 ordinis
442 1861 474 1891 S.
493 1861 669 1897 Benedicti,
685 1860 880 1890 Morinensis
897 1860 1060 1890 dioecesis.

142 1926 156 1942 α
170 1915 360 1945 Sanctorum
375 1914 497 1944 meritis
509 1918 577 1944 et...
591 1930 631 1936 —
645 1914 717 1943 Dat.
731 1913 814 1952 apud
828 1913 1102 1950 Urbemveterem,

103 1977 149 1998 1111
164 1967 319 1998 kalendas
335 1967 524 2004 decembris,
541 1975 627 1997 anno
644 1967 746 1997 tertio.
766 1979 779 1994 n
797 1966 899 2005 (Ibid.)

172 2179 289 2214 aasz

136 2241 179 2268 De
193 2240 364 2277 praebendis
385 2240 412 2267 in
430 2240 553 2267 ecclesia
574 2239 760 2267 Gebennensi
785 2240 937 2266 vacaturis.
958 2239 1037 2271 (Rae.
1055 2239 1102 2270 45,

102 2298 127 2318 c.
143 2291 209 2323 561,
225 2291 245 2317 f.
263 2290 311 2317 113
328 2289 380 2323 νο.)

540 2206 542 2209 ,
592 2177 718 2209 Orvieto,
734 2177 768 2204 24
784 2177 938 2204 novembre
955 2176 1032 2204 1290.

143 2429 165 2437 ..
181 2407 282 2436 abbati
302 2406 480 2436 monasterii
496 2405 529 2434 de
546 2405 801 2441 Intermontibus‚
824 2405 1020 2434 Gebemzensis
1038 2405 1103 2433 dio-

103 2461 184 2490 cesis.
212 2472 226 2486 «
251 2459 484 2497 Significarunt
504 2458 595 2488 nobis
621 2458 729 2488 dilecti
749 2457 810 2487 filii
835 2480 854 2487 ..
879 2458 1052 2497 prepositus
1076 2461 1107 2487 et

103 2512 277 2552 capitulum
292 2511 423 2542 ecclesie
441 2511 663 2542 Gebennensis
679 2511 763 2550 quod
774 2534 781 2547 ‚
802 2511 827 2540 si
852 2511 978 2550 quando
994 2511 1027 2540 in
1044 2510 1105 2541 Ge-

102 2565 261 2596 hennensi
286 2564 429 2601 ecclesia,
450 2565 485 2594 in
509 2573 572 2603 qua
591 2564 825 2603 prebendarum
847 2563 971 2594 collatio
992 2563 1032 2593 ad
1055 2572 1106 2593 eos

103 2619 252 2658 pertinet,
275 2618 469 2657 prebendam
494 2617 636 2657 aliquam
662 2626 774 2647 vacare
798 2617 973 2655 contingat,
1000 2616 1107 2656 plures

105 2671 164 2702 suh
181 2672 397 2710 expectatione
414 2670 649 2710 prebendarum
671 2674 895 2700 vacaturarum
915 2670 1035 2700 ibidem
1056 2679 1106 2700 re-

105 2724 188 2764 cepti
201 2733 257 2764 per
272 2728 453 2755 executores
469 2723 531 2753 sibi
547 2732 564 2753 a
586 2723 660 2753 sede
675 2722 846 2762 apostolica
861 2723 1040 2762 deputatos,
1058 2722 1108 2752 vel

105 2776 284 2816 legatorum
307 2776 426 2816 ipsius,
452 2776 647 2815 prebendam
671 2776 856 2815 hujusmodi
880 2777 939 2806 sibi
965 2776 1107 2806 conferre

105 2834 287 2870 procurant,
304 2838 440 2869 quorum
467 2829 602 2868 quilibet
623 2829 716 2859 dictis
737 2830 894 2868 preposito
917 2834 947 2859 et
970 2829 1108 2868 capitulo

105 2893 162 2924 per
178 2887 359 2915 executores
373 2884 459 2922 ipsos
476 2882 625 2912 mandari
645 2883 767 2913 faciunt
783 2887 817 2912 ut
832 2892 905 2913 eum
920 2883 959 2912 ad
975 2883 1107 2922 preben-

107 2936 180 2968 dam
202 2937 304 2976 ipsam
329 2936 497 2966 admittere
521 2944 557 2965 ac
580 2935 820 2965 distributiones
848 2935 1022 2966 cotidianas
1048 2935 1108 2965 sibi

107 2990 256 3021 exhibere
276 2993 460 3029 procurent,
477 2989 512 3019 in
529 2987 665 3026 singulis
681 2988 719 3018 de
733 2988 816 3018 dieto
831 2988 978 3027 capitulo,
999 2989 1026 3018 si
1051 2988 1109 3018 hoc

107 3052 172 3074 non
189 3044 332 3081 fecerint,
349 3042 689 3073 excommunicationis
713 3046 744 3072 et
764 3042 799 3072 in
822 3042 999 3081 predictum
1022 3043 1108 3081 capi-
1143 3033 1148 3086 ξ

248 3110 321 3137 Rae.
341 3109 466 3137 Niconas
485 3107 539 3135 IV.

1171 446 1274 476 tulum
1293 446 1454 477 interdicti
1473 445 1640 476 sententiis
1660 444 1904 484 promulgatis...
1929 443 2084 480 Quocirca
2106 443 2171 473 dis-

1171 500 1303 530 cretioni
1321 504 1372 530 tue
1394 509 1447 539 per
1465 499 1636 538 apostolica
1658 499 1774 537 scripta
1795 497 1986 527 mandamus
2009 496 2174 535 quatinus,

1172 552 1199 582 si
1214 556 1260 582 est
1274 553 1332 589 ita,
1353 556 1494 591 receptos
1510 551 1695 590 hujusmodi
1713 556 1742 580 et
1767 559 1876 580 eorum
1893 554 2073 579 executores
2089 549 2174 587 quod

1173 605 1211 635 ab
1234 606 1374 636 indebito
1403 615 1498 644 super
1520 605 1584 634 hiis
1608 604 1796 642 gravamine
1820 603 1977 633 dictorum
2004 602 2170 641 prepositi,

1173 658 1302 698 capituli
1328 663 1358 688 et
1383 658 1530 694 ecclesie,
1557 657 1708 687 videlicet
1731 657 1766 686 in
1792 664 1948 686 concursu
1974 655 2174 684 diversorum

1174 712 1392 742 tantummodo
1410 711 1643 745 mandatorum,
1663 709 1795 740 omnino
1811 708 1984 744 desistant,
2001 706 2178 737 dummodo

1173 765 1271 794 iidem
1298 765 1473 803 prepositus
1503 769 1532 794 et
1560 762 1734 802 capitulum
1764 762 1802 791 de
1826 761 1995 800 prebendis
2019 760 2179 789 vacaturis

1175 818 1294 847 ibidem
1321 827 1354 847 se
1379 816 1564 846 nullatenus
1592 815 1822 850 intromittant,
1849 817 1924 843 tunc
1953 813 2074 843 scilicet
2103 820 2176 842 cum

1177 871 1273 901 simul
1284 879 1339 910 pro
1353 870 1485 899 diversis
1498 869 1640 909 personis
1656 868 1815 898 contraria
1826 867 1974 896 mandata
1986 875 2040 905 per
2055 865 2176 895 litteras

1177 924 1216 954 de
1232 924 1349 962 quibus
1365 923 1426 952 sibi
1441 923 1529 962 prius
1546 931 1610 952 non
1626 921 1767 951 innotuit
1783 924 1989 958 susceperunt
2004 927 2098 957 super
2114 918 2179 947 hiis

1177 982 1208 1007 et
1229 977 1422 1007 sufficienter
1441 980 1573 1006 caveant
1596 976 1630 1004 in
1652 975 1711 1004 hoc
1733 982 1807 1003 casu
1829 973 1914 1011 quod
1937 972 1976 1001 ad
1996 972 2080 1010 ipsas
2094 971 2181 1009 ipsos

1177 1029 1352 1061 liberaliter
1371 1030 1527 1068 recipiant
1550 1028 1605 1067 qui
1626 1028 1778 1057 canonice
1798 1027 1881 1064 ipsas
1899 1025 2018 1055 fuerint
2041 1023 2179 1053 assecuti

1178 1084 1228 1115 vel
1252 1083 1482 1113 sententialiter
1502 1081 1692 1112 obtinebunt
1712 1080 1850 1115 easdem,
1876 1078 2003 1116 illisque
2027 1076 2180 1106 distribu-

1178 1138 1277 1168 tiones
1289 1137 1410 1166 ratione
1421 1135 1653 1174 prebendarum
1665 1132 1851 1171 hujusmodi
1864 1132 1910 1161 eis
1921 1130 2040 1160 debitas
2055 1130 2182 1166 integre

1178 1190 1422 1224 ministrabunt,
1442 1188 1619 1218 monitione
1635 1186 1804 1225 premissa,
1821 1193 1877 1223 per
1893 1191 2061 1213 censuram
2081 1181 2180 1212 eccle-

1180 1244 1351 1278 siasticam,
1373 1241 1581 1280 appellatione
1599 1243 1730 1275 remota,
1753 1236 1923 1276 compellas
1936 1259 1943 1271 ,
1962 1234 2180 1266 excommuni-

1181 1297 1329 1331 cationis,
1347 1294 1563 1333 suspensionis
1582 1296 1610 1322 et
1626 1291 1785 1322 interdicti
1804 1290 1986 1326 sententiis,
2006 1289 2032 1318 si
2050 1296 2128 1326 quas
2145 1287 2181 1316 in

1180 1350 1335 1389 predictos
1357 1348 1548 1387 prepositum
1569 1351 1599 1376 et
1620 1344 1794 1383 capitulum
1815 1343 1865 1373 vel
1885 1344 2025 1381 ipsorum
2042 1341 2182 1379 aliquem

1181 1402 1261 1432 latas
1293 1402 1358 1432 fore
1379 1399 1564 1439 hujusmodi
1590 1398 1754 1428 occasione
1786 1397 1841 1426 tibi
1868 1394 2063 1429 constiterit,
2093 1394 2183 1432 juxta

1182 1456 1318 1486 formam
1343 1454 1472 1484 ecclesie
1496 1452 1634 1488 relaxes,
1660 1459 1754 1489 super
1773 1448 2006 1487 irregularitate
2029 1447 2058 1476 si
2086 1455 2182 1485 quam

1183 1520 1293 1542 eorum
1310 1509 1412 1548 aliqui
1427 1508 1558 1538 forsitan
1575 1506 1790 1537 contraxerint
1802 1513 1874 1534 cum
1891 1504 1935 1534 eis
1951 1502 2183 1533 nichilominus

1183 1563 1406 1604 dispensando.
1432 1562 1503 1590 Dat.
1531 1559 1614 1598 apud
1639 1558 1917 1593 Urbemveterem,
1945 1565 2001 1585 vni
2030 1553 2184 1584 kalendas

1184 1616 1373 1653 decembris,
1390 1624 1475 1645 anno
1492 1614 1594 1644 tertio.
1615 1625 1629 1639 ι)

1256 1829 1372 1858 θῖἵθ
1674 1824 1800 1853 Orvieto,
1816 1822 1849 1848 27
1867 1820 2020 1847 novembre
2036 1819 2113 1845 1290.

1220 1892 1407 1926 Privilegium
1431 1889 1604 1916 monasterio
1629 1885 1797 1913 Fiscanensi
1821 1891 2003 1911 concessum.
2031 1881 2111 1915 (Rae.
2138 1880 2186 1912 45,

1185 1950 1210 1968 e.
1230 1941 1290 1975 56‘2,
1306 1941 1326 1967 f.
1346 1939 1393 1967 113
1408 1941 1461 1972 vo.)

1228 2088 1248 2095 ..
1270 2064 1368 2094 abbati
1388 2069 1414 2093 et
1434 2062 1596 2092 conventui
1615 2059 1794 2089 monasterii
1814 2057 2013 2091 Fiscanensz's,
2031 2054 2070 2083 ad
2085 2061 2188 2095 rorpa-

1187 2128 1259 2149 nam
1284 2118 1437 2147 ecclesiam
1461 2116 1547 2145 nullo
1574 2113 1670 2143 medio
1692 2112 1888 2150 pertinentis,
1907 2109 2024 2138 ordinis
2042 2107 2072 2136 S.
2094 2107 2188 2136 Bene-

1187 2174 1271 2208 dicti,
1298 2170 1541 2207 Rothomayensz's
1560 2168 1698 2202 diocesis,
1721 2164 1868 2202 indulget
1888 2167 1922 2192 ut
1945 2161 2053 2191 nullus
2076 2160 2109 2189 in
2137 2166 2191 2189 eos

1186 2223 1361 2262 interdicti,
1374 2221 1591 2261 suspensionis
1603 2219 1652 2249 vel
1665 2214 2003 2249 excommunicationis
2015 2211 2190 2243 sententias

1186 2278 1387 2318 promulgare
1398 2276 1506 2315 possit,
1519 2275 1587 2304 sine
1597 2272 1725 2312 speciali
1737 2271 1820 2301 sedis
1831 2268 2019 2309 apostolicae
2028 2266 2189 2301 mandato⁷

1186 2331 1269 2371 quod
1284 2330 1381 2369 hujus
1396 2328 1515 2359 indulti
1531 2327 1727 2357 mentionem
1745 2332 1925 2363 expressam
1940 2321 2058 2351 fecerit.

1228 2396 1241 2410 «ι
1260 2383 1437 2421 Religionis
1453 2385 1556 2410 vestre
1574 2383 1752 2409 meretur...
1768 2394 1806 2399 -
1822 2377 1893 2406 Dat.
1913 2374 1996 2414 apud
2012 2372 2190 2403 Urbemve-

1187 2442 1296 2474 terem,
1317 2446 1336 2466 v
1354 2434 1508 2465 kalendas
1524 2432 1712 2469 decembris,
1729 2439 1815 2461 anno
1832 2429 1932 2460 tertio.
1953 2440 1966 2454 n

1259 2649 1376 2677 3224
1677 2642 1807 2673 Orvieto‚
1825 2640 1856 2667 27
1873 2638 2027 2666 novembre
2044 2636 2120 2662 ¹290.

1224 2711 1411 2745 Privilegium
1436 2707 1608 2735 monasterio
1633 2703 1801 2732 Fiscanensi
1825 2708 2008 2729 concessum.
2036 2698 2119 2733 (Rae.
2142 2697 2190 2729 45,

1189 2770 1215 2789 c.
1232 2760 1299 2795 563,
1314 2760 1334 2786 f.
1355 2759 1404 2786 <113
1420 2758 1471 2792 vo.)

1229 2883 1359 2912 Eisdem.
1380 2880 1473 2910 Vetat
1495 2887 1536 2908 ne
1551 2877 1622 2916 quis
1640 2876 1675 2905 in
1693 2876 1854 2914 posterum
1872 2877 2063 2909 cognoscere
2078 2866 2192 2897 audeat

1189 2936 1227 2966 de
1238 2933 1415 2974 privilegiis
1425 2932 1540 2972 quibus
1551 2939 1603 2961 eos
1617 2929 1706 2959 sedes
1717 2925 1885 2966 apostolica
1895 2924 1934 2954 ab
1947 2921 2037 2953 omni
2048 2920 2191 2951 locorum

1189 2988 1426 3020 ordinariorum
1439 2983 1663 3025 jurisdictione
1680 2980 1806 3012 exemit.

1232 3053 1246 3068 ct
1264 3041 1385 3072 Meritis
1401 3042 1502 3070 vestre
1518 3035 1731 3068 devotionis...
1746 3048 1786 3056 —
1798 3032 1868 3061 Dat.
1886 3033 1919 3060 ut
1934 3036 2040 3067 supra.
2058 3038 2073 3054 »

2021 3093 2055 3121 72
