2342 3652
685 375 918 416 TROISIEME
940 372 1096 413 ANMiE.
1120 398 1159 403 --
1180 381 1367 411 LETTRES
1389 380 1613 412 CURIALES.
2139 377 2195 408 637

105 463 160 493 pro
183 455 321 485 violenta
342 463 498 484 manuum
514 453 686 492 injectione
705 453 739 482 in
758 451 888 482 clericos
904 451 1111 480 incurrerunt

106 512 137 537 et
160 508 368 546 dispensandi
393 516 465 537 cum
494 507 538 537 eis
561 515 655 545 super
682 505 914 544 irregularitate
945 512 1041 542 quam
1066 503 1111 532 sic

107 561 198 600 ligati
214 565 453 592 contraxerunt.

151 628 163 641 α
181 616 261 644 Cum
280 620 307 644 te
325 614 403 645 ad...
423 631 456 635 -
475 614 545 643 Dat.
568 619 720 651 utsupra.
741 625 754 638 v>

179 761 296 789 4369

146 824 210 850 Alia
226 823 345 850 facultas
360 822 453 849 eidem
469 830 618 849 concessa.
636 821 719 854 (Rae.
735 822 777 851 45,
794 829 819 847 c.
837 820 879 850 79,
896 820 915 846 f.
936 820 980 846 171
999 821 1045 851 ro.)

661 759 792 791 (Ji-vieto,
809 758 842 784 ‘33
854 758 948 792 juillet
968 757 1043 784 1290.

152 919 255 948 Eidem
281 917 463 947 facultatem
491 917 635 947 concedit
660 916 866 955 dispensandi
895 924 967 945 cum
995 915 1118 945 clericis

113 971 216 1010 ipsius
239 970 409 1008 legationis
434 970 592 999 defectum
617 969 774 999 natalium
800 969 1009 1007 patientibus,
1029 972 1064 997 ut
1083 968 1119 997 in

114 1023 268 1062 susceptis
285 1023 452 1053 ordinibus
470 1023 671 1058 ministrare,
689 1023 728 1051 ad
746 1023 924 1060 superiores
940 1021 1120 1060 promoveri

114 1082 144 1108 et
165 1086 267 1107 unum
293 1076 456 1105 dumtaxat
483 1075 733 1105 ecclesiasticum
759 1076 951 1105 beneficium
977 1076 1120 1105 obtinere

113 1131 255 1167 valeant,
273 1129 446 1159 dummodo
465 1138 481 1159 e
501 1129 712 1168 presbyteriS,
730 1129 945 1167 regularibus,
963 1128 1120 1158 adulterio

113 1189 167 1216 aut
182 1185 306 1214 incestu
321 1183 422 1221 geniti
439 1191 503 1212 non
520 1183 666 1212 existant.

155 1252 167 1267 (ι
187 1239 268 1269 Cum
288 1242 317 1268 te
333 1237 408 1267 ad...
425 1253 464 1259 —
481 1236 552 1266 Dat.
571 1241 605 1265 nt
623 1245 728 1275 supra.
749 1249 761 1262 n

184 1384 303 1413 4320

152 1447 216 1474 Alia
231 1447 352 1474 facultas
367 1446 460 1472 eidem
477 1453 627 1472 concessa.
648 1445 730 1475 (Res.
748 1446 798 1475 45,
815 1454 838 1471 ⁶.
860 1445 908 1474 90,
927 1445 944 1470 f.
966 1445 1009 1471 171
1029 1444 1080 1478 ro.)

712 1382 838 1411 Orvieto.
857 1383 871 1408 5
887 1383 953 1408 aout
974 1382 1050 1409 1290.

163 1541 330 1573 Venerabili
351 1543 447 1578 fratri
469 1542 514 1577 B„
538 1542 671 1578 episcopo
697 1542 866 1577 Eziqubino.
894 1553 906 1568 α
932 1541 1049 1570 Meruit
1073 1544 1126 1569 tue

120 1595 335 1626 devotionis...
364 1595 402 1624 In
429 1598 538 1624 nostra
564 1594 724 1632 siquidem
751 1595 941 1623 constitutus
968 1594 1127 1632 presentia

121 1650 259 1681 retulisti
282 1648 366 1688 quod
386 1653 450 1677 tam
473 1653 503 1677 tu
522 1656 618 1686 quam
641 1648 876 1686 predecessores
896 1647 942 1676 tui
965 1646 1128 1684 Eugubini

123 1703 277 1743 episcopi,
294 1703 352 1742 qui
370 1702 500 1731 suerunt
516 1710 572 1740 pro
589 1705 745 1739 tempore,
763 1701 797 1729 in
816 1700 1007 1738 quibusdam
1027 1699 1128 1729 eccle-

123 1759 195 1793 siis,
214 1757 369 1796 exemptis
384 1760 414 1785 et
430 1764 495 1785 non
512 1755 682 1793 exemptis,
702 1754 840 1796 civitatis
864 1759 894 1784 et
914 1754 1048 1784 diocesis
1066 1753 1128 1783 En-

123 1811 255 1850 gubine,
266 1810 300 1839 in
317 1810 411 1839 certis
425 1808 632 1839 ecclesiarum
646 1809 790 1846 ipsarum
804 1807 1040 1841 festivitatibus,
1053 1806 1132 1836 cele-

123 1864 215 1894 brare
239 1868 270 1894 et
292 1863 332 1893 ab
358 1863 404 1892 eis
429 1866 529 1892 certos
550 1870 665 1891 census
690 1861 759 1890 sive
778 1860 901 1889 affictus
921 1859 1132 1889 consuevistis

123 1918 264 1956 recipere
283 1916 323 1946 ab
344 1916 491 1953 antiquo,
515 1914 618 1949 unde,
642 1922 716 1944 cum
737 1913 859 1952 pridem
879 1913 918 1942 ad
937 1917 1039 1952 partes
1056 1912 1132 1941 Ala-

124 1971 244 2006 manie,
257 1968 438 1999 commissis
456 1968 511 1997 tibi
529 1967 623 1997 certis
639 1967 773 1996 ecclesie
790 1975 921 1995 romane
937 1965 1085 2003 negotiis,
1105 1970 1133 1994 te

122 2023 312 2054 duxerimus
333 2021 580 2055 destinandum.
607 2024 637 2050 et
657 2029 744 2050 nunc
760 2019 798 2049 ad
820 2028 957 2057 regnum
976 2018 1130 2055 ngai-ie,

123 2077 181 2108 tibi
194 2076 288 2116 plene
302 2076 336 2105 in
349 2084 385 2105 eo
397 2079 426 2105 et
441 2075 514 2104 aliis
526 2074 695 2104 nonnullis
708 2074 849 2112 partibus
865 2073 1035 2103 commisso
1051 2072 1134 2109 lega-

123 2130 219 2161 tionis
234 2129 349 2164 officio,
369 2129 580 2164 destinemus,
599 2132 630 2158 et
647 2131 812 2166 propterea
830 2128 859 2156 te
878 2126 917 2156 ab
933 2125 1065 2156 ecclesia
1081 2130 1134 2154 tua

123 2186 264 2222 oporteat
277 2182 455 2218 absentare,
471 2181 637 2220 providere
655 2181 711 2210 tibi
728 2185 758 2210 et
771 2180 874 2210 eidem
891 2179 1023 2209 ecclesie
1040 2188 1134 2216 super

123 2237 184 2268 hoc
199 2237 238 2267 de
253 2236 452 2274 benignitate
467 2235 561 2265 solita
577 2235 798 2273 dignaremur.
815 2235 880 2264 Nos
894 2234 1013 2272 itaque,
1030 2233 1091 2262 tnis
1105 2230 1135 2262 e't

123 2291 224 2330 ipsius
246 2289 379 2320 ecclesie
398 2288 689 2327 indempnitatibus
710 2296 876 2327 precavere
897 2287 1049 2321 volentes,
1068 2286 1133 2315 sra-

125 2344 269 2374 ternitati
299 2348 349 2372 tue
377 2347 425 2378 ut,
447 2341 603 2380 quamdiu
629 2341 769 2380 predicte
794 2341 966 2379 legationis
992 2339 1134 2370 officium

125 2397 326 2436 prosequeris
342 2400 372 2425 et
388 2395 549 2433 obsequiis
564 2394 734 2434 apostolice
753 2394 836 2424 sedis
854 2394 999 2429 insistes,
1020 2401 1134 2422 census

127 2452 195 2482 sive
214 2451 337 2480 affictus
362 2449 537 2488 predictos,
557 2458 612 2487 per
634 2452 664 2478 te
684 2448 735 2478 vel
760 2457 816 2487 per
838 2447 937 2477 alium
959 2456 1013 2476 seu
1039 2446 1133 2482 alios,

126 2505 251 2542 integre
274 2504 437 2542 percipere
457 2502 562 2532 valeas
584 2506 614 2531 et
629 2502 763 2536 habere,
780 2500 923 2531 absentia
945 2504 997 2529 tua
1013 2508 1134 2538 nequa-

126 2567 223 2598 quam
236 2557 390 2592 obstante,
403 2556 589 2585 auctoritate
600 2555 798 2594 presentium
811 2553 1030 2591 indulgemus.
1045 2552 1135 2582 Nulli

127 2619 213 2649 ergo,
230 2613 302 2647 etc.,
320 2613 426 2639 nostre
443 2607 670 2644 concessionis,
688 2611 746 2637 etc.
764 2607 836 2636 Dat.
856 2606 940 2645 apud
958 2605 1134 2635 Urbemve-

127 2669 238 2700 terem,
258 2662 354 2693 nonis
372 2662 512 2700 augusti,
531 2670 617 2691 anno
637 2661 738 2692 tertio.
761 2672 775 2687 n

197 2809 452 2838 4321-4323

163 2872 264 2899 Eidem
287 2871 439 2906 legationis
464 2871 586 2897 officium
608 2871 637 2896 in
658 2869 786 2903 Ungaria
805 2867 968 2895 committit.
986 2866 1069 2900 (Rau.
1087 2866 1135 2899 45,

128 2930 154 2948 c.
170 2921 215 2955 81,
231 2921 251 2948 f.
270 2921 316 2947 171
335 2927 377 2952 r⁰;
396 2919 513 2950 Porta..
530 2917 744 2948 ‘23384—23385.)

630 2805 756 2837 Orvieto,
776 2806 790 2831 7
807 2804 970 2840 septembre
987 2803 1064 2830 1290.

176 3009 342 3039 Venerabili
356 3009 451 3045 fratri
467 3009 497 3037 Β.
509 3031 516 3045 ,
535 3009 667 3045 episcopo
687 3006 864 3043 Euyubino,
884 3004 1043 3042 apostolice
1061 3003 1138 3033 sedis

131 3061 236 3100 leyato.

1234 459 1247 474 α
1265 448 1329 477 Etsi
1346 457 1478 478 romana
1496 446 1665 477 ecclesia...
1683 464 1720 467 —
1735 446 1805 475 Dat.
1823 446 1905 485 apud
1918 445 2194 480 Urbemveterem,

1192 510 1236 530 vu
1252 501 1324 530 idus
1341 500 1541 540 septembris,
1560 508 1645 530 anno
1661 500 1761 529 tertio.
1783 511 1797 526 γ»

1699 593 1825 623 Orvieto,
1842 593 1857 620 8
1870 592 2032 627 septembre
2049 591 2127 619 1290.

1234 656 1272 685 In
1291 665 1318 685 e.
1336 665 1380 686 m.
1401 656 1568 685 universos
1584 654 1854 693 archiepiscopos,
1872 654 2049 692 episcopos,
2067 652 2197 688 electos,

1197 709 1324 739 abbates
1353 713 1383 738 et
1411 708 1488 738 alios
1518 707 1725 738 ecclesiarum
1755 706 1910 746 praelatos
1938 715 1993 745 per
2019 705 2200 743 Ungariam

1197 763 1382 792 constitutos
1399 762 1546 792 hortatur
1560 766 1594 791 ut
1610 761 1715 791 eidem
1730 760 1833 798 legato
1844 760 2005 790 assistant.
2026 760 2098 788 Dat.
2118 757 2202 797 apud

1198 815 1473 850 Urbemveterem,
1491 824 1522 843 vi
1538 814 1610 844 idus
1626 814 1824 852 septembris,
1843 821 1929 842 anno
1943 813 2045 843 tertio.

1239 868 1277 897 In
1295 877 1321 897 e.
1340 877 1382 897 m.
1401 867 1507 904 duces,
1526 867 1738 903 marchiones,
1756 867 1902 901 comites,
1919 866 2055 895 barones
2075 868 2104 894 et
2126 864 2203 894 uni-

1199 930 1306 951 versos
1321 921 1440 951 Christi
1458 920 1567 950 fideles
1583 929 1638 959 per
1654 920 1833 957 Ungariam
1851 919 2047 948 constitutos.

1271 1127 1390 1154 4324

1238 1189 1312 1222 Regi
1330 1188 1526 1214 Romanorum
1545 1186 1678 1212 eumdem
1702 1186 1828 1220 legatum
1852 1185 2043 1211 commendat.
2059 1184 2141 1217 (Rm.
2159 1184 2206 1215 45,

1203 1246 1229 1264 c.
1246 1237 1289 1268 82,
1306 1237 1325 1263 s.
1346 1237 1390 1262 171
1410 1242 1455 1267 x·0;
1474 1235 1590 1267 Portu„
1608 1234 1717 1267 23386.)

1701 1123 1828 1157 Orvieto‚
1846 1123 1861 1149 9
1877 1123 2039 1157 septembre
2058 1123 2134 1150 1‘290.

1245 1353 1407 1382 Carissimo
1430 1354 1462 1381 in
1483 1352 1600 1381 Christo
1621 1352 1685 1389 filio
1707 1352 1751 1385 R„
1772 1352 1836 1387 ’περί
1854 1351 2060 1380 Romanorum
2082 1350 2208 1379 illustri.

1248 1420 1260 1431 a
1278 1405 1525 1436 Considerautcs
1548 1405 1699 1433 attentius
1720 1404 1875 1433 eximie...
1897 1419 1935 1425 —
1953 1403 2024 1432 Dat.
2046 1402 2130 1440 apud
2146 1402 2211 1432 Ur-

1206 1460 1433 1494 bemveterem,
1450 1467 1469 1486 v
1485 1457 1556 1487 idus
1574 1457 1773 1495 septembris,
1793 1465 1877 1486 auno
1896 1457 1997 1486 tertio.
2017 1468 2030 1481 ³>

1279 1657 1528 1687 4325-4326

1247 1720 1384 1746 Personis
1406 1718 1613 1745 ecclesiasticis
1635 1722 1663 1744 et
1682 1718 1763 1744 laicis
1781 1717 1927 1752 Ungariae
1949 1716 2063 1743 mandat
2077 1720 2109 1742 ut
2124 1715 2217 1742 eidem

1211 1770 1305 1804 legato
1320 1769 1468 1795 assistant.
1485 1767 1569 1801 (Hi-ze.
1588 1768 1636 1799 45,
1653 1775 1677 1793 c.
1696 1767 1739 1799 83,
1756 1768 1775 1794 f.
1797 1766 1844 1793 172
1862 1768 1910 1799 r0.)

1688 1656 1815 1687 Orvieto,
1836 1657 1872 1682 1er
1886 1655 2048 1690 septembre
2066 1654 2142 1681 1290.

1251 1885 1406 1921 Nicotaus,
1429 1889 1481 1913 etc.
1514 1883 1735 1912 l'enerabt'libns
1753 1882 1901 1918 fratribus
1922 1882 2077 1911 universis
2101 1881 2220 1910 archie-

1210 1938 1340 1976 piscopis
1354 1943 1379 1967 et
1395 1938 1539 1975 episcopis
1554 1945 1588 1965 ac
1604 1936 1719 1965 dilectis
1730 1936 1807 1972 filiis
1818 1936 1926 1972 electis,
1939 1934 2093 1964 abbatibus
2108 1939 2134 1963 el
2148 1934 2221 1962 aliis

1214 1992 1406 2020 ecclesiarum
1423 1990 1551 2027 prelatis
1567 1998 1621 2026 per
1640 1997 1768 2026 reynum
1789 1989 1920 2026 Unyarie
1934 1989 2118 2020 constitutis,
2134 1988 2219 2016 sala-

1217 2050 1283 2077 tem,
1304 2049 1356 2073 etc.
1382 2043 1435 2073 Eis
1453 2042 1584 2072 mandat
1603 2046 1635 2071 ut
1654 2042 1704 2077 R,
1727 2042 1912 2080 episcopum
1934 2041 2160 2079 Eugubinum‚
2181 2039 2222 2070 ad

1215 2105 1352 2134 regnum
1372 2095 1533 2133 Ungariae
1548 2095 1704 2132 legatum,
1723 2095 1762 2124 de
1777 2099 1860 2124 statu
1878 2094 1979 2132 ipsius
1996 2094 2086 2131 regui
2103 2098 2133 2123 et
2153 2093 2222 2131 ejus

1215 2148 1452 2179 conditionibus
1476 2148 1636 2177 universis
1658 2152 1688 2177 et
1713 2147 1853 2186 qualiter
1875 2146 1958 2176 illud
1982 2146 2099 2176 melius
2124 2145 2221 2184 dirigi

1216 2203 1318 2233 valeat
1333 2203 1519 2232 informent.

1257 2267 1271 2282 «
1302 2255 1432 2285 Pridem
1464 2255 1668 2284 necessitates
1698 2255 1926 2284 innumeras...
1962 2271 2000 2276 —
2036 2254 2108 2284 Dat.
2139 2253 2223 2292 apud

1216 2309 1492 2345 Urbemveterem,
1509 2307 1657 2337 kalendis
1672 2307 1873 2346 septembris,
1892 2316 1979 2337 anno
1995 2307 2096 2337 tertio.
2114 2319 2127 2333 r>

1256 2362 1295 2391 In
1322 2371 1350 2391 e.
1379 2370 1422 2390 m.
1446 2361 1600 2399 ducibus,
1625 2361 1810 2397 comitibus,
1836 2360 2022 2397 baronibus,
2046 2359 2220 2395 nobilibus,

1217 2415 1373 2444 militibus
1389 2418 1418 2444 et
1433 2414 1506 2444 aliis
1524 2415 1668 2453 personis
1686 2414 1905 2444 saecularibus
1921 2423 1976 2452 per
1995 2422 2131 2452 regnum
2151 2413 2223 2443 Un-

1217 2468 1324 2506 gat-iae
1339 2468 1532 2499 constitutis.

1288 2669 1403 2697 43¹2?

1253 2731 1352 2758 Eidem
1368 2731 1462 2766 legato
1478 2731 1593 2758 mandat
1609 2735 1640 2758 ut
1655 2731 1808 2765 diligenter
1822 2730 1947 2764 inquirat
1966 2738 2002 2756 an
2018 2749 2039 2756 ..
2056 2738 2106 2756 rex
2122 2729 2224 2764 Unga-

1217 2781 1290 2811 riae,
1316 2780 1383 2807 dum
1408 2781 1531 2811 viveret,
1558 2780 1641 2807 fidem
1671 2780 1839 2806 catholicam
1864 2782 1992 2805 servaret
2014 2782 2042 2804 et
2064 2778 2225 2805 catholicus

1218 2830 1393 2856 christianus
1408 2830 1576 2857 decesserit.
1591 2829 1673 2864 (Rea.
1687 2830 1729 2860 45,
1742 2838 1768 2855 c.
1779 2829 1822 2860 84,
1837 2828 1854 2854 t'.
1870 2827 1919 2854 17⁶3
1931 2833 1970 2858 1⁸⁰,
1984 2827 2102 2862 Porum,
2113 2828 2222 2859 23398.)

1697 2668 1829 2701 Orvieto,
1848 2668 1878 2694 13
1895 2667 2058 2702 septembre
2074 2666 2152 2694 1390.

1264 2946 1434 2976 Venerabili
1450 2947 1546 2983 fratri
1561 2947 1607 2983 B.‚
1624 2947 1757 2983 episcopo
1773 2945 1944 2982 Euyubmo.

1261 3012 1276 3027 «
1292 3000 1423 3030 Dudum
1441 2999 1613 3038 fidedignis
1630 2999 1820 3028 relatibus...
1840 3014 1879 3019 —
1898 2998 1969 3027 Dat.
1988 2997 2070 3036 apud
2088 2998 2226 3028 Urbem-

1220 3056 1372 3090 veterem,
1388 3053 1496 3083 idibus
1511 3053 1710 3092 septembris,
1727 3060 1812 3082 anno
1831 3051 1932 3081 tertio.
1951 3062 1966 3077 »
