2477 3637
195 361 254 392 266
511 381 516 384 -
942 356 1179 388 REGISTRES
1201 357 1256 388 DE
1278 355 1464 387 NICOLAS
1486 357 1544 387 IV.

194 428 345 464 religiosos
365 426 495 462 eiusdem
516 424 607 451 villae.
629 425 713 459 (Res.
731 423 780 455 44,
798 430 823 450 0.
843 422 909 456 430,
925 424 945 452 f.
960 423 1013 453 20⁶2
1030 429 1078 457 v⁰;
1097 423 1203 451 Pori-n.

195 477 307 510 23063.)

237 578 415 616 Raymundo
429 601 435 613 ,
452 577 553 606 abbati
567 576 747 605 monasterii
763 576 798 604 de
819 575 895 605 Villa
907 574 1013 605 Sancti
1027 576 1141 614 Eqidit',
1157 585 1206 606 or-

195 632 280 661 dinis
295 630 324 659 S.
343 629 508 665 Benedicti,
527 629 742 658 Nemausensis
754 628 887 664 diocesis,
905 627 1036 658 mandat
1052 632 1087 657 ut
1101 637 1119 658 a
1133 636 1201 658 mo-

195 683 296 714 lestiis
320 681 497 720 guar-diano
524 681 659 711 fratrum
686 680 863 717 minorum,
889 681 1086 720 praeceptori
1110 681 1204 711 Tem-

194 735 370 776 plariorum
404 739 433 765 et
470 735 568 774 priori
612 734 720 765 Sancti
754 734 915 765 Johannis
952 734 1204 765 Jerosolimitani

194 797 371 828 eorumque
396 788 547 818 fratribus
569 788 605 818 in
627 787 713 818 Villa
734 787 843 818 Sancti
869 787 1005 826 Aegidii
1024 787 1203 818 inserendis

194 842 334 873 desistat.

235 905 250 925 ‹
271 895 419 925 Exhibita
436 895 528 926 nobis
544 895 771 926 dilectorum...
784 912 823 917 —-
836 895 908 926 Dat.
924 895 1034 932 Reate,
1051 904 1086 924 111
1097 893 1205 924 kalen-

194 949 251 979 das
268 948 456 988 septembris
467 972 474 982 ,
493 957 578 978 anno
595 948 744 979 secundo.
764 960 778 975 »

814 1028 902 1060 Rieti,
919 1029 953 1057 29
968 1030 1036 1056 aeut
1052 1028 1130 1056 1289.

234 1093 275 1123 In
291 1101 319 1123 e.
339 1101 383 1123 m.
403 1114 422 1122 ..
442 1093 588 1132 episcopo
605 1092 809 1123 Ruthenensi
827 1091 958 1122 mandat
972 1096 1022 1129 ut,
1042 1092 1204 1131 1115111511-

194 1146 336 1177 mundus
361 1146 521 1176 abstineat
546 1155 564 1175 a
590 1145 761 1184 praedictis
786 1144 962 1182 molestiis,
995 1154 1069 1175 eum
1096 1153 1202 1176 coram

195 1200 269 1231 sede
283 1199 454 1239 apostolica
469 1199 552 1230 citet.

237 1265 251 1280 (ι
269 1252 337 1283 Etsi
351 1251 524 1291 apostolica
545 1252 675 1283 sedes...
698 1267 739 1274 —
756 1252 827 1281 Dat.
850 1252 964 1289 Reate,
987 1261 1033 1282 1111
1052 1252 1207 1283 kalendas

194 1305 401 1345 septembris,
418 1313 505 1336 anno
521 1306 671 1335 secundo.
692 1316 706 1331 »

269 1492 524 1521 1308-1312
811 1491 898 1526 Rieti,
917 1491 951 1519 25
971 1493 1039 1519 aout
1055 1492 1134 1520 1289.

231 1555 440 1590 Indulgentiae.
459 1555 541 1587 (Res.
559 1555 602 1587 44,
620 1563 646 1582 0.
662 1554 726 1586 431,
745 1555 764 1581 f.
780 1555 831 1582 203
847 1557 893 1587 r0.)
983 1558 998 1565 '⁶

235 1658 356 1687 Dilectis
374 1658 450 1695 filiis
469 1679 488 1686 ..
507 1658 619 1687 rectori
636 1661 662 1686 et
678 1657 808 1696 capitulo
825 1658 941 1687 ecclesie
961 1657 1066 1689 Sancti
1087 1657 1206 1697 Georyii

196 1711 338 1740 martiris
359 1711 394 1739 de
415 1710 502 1747 Cela,
527 1711 696 1740 Brioeiensis
711 1711 843 1740 diocesis.
866 1710 1110 1749 Indulgentiam
1127 1721 1205 1742 cen—

196 1767 265 1794 tum
281 1763 406 1793 dierum
422 1763 732 1794 conceditomnibus
746 1773 821 1794 vere
837 1765 1074 1802 poenitentibus
1090 1769 1121 1795 et
1133 1774 1207 1796 con-

196 1817 289 1848 fessis
307 1817 363 1856 qui
378 1817 544 1847 ecclesiam
563 1817 685 1856 ipsam,
703 1817 738 1846 in
755 1817 924 1847 festivitate
939 1818 1083 1857 ejusdem
1097 1820 1207 1849 marti-

196 1869 242 1900 ris
255 1893 263 1906 ‚
281 1875 311 1899 et
325 1879 379 1909 per
392 1874 461 1900 octo
480 1870 549 1899 dies
567 1874 752 1909 sequentes,
770 1870 980 1901 visitaverint.

239 1935 253 1950 a
271 1923 343 1953 Vite
355 1923 538 1962 perempnis
553 1923 692 1962 gloria...
706 1940 745 1946 —
760 1924 830 1954 Dat.
849 1924 960 1961 Reate,
978 1934 1036 1954 vni
1051 1925 1206 1957 kalendas

196 1977 400 2016 septembris,
420 1985 506 2007 auno
522 1977 672 2007 secundo.
691 1989 705 2004 ῃ

819 2043 907 2076 Rieti,
923 2045 957 2072 ‘25
973 2047 1041 2073 aot'it
1056 2046 1135 2074 1289.

238 2105 276 2135 In
299 2114 326 2136 e.
345 2114 389 2135 m.
417 2105 592 2136 abbatissae
615 2110 645 2136 et
667 2108 841 2137 couventui
860 2109 1049 2139 monasterii
1072 2109 1206 2141 Sanctae

198 2159 320 2189 Mariae
333 2158 371 2189 de
384 2159 428 2188 La
439 2158 578 2189 Caritate
591 2159 830 2198 Pergamensis,
844 2161 968 2192 ordinis
982 2161 1118 2193 Sanctae
1131 2163 1206 2194 Cla-

197 2221 263 2243 rae.
289 2212 432 2242 Eandem
458 2211 695 2250 indulgentiam
721 2214 866 2244 coucedit
887 2215 934 2245 eis
962 2216 1017 2254 qui
1039 2216 1206 2247 ecclesiam

198 2266 353 2306 praedicti
376 2266 580 2303 monasterii,
599 2266 634 2296 in
657 2267 881 2298 festivitatibus
907 2269 1016 2300 beatae
1038 2270 1159 2302 Mariae
1177 2275 1207 2302 et

197 2324 326 2350 sauctae
335 2318 458 2355 Clarae,
474 2319 685 2349 visitaverint.
695 2320 756 2350 Dat
767 2324 913 2360 utsupra.
921 2321 1073 2361 (Pomm,
1084 2323 1206 2365 23052.)

728 2400 822 2436 Rieti,
843 2402 858 2429 5
874 2403 1038 2437 septembre
1055 2405 1133 2433 1289.

239 2463 278 2493 In
294 2472 322 2493 e.
339 2471 383 2492 m.
404 2462 566 2493 universis
580 2462 699 2493 Christi
716 2463 865 2495 fidelibus
882 2471 1064 2505 praesentes
1084 2468 1207 2501 litteras

198 2516 404 2556 inspecturis.
422 2515 665 2554 Indulgentiam
682 2517 780 2548 unius
798 2519 876 2549 anni
894 2524 925 2550 et
938 2530 976 2550 xx.
991 2521 1117 2553 dierum
1135 2532 1208 2554 con-

198 2571 284 2602 cedit
299 2571 344 2602 eis
362 2570 417 2609 qui
438 2570 604 2600 ecclesiam
626 2571 665 2601 de
690 2571 805 2603 Sancto
821 2572 974 2613 Juliano,
994 2576 1207 2608 Massiliensis

198 2624 362 2660 dioecesis,
380 2624 416 2653 in
431 2624 510 2654 festo
521 2623 554 2654 S.
566 2624 585 2654 J
589 2623 703 2662 uliani,
715 2625 929 2658 visitaverint.
944 2628 1015 2660 Dat.
1027 2630 1137 2668 Reate,
1148 2639 1206 2662 no-

199 2678 250 2708 nis
264 2677 464 2717 septembris,
480 2685 567 2708 auno
585 2677 736 2709 secundo.

839 2760 926 2795 Rieti.
945 2763 960 2790 5
975 2765 1043 2792 aeut
1058 2765 1135 2794 1289.

242 2820 280 2850 In
297 2830 323 2850 e.
341 2830 384 2850 m.
412 2844 432 2851 ..
453 2821 569 2851 rectori
586 2821 737 2853 ecclesiae
756 2822 865 2855 Sancti
883 2826 1002 2865 Angeli
1020 2828 1058 2859 de
1076 2826 1186 2862 Murro
1199 2855 1206 2868 ,

202 2873 372 2903 Firmauae
393 2873 560 2904 dioecesis.
587 2875 829 2914 Indulgentiam
851 2888 889 2909 xr.
915 2879 1042 2912 dierum
1064 2884 1208 2915 concedit

202 2926 248 2956 eis
264 2926 320 2965 qui
335 2926 527 2965 praedictam
545 2928 723 2967 ecclesiam,
742 2931 777 2960 iu
798 2931 1022 2966 festivitatibus
1038 2936 1070 2966 S.
1088 2938 1209 2977 Angeli

203 2983 234 3009 et
249 2978 281 3009 S.
299 2979 448 3009 Andreae
464 2981 608 3020 apostoli,
624 2987 654 3013 et
669 2993 724 3022 per
739 2990 808 3016 octo
823 2986 890 3017 dies
906 2993 1086 3029 sequentes,
1103 2991 1208 3024 visita-

203 3032 318 3063 verint.
337 3032 409 3062 Dat.
426 3033 534 3071 Reate,
552 3035 645 3066 nonis
660 3039 797 3076 augusti,
813 3048 899 3070 auno
917 3043 1067 3074 secundo.

1267 2457 1365 2485 'nere
1395 2453 1550 2485 canonice
1579 2453 1706 2489 asserit,
1734 2452 1895 2492 expediret
1925 2456 1960 2482 ut
1982 2451 2069 2482 idem
2104 2443 2288 2482 Guffl-..ssr

1909 423 1995 456 Rieti,
2014 424 2047 453 26
2062 426 2131 452 aout
2146 426 2224 455 1289.

1328 486 1367 516 Iu
1383 495 1412 516 e.
1430 494 1476 517 m.
1495 507 1516 516 ..
1537 485 1717 524 praeposito
1739 489 1770 516 et
1790 485 1930 525 capitulo
1952 486 2124 517 saecularis
2145 487 2295 522 ecclesiae
2334 509 2343 514 >

1287 539 1422 570 Sanctae
1443 538 1614 570 Caterinae
1635 539 1728 578 juxta
1743 539 1872 578 Aquam
1897 538 2032 577 bellam,
2058 540 2295 574 Maurianensie
2322 536 2355 571 3¹·

1287 592 1451 623 dioecesis.
1468 591 1710 630 Indulgentiam
1728 592 1824 622 unius
1841 592 1921 622 anni
1937 595 1969 622 et
1983 601 2022 622 xi.
2040 592 2167 624 dierum
2182 601 2299 627 conce-¹
2315 623 2317 628 .
2347 584 2362 626 Δ,

1287 645 1334 676 dit
1346 645 1392 676 eis
1408 645 1464 684 qui
1480 644 1675 684 praedictam
1689 644 1868 683 ecclesiam,
1882 645 1916 675 in
1930 645 2086 676 honorem
2102 645 2212 677 heatae
2226 647 2268 678 M
2284 674 2293 681 ,

1287 699 1354 729 riae
1371 698 1579 737 Magdalenae
1597 702 1627 728 et
1644 698 1755 728 beatae
1772 697 1941 728 Caterinae
1956 698 2135 736 fundatam,
2153 699 2188 729 in
2205 699 2267 731 fes
2288 703 2290 705 ’

1287 752 1437 782 vitatibus
1451 751 1626 782 earundem
1639 755 1834 786 sanctarum,
1846 754 1876 781 et
1888 760 1944 790 per
1954 755 2022 782 octo
2033 751 2100 782 dies
2113 761 2232 792 sequen
2254 764 2291 777 ·

1288 805 1498 835 visitaverint.
1518 805 1590 835 Dat.
1608 804 1726 841 Reate,
1747 814 1790 834 vu
1809 803 1964 835 kalendas
1985 805 2193 844 septembris,
2210 813 2266 838 an
2282 802 2296 840 2]

1287 859 1437 890 secundo.

2458 406 2477 698 ’ὲ-ἘἪΞΕΞ

2456 721 2477 857 §.23⁴

2454 886 2477 966 ἐξ

2273 996 2288 1007 κ

1361 1013 1475 1041 1313
1910 1010 1998 1045 Rieu,
2015 1011 2045 1038 31
2062 1011 2131 1038 aeut
2146 1010 2224 1040 1289.

1323 1074 1509 1110 Dispensatio
1526 1074 1709 1102 matrimonii.
1728 1073 1811 1108 (Rae.
1828 1073 1876 1105 44,
1893 1081 1918 1100 c.
1935 1073 1985 1101 432
1997 1094 2003 1104 .
2019 1073 2039 1101 f.
2060 1072 2114 1101 203
2129 1074 2178 1107 r⁰.)

2450 988 2477 1074 ἒξ-

1334 1171 1502 1201 Venerabili
1518 1171 1615 1208 frat-ri
1632 1193 1651 1201 ..
1666 1171 1798 1208 episcopo
1813 1170 1979 1199 Mutinensi
1995 1168 2127 1199 mandat
2141 1149 2287 1210 quatsnx,

1288 1232 1362 1255 cum
1384 1223 1635 1260 Ildebrandiuo‚
1654 1227 1728 1253 nato
1748 1222 1867 1253 nobilis
1889 1222 1950 1252 viri
1971 1221 2083 1262 Opizi,
2102 1218 2298 1253 marcuini*
2394 1262 2395 1266 ¹
2448 1241 2450 1252 ‚

1288 1278 1446 1315 Emensis,
1466 1278 1683 1312 Anconitano,
1705 1281 1734 1306 et
1757 1275 1850 1312 Alda,
1870 1280 1945 1306 nata
1962 1275 2080 1306 nobilis
2101 1274 2166 1304 viri
2181 1256 2294 1306 '1300'1'2l
2395 1266 2396 1305 J
2445 1263 2477 1294 ’Ἢ

1288 1330 1329 1361 (10
1346 1330 1579 1378 Rangonibus,
1598 1329 1779 1360 Mutinensi
1793 1329 1932 1366 civibus,
1950 1329 2112 1368 dispenset
2128 1332 2178 1364 ut,
2195 1336 2271 1368 qu:
2283 1337 2294 1343 ²

1287 1393 1385 1423 quam
1405 1383 1499 1414 tertio
1525 1387 1555 1414 et
1581 1387 1694 1422 quarto
1714 1382 2005 1421 consanguinitatis
2020 1381 2121 1420 gradu
2137 1381 2246 1421 conju·
2262 1383 2298 1419 ,Ξ-ζ,

1288 1441 1383 1475 50111,
1399 1438 1435 1467 in
1452 1437 1660 1467 matrimonio
1678 1436 1781 1476 quod,
1807 1436 1905 1475 hujus
1927 1435 2153 1475 impedimenti
2174 1435 2242 1474 ign
2274 1446 2294 1485 1,,

1287 1495 1518 1522 contraxerunt
1533 1499 1700 1520 remanere
1716 1489 1854 1520 valeant.

1329 1557 1343 1572 ιι
1361 1544 1504 1575 Dilectus
1518 1544 1606 1574 filius
1622 1543 1911 1574 Ildebraudiuus...
1929 1560 1967 1565 —
1982 1541 2056 1573 Dat.
2073 1543 2184 1579 Reate,
2203 1551 2226 1573 11
2249 1540 2289 1572 A!

1287 1599 1399 1630 lendas
1417 1598 1618 1638 septembris,
1635 1605 1722 1628 anno
1739 1597 1890 1628 secundo.
1911 1609 1925 1625 ι»
2257 1598 2266 1618 ¹
2282 1638 2289 1641 j
2326 1624 2329 1627 .

1361 1759 1477 1788 ¹314
1871 1756 1963 1788 Rieti,
1983 1756 2022 1783 12¹·
2033 1756 2129 1792 juillet
2147 1755 2226 1784 1989.
2262 1748 2293 1786 ’4

1323 1822 1537 1849 Beneficiorum
1560 1821 1690 1849 mutatio.
1712 1821 1796 1855 (Rae.
1814 1821 1863 1854 44,
1879 1828 1905 1848 c.
1923 1819 1990 1854 433,
2006 1820 2026 1848 f.
2043 1819 2155 1851 203v0;
2172 1819 2258 1848 1111».-
2261 1792 2296 1851 sis»
2347 1811 2349 1814 ¹

1287 1871 1386 1906 Tam,
1402 1871 1441 1903 11,
1457 1871 1532 1904 233)
1747 1881 1750 1884 ·
2173 1908 2176 1910 v
2254 1863 2286 1906 ζ·
2395 1859 2397 1868 “

1334 1975 1501 2004 Venerabili
1517 1974 1612 2011 fratri
1633 1995 1654 2002 ..
1671 1973 1804 2011 episcopo
1821 1972 2028 2001 Nemausensi.
2051 1983 2064 1999 t(
2083 1971 2178 2002 Lecta
2191 1979 2228 2002 00
2250 1975 2292 2006 ,χῖ

1289 2028 1382 2059 nobis
1396 2027 1506 2057 dilecti
1519 2026 1581 2056 filii
1593 2025 1763 2057 Guillelmi
1777 2025 1816 2055 de
1831 2025 2044 2062 Florentiaco,
2056 2023 2215 2064 capellani
2234 2033 2289 2058 ⁶13.

1289 2082 1349 2119 tri,
1366 2081 1497 2111 sacriste
1514 2078 1745 2116 Massiliensis,
1763 2083 1794 2109 et
1815 2078 1961 2117 magistri
1978 2077 2067 2108 Petri
2084 2077 2124 2108 de
2142 2076 2280 2108 Rovetv.

1289 2134 1420 2166 rectoris
1451 2133 1583 2164 ecclesie
1610 2132 1721 2163 Sancti
1748 2131 1875 2162 Juliani
1903 2131 1943 2162 de
1970 2131 2108 2176 Αο0105,
2136 2131 2285 2171 Aquen

1287 2187 1443 2224 diocesis,
1470 2186 1582 2226 petitio
1608 2185 1793 2216 continebat
1820 2184 1907 2224 quod
1932 2184 2066 2226 utilitati
2092 2183 2225 2215 ecclesia
2255 2183 2295 2218 Μ’,

1289 2241 1434 2280 ejusdem
1452 2239 1561 2270 Sancti
1582 2239 1602 2270 J
1607 2239 1709 2269 uliam
1731 2243 1761 2269 et
1783 2238 1821 2268 de
1843 2238 2048 2278 Campestro,
2068 2237 2263 2268 Nemauseu':

1288 2295 1434 2331 diocesis,
1448 2302 1562 2333 quam,
1577 2301 1687 2323 curam
1700 2292 1887 2322 animarum
1901 2290 2094 2328 habentem,
2107 2290 2195 2321 idem
2204 2289 2261 2322 G:
2259 2258 2287 2322 ΞΕ
2340 2314 2343 2317 .
2395 2304 2397 2321 2

1287 2348 1405 2379 lelmus
1420 2356 1493 2378 cum
1512 2346 1655 2377 sacristia
1672 2345 1806 2376 ecclesie
1821 2345 2051 2382 Massiliensis,
2071 2344 2125 2376 001
2142 2352 2245 2376 cura·

1287 2402 1403 2432 imiuet
1418 2400 1660 2438 animarum‚ex
1672 2399 1912 2438 dispensatione
1927 2398 2011 2429 sedis
2026 2397 2208 2438 apostolice,
2221 2401 2253 2428 1-
2261 2403 2286 2432 „is

2464 2290 2477 2315 Ξ
2459 2242 2473 2257 ;;

2442 2445 2477 2482 ’Ξὲ
2442 2343 2477 2423 ἔξ
2447 2297 2462 2312 ‘-

1289 2508 1461 2548 predictam
1481 2506 1590 2537 Sancti
1607 2506 1626 2536 J
1631 2505 1732 2535 uliani
1750 2505 1916 2544 dictusque
1930 2505 2082 2544 magister
2097 2504 2211 2535 Petrus
2232 2517 2236 2529 ·
2253 2518 2286 2529 ·

1287 2562 1386 2592 fatam
1402 2560 1441 2591 de
1452 2559 1637 2598 Campestro
1647 2558 1797 2589 ecclesias
1807 2558 1999 2589 obtinerent.
2017 2557 2084 2588 Nos
2096 2557 2206 2596 igitur,
2215 2554 2289 2597 &³³¹3

1288 2623 1399 2645 eorum
1415 2638 1422 2652 ,
1451 2613 1582 2644 obtentu
1605 2611 1799 2642 venerabilis
1822 2611 1927 2642 fratris
1950 2611 2051 2641 nostri
2075 2610 2114 2640 B.
2129 2634 2137 2648 ,
2160 2609 2226 2650 epis
2248 2596 2291 2643 (³³,

1289 2668 1488 2705 Portueusis,
1507 2675 1602 2706 super
1619 2665 1678 2697 hoc
1696 2665 1904 2705 apostolicam
1921 2665 2058 2704 gratiam
2076 2663 2235 2704 implorati

1289 2722 1432 2753 volentes
1443 2730 1588 2752 annuere
1603 2721 1639 2750 in
1654 2720 1715 2750 hac
1730 2724 1830 2759 parte,
1843 2728 1880 2750 ac
1895 2719 1935 2749 de
1947 2716 2235 2758 circumspectione
2250 2710 2286 2741 ἰ’-

1289 2777 1418 2817 plenam
1440 2775 1475 2806 in
1492 2774 1632 2805 Domino
1649 2773 1802 2804 fiduciam
1825 2772 2023 2810 obtinentes,
2040 2769 2231 2802 fraternitati
2251 2779 2287 2803 w

1289 2840 1345 2871 per
1360 2828 1532 2869 apostolica
1549 2827 1665 2866 scripta
1685 2827 1878 2857 mandamus
1900 2829 2075 2865 quatenus,
2091 2832 2167 2855 cum
2180 2822 2221 2854 ah
2232 2818 2289 2854 δ’·

1290 2884 1364 2915 dem
1379 2881 1553 2913 Guillelmo
1568 2885 1599 2911 et
1613 2881 1765 2919 magistro
1782 2880 1877 2911 Petro
1892 2888 1986 2918 super
2002 2878 2063 2909 hoc
2077 2877 2177 2908 fueris
2191 2875 2249 2908 hu
2256 2877 2286 2900 ¹1³2

1290 2937 1363 2968 liter
1379 2935 1563 2975 requisitus,
1582 2934 1611 2965 si
1628 2933 1761 2965 utilitati
1781 2932 1969 2964 earumdem
1986 2931 2194 2962 ecclesiarum
2218 2927 2252 2950 *⁶2
2267 2935 2286 2974 ,ἱ

1291 2991 1336 3021 ris
1360 2989 1524 3029 expedite,
1551 2997 1570 3018 a
1592 2987 1768 3019 Guillelmo
1793 2987 1939 3027 ejusdem
1965 2985 2004 3016 de
2025 2985 2208 3024 Campestro
2227 2983 2265 3013 et
2275 3003 2297 3019 ,ι

1290 3043 1444 3083 magistro
1463 3043 1556 3073 Petro
1574 3041 1724 3081 predictis
1746 3040 1848 3080 ipsius
1872 3038 1980 3070 Sancti
2001 3037 2129 3069 Juliani
2146 3033 2279 3070 ecclesi
2280 3029 2286 3034 ’

2465 2508 2477 2539 ’Β

2443 2526 2477 3022 „gg-gssgfiszssss'

2453 3042 2477 3074 ’Ξ
