2342 3652
934 383 1162 422 DEUXIEME
1184 382 1339 422 ANNEE.
2123 403 2179 434 337

132 471 144 485 ι
164 458 352 488 Sanctorum
372 457 495 486 meritis
511 456 658 487 inclita...
677 474 714 477 —
731 457 802 486 Dat.
821 457 953 494 ibidem,
971 467 1003 487 111
1018 458 1091 487 idus

88 511 246 552 januarii,
266 519 351 540 anno
370 510 518 540 secundo.
539 522 552 535 n

357 588 705 622 Saintc-Marie·Majeure,
725 589 755 615 18
772 589 924 615 decembre
942 590 1019 617 1289.

128 653 165 682 In
182 661 209 681 e.
225 661 269 682 m.
289 674 310 682 ..
330 651 442 680 rectori
460 651 611 680 ecclesiae
632 651 739 680 Sancti
764 651 885 681 Nicolai
910 651 948 680 de
965 651 1090 680 Alacri—

89 709 209 740 monte,
238 704 507 742 Rothomagensis
534 704 700 734 dioecesis.
725 704 965 742 Indulgentiam
996 706 1092 734 unius

88 758 165 789 anni
191 762 221 787 et
244 766 281 786 xi.
303 757 426 786 dierum
453 757 597 787 concedit
620 757 664 786 eis
684 758 738 795 qui
761 757 895 786 eandem
924 757 1090 786 ecclesiam

88 812 120 842 in
139 810 240 840 saneti
256 809 380 840 Nicolai
403 809 625 839 festivitatibus
641 809 852 839 visitaverint.

128 876 142 892 «
170 863 356 894 Sanctorum
387 863 511 892 meritis
536 862 683 892 inclita...
704 880 741 884 —
766 863 834 893 Dat.
861 863 981 899 Rome,
1009 863 1091 901 apud

89 918 235 948 Sanctam
255 917 390 946 Mariam
410 917 584 955 Majorem,
601 925 641 945 xv
661 916 814 945 kalendas
828 916 987 954 januarii,
1005 925 1091 946 anno

89 970 234 1000 secundo.
254 981 268 995 »
288 969 346 1008 (En
364 969 491 1008 vmar-qe).

367 1048 727 1082 Sainte-Marie—Majeure,
742 1048 757 1075 9
773 1048 925 1074 decembre
942 1047 1018 1075 1289.

125 1113 163 1142 In
180 1121 205 1142 e.
225 1121 268 1141 m.
293 1111 452 1141 universis
475 1111 595 1140 Christi
616 1110 765 1140 fidelibus
790 1116 848 1142 etc.
871 1111 1012 1140 Eandem
1039 1112 1091 1141 in-

87 1165 282 1203 dulgentiam
297 1164 441 1194 concedit
456 1165 502 1193 eis
518 1165 572 1203 qui
588 1164 753 1194 ecclesiam
771 1165 859 1194 Beati
874 1165 976 1194 Ylarii
992 1165 1092 1195 Picta-

87 1226 228 1255 veusem,
253 1218 291 1247 ad
311 1226 476 1247 romanam
498 1217 663 1247 ecclesiam
687 1217 776 1247 unllo
802 1218 906 1248 medio
925 1219 1089 1256 pertinen-

87 1276 164 1308 tem,
183 1271 216 1300 in
237 1271 342 1300 beatae
361 1271 482 1301 Mariae
505 1276 535 1300 et
562 1271 673 1300 Sancti
694 1271 797 1300 Ylarii
820 1272 1045 1301 festivitatibus
1061 1276 1091 1302 et

86 1325 119 1355 iu
135 1325 352 1354 anniversario
368 1325 418 1354 die
434 1324 641 1354 dedicationis
659 1325 868 1354 visitaverint.

126 1390 139 1405 α
156 1378 228 1408 Vite
243 1379 425 1416 perempnis
441 1377 580 1415 gloriar..
599 1395 637 1399 —
655 1378 725 1408 Dat.
752 1379 866 1415 Rome,
884 1379 967 1417 apud
988 1378 1088 1409 Sanc-

86 1436 147 1462 tam
161 1432 291 1461 Mariam
307 1432 474 1470 Majoreni⁷
489 1431 592 1461 vidus
606 1431 796 1468 decembris,
812 1441 897 1462 anno
912 1433 1061 1463 secundo.
1073 1445 1086 1460 υ

83 1483 199 1524 (Ibid.).

337 1537 701 1572 Sainte—Marie—MaJeure,
720 1538 751 1565 13
769 1538 919 1565 decembre
938 1539 1015 1566 1289.

125 1601 159 1629 ln
171 1609 197 1630 e.
210 1609 252 1629 m.
266 1600 397 1630 eisdem.
414 1600 554 1630 Eandem
567 1600 806 1638 indulgentiam
820 1602 965 1631 concedit
976 1602 1021 1631 eis
1033 1603 1087 1640 qui

85 1654 245 1684 ecclesiam
270 1653 378 1684 Sancti
402 1654 574 1684 Frontonis
594 1654 909 1692 Petragoricensem‚
931 1655 964 1683 in
989 1656 1088 1684 sancti

84 1708 250 1738 Frontonis
272 1712 302 1737 et
326 1713 509 1738 sanctorum
533 1708 693 1738 Frontazii
717 1713 747 1738 et
765 1709 923 1744 Meniorii,
951 1717 1087 1746 quornm

85 1770 210 1800 corpora
231 1761 263 1790 in
284 1761 394 1790 eadem
419 1761 550 1791 ecclesia
576 1761 798 1800 requiescunt,
816 1762 1040 1791 festivitatibus
1059 1767 1090 1792 et

85 1815 118 1844 in
131 1815 348 1844 anniversario
365 1815 416 1844 die
430 1815 639 1845 dedicationis
653 1815 866 1847 visitaverint.
882 1817 942 1845 Dat
954 1817 1086 1852 Romae⁷

84 1869 165 1908 apud
180 1869 326 1898 Sanctam
345 1869 479 1898 Mariam
497 1869 665 1908 Maj0rem,
682 1869 789 1899 idibus
802 1870 990 1905 decembris,
1003 1878 1089 1900 anno

85 1921 230 1951 secundo.
250 1921 364 1961 (ibid).

381 2002 741 2037 Sainte-Marie-Majeure,
759 2003 919 2037 13Janvie1·
935 2003 1013 2030 1290.

122 2065 159 2094 In
177 2073 203 2095 e.
234 2073 276 2094 m.
295 2065 428 2094 eisdem.
456 2065 597 2095 Eandem
615 2065 855 2103 indulgentiam
882 2066 1026 2095 concedit
1043 2066 1087 2095 eis

86 2118 139 2157 qui
165 2117 328 2148 ecclesiam
355 2118 544 2148 Sanctorum
578 2119 743 2148 Laurentii
771 2124 800 2148 et
830 2119 976 2155 Damasi,
1006 2129 1087 2158 quae

85 2171 190 2201 titulus
210 2171 422 2218 cardinalatus
441 2176 487 2201 est
504 2176 534 2201 et
558 2172 592 2201 in
616 2181 678 2210 qna
698 2177 880 2202 sanctorum
906 2173 1037 2202 Damasi
1058 2177 1088 2203 et

84 2224 175 2261 Boni,
199 2225 301 2254 Mauri
318 2233 353 2254 ac
369 2225 528 2254 sociorum
545 2230 726 2264 martyrum
743 2234 884 2264 corpora,
903 2230 933 2255 et
949 2225 981 2255 S.
1002 2226 1085 2255 Lau·
1122 2233 1124 2235 ’

83 2277 175 2307 rentii
192 2282 221 2307 et
237 2278 269 2308 S.
285 2278 446 2308 Johannis
467 2278 628 2317 Baptistae
646 2278 800 2318 reliquiae
818 2280 1033 2318 requiescunt,
1051 2280 1085 2308 in

84 2331 254 2361 eorundem
279 2336 466 2362 sanctorum
492 2332 717 2362 festivitatibus
742 2338 772 2362 et
802 2333 833 2362 in
864 2333 1086 2363 anniversario

83 2383 133 2414 die
147 2384 356 2414 dedicationis
373 2385 584 2414 visitaverint.

123 2449 137 2464 α
162 2438 243 2468 Loca
269 2443 450 2468 sanctornm
479 2438 666 2468 omnium...
693 2456 731 2460 —-
759 2439 829 2468 Dat.
859 2439 975 2475 Rome,
1002 2440 1086 2478 apud

84 2489 228 2521 Sanctam
254 2492 390 2521 Mariam
416 2492 588 2530 Majoreni,
615 2493 720 2522 idibus
742 2492 900 2531 januarii,
926 2500 1012 2522 anno
1037 2501 1085 2522 se-

83 2544 195 2575 cundo.
215 2557 227 2572 n
245 2544 362 2584 (ibid).

138 2689 388 2719 1850-1854
425 2690 772 2725 Sainte-Marie—MaJeui-e,
790 2691 820 2717 Ἡ
840 2691 991 2718 decembre
1005 2691 1083 2718 1-289.

117 2751 234 2778 Michael
251 2753 388 2779 Ovetensi
406 2752 546 2780 ecclesiae
569 2753 724 2788 episcopus
740 2753 914 2788 praeficitur.
935 2753 1019 2787 (Rea.
1040 2753 1083 2784 44,

82 2807 108 2826 c.
124 2799 184 2835 689,
200 2802 220 2828 s.
238 2801 288 2829 266
304 2804 350 2834 r0.)

121 2895 267 2933 Michaeh',
284 2897 370 2926 electo
396 2897 540 2927 Ovetensi.
564 2897 656 2933 Eum,
682 2902 757 2927 tnnc
772 2898 917 2927 abbatem
941 2897 1084 2927 saecula-

82 2955 146 2976 rem
170 2947 208 2978 de
228 2949 343 2980 Sancto
361 2950 509 2986 Quiriaco
534 2951 566 2979 in
591 2949 724 2980 ecclesia
744 2951 914 2988 Burgensi,
932 2950 1084 2980 Ovetensi

83 2999 240 3037 eeclesiae,
261 3011 312 3040 per
328 3003 449 3032 obitum
466 3003 644 3041 Peregrini,
661 3003 742 3042 apud
760 3003 866 3032 sedem
881 3002 1083 3042 apostolicam

83 3051 211 3090 decessi,
232 3061 382 3093 vacantis,
403 3057 584 3095 episcopum
602 3056 753 3095 praeficit.

221 3118 290 3146 Rsc.
313 3120 435 3148 Niconis
455 3120 507 3148 IV.

1218 469 1230 484 α
1250 458 1335 487 Dum
1348 460 1565 490 incumbentia
1578 462 1703 491 nobis...
1720 480 1756 484 —
1770 464 1839 494 Dat.
1856 465 1965 501 Rome,
1980 467 2063 505 apud
2080 468 2179 498 Sanc-

1176 513 1238 539 tam
1265 511 1398 541 Mariam
1425 513 1593 552 Majorem,
1614 524 1653 543 xii
1679 515 1831 546 kalendas
1846 518 2004 556 januarii,
2026 529 2110 551 anno
2130 531 2177 551 se-

1175 563 1292 593 cundo.
1316 575 1329 590 ι

1217 616 1253 645 111
1273 627 1299 646 e.
1320 626 1363 647 m.
1381 619 1517 656 capitulo
1533 620 1684 651 ecclesiae
1699 622 1865 653 Ovetensis
1882 625 2011 655 mandat
2026 629 2060 655 ut
2073 627 2177 657 eidem

1176 669 1275 699 electo
1293 670 1431 700 debitam
1448 673 1660 703 obedientiam
1677 676 1833 713 praebeat.

1216 723 1253 751 In
1272 732 1300 753 e.
1318 732 1360 752 m.
1382 725 1495 763 populo
1512 726 1650 755 civitatis
1666 732 1696 756 et
1712 728 1863 758 dioecesis
1881 731 2056 761 Ovetensis.

1217 775 1253 804 In
1271 785 1296 805 e.
1316 786 1359 805 m.
1381 778 1539 808 universis
1553 779 1703 810 ecclesiae
1719 781 1887 812 Ovetensis
1907 784 2061 815 vassallis.

1216 828 1253 856 ln
1274 838 1300 857 e.
1319 838 1362 859 m.
1385 829 1432 866 S„
1453 840 1559 868 regem
1581 832 1735 863 Castellae
1756 839 1785 863 et
1801 835 1967 873 Legionis,
1985 838 2129 868 bortatur
2146 843 2178 868 ut

1176 881 1333 918 praedicto
1350 882 1448 912 electo
1465 884 1589 921 regium
1605 886 1744 915 savorem
1762 889 1918 925 praebeat.

1218 946 1230 960 «
1249 934 1396 965 Occurrit
1412 936 1501 965 nobis
1520 938 1596 968 de...
1614 955 1651 959 —
1668 939 1738 968 Dat.
1757 944 1912 978 utsupra.
1933 954 1946 968 »

1248 1108 1267 1134 Ι
1275 1107 1363 1135 855

1208 1168 1421 1195 Tabellionatus
1437 1170 1573 1196 officium.
1591 1171 1672 1204 (Rue.
1694 1172 1742 1203 44,
1761 1181 1785 1198 c.
1803 1173 1867 1204 690,
1886 1174 2029 1207 s.‘2661···;
2056 1175 2122 1202 Lu).
2143 1186 2178 1204 nu

1173 1217 1271 1249 Trium,
1290 1217 1326 1248 11,
1345 1218 1417 1250 340.)

1433 1107 1796 1143 Sainte-Marie-Majeure,
1816 1111 1846 1137 18
1862 1112 2011 1139 decembre
2030 1114 2104 1140 1289.

1213 1320 1339 1349 Geraldo
1356 1321 1467 1358 Fayeti,
1485 1323 1590 1351 clerico
1613 1323 1797 1360 Mimatensi,
1816 1325 1848 1353 ιῗη
1871 1326 2041 1355 minoribus
2056 1327 2176 1356 ordini-

1174 1373 1226 1402 bus
1244 1376 1421 1410 constituto,
1438 1375 1477 1404 ad
1497 1376 1681 1405 instantiam
1702 1377 1886 1414 Gnillelmi,
1903 1379 2042 1419 episcopi
2060 1381 2175 1410 Mima-

1174 1428 1286 1462 tensis,
1305 1427 1443 1456 officium
1465 1428 1686 1459 tabellionatus
1702 1431 1855 1462 concedit.

1214 1491 1226 1505 α
1258 1479 1306 1509 Ne
1332 1485 1550 1510 contractuum
1574 1483 1765 1513 memoria...
1790 1501 1828 1506 -
1847 1485 1917 1514 Dat.
1948 1486 2063 1522 Rome,
2092 1486 2174 1524 apud

1172 1533 1319 1562 Sanctam
1339 1534 1471 1563 Mariam
1500 1536 1669 1573 Maiorem,
1688 1546 1726 1566 xv
1745 1537 1897 1567 kalendas
1912 1539 2070 1577 januarii,
2089 1548 2174 1569 anno

1171 1587 1320 1615 secundo.
1341 1599 1354 1612 »

1208 1760 1451 1788 1856-1852
1492 1760 1838 1796 Salute-Maric-Majeure,
1853 1764 1884 1790 15
1896 1763 2047 1790 decembre
2061 1764 2137 1792 1-290.

1207 1822 1250 1848 Ad
1268 1821 1507 1857 VVigorniensem
1524 1824 1672 1850 ecclesiam
1691 1825 1882 1852 reficiendam.
1902 1826 1984 1859 (Rue.
2003 1826 2044 1857 44,
2064 1835 2088 1853 c.
2104 1828 2172 1862 691,

1170 1871 1188 1898 f.
1206 1871 1257 1897 ‘265
1274 1873 1320 1904 r0.)

1217 1975 1383 2003 Venerabili
1397 1975 1493 2011 fratri
1507 1975 1552 2010 G„
1565 1977 1697 2013 episcopo
1711 1975 1927 2015 Wriyorniensi,
1941 1977 1995 2015 qui
2009 1977 2175 2007 ecclesiam

1173 2028 1431 2065 Wigorniensem
1448 2033 1478 2057 et
1493 2029 1648 2066 quaedam
1660 2029 1805 2059 aedificia
1816 2030 1956 2068 ejusdem
1966 2031 2116 2061 ecclesiae
2129 2041 2174 2061 re-

1170 2082 1263 2110 ficere
1279 2082 1412 2117 curavit,
1432 2082 1568 2117 fructus,
1586 2082 1729 2112 redditus
1749 2088 1778 2112 et
1798 2089 1966 2121 proventus
1982 2085 2077 2122 primi
2095 2085 2174 2113 anni

1169 2135 1315 2165 omnium
1344 2135 1574 2165 beneficiorum
1601 2136 1885 2166 ecclesiasticorum
1909 2146 1989 2176 quae
2013 2147 2112 2176 usqne
2135 2139 2173 2168 ad

1171 2189 1347 2218 triennium
1366 2189 1398 2217 111
1419 2198 1476 2218 sua
1496 2189 1623 2218 civitate
1639 2194 1669 2219 et
1686 2189 1824 2219 dioecesi
1842 2190 1983 2228 vacarint
1998 2191 2151 2221 concedit.

1213 2255 1225 2269 α
1260 2242 1443 2272 Devotionis
1474 2243 1594 2272 meritis
1620 2252 1754 2281 quani...
1781 2260 1819 2265 -
1846 2244 1914 2272 Dat.
1944 2244 2059 2279 Rome,
2090 2244 2172 2283 apud

1169 2295 1318 2325 Sanctam
1336 2295 1472 2324 Mariam
1486 2296 1651 2334 Maiorem,
1667 2305 1743 2325 xvni
1755 2295 1906 2325 kalendas
1919 2296 2072 2335 januarii,
2087 2306 2172 2327 anuo

1168 2348 1317 2378 secundo.
1336 2361 1347 2374 ι)

1209 2403 1246 2431 111
1265 2411 1292 2431 e.
1314 2411 1356 2430 m.
1385 2424 1405 2431 ..
1425 2401 1634 2431 Bathoniensi
1653 2407 1683 2431 et
1701 2402 1857 2431 Wellensi
1874 2403 2018 2440 episcopo
2034 2406 2064 2432 et
2081 2425 2100 2431 ..
2120 2411 2170 2431 ar—

1168 2455 1355 2485 chidiacono
1373 2454 1411 2483 de
1438 2454 1599 2491 Estriding
1623 2455 1655 2483 in
1677 2455 1810 2484 ecclesia
1833 2455 2023 2484 Eboracensi
2042 2454 2172 2484 mandat

1168 2513 1328 2548 quatenus
1348 2507 1521 2546 praedictos
1540 2509 1659 2537 fructus
1680 2513 1710 2537 et
1727 2508 1867 2537 redditus
1885 2508 2028 2546 episcopo
2046 2507 2171 2545 WVigor-

1168 2563 1275 2592 niensi
1298 2571 1351 2600 pei·
1370 2561 1547 2591 triennium
1567 2562 1690 2599 integre
1706 2562 1883 2591 ministrari
1900 2562 2027 2591 faciant.
2045 2561 2117 2590 Dat.
2137 2564 2171 2590 ut

1168 2625 1273 2654 supra.

1205 2787 1451 2816 1858-1859
1481 2785 1839 2820 Sainte-Marie-Majeure,
1858 2786 1872 2812 5
1888 2785 2037 2811 decembre
2056 2785 2132 2813 1289.

1204 2850 1386 2885 Dispensatio
1403 2849 1573 2875 residentiae
1590 2837 1672 2881 (Rae.
1691 2848 1738 2877 224.
1756 2857 1781 2874 c.
1798 2848 1867 2882 692,
1884 2848 1903 2874 f.
1920 2848 1969 2875 266
1986 2854 2031 2878 v⁰;
2048 2847 2115 2874 Lm.
2134 2857 2168 2875 nu

1165 2900 1262 2929 Tneni,
1275 2898 1311 2930 H,
1331 2898 1403 2929 341.)

1214 2997 1376 3026 Venerabili
1391 2997 1486 3032 fratri
1508 2998 1629 3036 Hnyonz'
1642 3022 1648 3034 ,
1666 3000 1798 3036 episcopo
1815 2999 1957 3028 Eduensi.
1984 3011 1997 3025 «
2020 2998 2168 3028 Volentes

1168 3057 1252 3082 tuam
1266 3051 1339 3081 in...
1349 3050 1439 3085 Quod
1449 3049 1697 3088 quatuorderici
1711 3052 1767 3089 tui,
1777 3052 1839 3081 tuis
1849 3052 2008 3090 obsequiis
2017 3051 2167 3081 continue

1992 3117 2025 3143 43
