2342 3652
904 386 1137 423 TROisOEMn
1158 383 1315 422 ANNnE.
2097 396 2154 427 455

104 477 118 492 α
135 465 219 495 Dum
233 463 355 493 labores
365 464 592 493 innumeros...
604 478 643 482 —
659 461 728 490 Dat.
750 461 863 497 Rome,
877 460 959 498 apud
972 460 1067 489 Sanc-

66 523 128 549 tam
147 517 279 547 Mariam
296 517 466 555 Majorem,
482 524 533 544 xm
548 514 702 544 kalendas
715 513 813 552 junii,
833 522 918 543 anno
931 513 1032 542 tertio.
1052 523 1064 538 n

132 687 250 716 2228

97 750 302 785 Indulgentiae.
320 749 403 782 (Rae.
421 749 465 782 45,
482 756 508 774 c.
525 747 598 778 2022,
616 748 634 773 f.
654 747 686 774 35
702 748 750 779 r0.)

412 684 761 718 Sainte-Marie-Majeure
774 705 780 715 ,
799 684 830 710 17
847 684 902 710 mai
920 683 996 711 1290.

105 852 256 882 Universis
279 851 393 880 Christi
412 851 550 887 fidelibus
566 854 715 888 presentes
735 849 853 878 litteras
877 848 1066 885 Inspecturis.

65 905 301 943 Indulgentiam
327 903 423 933 unius
439 903 517 932 anui
540 906 569 932 et
584 912 622 932 XL
645 902 770 932 dierum
787 901 932 931 concedit
946 901 990 931 eis
1014 901 1069 940 qui

65 958 226 989 ecclesiam
242 956 430 986 Gaietanam
443 979 451 993 ,
479 956 511 985 in
529 955 684 985 honorem
701 955 809 984 beatae
829 954 949 983 Mariae
970 954 1068 992 virgi-

65 1012 116 1042 nis
133 1014 364 1046 constructam,
383 1010 417 1039 in
437 1008 577 1046 singulis
599 1008 743 1047 ejusdem
764 1007 917 1045 virginis,
942 1011 1068 1036 sancto-

65 1073 135 1096 rum
150 1063 313 1099 Herasmi,
332 1062 449 1098 Probi,
467 1061 664 1097 Innocenffi,
682 1061 874 1097 Marchiaui,
894 1060 1068 1090 Secundini

66 1123 96 1149 et
111 1117 206 1153 Casti,
223 1120 418 1155 martyrum,
432 1120 463 1146 et
478 1120 662 1146 sanctarum
678 1115 817 1145 Albinae
828 1119 858 1144 et
877 1114 1068 1153 Heuporiae,

65 1171 236 1209 virginum,
249 1179 385 1209 quorum
397 1178 528 1208 corpora
537 1169 570 1198 in
585 1168 696 1198 eadem
708 1168 841 1198 ecclesia
850 1168 1067 1206 requiescunt,

64 1223 307 1260 festivitatibus,
328 1231 383 1261 per
400 1226 468 1252 octo
483 1222 550 1252 dies
569 1222 756 1251 festivitates
774 1222 858 1260 ipsas
883 1221 1070 1250 immediate

67 1281 232 1317 sequentes
254 1279 284 1307 et
308 1276 343 1305 in
362 1276 584 1305 anniversario
609 1275 662 1304 die
689 1274 898 1304 dedicationis
926 1274 1068 1313 ejusdem

65 1331 213 1362 ecclesiae
229 1330 340 1360 devote
358 1329 570 1360 visitaverint.

105 1395 120 1412 (ι
138 1383 236 1422 Virga
253 1383 481 1413 venustissima
499 1386 565 1412 et...
579 1399 617 1403 —
633 1382 704 1411 Dat.
723 1386 757 1411 ut
773 1390 877 1420 supra.
896 1394 909 1408 »

116 1554 365 1585 zaza-2530
410 1554 778 1589 Sainte-Marie-Majeure,
798 1555 828 1581 15
843 1563 919 1581 mars
937 1555 1014 1582 1990.

98 1617 145 1645 Ad
160 1618 335 1645 solutionem
359 1617 520 1643 debitorum
545 1616 708 1643 Lundensis
733 1617 882 1644 ecclesiae.
909 1617 990 1652 (Res.
1018 1618 1067 1649 45,

65 1675 91 1695 ο.
105 1666 172 1698 203,
188 1667 208 1694 f.
226 1666 258 1694 35
274 1672 314 1700 r⁰;
332 1666 449 1698 Porrn„
466 1665 575 1697 23209.)

42 1806 47 1810 .
108 1769 275 1798 Venerabili
293 1769 390 1805 fratri
412 1768 453 1804 J.,
483 1768 703 1805 archiepiscopo
729 1768 900 1804 szclenst,
927 1769 1066 1805 fructuS,

66 1822 206 1853 redditus
221 1827 252 1852 et
268 1826 443 1861 proventus
466 1821 563 1860 primi
578 1822 657 1850 anni
672 1821 820 1851 omnium
841 1822 1070 1852 beneficiorum

66 1875 351 1907 ecclesiasticorum
379 1884 460 1914 quae
482 1884 536 1914 per
561 1875 824 1914 quinquennium
850 1876 885 1905 in
906 1876 1070 1914 provincia

65 1929 229 1960 Luudensi
245 1929 420 1965 vacabunt,
434 1929 470 1958 in
486 1928 678 1959 solutionem
695 1929 876 1959 debitorum
887 1930 1070 1960 Lundensis

65 1982 215 2013 ecclesiae
232 1982 463 2012 convertendos
474 2006 481 2019 ,
500 1981 655 2012 concedit.
781 2020 783 2022 ι

105 2048 120 2064 α
143 2035 320 2066 Desideriis
340 2035 402 2066 tuis
427 2035 500 2065 in...
520 2052 558 2057 -
578 2036 649 2065 Dat.
673 2036 791 2073 Rome,
813 2037 898 2075 apud
921 2036 1070 2067 Sanctam

65 2089 201 2120 Mariam
219 2090 375 2128 Majorem
387 2111 396 2126 ,
415 2088 523 2118 idibus
542 2088 670 2125 martii,
689 2098 776 2119 anno
793 2090 895 2121 tertio.
914 2101 928 2116 »

103 2142 143 2172 In
161 2151 188 2172 e.
212 2151 256 2172 m.
279 2165 300 2173 ..
326 2142 473 2181 episcopo
496 2141 723 2178 Roskildensi,
747 2164 768 2172 ..
793 2142 832 2172 de
852 2143 978 2174 Nestwe
997 2147 1026 2173 et
1048 2167 1068 2174 ..

67 2194 199 2226 Sanctae
212 2194 333 2226 Mariae
351 2195 390 2225 de
406 2195 495 2233 Sora,
516 2195 739 2225 Roskildensis
759 2196 921 2231 dioecesis,
942 2205 1069 2227 monas-

67 2249 217 2280 teriorum
228 2249 396 2280 abbatibus
412 2249 544 2278 mandat
559 2253 594 2279 ut
608 2249 713 2279 eidem
728 2250 964 2289 archiepiscopo
980 2259 1071 2290 prae-

67 2301 166 2334 dictos
179 2303 300 2333 fructus
317 2307 348 2333 et
364 2302 506 2333 redditus
525 2303 705 2333 ministrari
722 2303 850 2334 faciant.

106 2368 121 2384 «
138 2356 315 2387 Desideriis
329 2355 523 2387 venerahilis
537 2356 680 2387 fratris...
700 2373 740 2378 —
755 2357 828 2387 Dat.
844 2361 994 2396 utsupra.
1015 2368 1028 2384 ιι

137 2529 250 2557 Ε’ἵῧι

103 2589 251 2619 Fratribus
265 2591 300 2619 de
323 2591 539 2628 Sempyngham
555 2593 688 2620 venditur
706 2593 787 2620 locus
807 2593 926 2620 fratrum
946 2593 981 2619 de
997 2592 1071 2620 Poe-

69 2638 186 2667 nitentia
199 2639 272 2668 Jesu
284 2639 393 2668 Christi
407 2641 437 2668 in
452 2640 664 2676 Canthebrigia.
675 2642 759 2676 (Rae.
771 2642 814 2673 45,
825 2650 850 2669 c.
866 2641 928 2677 204,
940 2641 960 2668 f.
975 2642 1008 2668 35
1022 2642 1070 2675 νῦ.)

665 2530 797 2562 Orvieto,
815 2531 830 2558 9
842 2531 906 2565 juin
923 2530 999 2557 1290.

111 2763 130 2771 ..
143 2742 358 2772 archidiacono
373 2743 469 2773 Stowe
481 2743 514 2773 in
529 2744 649 2773 ecclesia
665 2744 880 2773 Lincolniensz'.
899 2755 912 2770 α
932 2743 975 2772 Ex
984 2747 1072 2781 parte

69 2792 256 2825 dilectorum
279 2795 422 2826 filiorum
447 2819 467 2825 ..
494 2797 641 2834 magistri
667 2801 696 2826 et
719 2797 853 2826 fratrum
882 2797 1006 2827 ordinis
1033 2797 1072 2827 de

70 2845 310 2887 Scmpyngham
324 2849 360 2879 in
372 2849 493 2888 Anglia
503 2850 751 2889 fuitexpositum
764 2859 871 2880 coram
884 2851 976 2880 nobis
987 2851 1071 2889 quod

69 2899 130 2939 ipsi
144 2901 184 2931 ad
199 2906 337 2932 castrum
355 2903 395 2932 de
411 2903 639 2941 Canthebrigia
652 2927 659 2940 ,
687 2903 824 2933 Eliensis
841 2903 975 2934 diocesis
986 2928 993 2940 ,
1018 2904 1072 2934 ubi

47 2949 50 2954 ’
70 2954 218 2991 generale
232 2955 319 2994 viget
333 2955 492 2992 studium,
515 2956 627 2986 fratres
645 2965 755 2987 eorum
777 2957 960 2996 frequenter
975 2957 1070 2987 desti-

71 3012 150 3037 nant
162 3007 202 3037 ad
217 3008 376 3045 studium,
390 3009 447 3048 qui
460 3018 533 3039 cum
550 3009 671 3039 ibidem
687 3009 818 3039 domum
836 3018 898 3040 uon
916 3009 1070 3048 habeant,

70 3065 191 3099 oportet
213 3070 265 3092 eos
288 3062 323 3092 in
345 3062 492 3093 domibus
511 3062 705 3093 secularium
728 3067 758 3092 et
782 3071 855 3093 cum
875 3062 1073 3094 secutaribus

1151 460 1358 495 commorari,
1376 460 1475 496 unde,
1494 469 1567 490 cnm
1580 461 1664 500 apud
1677 465 1816 490 castrum
1828 461 2006 499 predictum
2022 461 2155 492 domum

1151 511 1269 540 habere
1284 512 1484 549 desiderent,
1502 514 1536 543 in
1554 523 1616 552 qua
1631 518 1824 544 conventum
1846 514 1962 544 habere
1986 515 2155 545 intendant

1151 568 1180 592 et
1195 564 1228 593 in
1245 573 1306 602 qua
1324 565 1433 595 fratres
1450 567 1611 597 studentes
1630 576 1685 605 pro
1701 571 1842 605 tempore
1858 567 1940 596 inibi
1957 575 2154 597 commoren-

1153 621 1217 653 tur,
1236 621 1265 646 et
1280 617 1366 647 locus
1383 627 1479 657 quem
1496 620 1607 649 fratres
1628 620 1667 649 de
1690 620 1873 649 Penitentia
1887 620 1964 650 <Iesu
1986 620 2104 650 Christi
2119 621 2154 649 in

1152 674 1252 700 castro
1269 671 1407 708 predicto
1423 672 1568 702 obtinent
1584 673 1624 702 sit
1640 674 1672 702 in
1689 673 1779 702 brevi
1796 682 1813 702 a
1829 673 1920 702 dictis
1936 673 2087 702 fratribus
2104 682 2154 702 re-

1151 722 1359 761 linquendus,
1376 725 1452 754 dicti
1470 726 1619 763 magister
1629 731 1659 755 et
1675 726 1786 755 fratres
1803 726 1893 755 nobis
1906 726 2071 756 humiliter
2084 735 2155 764 sup-

1151 775 1311 814 plicarunt
1323 782 1356 806 ut
1372 778 1477 808 locum
1494 779 1684 817 predictum,
1700 774 1772 808 cum
1789 779 1937 809 domibus
1953 783 1983 808 et
1996 779 2156 817 pertinen-

1153 829 1201 858 tiis
1225 830 1310 866 suis,
1330 840 1383 868 pro
1406 832 1505 869 pretio
1521 832 1604 870 quod
1624 832 1662 860 de
1679 832 1743 860 illis
1762 833 1870 861 haberi
1889 837 1993 870 posset
2012 833 2051 861 ab
2072 832 2153 869 alio,

1151 883 1197 911 eis
1213 883 1351 920 benigne
1371 884 1542 913 concedere
1558 885 1777 921 dignaremur.
1802 886 1866 914 Nos
1883 885 2009 923 itaque,
2028 894 2156 915 eorum-

1151 935 1221 965 dem
1243 938 1389 975 magistri
1406 940 1434 967 et
1454 938 1587 966 fratrum
1604 938 1887 975 supplicationibus
1904 937 2051 967 inclinati
2067 961 2072 973 ,
2090 938 2154 967 dis-

1151 986 1284 1014 cretioni
1304 990 1355 1015 tue
1374 995 1428 1024 per
1445 986 1615 1024 apostolica
1638 987 1753 1024 scripta
1773 986 1964 1015 mandamus
1980 991 2136 1024 quatenus
2149 1009 2156 1022 ,

1152 1038 1177 1067 si
1195 1039 1249 1067 tibi
1268 1039 1447 1068 constiterit
1461 1039 1499 1068 de
1517 1039 1690 1077 premissis,
1708 1048 1804 1077 super
1820 1039 1936 1077 quibus
1955 1043 2040 1067 tuam
2054 1039 2156 1067 inten-

1150 1092 1257 1121 dimus
1276 1092 1506 1122 conscientiam
1522 1101 1674 1128 ouerare,
1692 1092 1850 1130 prefatum
1867 1092 1987 1127 locum,
2005 1100 2079 1121 cum
2099 1091 2157 1121 do·

1152 1145 1260 1175 mibus
1278 1150 1308 1175 et
1325 1146 1525 1184 pertinentiis
1549 1146 1632 1181 suis,
1656 1145 1842 1174 cedentibus
1860 1144 1910 1174 vel
1933 1144 2158 1173 decedentibus

1153 1199 1304 1228 fratribus
1320 1199 1354 1227 in
1371 1198 1464 1228 domo
1479 1198 1694 1228 residentibus
1706 1202 1892 1234 memorata,
1908 1197 1956 1227 vel
1971 1197 2061 1226 eisin
2075 1197 2158 1226 dicto

1151 1253 1264 1282 ordine
1281 1252 1319 1282 de
1335 1252 1585 1291 Sempiugham,
1603 1252 1629 1281 si
1644 1252 1682 1281 de
1698 1253 1840 1290 ipsorum
1857 1250 2019 1280 voluntate
2034 1259 2158 1289 proces-

1152 1306 1248 1345 serit,
1266 1305 1443 1342 collocatis,
1461 1306 1589 1344 prefatis
1607 1306 1760 1343 magistro
1778 1310 1807 1334 et
1827 1305 1995 1341 fratribus,
2015 1313 2070 1342 pro
2087 1313 2156 1343 pre-

1153 1361 1195 1390 tio
1222 1360 1305 1398 quod
1332 1359 1445 1398 poterit
1469 1359 1579 1389 haberi
1600 1359 1638 1388 ab
1661 1359 1723 1388 alio
1752 1359 1789 1388 de
1809 1359 1927 1387 eisdem
1944 1357 2156 1397 (licentiam),

1153 1414 1369 1443 suhastatioue
1397 1413 1578 1451 prehabita,
1596 1415 1782 1442 auctoritate
1807 1417 1914 1442 nostra
1935 1411 2107 1448 concedas,
2123 1420 2158 1441 ac

1153 1468 1238 1497 idem
1255 1467 1394 1505 pretium
1409 1467 1443 1495 in
1459 1466 1566 1505 aliquo
1580 1471 1645 1496 tuto
1658 1466 1735 1503 loco,
1754 1466 1885 1495 nomine
1903 1470 2008 1495 nostro
2019 1470 2049 1494 et
2063 1464 2158 1494 eccle-

1153 1522 1198 1551 sie
1214 1530 1358 1557 romane,
1374 1521 1531 1559 deponere
1543 1528 1608 1549 non
1622 1520 1782 1553 obmittas,
1799 1520 1831 1547 in
1849 1519 1945 1548 Terre
1960 1518 2074 1548 Sancte
2087 1518 2159 1547 sub-

1153 1574 1290 1610 sidium,
1309 1573 1359 1603 vel
1374 1573 1469 1610 alias,
1486 1577 1579 1611 prout
1596 1573 1687 1603 nobis
1704 1573 1872 1611 placuerit,
1892 1571 2155 1608 convertendum,

1152 1628 1272 1657 faciens
1292 1636 1386 1666 super
1410 1627 1594 1656 venditione
1615 1635 1651 1655 ac
1672 1625 1867 1664 depositione
1889 1624 2076 1663 hujusmodi
2094 1624 2157 1654 duo

1153 1680 1268 1711 confici
1285 1679 1404 1710 similia
1420 1679 1544 1719 publica
1562 1680 1789 1715 iustrumenta,
1807 1687 1944 1717 quornm
1957 1677 2093 1707 alterum
2105 1686 2158 1716 pe-

1153 1743 1209 1764 nes
1226 1738 1255 1763 te
1270 1733 1420 1769 retineas,
1440 1732 1531 1762 nobis
1546 1732 1705 1771 reliquum
1717 1732 1975 1761 transmissurus.
1992 1731 2062 1760 Dat.
2074 1730 2157 1769 apud

1154 1788 1432 1824 Urbemveterem,
1450 1797 1470 1816 v
1486 1786 1558 1816 idus
1571 1786 1672 1825 junii,
1690 1794 1775 1816 anno
1793 1785 1893 1815 tertio.
1913 1797 1926 1811 »

1224 1974 1340 2004 Ξῖθὲ

1189 2037 1333 2063 Alienatio
1355 2036 1497 2061 bonorum
1521 2034 1687 2061 monasterii
1713 2033 1810 2060 Sancti
1836 2033 1972 2060 Germani
1995 2033 2029 2060 de
2055 2033 2158 2061 Pratis.

1154 2086 1237 2119 (Rm.
1255 2086 1298 2117 45,
1319 2093 1344 2111 c.
1361 2084 1422 2116 ⁶205,
1440 2084 1460 2111 f.
1483 2083 1514 2111 35
1530 2090 1576 2114 νος
1594 2083 1660 2110 LAP.
1678 2092 1713 2110 nti
1727 2082 1816 2109 ΤΗΕΠ,
1828 2102 1835 2114 ,
1851 2082 1908 2115 ΙΠ,
1926 2083 1997 2115 139.)

1754 1970 1885 2006 Orvieto,
1901 1972 1915 1997 5
1927 1971 1991 2006 juin
2008 1971 2086 1999 1290.

1196 2210 1216 2218 ..
1228 2189 1329 2218 abbati
1346 2187 1524 2216 monasterii
1541 2186 1738 2215 SanctiPetrz'
1753 2186 1787 2215 de
1799 2186 1966 2222 Meloclmw,
1981 2185 2161 2216 Senonensis

1123 2231 1125 2233 ¹
1154 2241 1293 2276 diocesis,
1319 2239 1450 2269 mandat
1476 2243 1632 2278 quatenus
1653 2238 1797 2277 inquirat
1816 2238 1855 2268 de
1878 2239 2028 2277 petitione
2052 2248 2113 2278 qua
2139 2262 2157 2268 ..

1155 2295 1251 2325 abbas
1270 2298 1300 2324 et
1315 2297 1491 2323 conventus
1507 2292 1692 2322 monasterii
1710 2291 1818 2322 Sancti
1834 2291 1987 2321 Germani
2003 2291 2041 2321 de
2056 2291 2161 2322 Pratis

1156 2348 1347 2378 Parisiensis
1355 2371 1362 2384 ,
1377 2347 1417 2376 ad
1426 2354 1592 2377 romanam
1604 2345 1770 2375 ecclesiam
1779 2345 1868 2375 nullo
1879 2345 1985 2375 medio
1995 2345 2160 2384 pertinen-

1157 2402 1212 2439 tis,
1235 2400 1436 2440 permutandi
1460 2399 1617 2438 quaedam
1644 2399 1727 2429 bona
1756 2407 1837 2438 quae
1869 2399 1904 2428 in
1937 2398 2161 2428 Suessionensi

1154 2455 1291 2485 dioecesi
1308 2453 1469 2492 possident
1484 2456 1626 2491 poscunt.

1197 2521 1210 2535 α
1233 2508 1348 2537 Dilecti
1364 2506 1424 2536 filii
1441 2528 1461 2535 ..
1479 2505 1612 2536 abbas...
1629 2522 1668 2527 —
1684 2505 1756 2535 Dat.
1776 2505 1858 2543 apud
1875 2504 2140 2535 Urbemveterem
2152 2528 2159 2542 ,

1156 2563 1250 2592 nonis
1264 2561 1368 2600 junii,
1384 2568 1469 2589 anno
1486 2559 1590 2589 tertio.
1609 2570 1623 2585 »

1226 2739 1344 2769 2233

1190 2802 1334 2831 Alienatio
1368 2801 1507 2827 bonorum
1541 2798 1707 2825 monasterii
1739 2797 1960 2825 Trevortiensis.
1995 2797 2078 2831 (Res.
2108 2798 2160 2830 45,

1155 2862 1181 2881 c.
1200 2852 1273 2883 2052,
1290 2851 1309 2878 f.
1327 2850 1359 2877 35
1374 2855 1420 2880 v⁰;
1438 2848 1554 2881 Porrn„
1572 2847 1623 2878 ΙΙΙ,
1643 2846 1715 2880 132.)

1755 2736 1886 2767 Orvieto,
1905 2736 1919 2762 5
1930 2736 1996 2770 juin
2012 2735 2089 2763 1290.

1197 2976 1218 2985 ..
1232 2955 1364 2992 episcopo
1377 2951 1566 2981 Cabilonensi
1581 2948 1713 2978 mandat
1723 2952 1881 2987 quatenus
1895 2948 2038 2987 inquirat
2053 2949 2091 2979 de
2106 2957 2162 2988 pe-

1157 3009 1267 3039 titione
1294 3013 1356 3044 qua
1383 3026 1402 3034 ..
1433 3003 1529 3033 abbas
1557 3005 1587 3032 et
1610 3005 1786 3032 conventus
1811 3001 1996 3032 monasterii
2027 3002 2162 3033 Trevor-

1158 3061 1289 3096 tiensis,
1315 3057 1437 3089 ordinis
1462 3056 1494 3086 S.
1528 3055 1712 3094 Benedicti,
1739 3055 1961 3086 Cabilonensis
1990 3055 2160 3093 dioecesis,
