2477 3637
189 352 246 383 278
513 381 517 385 ,
938 349 1174 380 REGISTRES
1196 351 1250 381 DE
1277 349 1460 382 NICOLAS
1483 350 1539 380 IV.

264 419 375 449 138¹?
734 415 819 448 Rieu,
838 416 853 443 8
868 415 1032 451 septembre
1048 417 1125 444 1‘289.

226 481 358 509 Facultas
386 479 570 515 dispensandi
605 487 693 514 super
726 479 997 514 irregularitatibus.
1026 480 1113 513 (Rau.
1145 480 1196 512 44,

190 539 216 558 c.
234 531 295 563 479,
312 531 331 556 f.
348 530 400 556 ς213
417 531 464 562 iv.)

230 633 332 662 Eidem
345 631 526 664 facultatem
539 630 687 660 concedit
700 630 906 668 dispensandi
917 639 990 660 cum
1006 631 1197 670 quibusdam

189 685 314 716 clericis
330 685 386 723 qui
403 683 628 719 interdictum,
652 684 703 714 cui
719 692 855 721 regnum
874 686 1059 721 Aragonum
1081 693 1198 724 suppo-

189 740 286 769 situm
307 742 364 772 est,
383 746 446 768 non
464 738 633 773 servarint,
654 737 773 767 divinis
788 737 904 767 officiis
920 746 952 767 se
969 737 1196 768 immiscendo.

230 804 243 818 «
268 791 351 821 Sunt
368 799 442 821 oves
461 799 553 830 per...
571 808 609 812 —
626 791 697 821 Dat.
718 791 828 827 Reate,
845 800 875 820 vx
894 791 966 821 idus
985 792 1196 830 septembris,

187 853 273 874 anno
288 844 438 874 secundo.
457 856 470 871 n

260 1019 280 1046 ¹
287 1017 375 1046 388

222 1079 355 1107 Facultas
362 1080 528 1107 absolvendi
537 1081 572 1108 ab
580 1081 1046 1108 excommunicationissententia.
1054 1081 1139 1114 (Res.
1151 1081 1196 1111 44,

187 1137 212 1157 c.
231 1130 302 1161 4792,
316 1130 335 1156 f.
351 1129 402 1156 213
419 1134 470 1161 v⁰.)

707 1017 794 1049 [tien.
814 1017 845 1045 13
864 1018 1027 1053 septembre
1048 1017 1125 1046 1989.

225 1232 330 1261 Eidem
340 1232 559 1262 auctoritatem
571 1232 716 1262 concedit
733 1232 921 1262 absolvendi
937 1232 1067 1263 clericos
1079 1241 1195 1263 concu—

184 1283 338 1322 binarios,
356 1286 547 1315 concubinis
558 1294 686 1324 prorsus
702 1286 846 1324 abjectis,
861 1291 891 1316 et
901 1286 1109 1325 dispensandi
1121 1295 1194 1316 curn

185 1337 305 1368 eisdem
321 1338 444 1368 clericis
461 1339 532 1378 qui,
548 1339 632 1378 juris
647 1339 774 1377 ignari,
791 1339 920 1369 ordines
941 1343 1150 1378 susceperunt
1165 1344 1196 1369 et

183 1390 297 1421 divina
310 1392 526 1429 celebrarunt,
546 1392 710 1431 suspensis
725 1401 782 1432 per
797 1393 967 1422 biennium
984 1393 1041 1432 qui
1057 1393 1195 1423 scienter

184 1444 312 1475 ordines
330 1450 537 1484 susceperunt
552 1449 582 1475 et
596 1445 701 1476 officia
717 1445 932 1476 celebrarunt.

230 1510 243 1525 ι
263 1498 408 1528 Exhibita
426 1499 518 1529 uobis
538 1503 628 1529 tua...
648 1516 685 1521 —
700 1499 770 1529 Dat.
791 1500 908 1536 Reate,
930 1500 1037 1530 idibus
1054 1503 1192 1539 septem—

186 1551 267 1585 bris,
285 1559 373 1581 anno
389 1552 541 1582 secundo.
561 1564 574 1578 υ

260 1724 376 1753 1389
708 1726 795 1759 Ricti,
817 1726 845 1753 12
862 1727 1025 1762 septembre
1042 1727 1120 1755 1289.

222 1785 264 1812 De
280 1791 402 1814 tractatu
419 1788 498 1822 pacis
513 1789 588 1815 inter
602 1788 735 1816 Cat-olum
747 1811 754 1823 ‚
773 1798 870 1824 regem
892 1789 1007 1816 Siciliae
1019 1811 1026 1823 ,
1043 1793 1072 1816 et
1092 1789 1194 1817 Alfon-

186 1842 266 1868 sum,
286 1843 382 1870 regem
400 1835 579 1870 Aragonum.
600 1837 681 1868 (Rso.
699 1838 742 1870 44,
759 1846 784 1864 c.
803 1838 864 1869 480,
882 1838 899 1864 s.
918 1838 968 1865 ‘213
985 1839 1032 1871 r0.)

225 1937 366 1966 Nicotaus
382 1943 434 1968 etc.
452 1939 497 1968 Ad
511 1944 688 1978 perpetuam
704 1942 750 1970 rei
767 1943 957 1971 memoriam.
976 1941 1096 1972 Omnes
1115 1951 1193 1972 con-

186 1991 352 2021 ventiones
375 1991 460 2021 inter
482 1992 672 2029 Alfonsum,
697 2002 805 2032 regem
830 1995 1034 2032 Aragonum,
1057 1995 1190 2026 Edwar-

185 2043 274 2079 dum,
286 2054 392 2082 regen]
410 2046 558 2083 Angliae,
574 2051 604 2076 et
620 2046 782 2085 Carolurn,
798 2057 905 2086 regem
918 2049 1055 2086 Siciliae,
1068 2049 1194 2080 habitas

185 2103 296 2134 cassat,
317 2108 470 2137 regesque
488 2099 624 2137 Angliae
641 2104 671 2130 et
689 2099 817 2131 Siciliae
833 2110 851 2131 a
864 2102 1055 2140 juramentis
1065 2104 1192 2142 quaein

185 2151 236 2181 his
251 2152 350 2190 pactis
367 2153 593 2190 praestiterunt
609 2154 744 2184 absolvit
761 2155 816 2193 (1).

228 2216 241 2231 α
261 2205 332 2234 Non
350 2206 419 2235 sine
430 2206 582 2244 grandi...
602 2223 641 2230 —
660 2208 729 2237 Dat.
744 2208 852 2245 Reate,
871 2218 891 2238 11
904 2209 977 2239 idus
991 2210 1192 2249 septembris,

185 2266 270 2288 anno
288 2259 438 2289 secundo.
461 2271 473 2286 n

259 2438 510 2468 1390-1394
711 2441 797 2476 Rieu,
814 2442 847 2469 24
864 2444 1026 2478 septembre
1045 2444 1120 2472 ¹289.

220 2500 428 2536 Indulgentiae.
446 2502 529 2535 (Rea.
548 2503 592 2535 44,
609 2514 635 2530 c.
653 2504 713 2537 481,
730 2505 748 2532 f.
766 2506 817 2533 216
833 2508 879 2539 1¹⁰.)

228 2604 382 2633 Universis
398 2604 511 2635 Christi
530 2606 669 2643 fidelibus
686 2613 836 2645 presentes
857 2610 974 2640 litteras
999 2613 1190 2650 inspecturis.

185 2655 424 2695 Indulgentiam
443 2659 539 2688 unius
555 2660 633 2689 anni
650 2665 680 2690 et
695 2669 733 2690 xi.
745 2661 870 2691 dierum
886 2663 1031 2694 concedit
1042 2665 1192 2696 omnibus

185 2717 258 2739 vere
280 2710 520 2748 poenitentibus
538 2716 567 2742 et
584 2713 738 2744 confessis
753 2715 807 2754 qui
824 2715 990 2746 ecclesiam
1007 2719 1192 2748 monasterii

186 2761 293 2792 Sancti
310 2763 443 2794 Martini
460 2765 699 2804 Laudunensis,
718 2768 840 2798 ordinis
849 2769 1189 2810 Praemonstratensis,

186 2815 218 2844 in
242 2815 466 2848 festivitatibus
483 2818 593 2850 beatae
610 2820 732 2850 Mariae
749 2826 778 2851 et
794 2821 851 2852 SS.
870 2823 1044 2861 Augustini
1062 2829 1091 2854 et
1106 2825 1191 2855 Mar-

217 2933 250 2963 (1)
271 2933 343 2957 Dan<
365 2940 435 2960 rctte
455 2938 534 2962 lettre
556 2944 619 2963 sont
641 2941 746 2965 inseres
769 2943 792 2966 le
813 2942 893 2966 traite
914 2943 947 2967 (le
970 2945 1033 2974 paix
1054 2945 1136 2976 qu'on
1160 2946 1191 2970 lit

188 2979 249 3009 plus
265 2979 343 3002 haut.
361 2988 385 3010 p.
406 2981 458 3009 109,
476 2989 499 3006 1-1
517 2984 587 3007 celui
602 2985 663 3015 qu'a
679 2987 770 3016 public
788 2987 890 3018 Rymer
910 2988 977 3013 (lans
997 2990 1035 3013 les
1051 2992 1188 3020 Foedera,

187 3026 399 3051 conventiones,
418 3027 551 3052 litterae...
571 3028 595 3057 I,
614 3035 659 3057 111,
675 3030 760 3055 ‘27-29.

1283 418 1339 447 tini
1363 418 1602 452 confessorum,
1622 421 1652 445 et
1676 425 1732 455 per
1746 420 1814 446 octo
1839 417 1906 446 dies
1927 422 2116 456 sequentes,
2137 418 2284 449 visitave-

1280 470 1356 500 rint.

1322 536 1334 550 (1
1354 523 1510 562 Splendor
1526 525 1656 562 paterne
1670 523 1809 561 glorie...
1827 540 1865 545 —
1885 524 1954 554 Dat.
1972 524 2080 562 Reate,
2098 534 2154 554 vui
2172 523 2284 555 kalen-

1281 577 1335 607 das
1351 577 1504 614 octobris,
1521 584 1607 606 anno
1623 576 1773 607 secundo.
1794 589 1807 603 n

1804 657 1891 693 Rieti,
1908 658 1943 685 '2⁴2
1957 659 2119 694 septembre
2136 659 2213 686 1289.

1321 723 1357 752 ln
1377 731 1403 751 e.
1422 730 1466 750 m.
1485 720 1627 750 Eandem
1643 720 1880 758 indulgentiam
1897 722 2043 752 concedit
2058 721 2104 752 eis
2117 721 2174 760 qui
2189 721 2286 752 eccle-

1280 777 1360 806 siam
1392 775 1579 806 monasterii
1610 774 1718 805 Sancti
1746 775 1878 805 Luciani
1906 775 2131 813 Belvacensis,
2161 775 2286 806 ordinis

1280 829 1312 860 S.
1335 829 1515 865 Benedicti,
1536 828 1571 857 in
1596 828 1821 858 festivitatibus
1845 828 1953 858 beatae
1974 829 2093 859 Mariae
2114 833 2145 859 et
2161 828 2195 859 S.
2220 828 2283 859 Lu-

1279 883 1363 913 ciani
1383 883 1553 922 martyris,
1571 881 1784 912 visitaverint.
1808 882 1878 912 Dat.
1897 882 2006 919 Reate,
2022 892 2042 912 x
2064 882 2220 913 kalendas
2233 889 2285 913 oc-

1281 936 1394 973 tobris,
1410 945 1496 966 anno
1513 935 1651 966 secundo
1667 936 1723 973 (En
1740 935 1868 975 marqe).

1802 1016 1890 1050 Rieti,
1906 1016 1939 1044 22
1957 1016 2120 1052 septembre
2137 1016 2215 1044 1289.

1319 1080 1356 1109 Iu
1375 1089 1402 1109 e.
1421 1089 1463 1108 m.
1484 1079 1624 1109 Eandem
1642 1079 1879 1117 indulgentiam
1896 1079 2041 1109 concedit
2056 1079 2101 1109 eis
2115 1079 2171 1118 qui
2187 1078 2285 1110 eccle-

1279 1132 1360 1162 siam
1377 1133 1562 1163 monasterii
1579 1132 1686 1163 Sancti
1709 1132 1851 1163 Cornelii
1873 1132 2159 1172 Compendiensis‚
2178 1132 2219 1163 ad
2233 1140 2287 1163 ro·

1279 1194 1408 1216 mauam
1446 1186 1612 1216 ecclesiam
1653 1186 1742 1217 nullo
1779 1186 1884 1216 medio
1916 1186 2124 1225 pertinentis,
2162 1185 2286 1216 ordinis

1279 1238 1312 1269 S.
1333 1239 1516 1274 Benedicti,
1536 1240 1570 1269 iu
1587 1239 1813 1269 festivitatibus
1829 1240 1938 1270 beatae
1961 1240 2082 1269 Mariae
2099 1243 2130 1270 et
2153 1239 2186 1270 S.
2207 1239 2286 1270 Gor-

1279 1291 1358 1321 nelii
1375 1292 1586 1322 visitaverint.
1605 1293 1674 1323 Dat.
1694 1294 1811 1330 Reate,
1828 1303 1845 1323 x
1860 1293 2014 1323 kalendas
2032 1293 2184 1330 octobris,
2199 1301 2285 1325 anno

1277 1345 1427 1379 secundo.

1801 1399 1888 1431 Rieu,
1907 1400 1939 1426 22
1955 1399 2119 1434 septembre
2137 1399 2214 1427 ¹289.

1318 1462 1354 1491 In
1372 1470 1399 1492 e.
1421 1471 1465 1492 m.
1486 1462 1628 1492 Eandem
1641 1462 1879 1501 indulgentiam
1896 1462 2040 1493 concedit
2054 1462 2169 1502 eisqui
2183 1461 2285 1493 eccle-

1276 1516 1357 1545 siam
1386 1516 1575 1546 monasterii
1606 1516 1823 1553 Fiscanensis,
1852 1517 1893 1547 ad
1922 1525 2089 1547 romanam
2115 1515 2284 1546 ecclesiam

1276 1569 1365 1599 nullo
1386 1569 1491 1599 medio
1514 1569 1722 1608 pertinentis,
1743 1570 1867 1600 ordinis
1888 1570 1919 1600 S.
1948 1570 2135 1607 Benedicti,
2160 1569 2284 1600 Rotho-

1277 1623 1438 1660 magensis
1461 1622 1632 1659 dioecesis,
1659 1623 1693 1651 in
1720 1623 1946 1653 festivitatibus
1973 1624 2084 1653 beatae
2109 1623 2230 1653 Mariae
2255 1626 2286 1653 et

1276 1676 1308 1706 S.
1337 1676 1439 1713 Petri,
1467 1681 1497 1705 et
1520 1677 1551 1706 iu
1578 1677 1681 1715 prima
1705 1676 1757 1706 die
1779 1676 1940 1707 dominica
1967 1680 2035 1715 post
2058 1676 2280 1707 Pentecosten.

1277 1729 1348 1759 Dat.
1366 1734 1400 1759 111
1417 1738 1523 1768 supra.

1801 1782 1886 1817 Rieti,
1906 1783 1935 1809 Π
1954 1782 2117 1818 septembre
2134 1782 2212 1810 1289.

1315 1846 1353 1875 In
1374 1855 1400 1875 e.
1419 1854 1462 1875 m.
1484 1867 1504 1875 ..
1522 1845 1629 1875 abbati
1644 1850 1674 1875 et
1686 1853 1807 1885 convexi
1815 1846 1858 1876 tui
1875 1845 2062 1876 monasterii
2080 1845 2284 1876 virziliacen·
2336 1871 2337 1874 ,

1276 1899 1339 1937 sis,
1356 1899 1396 1929 acl
1411 1907 1577 1929 romanam
1594 1898 1759 1929 ecclesiam
1777 1898 1866 1929 nullo
1883 1899 1988 1929 medio
2005 1898 2209 1938 pertinentis,
2231 1907 2282 1930 01·-

1276 1952 1362 1983 dinis
1379 1954 1411 1984 S.
1431 1952 1614 1990 Benedicti,
1636 1952 1795 1983 Eduensis
1817 1953 1982 1983 dioecesis.
2007 1952 2152 1982 Eandem
2173 1951 2283 1983 indul-

1275 2007 1418 2046 gentiam
1433 2007 1577 2037 concedit
1594 2007 1639 2037 eis
1654 2007 1709 2046 qui
1726 2007 1892 2036 ecclesiam
1909 2006 2063 2045 praedicti
2076 2006 2280 2044 monasterii,

1275 2062 1309 2092 in
1326 2070 1389 2101 qua
1404 2070 1518 2100 corpus
1536 2061 1645 2091 beatae
1663 2061 1784 2091 Mariae
1804 2060 2023 2099 Magdalenae,
2043 2061 2134 2100 cujus
2151 2060 2284 2091 nomine

1275 2115 1430 2153 insignita
1444 2119 1500 2152 est,
1516 2114 1697 2153 requiescit,
1716 2116 1749 2144 in
1761 2114 1933 2144 festivitate
1950 2114 2094 2154 ejusdem
2112 2118 2239 2144 sauctae
2253 2116 2284 2144 et

1279 2167 1498 2198 translationis
1530 2172 1560 2198 et
1583 2168 1861 2198 transmutationis
1888 2168 2027 2206 corporis
2049 2168 2118 2207 ejus
2139 2167 2174 2198 iu
2196 2167 2284 2198 idem

1276 2223 1506 2252 monasterium
1522 2221 1826 2261 sollempnitatibus,
1844 2221 2055 2252 visitaverint.
2074 2220 2146 2251 Dat.
2171 2221 2280 2259 Reate,

1275 2285 1315 2305 xv
1330 2275 1484 2306 kalendas
1499 2275 1648 2313 octobris,
1664 2283 1751 2305 anno
1767 2275 1919 2305 secundo.
1938 2274 2088 2314 (Pomm,
2104 2273 2228 2314 23083.)

1350 2476 1465 2505 1395
1892 2475 1979 2510 Rieti,
1995 2475 2029 2502 ‘28
2048 2475 2117 2502 aunt
2133 2474 2210 2502 1289.

1310 2540 1424 2576 Capella
1434 2539 1532 2566 Sancti
1547 2538 1691 2566 Laurentii
1704 2538 1738 2565 de
1752 2538 1896 2566 piscinula
1911 2538 1946 2565 de
1961 2537 2041 2565 Urbe
2055 2537 2163 2565 Jacobo
2175 2536 2282 2565 cinthii

1274 2589 1416 2617 Guidonis
1430 2587 1658 2616 commendatur.
1676 2587 1758 2621 (Rae.
1777 2588 1820 2619 44,
1838 2596 1864 2614 c.
1886 2587 1958 2619 4812,
1975 2586 1995 2614 f.
2011 2586 2063 2614 216
2079 2586 2126 2622 r0.)

1313 2706 1420 2735 Jacobo
1439 2705 1556 2735 cinthii
1577 2705 1737 2740 Guidonis,
1760 2705 1904 2735 canonico
1922 2704 2038 2733 ecclesie
2053 2703 2160 2734 Sancte
2176 2702 2281 2733 cecilie

1275 2762 1307 2790 in
1333 2760 1547 2789 Transtiberim
1571 2759 1605 2788 de
1630 2759 1720 2796 Urbe,
1746 2757 1901 2798 capellam
1923 2757 2034 2788 Sancti
2056 2756 2222 2787 Laurentii
2241 2755 2281 2786 de
2320 2785 2332 2802 y,

1274 2812 1441 2844 Piscinula
1458 2812 1497 2842 de
1513 2812 1613 2850 Urbe,
1635 2820 1722 2842 nunc
1745 2815 1922 2848 vacantem,
1941 2809 2155 2848 commendat,
2181 2808 2281 2840 donec

1273 2867 1312 2897 de
1331 2865 1451 2906 capella
1466 2866 1534 2904 ipsa
1556 2874 1612 2904 per
1627 2865 1734 2896 sedem
1754 2864 1960 2904 apostolicam
1982 2863 2074 2893 aliter
2095 2861 2280 2894 ordinatum

1273 2920 1377 2951 ruerit.

1314 2985 1326 3000 a
1349 2972 1547 3010 Constringit
1568 2972 1603 3002 in
1628 2976 1771 3002 moute...
1795 2988 1834 2993 -
1859 2971 1928 3000 Dat.
1951 2971 2064 3007 Reate,
2090 2977 2111 2999 v
2126 2966 2279 2999 kalendas
2400 2952 2406 2975 '⁸

1272 3026 1475 3067 septembris,
1494 3034 1579 3056 anno
1595 3025 1744 3056 secundo.
1766 3037 1778 3052 n
