<?xml version="1.0" encoding="UTF-8"?>
<!DOCTYPE html PUBLIC "-//W3C//DTD XHTML 1.0 Transitional//EN"
    "http://www.w3.org/TR/xhtml1/DTD/xhtml1-transitional.dtd">
<html xmlns="http://www.w3.org/1999/xhtml" xml:lang="en" lang="en">
 <head>
  <title>
</title>
<meta http-equiv="Content-Type" content="text/html;charset=utf-8" />
  <meta name='ocr-system' content='tesseract 3.04.00' />
  <meta name='ocr-capabilities' content='ocr_page ocr_carea ocr_par ocr_line ocrx_word'/>
</head>
<body>
  <div class='ocr_page' id='page_1' title='image "./lesregistresdeni01romeuoft_0483.png"; bbox 0 0 2342 3652; ppageno 0'>
   <div class='ocr_carea' id='block_1_1' title="bbox 0 1169 54 3652">
    <p class='ocr_par' dir='ltr' id='par_1_1' title="bbox 0 1169 54 3652">
     <span class='ocr_line' id='line_1_1' title="bbox 0 1169 54 3652; baseline 0 0"><span class='ocrx_word' id='word_1_1' title='bbox 0 1169 54 3652; x_wconf 95' lang='lat' dir='ltr'> </span> 
     </span>
    </p>
   </div>
   <div class='ocr_carea' id='block_1_2' title="bbox 929 357 2175 400">
    <p class='ocr_par' dir='ltr' id='par_1_2' title="bbox 929 357 2175 400">
     <span class='ocr_line' id='line_1_2' title="bbox 929 357 2175 400; baseline 0.002 -4"><span class='ocrx_word' id='word_1_2' title='bbox 929 357 1162 397; x_wconf 74' lang='lat' dir='ltr'>TRoisinMn</span> <span class='ocrx_word' id='word_1_3' title='bbox 1182 359 1338 398; x_wconf 73' lang='lat' dir='ltr'>ANNnE.</span> <span class='ocrx_word' id='word_1_4' title='bbox 2117 368 2175 400; x_wconf 79' lang='lat'>473</span> 
     </span>
    </p>
   </div>
   <div class='ocr_carea' id='block_1_3' title="bbox 155 435 406 465">
    <p class='ocr_par' dir='ltr' id='par_1_3' title="bbox 155 435 406 465">
     <span class='ocr_line' id='line_1_3' title="bbox 155 435 406 465; baseline -0.012 0"><span class='ocrx_word' id='word_1_5' title='bbox 155 435 406 465; x_wconf 66' lang='lat'>2880-2865</span> 
     </span>
    </p>
   </div>
   <div class='ocr_carea' id='block_1_4' title="bbox 87 496 1087 582">
    <p class='ocr_par' dir='ltr' id='par_1_4' title="bbox 87 496 1087 582">
     <span class='ocr_line' id='line_1_4' title="bbox 120 496 1087 531; baseline -0.003 -6"><span class='ocrx_word' id='word_1_6' title='bbox 120 498 246 526; x_wconf 85' lang='lat' dir='ltr'>Ecclesia</span> <span class='ocrx_word' id='word_1_7' title='bbox 260 498 411 524; x_wconf 84' lang='lat' dir='ltr'>Turritana</span> <span class='ocrx_word' id='word_1_8' title='bbox 425 496 574 530; x_wconf 79' lang='lat' dir='ltr'>Pandulfo,</span> <span class='ocrx_word' id='word_1_9' title='bbox 586 497 722 531; x_wconf 82' lang='lat' dir='ltr'>episcopo</span> <span class='ocrx_word' id='word_1_10' title='bbox 735 496 876 529; x_wconf 84' lang='lat' dir='ltr'>Pactensi,</span> <span class='ocrx_word' id='word_1_11' title='bbox 889 497 1087 522; x_wconf 78' lang='lat' dir='ltr'>committitur.</span> 
     </span>
     <span class='ocr_line' id='line_1_5' title="bbox 87 545 505 582; baseline -0.012 -7"><span class='ocrx_word' id='word_1_12' title='bbox 87 548 168 582; x_wconf 72' lang='lat' dir='ltr'>(Ruso.</span> <span class='ocrx_word' id='word_1_13' title='bbox 185 547 228 578; x_wconf 83' lang='lat'>45,</span> <span class='ocrx_word' id='word_1_14' title='bbox 244 554 269 573; x_wconf 85' lang='lat' dir='ltr'>c.</span> <span class='ocrx_word' id='word_1_15' title='bbox 285 546 348 577; x_wconf 72' lang='lat'>259,</span> <span class='ocrx_word' id='word_1_16' title='bbox 365 546 384 571; x_wconf 82' lang='lat' dir='ltr'>f.</span> <span class='ocrx_word' id='word_1_17' title='bbox 403 545 436 572; x_wconf 86' lang='lat'>46</span> <span class='ocrx_word' id='word_1_18' title='bbox 451 545 505 578; x_wconf 75' lang='lat' dir='ltr'>vo.)</span> 
     </span>
    </p>
   </div>
   <div class='ocr_carea' id='block_1_5' title="bbox 657 433 1015 468">
    <p class='ocr_par' dir='ltr' id='par_1_5' title="bbox 657 433 1015 468">
     <span class='ocr_line' id='line_1_6' title="bbox 657 433 1015 468; baseline -0.003 -8"><span class='ocrx_word' id='word_1_19' title='bbox 657 433 783 468; x_wconf 86' lang='lat' dir='ltr'>Orvieto‚</span> <span class='ocrx_word' id='word_1_20' title='bbox 800 434 814 460; x_wconf 77' lang='lat'>4</span> <span class='ocrx_word' id='word_1_21' title='bbox 827 434 921 468; x_wconf 87' lang='lat' dir='ltr'>juillet</span> <span class='ocrx_word' id='word_1_22' title='bbox 940 434 1015 460; x_wconf 68' lang='lat'>1290.</span> 
     </span>
    </p>
   </div>
   <div class='ocr_carea' id='block_1_6' title="bbox 88 657 1099 1709">
    <p class='ocr_par' dir='ltr' id='par_1_6' title="bbox 88 657 1093 1010">
     <span class='ocr_line' id='line_1_7' title="bbox 126 657 1091 698; baseline -0.005 -7"><span class='ocrx_word' id='word_1_23' title='bbox 126 661 287 697; x_wconf 76' lang='lat' dir='ltr'>Pandulfo,</span> <span class='ocrx_word' id='word_1_24' title='bbox 303 661 435 698; x_wconf 79' lang='lat' dir='ltr'>episcopo</span> <span class='ocrx_word' id='word_1_25' title='bbox 452 659 599 688; x_wconf 74' lang='lat' dir='ltr'>Pactensi.</span> <span class='ocrx_word' id='word_1_26' title='bbox 617 659 757 688; x_wconf 83' lang='lat' dir='ltr'>Vacante</span> <span class='ocrx_word' id='word_1_27' title='bbox 773 659 943 688; x_wconf 85' lang='lat' dir='ltr'>Turritana</span> <span class='ocrx_word' id='word_1_28' title='bbox 959 657 1091 687; x_wconf 88' lang='lat' dir='ltr'>ecclesia</span> 
     </span>
     <span class='ocr_line' id='line_1_8' title="bbox 88 711 1089 755; baseline -0.004 -11"><span class='ocrx_word' id='word_1_29' title='bbox 88 724 144 755; x_wconf 87' lang='lat' dir='ltr'>per</span> <span class='ocrx_word' id='word_1_30' title='bbox 163 718 296 743; x_wconf 84' lang='lat' dir='ltr'>mortem</span> <span class='ocrx_word' id='word_1_31' title='bbox 318 712 517 749; x_wconf 87' lang='lat' dir='ltr'>Dorgotorii‚</span> <span class='ocrx_word' id='word_1_32' title='bbox 536 712 709 750; x_wconf 89' lang='lat' dir='ltr'>capitulum</span> <span class='ocrx_word' id='word_1_33' title='bbox 729 712 949 750; x_wconf 83' lang='lat' dir='ltr'>Raynerium,</span> <span class='ocrx_word' id='word_1_34' title='bbox 969 711 1089 749; x_wconf 85' lang='lat' dir='ltr'>episco-</span> 
     </span>
     <span class='ocr_line' id='line_1_9' title="bbox 89 763 1088 807; baseline -0.004 -11"><span class='ocrx_word' id='word_1_35' title='bbox 89 776 164 807; x_wconf 84' lang='lat' dir='ltr'>pum</span> <span class='ocrx_word' id='word_1_36' title='bbox 180 765 426 802; x_wconf 81' lang='lat' dir='ltr'>Plouasensem,</span> <span class='ocrx_word' id='word_1_37' title='bbox 443 764 477 793; x_wconf 90' lang='lat' dir='ltr'>in</span> <span class='ocrx_word' id='word_1_38' title='bbox 495 773 590 794; x_wconf 89' lang='lat' dir='ltr'>suum</span> <span class='ocrx_word' id='word_1_39' title='bbox 609 764 882 803; x_wconf 84' lang='lat' dir='ltr'>archiepiscopum</span> <span class='ocrx_word' id='word_1_40' title='bbox 899 763 1088 802; x_wconf 87' lang='lat' dir='ltr'>postulavit,</span> 
     </span>
     <span class='ocr_line' id='line_1_10' title="bbox 90 815 1092 857; baseline -0.005 -7"><span class='ocrx_word' id='word_1_41' title='bbox 90 820 143 851; x_wconf 88' lang='lat' dir='ltr'>sed</span> <span class='ocrx_word' id='word_1_42' title='bbox 162 819 245 849; x_wconf 88' lang='lat' dir='ltr'>hanc</span> <span class='ocrx_word' id='word_1_43' title='bbox 263 817 507 857; x_wconf 75' lang='lat' dir='ltr'>postulationem</span> <span class='ocrx_word' id='word_1_44' title='bbox 523 826 604 856; x_wconf 84' lang='lat' dir='ltr'>papa</span> <span class='ocrx_word' id='word_1_45' title='bbox 620 826 684 847; x_wconf 90' lang='lat' dir='ltr'>non</span> <span class='ocrx_word' id='word_1_46' title='bbox 703 817 834 846; x_wconf 80' lang='lat' dir='ltr'>admisit</span> <span class='ocrx_word' id='word_1_47' title='bbox 849 817 974 854; x_wconf 79' lang='lat' dir='ltr'>sibique</span> <span class='ocrx_word' id='word_1_48' title='bbox 991 815 1092 845; x_wconf 84' lang='lat' dir='ltr'>eccle-</span> 
     </span>
     <span class='ocr_line' id='line_1_11' title="bbox 91 869 1092 911; baseline -0.004 -9"><span class='ocrx_word' id='word_1_49' title='bbox 91 873 154 903; x_wconf 81' lang='lat' dir='ltr'>siae</span> <span class='ocrx_word' id='word_1_50' title='bbox 176 871 389 911; x_wconf 80' lang='lat' dir='ltr'>provisionem</span> <span class='ocrx_word' id='word_1_51' title='bbox 412 871 595 900; x_wconf 82' lang='lat' dir='ltr'><strong>reservavit.</strong></span> <span class='ocrx_word' id='word_1_52' title='bbox 620 870 716 899; x_wconf 90' lang='lat' dir='ltr'>Nunc</span> <span class='ocrx_word' id='word_1_53' title='bbox 742 869 921 905; x_wconf 71' lang='lat' dir='ltr'>Panduno,</span> <span class='ocrx_word' id='word_1_54' title='bbox 948 869 1092 907; x_wconf 84' lang='lat' dir='ltr'>episcopo</span> 
     </span>
     <span class='ocr_line' id='line_1_12' title="bbox 90 922 1093 963; baseline -0.006 -7"><span class='ocrx_word' id='word_1_55' title='bbox 90 926 246 962; x_wconf 82' lang='lat' dir='ltr'>Pactensi,</span> <span class='ocrx_word' id='word_1_56' title='bbox 263 925 311 963; x_wconf 88' lang='lat' dir='ltr'>cuj</span> <span class='ocrx_word' id='word_1_57' title='bbox 319 934 353 954; x_wconf 88' lang='lat' dir='ltr'>us</span> <span class='ocrx_word' id='word_1_58' title='bbox 369 923 468 954; x_wconf 82' lang='lat' dir='ltr'>Siculi</span> <span class='ocrx_word' id='word_1_59' title='bbox 484 923 649 953; x_wconf 87' lang='lat' dir='ltr'>ecclesiam</span> <span class='ocrx_word' id='word_1_60' title='bbox 665 923 820 957; x_wconf 76' lang='lat' dir='ltr'>detinent,</span> <span class='ocrx_word' id='word_1_61' title='bbox 839 922 1028 951; x_wconf 87' lang='lat' dir='ltr'>Turritanae</span> <span class='ocrx_word' id='word_1_62' title='bbox 1044 930 1093 951; x_wconf 87' lang='lat' dir='ltr'>ec—</span> 
     </span>
     <span class='ocr_line' id='line_1_13' title="bbox 90 975 906 1010; baseline -0.006 -1"><span class='ocrx_word' id='word_1_63' title='bbox 90 979 202 1010; x_wconf 83' lang='lat' dir='ltr'>clesiae</span> <span class='ocrx_word' id='word_1_64' title='bbox 221 987 330 1008; x_wconf 87' lang='lat' dir='ltr'>curam</span> <span class='ocrx_word' id='word_1_65' title='bbox 347 981 377 1007; x_wconf 85' lang='lat' dir='ltr'>et</span> <span class='ocrx_word' id='word_1_66' title='bbox 392 977 707 1006; x_wconf 80' lang='lat' dir='ltr'>administrationem</span> <span class='ocrx_word' id='word_1_67' title='bbox 724 975 906 1005; x_wconf 84' lang='lat' dir='ltr'>committit.</span> 
     </span>
    </p>

    <p class='ocr_par' dir='ltr' id='par_1_7' title="bbox 90 1028 1094 1122">
     <span class='ocr_line' id='line_1_14' title="bbox 131 1028 1094 1069; baseline -0.003 -9"><span class='ocrx_word' id='word_1_68' title='bbox 131 1045 145 1060; x_wconf 76' lang='grc' dir='ltr'>ι</span> <span class='ocrx_word' id='word_1_69' title='bbox 163 1033 247 1062; x_wconf 92' lang='lat' dir='ltr'>Dum</span> <span class='ocrx_word' id='word_1_70' title='bbox 263 1033 358 1061; x_wconf 87' lang='lat' dir='ltr'>variis</span> <span class='ocrx_word' id='word_1_71' title='bbox 373 1031 657 1069; x_wconf 87' lang='lat' dir='ltr'>innumerisque...</span> <span class='ocrx_word' id='word_1_72' title='bbox 673 1046 711 1051; x_wconf 88' lang='lat'><em>—</em></span> <span class='ocrx_word' id='word_1_73' title='bbox 729 1030 799 1058; x_wconf 88' lang='lat' dir='ltr'>Dat.</span> <span class='ocrx_word' id='word_1_74' title='bbox 818 1029 902 1067; x_wconf 85' lang='lat' dir='ltr'>apud</span> <span class='ocrx_word' id='word_1_75' title='bbox 919 1028 1094 1059; x_wconf 89' lang='lat' dir='ltr'>Urhemve·</span> 
     </span>
     <span class='ocr_line' id='line_1_15' title="bbox 90 1083 739 1122; baseline -0.008 -5"><span class='ocrx_word' id='word_1_76' title='bbox 90 1091 200 1122; x_wconf 84' lang='lat' dir='ltr'>terem,</span> <span class='ocrx_word' id='word_1_77' title='bbox 219 1094 265 1115; x_wconf 90' lang='lat'>1111</span> <span class='ocrx_word' id='word_1_78' title='bbox 284 1093 385 1115; x_wconf 88' lang='lat' dir='ltr'>nonas</span> <span class='ocrx_word' id='word_1_79' title='bbox 398 1084 484 1122; x_wconf 86' lang='lat' dir='ltr'>julii,</span> <span class='ocrx_word' id='word_1_80' title='bbox 501 1093 586 1113; x_wconf 89' lang='lat' dir='ltr'>anno</span> <span class='ocrx_word' id='word_1_81' title='bbox 603 1083 705 1113; x_wconf 89' lang='lat' dir='ltr'>tertio.</span> <span class='ocrx_word' id='word_1_82' title='bbox 725 1095 739 1109; x_wconf 70' lang='lat' dir='ltr'>v&gt;</span> 
     </span>
    </p>

    <p class='ocr_par' dir='ltr' id='par_1_8' title="bbox 91 1135 1094 1227">
     <span class='ocr_line' id='line_1_16' title="bbox 129 1135 1094 1175; baseline -0.005 -6"><span class='ocrx_word' id='word_1_83' title='bbox 129 1139 168 1169; x_wconf 91' lang='lat' dir='ltr'>In</span> <span class='ocrx_word' id='word_1_84' title='bbox 189 1147 217 1168; x_wconf 86' lang='lat' dir='ltr'>e.</span> <span class='ocrx_word' id='word_1_85' title='bbox 238 1147 280 1167; x_wconf 90' lang='lat' dir='ltr'>m.</span> <span class='ocrx_word' id='word_1_86' title='bbox 301 1137 438 1175; x_wconf 91' lang='lat' dir='ltr'>capitulo</span> <span class='ocrx_word' id='word_1_87' title='bbox 459 1136 608 1166; x_wconf 82' lang='lat' dir='ltr'>ecclesiae</span> <span class='ocrx_word' id='word_1_88' title='bbox 625 1136 815 1165; x_wconf 85' lang='lat' dir='ltr'>Turritanae</span> <span class='ocrx_word' id='word_1_89' title='bbox 834 1135 966 1165; x_wconf 87' lang='lat' dir='ltr'>mandat</span> <span class='ocrx_word' id='word_1_90' title='bbox 985 1138 1094 1174; x_wconf 89' lang='lat' dir='ltr'>quate-</span> 
     </span>
     <span class='ocr_line' id='line_1_17' title="bbox 91 1189 883 1227; baseline -0.006 -5"><span class='ocrx_word' id='word_1_91' title='bbox 91 1201 151 1222; x_wconf 81' lang='lat' dir='ltr'>nus</span> <span class='ocrx_word' id='word_1_92' title='bbox 164 1191 322 1221; x_wconf 85' lang='lat' dir='ltr'>Pandnlfo</span> <span class='ocrx_word' id='word_1_93' title='bbox 336 1190 475 1220; x_wconf 86' lang='lat' dir='ltr'>debitam</span> <span class='ocrx_word' id='word_1_94' title='bbox 492 1189 706 1219; x_wconf 83' lang='lat' dir='ltr'>obedientiam</span> <span class='ocrx_word' id='word_1_95' title='bbox 725 1189 883 1227; x_wconf 87' lang='lat' dir='ltr'>praebeat.</span> 
     </span>
    </p>

    <p class='ocr_par' dir='ltr' id='par_1_9' title="bbox 128 1243 959 1275">
     <span class='ocr_line' id='line_1_18' title="bbox 128 1243 959 1275; baseline -0.004 0"><span class='ocrx_word' id='word_1_96' title='bbox 128 1246 167 1275; x_wconf 90' lang='lat' dir='ltr'>In</span> <span class='ocrx_word' id='word_1_97' title='bbox 183 1254 210 1275; x_wconf 90' lang='lat' dir='ltr'>e.</span> <span class='ocrx_word' id='word_1_98' title='bbox 230 1254 273 1274; x_wconf 90' lang='lat' dir='ltr'>m.</span> <span class='ocrx_word' id='word_1_99' title='bbox 291 1244 374 1274; x_wconf 80' lang='lat' dir='ltr'>clero</span> <span class='ocrx_word' id='word_1_100' title='bbox 392 1244 582 1274; x_wconf 78' lang='lat' dir='ltr'>Tui-ritanae</span> <span class='ocrx_word' id='word_1_101' title='bbox 598 1243 737 1273; x_wconf 87' lang='lat' dir='ltr'>civitatis</span> <span class='ocrx_word' id='word_1_102' title='bbox 751 1247 781 1272; x_wconf 86' lang='lat' dir='ltr'>et</span> <span class='ocrx_word' id='word_1_103' title='bbox 796 1243 959 1272; x_wconf 86' lang='lat' dir='ltr'>dioecesis.</span> 
     </span>
    </p>

    <p class='ocr_par' dir='ltr' id='par_1_10' title="bbox 129 1296 773 1336">
     <span class='ocr_line' id='line_1_19' title="bbox 129 1296 773 1336; baseline -0.005 -8"><span class='ocrx_word' id='word_1_104' title='bbox 129 1299 168 1328; x_wconf 91' lang='lat' dir='ltr'>In</span> <span class='ocrx_word' id='word_1_105' title='bbox 184 1307 210 1328; x_wconf 92' lang='lat' dir='ltr'>e.</span> <span class='ocrx_word' id='word_1_106' title='bbox 230 1307 271 1327; x_wconf 91' lang='lat' dir='ltr'>m.</span> <span class='ocrx_word' id='word_1_107' title='bbox 289 1297 403 1336; x_wconf 88' lang='lat' dir='ltr'>populo</span> <span class='ocrx_word' id='word_1_108' title='bbox 420 1297 610 1326; x_wconf 86' lang='lat' dir='ltr'>Turritanae</span> <span class='ocrx_word' id='word_1_109' title='bbox 626 1296 773 1326; x_wconf 87' lang='lat' dir='ltr'>civitatis.</span> 
     </span>
    </p>

    <p class='ocr_par' dir='ltr' id='par_1_11' title="bbox 91 1350 1095 1501">
     <span class='ocr_line' id='line_1_20' title="bbox 130 1350 1094 1388; baseline -0.001 -7"><span class='ocrx_word' id='word_1_110' title='bbox 130 1351 168 1381; x_wconf 90' lang='lat' dir='ltr'>In</span> <span class='ocrx_word' id='word_1_111' title='bbox 187 1359 215 1380; x_wconf 86' lang='lat' dir='ltr'>e.</span> <span class='ocrx_word' id='word_1_112' title='bbox 235 1360 278 1381; x_wconf 90' lang='lat' dir='ltr'>m.</span> <span class='ocrx_word' id='word_1_113' title='bbox 298 1350 441 1380; x_wconf 86' lang='lat' dir='ltr'>vassallis</span> <span class='ocrx_word' id='word_1_114' title='bbox 459 1350 610 1380; x_wconf 87' lang='lat' dir='ltr'>ecclesiae</span> <span class='ocrx_word' id='word_1_115' title='bbox 628 1350 817 1379; x_wconf 80' lang='lat' dir='ltr'>Turi-itanae</span> <span class='ocrx_word' id='word_1_116' title='bbox 837 1350 967 1379; x_wconf 81' lang='lat' dir='ltr'>mandat</span> <span class='ocrx_word' id='word_1_117' title='bbox 984 1354 1094 1388; x_wconf 85' lang='lat' dir='ltr'>quate-</span> 
     </span>
     <span class='ocr_line' id='line_1_21' title="bbox 92 1403 1095 1442; baseline -0.002 -8"><span class='ocrx_word' id='word_1_118' title='bbox 92 1413 152 1435; x_wconf 89' lang='lat' dir='ltr'>nns</span> <span class='ocrx_word' id='word_1_119' title='bbox 167 1404 258 1434; x_wconf 88' lang='lat' dir='ltr'>solita</span> <span class='ocrx_word' id='word_1_120' title='bbox 274 1404 436 1433; x_wconf 85' lang='lat' dir='ltr'>fidelitatis</span> <span class='ocrx_word' id='word_1_121' title='bbox 449 1404 671 1442; x_wconf 87' lang='lat' dir='ltr'>juramentum</span> <span class='ocrx_word' id='word_1_122' title='bbox 692 1408 722 1432; x_wconf 88' lang='lat' dir='ltr'>et</span> <span class='ocrx_word' id='word_1_123' title='bbox 741 1403 870 1432; x_wconf 85' lang='lat' dir='ltr'>servitia</span> <span class='ocrx_word' id='word_1_124' title='bbox 891 1403 995 1432; x_wconf 87' lang='lat' dir='ltr'>eidem</span> <span class='ocrx_word' id='word_1_125' title='bbox 1012 1403 1095 1441; x_wconf 89' lang='lat' dir='ltr'>epis-</span> 
     </span>
     <span class='ocr_line' id='line_1_22' title="bbox 91 1458 402 1501; baseline -0.01 -12"><span class='ocrx_word' id='word_1_126' title='bbox 91 1466 168 1497; x_wconf 84' lang='lat' dir='ltr'>copo</span> <span class='ocrx_word' id='word_1_127' title='bbox 182 1458 363 1496; x_wconf 83' lang='lat' dir='ltr'>praebeant.</span> <span class='ocrx_word' id='word_1_128' title='bbox 397 1496 402 1501; x_wconf 32' lang='lat'>¹</span> 
     </span>
    </p>

    <p class='ocr_par' dir='ltr' id='par_1_12' title="bbox 90 1509 1099 1709">
     <span class='ocr_line' id='line_1_23' title="bbox 133 1509 1099 1545; baseline -0.002 -5"><span class='ocrx_word' id='word_1_129' title='bbox 133 1511 170 1540; x_wconf 93' lang='lat' dir='ltr'>In</span> <span class='ocrx_word' id='word_1_130' title='bbox 203 1519 229 1539; x_wconf 89' lang='lat' dir='ltr'>e.</span> <span class='ocrx_word' id='word_1_131' title='bbox 261 1519 305 1540; x_wconf 92' lang='lat' dir='ltr'>m.</span> <span class='ocrx_word' id='word_1_132' title='bbox 336 1509 476 1540; x_wconf 87' lang='lat' dir='ltr'>nobilem</span> <span class='ocrx_word' id='word_1_133' title='bbox 505 1509 612 1539; x_wconf 88' lang='lat' dir='ltr'>virum</span> <span class='ocrx_word' id='word_1_134' title='bbox 643 1509 825 1539; x_wconf 88' lang='lat' dir='ltr'>Marianum</span> <span class='ocrx_word' id='word_1_135' title='bbox 837 1532 844 1545; x_wconf 94' lang='lat'>‚</span> <span class='ocrx_word' id='word_1_136' title='bbox 875 1509 1030 1539; x_wconf 87' lang='lat' dir='ltr'>vicarium</span> <span class='ocrx_word' id='word_1_137' title='bbox 1060 1510 1099 1539; x_wconf 84' lang='lat' dir='ltr'>de</span> 
     </span>
     <span class='ocr_line' id='line_1_24' title="bbox 95 1558 1098 1602; baseline -0.001 -9"><span class='ocrx_word' id='word_1_138' title='bbox 95 1558 192 1594; x_wconf 83' lang='lat' dir='ltr'>Basso</span> <span class='ocrx_word' id='word_1_139' title='bbox 203 1587 210 1599; x_wconf 86' lang='lat'>‚</span> <span class='ocrx_word' id='word_1_140' title='bbox 225 1563 367 1602; x_wconf 88' lang='lat' dir='ltr'>jndicem</span> <span class='ocrx_word' id='word_1_141' title='bbox 382 1563 561 1599; x_wconf 88' lang='lat' dir='ltr'>Arboreae,</span> <span class='ocrx_word' id='word_1_142' title='bbox 577 1562 721 1592; x_wconf 80' lang='lat' dir='ltr'>hortatur</span> <span class='ocrx_word' id='word_1_143' title='bbox 736 1567 770 1592; x_wconf 86' lang='lat' dir='ltr'>ut</span> <span class='ocrx_word' id='word_1_144' title='bbox 783 1562 888 1592; x_wconf 88' lang='lat' dir='ltr'>eidem</span> <span class='ocrx_word' id='word_1_145' title='bbox 903 1563 1047 1601; x_wconf 86' lang='lat' dir='ltr'>episcopo</span> <span class='ocrx_word' id='word_1_146' title='bbox 1063 1563 1098 1592; x_wconf 91' lang='lat' dir='ltr'>in</span> 
     </span>
     <span class='ocr_line' id='line_1_25' title="bbox 92 1616 1097 1655; baseline -0.001 -9"><span class='ocrx_word' id='word_1_147' title='bbox 92 1616 316 1655; x_wconf 80' lang='lat' dir='ltr'>recuperandis</span> <span class='ocrx_word' id='word_1_148' title='bbox 337 1620 367 1646; x_wconf 88' lang='lat' dir='ltr'>et</span> <span class='ocrx_word' id='word_1_149' title='bbox 383 1616 589 1646; x_wconf 89' lang='lat' dir='ltr'>manutendis</span> <span class='ocrx_word' id='word_1_150' title='bbox 608 1616 710 1654; x_wconf 85' lang='lat' dir='ltr'>ipsius</span> <span class='ocrx_word' id='word_1_151' title='bbox 730 1616 882 1646; x_wconf 87' lang='lat' dir='ltr'>ecclesiae</span> <span class='ocrx_word' id='word_1_152' title='bbox 906 1616 1097 1646; x_wconf 86' lang='lat' dir='ltr'>Turritanae</span> 
     </span>
     <span class='ocr_line' id='line_1_26' title="bbox 90 1669 348 1709; baseline 0.004 -9"><span class='ocrx_word' id='word_1_153' title='bbox 90 1670 216 1709; x_wconf 88' lang='lat' dir='ltr'>juribus</span> <span class='ocrx_word' id='word_1_154' title='bbox 231 1669 348 1701; x_wconf 78' lang='lat' dir='ltr'>faveat.</span> 
     </span>
    </p>
   </div>
   <div class='ocr_carea' id='block_1_7' title="bbox 162 1855 279 1885">
    <p class='ocr_par' dir='ltr' id='par_1_13' title="bbox 162 1855 279 1885">
     <span class='ocr_line' id='line_1_27' title="bbox 162 1855 279 1885; baseline -0.017 0"><span class='ocrx_word' id='word_1_155' title='bbox 162 1855 279 1885; x_wconf 68' lang='lat' dir='ltr'>286ss</span> 
     </span>
    </p>
   </div>
   <div class='ocr_carea' id='block_1_8' title="bbox 50 1918 1096 2012">
    <p class='ocr_par' dir='ltr' id='par_1_14' title="bbox 50 1918 1096 2012">
     <span class='ocr_line' id='line_1_28' title="bbox 127 1918 1096 1953; baseline 0.001 -8"><span class='ocrx_word' id='word_1_156' title='bbox 127 1918 259 1945; x_wconf 88' lang='lat' dir='ltr'>Facultas</span> <span class='ocrx_word' id='word_1_157' title='bbox 274 1918 461 1945; x_wconf 83' lang='lat' dir='ltr'>construendi</span> <span class='ocrx_word' id='word_1_158' title='bbox 476 1919 643 1947; x_wconf 88' lang='lat' dir='ltr'>oratorium.</span> <span class='ocrx_word' id='word_1_159' title='bbox 661 1918 743 1952; x_wconf 71' lang='lat' dir='ltr'>(Rau.</span> <span class='ocrx_word' id='word_1_160' title='bbox 767 1919 798 1945; x_wconf 85' lang='lat'>45</span> <span class='ocrx_word' id='word_1_161' title='bbox 812 1940 818 1949; x_wconf 86' lang='lat'>,</span> <span class='ocrx_word' id='word_1_162' title='bbox 835 1927 860 1946; x_wconf 81' lang='lat' dir='ltr'>e.</span> <span class='ocrx_word' id='word_1_163' title='bbox 878 1919 947 1951; x_wconf 75' lang='lat'>260,</span> <span class='ocrx_word' id='word_1_164' title='bbox 966 1920 984 1946; x_wconf 81' lang='lat' dir='ltr'>f.</span> <span class='ocrx_word' id='word_1_165' title='bbox 1003 1920 1035 1946; x_wconf 84' lang='lat'>47</span> <span class='ocrx_word' id='word_1_166' title='bbox 1050 1927 1096 1953; x_wconf 82' lang='lat' dir='ltr'>r0;</span> 
     </span>
     <span class='ocr_line' id='line_1_29' title="bbox 50 1967 410 2012; baseline 0.003 -19"><span class='ocrx_word' id='word_1_167' title='bbox 50 2003 60 2012; x_wconf 49' lang='lat'><strong>·</strong></span> <span class='ocrx_word' id='word_1_168' title='bbox 94 1967 160 1994; x_wconf 61' lang='grc' dir='ltr'>[ΛΡ.</span> <span class='ocrx_word' id='word_1_169' title='bbox 179 1976 214 1995; x_wconf 85' lang='lat' dir='ltr'>nu</span> <span class='ocrx_word' id='word_1_170' title='bbox 228 1967 328 2000; x_wconf 72' lang='lat' dir='ltr'>Tnnm,</span> <span class='ocrx_word' id='word_1_171' title='bbox 345 1967 410 2001; x_wconf 89' lang='lat' dir='ltr'>IH.)</span> 
     </span>
    </p>
   </div>
   <div class='ocr_carea' id='block_1_9' title="bbox 666 1855 1025 1890">
    <p class='ocr_par' dir='ltr' id='par_1_15' title="bbox 666 1855 1025 1890">
     <span class='ocr_line' id='line_1_30' title="bbox 666 1855 1025 1890; baseline 0.006 -9"><span class='ocrx_word' id='word_1_172' title='bbox 666 1855 791 1890; x_wconf 77' lang='lat' dir='ltr'>Orvieto,</span> <span class='ocrx_word' id='word_1_173' title='bbox 808 1857 822 1882; x_wconf 88' lang='lat'>7</span> <span class='ocrx_word' id='word_1_174' title='bbox 835 1856 930 1890; x_wconf 84' lang='lat' dir='ltr'>juillet</span> <span class='ocrx_word' id='word_1_175' title='bbox 950 1857 1025 1883; x_wconf 77' lang='lat'>1‘290.</span> 
     </span>
    </p>
   </div>
   <div class='ocr_carea' id='block_1_10' title="bbox 89 2085 1097 3077">
    <p class='ocr_par' dir='ltr' id='par_1_16' title="bbox 89 2085 1097 3077">
     <span class='ocr_line' id='line_1_31' title="bbox 134 2085 1097 2122; baseline 0.002 -9"><span class='ocrx_word' id='word_1_176' title='bbox 134 2105 153 2114; x_wconf 88' lang='lat'>..</span> <span class='ocrx_word' id='word_1_177' title='bbox 171 2085 271 2114; x_wconf 82' lang='lat' dir='ltr'>abbati</span> <span class='ocrx_word' id='word_1_178' title='bbox 286 2090 312 2113; x_wconf 88' lang='lat' dir='ltr'>et</span> <span class='ocrx_word' id='word_1_179' title='bbox 327 2086 489 2114; x_wconf 69' lang='lat' dir='ltr'>conventui</span> <span class='ocrx_word' id='word_1_180' title='bbox 505 2085 632 2121; x_wconf 80' lang='lat' dir='ltr'>Maj0r1&#39;s</span> <span class='ocrx_word' id='word_1_181' title='bbox 648 2087 826 2115; x_wconf 70' lang='lat' dir='ltr'>monasterii</span> <span class='ocrx_word' id='word_1_182' title='bbox 843 2087 1041 2122; x_wconf 76' lang='lat' dir='ltr'>Turonensis,</span> <span class='ocrx_word' id='word_1_183' title='bbox 1058 2087 1097 2116; x_wconf 80' lang='lat' dir='ltr'>ad</span> 
     </span>
     <span class='ocr_line' id='line_1_32' title="bbox 91 2136 1095 2176; baseline 0.002 -10"><span class='ocrx_word' id='word_1_184' title='bbox 91 2146 253 2167; x_wconf 80' lang='lat' dir='ltr'>romanam</span> <span class='ocrx_word' id='word_1_185' title='bbox 269 2138 422 2167; x_wconf 80' lang='lat' dir='ltr'>ecclesiam</span> <span class='ocrx_word' id='word_1_186' title='bbox 438 2136 523 2167; x_wconf 80' lang='lat' dir='ltr'>nullo</span> <span class='ocrx_word' id='word_1_187' title='bbox 540 2139 636 2167; x_wconf 65' lang='lat' dir='ltr'>medio</span> <span class='ocrx_word' id='word_1_188' title='bbox 648 2140 841 2176; x_wconf 74' lang='lat' dir='ltr'>pertinentis,</span> <span class='ocrx_word' id='word_1_189' title='bbox 860 2140 980 2168; x_wconf 74' lang='lat' dir='ltr'>ordinis</span> <span class='ocrx_word' id='word_1_190' title='bbox 995 2139 1025 2168; x_wconf 90' lang='lat' dir='ltr'>S.</span> <span class='ocrx_word' id='word_1_191' title='bbox 1042 2140 1095 2168; x_wconf 86' lang='lat' dir='ltr'>Be-</span> 
     </span>
     <span class='ocr_line' id='line_1_33' title="bbox 92 2190 1093 2230; baseline 0.001 -10"><span class='ocrx_word' id='word_1_192' title='bbox 92 2191 212 2221; x_wconf 72' lang='lat' dir='ltr'>nedicti.</span> <span class='ocrx_word' id='word_1_193' title='bbox 235 2202 247 2217; x_wconf 83' lang='grc' dir='ltr'>ι</span> <span class='ocrx_word' id='word_1_194' title='bbox 264 2191 325 2220; x_wconf 90' lang='lat' dir='ltr'>Per</span> <span class='ocrx_word' id='word_1_195' title='bbox 340 2195 428 2228; x_wconf 85' lang='lat' dir='ltr'>grata</span> <span class='ocrx_word' id='word_1_196' title='bbox 445 2190 623 2221; x_wconf 88' lang='lat' dir='ltr'>devotionis</span> <span class='ocrx_word' id='word_1_197' title='bbox 641 2191 792 2230; x_wconf 86' lang='lat' dir='ltr'>obsequia</span> <span class='ocrx_word' id='word_1_198' title='bbox 809 2192 970 2221; x_wconf 79' lang='lat' dir='ltr'>meruistis</span> <span class='ocrx_word' id='word_1_199' title='bbox 987 2196 1019 2221; x_wconf 87' lang='lat' dir='ltr'>ut</span> <span class='ocrx_word' id='word_1_200' title='bbox 1038 2192 1093 2221; x_wconf 88' lang='lat' dir='ltr'>de-</span> 
     </span>
     <span class='ocr_line' id='line_1_34' title="bbox 91 2244 1094 2283; baseline 0.001 -10"><span class='ocrx_word' id='word_1_201' title='bbox 91 2244 217 2274; x_wconf 80' lang='lat' dir='ltr'>sideriis</span> <span class='ocrx_word' id='word_1_202' title='bbox 232 2244 363 2281; x_wconf 88' lang='lat' dir='ltr'>vestris,</span> <span class='ocrx_word' id='word_1_203' title='bbox 381 2248 538 2283; x_wconf 88' lang='lat' dir='ltr'>quantum</span> <span class='ocrx_word' id='word_1_204' title='bbox 555 2253 628 2274; x_wconf 90' lang='lat' dir='ltr'>cum</span> <span class='ocrx_word' id='word_1_205' title='bbox 647 2245 712 2274; x_wconf 90' lang='lat' dir='ltr'>Deo</span> <span class='ocrx_word' id='word_1_206' title='bbox 729 2254 897 2283; x_wconf 85' lang='lat' dir='ltr'>possumus</span> <span class='ocrx_word' id='word_1_207' title='bbox 910 2268 917 2281; x_wconf 95' lang='lat'>‚</span> <span class='ocrx_word' id='word_1_208' title='bbox 937 2246 1094 2275; x_wconf 83' lang='lat' dir='ltr'>favorabi-</span> 
     </span>
     <span class='ocr_line' id='line_1_35' title="bbox 91 2296 1093 2337; baseline 0.002 -11"><span class='ocrx_word' id='word_1_209' title='bbox 91 2296 163 2327; x_wconf 87' lang='lat' dir='ltr'>liter</span> <span class='ocrx_word' id='word_1_210' title='bbox 173 2306 365 2328; x_wconf 86' lang='lat' dir='ltr'>annuamus.</span> <span class='ocrx_word' id='word_1_211' title='bbox 381 2298 500 2328; x_wconf 90' lang='lat' dir='ltr'>Vestris</span> <span class='ocrx_word' id='word_1_212' title='bbox 514 2299 621 2337; x_wconf 88' lang='lat' dir='ltr'>itaqne</span> <span class='ocrx_word' id='word_1_213' title='bbox 635 2299 919 2337; x_wconf 82' lang='lat' dir='ltr'>supplicationibus</span> <span class='ocrx_word' id='word_1_214' title='bbox 933 2299 1093 2336; x_wconf 86' lang='lat' dir='ltr'>inclinati,</span> 
     </span>
     <span class='ocr_line' id='line_1_36' title="bbox 91 2351 1093 2391; baseline 0.002 -11"><span class='ocrx_word' id='word_1_215' title='bbox 91 2351 179 2381; x_wconf 84' lang='lat' dir='ltr'>vobis</span> <span class='ocrx_word' id='word_1_216' title='bbox 201 2355 252 2387; x_wconf 88' lang='lat' dir='ltr'>ut,</span> <span class='ocrx_word' id='word_1_217' title='bbox 274 2352 301 2381; x_wconf 85' lang='lat' dir='ltr'>si</span> <span class='ocrx_word' id='word_1_218' title='bbox 325 2352 493 2389; x_wconf 83' lang='lat' dir='ltr'>contigerit</span> <span class='ocrx_word' id='word_1_219' title='bbox 516 2361 569 2382; x_wconf 91' lang='lat' dir='ltr'>vos</span> <span class='ocrx_word' id='word_1_220' title='bbox 589 2352 731 2391; x_wconf 85' lang='lat' dir='ltr'>aliquam</span> <span class='ocrx_word' id='word_1_221' title='bbox 755 2353 885 2382; x_wconf 85' lang='lat' dir='ltr'>domum</span> <span class='ocrx_word' id='word_1_222' title='bbox 906 2353 938 2381; x_wconf 93' lang='lat' dir='ltr'>in</span> <span class='ocrx_word' id='word_1_223' title='bbox 965 2353 1093 2382; x_wconf 79' lang='lat' dir='ltr'>civitate</span> 
     </span>
     <span class='ocr_line' id='line_1_37' title="bbox 93 2403 1094 2443; baseline 0 -9"><span class='ocrx_word' id='word_1_224' title='bbox 93 2403 267 2434; x_wconf 86' lang='lat' dir='ltr'>Parisiensi</span> <span class='ocrx_word' id='word_1_225' title='bbox 293 2404 341 2434; x_wconf 93' lang='lat' dir='ltr'>vel</span> <span class='ocrx_word' id='word_1_226' title='bbox 364 2405 430 2443; x_wconf 82' lang='lat' dir='ltr'>ejus</span> <span class='ocrx_word' id='word_1_227' title='bbox 456 2405 610 2435; x_wconf 80' lang='lat' dir='ltr'>suburbio</span> <span class='ocrx_word' id='word_1_228' title='bbox 633 2414 754 2441; x_wconf 91' lang='lat' dir='ltr'>emere,</span> <span class='ocrx_word' id='word_1_229' title='bbox 781 2410 835 2435; x_wconf 90' lang='lat' dir='ltr'>ant</span> <span class='ocrx_word' id='word_1_230' title='bbox 860 2405 923 2435; x_wconf 90' lang='lat' dir='ltr'>alio</span> <span class='ocrx_word' id='word_1_231' title='bbox 952 2406 1094 2443; x_wconf 71' lang='lat' dir='ltr'>legitimo</span> 
     </span>
     <span class='ocr_line' id='line_1_38' title="bbox 91 2456 1092 2497; baseline 0.001 -11"><span class='ocrx_word' id='word_1_232' title='bbox 91 2456 184 2487; x_wconf 87' lang='lat' dir='ltr'>modo</span> <span class='ocrx_word' id='word_1_233' title='bbox 200 2457 381 2496; x_wconf 85' lang='lat' dir='ltr'>acquirere,</span> <span class='ocrx_word' id='word_1_234' title='bbox 404 2462 438 2487; x_wconf 88' lang='lat' dir='ltr'>ut</span> <span class='ocrx_word' id='word_1_235' title='bbox 456 2457 491 2486; x_wconf 91' lang='lat' dir='ltr'>in</span> <span class='ocrx_word' id='word_1_236' title='bbox 515 2467 552 2487; x_wconf 88' lang='lat' dir='ltr'>ea</span> <span class='ocrx_word' id='word_1_237' title='bbox 574 2457 709 2488; x_wconf 89' lang='lat' dir='ltr'>scolares</span> <span class='ocrx_word' id='word_1_238' title='bbox 727 2467 805 2497; x_wconf 89' lang='lat' dir='ltr'>quos</span> <span class='ocrx_word' id='word_1_239' title='bbox 825 2459 905 2488; x_wconf 88' lang='lat' dir='ltr'>inibi</span> <span class='ocrx_word' id='word_1_240' title='bbox 920 2459 1041 2497; x_wconf 82' lang='lat' dir='ltr'>jugiter</span> <span class='ocrx_word' id='word_1_241' title='bbox 1059 2459 1092 2487; x_wconf 91' lang='lat' dir='ltr'>in</span> 
     </span>
     <span class='ocr_line' id='line_1_39' title="bbox 91 2508 1092 2549; baseline 0.001 -10"><span class='ocrx_word' id='word_1_242' title='bbox 91 2508 265 2548; x_wconf 87' lang='lat' dir='ltr'>theologica</span> <span class='ocrx_word' id='word_1_243' title='bbox 287 2510 435 2540; x_wconf 84' lang='lat' dir='ltr'>facultate</span> <span class='ocrx_word' id='word_1_244' title='bbox 461 2511 593 2546; x_wconf 86' lang='lat' dir='ltr'>tenetis,</span> <span class='ocrx_word' id='word_1_245' title='bbox 623 2515 656 2540; x_wconf 93' lang='lat' dir='ltr'>ut</span> <span class='ocrx_word' id='word_1_246' title='bbox 679 2511 805 2547; x_wconf 86' lang='lat' dir='ltr'>dicitis,</span> <span class='ocrx_word' id='word_1_247' title='bbox 832 2516 1092 2549; x_wconf 84' lang='lat' dir='ltr'>commorentur,</span> 
     </span>
     <span class='ocr_line' id='line_1_40' title="bbox 91 2563 1094 2603; baseline 0.002 -11"><span class='ocrx_word' id='word_1_248' title='bbox 91 2563 215 2601; x_wconf 85' lang='lat' dir='ltr'>possitis</span> <span class='ocrx_word' id='word_1_249' title='bbox 239 2563 326 2593; x_wconf 88' lang='lat' dir='ltr'>licite</span> <span class='ocrx_word' id='word_1_250' title='bbox 346 2563 538 2600; x_wconf 84' lang='lat' dir='ltr'>oratorium,</span> <span class='ocrx_word' id='word_1_251' title='bbox 561 2573 625 2594; x_wconf 89' lang='lat' dir='ltr'>non</span> <span class='ocrx_word' id='word_1_252' title='bbox 646 2564 830 2601; x_wconf 86' lang='lat' dir='ltr'>ecclesiam,</span> <span class='ocrx_word' id='word_1_253' title='bbox 853 2566 887 2594; x_wconf 89' lang='lat' dir='ltr'>in</span> <span class='ocrx_word' id='word_1_254' title='bbox 909 2565 1002 2594; x_wconf 88' lang='lat' dir='ltr'>domo</span> <span class='ocrx_word' id='word_1_255' title='bbox 1026 2565 1094 2603; x_wconf 86' lang='lat' dir='ltr'>ipsa</span> 
     </span>
     <span class='ocr_line' id='line_1_41' title="bbox 92 2617 1094 2656; baseline 0.002 -11"><span class='ocrx_word' id='word_1_256' title='bbox 92 2620 291 2653; x_wconf 86' lang='lat' dir='ltr'>construere,</span> <span class='ocrx_word' id='word_1_257' title='bbox 308 2625 344 2646; x_wconf 87' lang='lat' dir='ltr'>ac</span> <span class='ocrx_word' id='word_1_258' title='bbox 359 2617 391 2646; x_wconf 93' lang='lat' dir='ltr'>in</span> <span class='ocrx_word' id='word_1_259' title='bbox 409 2617 519 2647; x_wconf 88' lang='lat' dir='ltr'>eadem</span> <span class='ocrx_word' id='word_1_260' title='bbox 535 2617 634 2647; x_wconf 88' lang='lat' dir='ltr'>altare</span> <span class='ocrx_word' id='word_1_261' title='bbox 651 2618 790 2656; x_wconf 80' lang='lat' dir='ltr'>erigere,</span> <span class='ocrx_word' id='word_1_262' title='bbox 808 2618 847 2647; x_wconf 89' lang='lat' dir='ltr'>ad</span> <span class='ocrx_word' id='word_1_263' title='bbox 865 2618 975 2648; x_wconf 85' lang='lat' dir='ltr'>divina</span> <span class='ocrx_word' id='word_1_264' title='bbox 990 2618 1094 2648; x_wconf 67' lang='lat' dir='ltr'>officia</span> 
     </span>
     <span class='ocr_line' id='line_1_42' title="bbox 93 2668 1092 2709; baseline 0.003 -11"><span class='ocrx_word' id='word_1_265' title='bbox 93 2668 299 2707; x_wconf 83' lang='lat' dir='ltr'>celebranda,</span> <span class='ocrx_word' id='word_1_266' title='bbox 324 2678 383 2706; x_wconf 87' lang='lat' dir='ltr'>ne,</span> <span class='ocrx_word' id='word_1_267' title='bbox 409 2676 534 2709; x_wconf 87' lang='lat' dir='ltr'>propter</span> <span class='ocrx_word' id='word_1_268' title='bbox 554 2671 684 2701; x_wconf 89' lang='lat' dir='ltr'>oratorii</span> <span class='ocrx_word' id='word_1_269' title='bbox 710 2672 759 2701; x_wconf 91' lang='lat' dir='ltr'>vel</span> <span class='ocrx_word' id='word_1_270' title='bbox 784 2672 893 2701; x_wconf 85' lang='lat' dir='ltr'>altaris</span> <span class='ocrx_word' id='word_1_271' title='bbox 917 2672 1092 2708; x_wconf 78' lang='lat' dir='ltr'>defectum,</span> 
     </span>
     <span class='ocr_line' id='line_1_43' title="bbox 93 2721 1094 2763; baseline 0.002 -12"><span class='ocrx_word' id='word_1_272' title='bbox 93 2721 168 2751; x_wconf 82' lang='lat' dir='ltr'>dicti</span> <span class='ocrx_word' id='word_1_273' title='bbox 183 2721 330 2759; x_wconf 89' lang='lat' dir='ltr'>scolares,</span> <span class='ocrx_word' id='word_1_274' title='bbox 345 2723 401 2762; x_wconf 90' lang='lat' dir='ltr'>qui</span> <span class='ocrx_word' id='word_1_275' title='bbox 415 2723 532 2753; x_wconf 85' lang='lat' dir='ltr'>fuerint</span> <span class='ocrx_word' id='word_1_276' title='bbox 546 2723 579 2753; x_wconf 90' lang='lat' dir='ltr'>in</span> <span class='ocrx_word' id='word_1_277' title='bbox 597 2724 690 2754; x_wconf 90' lang='lat' dir='ltr'>domo</span> <span class='ocrx_word' id='word_1_278' title='bbox 705 2724 771 2763; x_wconf 83' lang='lat' dir='ltr'>ipsa</span> <span class='ocrx_word' id='word_1_279' title='bbox 787 2734 843 2763; x_wconf 87' lang='lat' dir='ltr'>pro</span> <span class='ocrx_word' id='word_1_280' title='bbox 859 2730 1007 2763; x_wconf 88' lang='lat' dir='ltr'>tempore,</span> <span class='ocrx_word' id='word_1_281' title='bbox 1023 2724 1094 2762; x_wconf 89' lang='lat' dir='ltr'>qui-</span> 
     </span>
     <span class='ocr_line' id='line_1_44' title="bbox 93 2775 1094 2812; baseline 0.002 -8"><span class='ocrx_word' id='word_1_282' title='bbox 93 2782 153 2812; x_wconf 89' lang='lat' dir='ltr'>que</span> <span class='ocrx_word' id='word_1_283' title='bbox 175 2775 351 2805; x_wconf 89' lang='lat' dir='ltr'>secundnm</span> <span class='ocrx_word' id='word_1_284' title='bbox 375 2776 551 2806; x_wconf 82' lang='lat' dir='ltr'>monastica</span> <span class='ocrx_word' id='word_1_285' title='bbox 575 2776 721 2806; x_wconf 87' lang='lat' dir='ltr'>instituta</span> <span class='ocrx_word' id='word_1_286' title='bbox 745 2777 843 2807; x_wconf 89' lang='lat' dir='ltr'>simul</span> <span class='ocrx_word' id='word_1_287' title='bbox 869 2782 899 2807; x_wconf 87' lang='lat' dir='ltr'>et</span> <span class='ocrx_word' id='word_1_288' title='bbox 922 2778 954 2806; x_wconf 88' lang='lat' dir='ltr'>in</span> <span class='ocrx_word' id='word_1_289' title='bbox 984 2777 1094 2806; x_wconf 85' lang='lat' dir='ltr'>eodem</span> 
     </span>
     <span class='ocr_line' id='line_1_45' title="bbox 92 2825 1095 2868; baseline 0.002 -11"><span class='ocrx_word' id='word_1_290' title='bbox 92 2825 159 2857; x_wconf 89' lang='lat' dir='ltr'>loco</span> <span class='ocrx_word' id='word_1_291' title='bbox 173 2828 281 2858; x_wconf 91' lang='lat' dir='ltr'>divina</span> <span class='ocrx_word' id='word_1_292' title='bbox 298 2829 402 2858; x_wconf 79' lang='lat' dir='ltr'>officia</span> <span class='ocrx_word' id='word_1_293' title='bbox 418 2829 576 2859; x_wconf 89' lang='lat' dir='ltr'>celebrare</span> <span class='ocrx_word' id='word_1_294' title='bbox 595 2834 754 2868; x_wconf 87' lang='lat' dir='ltr'>tenentur,</span> <span class='ocrx_word' id='word_1_295' title='bbox 771 2840 805 2860; x_wconf 85' lang='lat' dir='ltr'>ea</span> <span class='ocrx_word' id='word_1_296' title='bbox 819 2831 953 2861; x_wconf 84' lang='lat' dir='ltr'>diversis</span> <span class='ocrx_word' id='word_1_297' title='bbox 971 2830 1049 2860; x_wconf 85' lang='lat' dir='ltr'>locis</span> <span class='ocrx_word' id='word_1_298' title='bbox 1065 2835 1095 2860; x_wconf 90' lang='lat' dir='ltr'>et</span> 
     </span>
     <span class='ocr_line' id='line_1_46' title="bbox 94 2881 1094 2923; baseline 0.003 -13"><span class='ocrx_word' id='word_1_299' title='bbox 94 2881 288 2919; x_wconf 80' lang='lat' dir='ltr'>temporibus</span> <span class='ocrx_word' id='word_1_300' title='bbox 310 2881 468 2911; x_wconf 89' lang='lat' dir='ltr'>celebrare</span> <span class='ocrx_word' id='word_1_301' title='bbox 488 2887 659 2920; x_wconf 76' lang='lat' dir='ltr'>cogantur,</span> <span class='ocrx_word' id='word_1_302' title='bbox 682 2884 751 2913; x_wconf 84' lang='lat' dir='ltr'>sine</span> <span class='ocrx_word' id='word_1_303' title='bbox 771 2884 871 2913; x_wconf 83' lang='lat' dir='ltr'>alieni</span> <span class='ocrx_word' id='word_1_304' title='bbox 886 2884 968 2923; x_wconf 76' lang='lat' dir='ltr'>juris</span> <span class='ocrx_word' id='word_1_305' title='bbox 990 2885 1094 2923; x_wconf 88' lang='lat' dir='ltr'>preju-</span> 
     </span>
     <span class='ocr_line' id='line_1_47' title="bbox 93 2932 1093 2975; baseline 0.005 -13"><span class='ocrx_word' id='word_1_306' title='bbox 93 2932 185 2970; x_wconf 90' lang='lat' dir='ltr'>dicio,</span> <span class='ocrx_word' id='word_1_307' title='bbox 197 2935 382 2964; x_wconf 87' lang='lat' dir='ltr'>auctoritate</span> <span class='ocrx_word' id='word_1_308' title='bbox 395 2935 593 2974; x_wconf 85' lang='lat' dir='ltr'>presentium</span> <span class='ocrx_word' id='word_1_309' title='bbox 608 2936 826 2974; x_wconf 78' lang='lat' dir='ltr'>indulgemus.</span> <span class='ocrx_word' id='word_1_310' title='bbox 841 2937 932 2967; x_wconf 88' lang='lat' dir='ltr'>Nulli</span> <span class='ocrx_word' id='word_1_311' title='bbox 948 2946 1021 2975; x_wconf 84' lang='lat' dir='ltr'>ergo</span> <span class='ocrx_word' id='word_1_312' title='bbox 1036 2943 1093 2967; x_wconf 86' lang='lat' dir='ltr'>etc.</span> 
     </span>
     <span class='ocr_line' id='line_1_48' title="bbox 93 2986 1095 3027; baseline 0.006 -13"><span class='ocrx_word' id='word_1_313' title='bbox 93 2990 198 3015; x_wconf 89' lang='lat' dir='ltr'>nostre</span> <span class='ocrx_word' id='word_1_314' title='bbox 211 2986 428 3016; x_wconf 84' lang='lat' dir='ltr'>concessionis</span> <span class='ocrx_word' id='word_1_315' title='bbox 444 2992 501 3017; x_wconf 92' lang='lat' dir='ltr'>etc.</span> <span class='ocrx_word' id='word_1_316' title='bbox 519 2988 590 3017; x_wconf 80' lang='lat' dir='ltr'>Dat.</span> <span class='ocrx_word' id='word_1_317' title='bbox 609 2988 692 3027; x_wconf 86' lang='lat' dir='ltr'>apud</span> <span class='ocrx_word' id='word_1_318' title='bbox 712 2989 983 3026; x_wconf 87' lang='lat' dir='ltr'>Urbemveterem,</span> <span class='ocrx_word' id='word_1_319' title='bbox 1003 2990 1095 3019; x_wconf 90' lang='lat' dir='ltr'>nonis</span> 
     </span>
     <span class='ocr_line' id='line_1_49' title="bbox 89 3037 433 3077; baseline 0.009 -10"><span class='ocrx_word' id='word_1_320' title='bbox 89 3037 175 3077; x_wconf 88' lang='lat' dir='ltr'>julii,</span> <span class='ocrx_word' id='word_1_321' title='bbox 192 3047 277 3069; x_wconf 84' lang='lat' dir='ltr'>anno</span> <span class='ocrx_word' id='word_1_322' title='bbox 295 3040 398 3070; x_wconf 88' lang='lat' dir='ltr'>tertio.</span> <span class='ocrx_word' id='word_1_323' title='bbox 419 3052 433 3066; x_wconf 89' lang='lat'>»</span> 
     </span>
    </p>
   </div>
   <div class='ocr_carea' id='block_1_11' title="bbox 232 3103 521 3133">
    <p class='ocr_par' dir='ltr' id='par_1_17' title="bbox 232 3103 521 3133">
     <span class='ocr_line' id='line_1_50' title="bbox 232 3103 521 3133; baseline 0.007 -2"><span class='ocrx_word' id='word_1_324' title='bbox 232 3103 306 3131; x_wconf 74' lang='lat' dir='ltr'>Rae.</span> <span class='ocrx_word' id='word_1_325' title='bbox 326 3105 448 3133; x_wconf 64' lang='lat' dir='ltr'>Nlcoms</span> <span class='ocrx_word' id='word_1_326' title='bbox 468 3105 521 3133; x_wconf 89' lang='lat' dir='ltr'>IV.</span> 
     </span>
    </p>
   </div>
   <div class='ocr_carea' id='block_1_12' title="bbox 1244 433 2103 468">
    <p class='ocr_par' dir='ltr' id='par_1_18' title="bbox 1244 433 2103 468">
     <span class='ocr_line' id='line_1_51' title="bbox 1244 433 2103 468; baseline -0.001 -6"><span class='ocrx_word' id='word_1_327' title='bbox 1244 434 1359 462; x_wconf 56' lang='lat'>2862</span> <span class='ocrx_word' id='word_1_328' title='bbox 1752 433 1881 465; x_wconf 86' lang='lat' dir='ltr'>Orvieto,</span> <span class='ocrx_word' id='word_1_329' title='bbox 1901 434 1931 460; x_wconf 70' lang='lat'>12</span> <span class='ocrx_word' id='word_1_330' title='bbox 1944 434 2008 468; x_wconf 88' lang='lat' dir='ltr'>juin</span> <span class='ocrx_word' id='word_1_331' title='bbox 2027 434 2103 461; x_wconf 76' lang='lat'>1290.</span> 
     </span>
    </p>
   </div>
   <div class='ocr_carea' id='block_1_13' title="bbox 1207 494 2024 531">
    <p class='ocr_par' dir='ltr' id='par_1_19' title="bbox 1207 494 2024 531">
     <span class='ocr_line' id='line_1_52' title="bbox 1207 494 2024 531; baseline 0.004 -11"><span class='ocrx_word' id='word_1_332' title='bbox 1207 494 1390 530; x_wconf 80' lang='lat' dir='ltr'>Dispensatio</span> <span class='ocrx_word' id='word_1_333' title='bbox 1407 497 1587 523; x_wconf 82' lang='lat' dir='ltr'>matrimonii.</span> <span class='ocrx_word' id='word_1_334' title='bbox 1606 497 1688 531; x_wconf 75' lang='lat' dir='ltr'>(Rae.</span> <span class='ocrx_word' id='word_1_335' title='bbox 1706 497 1749 531; x_wconf 83' lang='lat'>45,</span> <span class='ocrx_word' id='word_1_336' title='bbox 1766 505 1791 523; x_wconf 94' lang='lat' dir='ltr'>c.</span> <span class='ocrx_word' id='word_1_337' title='bbox 1809 496 1871 528; x_wconf 72' lang='lat'>261,</span> <span class='ocrx_word' id='word_1_338' title='bbox 1890 497 1909 523; x_wconf 86' lang='lat' dir='ltr'>f.</span> <span class='ocrx_word' id='word_1_339' title='bbox 1927 497 1958 523; x_wconf 85' lang='lat'>47</span> <span class='ocrx_word' id='word_1_340' title='bbox 1976 498 2024 529; x_wconf 77' lang='lat' dir='ltr'>ro.)</span> 
     </span>
    </p>
   </div>
   <div class='ocr_carea' id='block_1_14' title="bbox 1170 597 2177 890">
    <p class='ocr_par' dir='ltr' id='par_1_20' title="bbox 1170 597 2177 890">
     <span class='ocr_line' id='line_1_53' title="bbox 1214 597 2175 636; baseline 0.003 -12"><span class='ocrx_word' id='word_1_341' title='bbox 1214 618 1233 624; x_wconf 90' lang='lat'>..</span> <span class='ocrx_word' id='word_1_342' title='bbox 1251 598 1382 634; x_wconf 77' lang='lat' dir='ltr'>episcopo</span> <span class='ocrx_word' id='word_1_343' title='bbox 1404 599 1571 627; x_wconf 72' lang='lat' dir='ltr'>Marsicam</span> <span class='ocrx_word' id='word_1_344' title='bbox 1589 598 1758 627; x_wconf 86' lang='lat' dir='ltr'>committit</span> <span class='ocrx_word' id='word_1_345' title='bbox 1778 601 1935 636; x_wconf 88' lang='lat' dir='ltr'>quatenus</span> <span class='ocrx_word' id='word_1_346' title='bbox 1951 607 2024 627; x_wconf 83' lang='lat' dir='ltr'>cum</span> <span class='ocrx_word' id='word_1_347' title='bbox 2043 597 2175 628; x_wconf 89' lang='lat' dir='ltr'>Nicolao</span> 
     </span>
     <span class='ocr_line' id='line_1_54' title="bbox 1172 648 2173 687; baseline 0.003 -10"><span class='ocrx_word' id='word_1_348' title='bbox 1172 648 1293 678; x_wconf 86' lang='lat' dir='ltr'>Odonis</span> <span class='ocrx_word' id='word_1_349' title='bbox 1314 649 1352 678; x_wconf 84' lang='lat' dir='ltr'>de</span> <span class='ocrx_word' id='word_1_350' title='bbox 1374 650 1475 679; x_wconf 73' lang='lat' dir='ltr'>Borea</span> <span class='ocrx_word' id='word_1_351' title='bbox 1497 650 1535 680; x_wconf 89' lang='lat' dir='ltr'>de</span> <span class='ocrx_word' id='word_1_352' title='bbox 1556 650 1648 680; x_wconf 86' lang='lat' dir='ltr'>Butte</span> <span class='ocrx_word' id='word_1_353' title='bbox 1670 655 1700 680; x_wconf 90' lang='lat' dir='ltr'>et</span> <span class='ocrx_word' id='word_1_354' title='bbox 1720 650 1855 680; x_wconf 84' lang='lat' dir='ltr'>Gemma</span> <span class='ocrx_word' id='word_1_355' title='bbox 1876 650 2005 679; x_wconf 89' lang='lat' dir='ltr'>Girardi</span> <span class='ocrx_word' id='word_1_356' title='bbox 2024 651 2173 687; x_wconf 88' lang='lat' dir='ltr'>Martini,</span> 
     </span>
     <span class='ocr_line' id='line_1_55' title="bbox 1173 702 2176 743; baseline 0.003 -12"><span class='ocrx_word' id='word_1_357' title='bbox 1173 702 1370 732; x_wconf 82' lang='lat' dir='ltr'>Marsicanae</span> <span class='ocrx_word' id='word_1_358' title='bbox 1391 703 1556 739; x_wconf 83' lang='lat' dir='ltr'>dioecesis,</span> <span class='ocrx_word' id='word_1_359' title='bbox 1577 704 1737 742; x_wconf 85' lang='lat' dir='ltr'>dispenset</span> <span class='ocrx_word' id='word_1_360' title='bbox 1759 709 1792 733; x_wconf 91' lang='lat' dir='ltr'>ut</span> <span class='ocrx_word' id='word_1_361' title='bbox 1816 704 1850 732; x_wconf 89' lang='lat' dir='ltr'>in</span> <span class='ocrx_word' id='word_1_362' title='bbox 1872 704 2075 734; x_wconf 84' lang='lat' dir='ltr'>matrimonio</span> <span class='ocrx_word' id='word_1_363' title='bbox 2092 704 2176 743; x_wconf 88' lang='lat' dir='ltr'>quod</span> 
     </span>
     <span class='ocr_line' id='line_1_56' title="bbox 1172 755 2177 794; baseline 0.003 -11"><span class='ocrx_word' id='word_1_364' title='bbox 1172 755 1265 791; x_wconf 90' lang='lat' dir='ltr'>olim,</span> <span class='ocrx_word' id='word_1_365' title='bbox 1285 757 1468 792; x_wconf 84' lang='lat' dir='ltr'>ignorantes</span> <span class='ocrx_word' id='word_1_366' title='bbox 1493 765 1526 785; x_wconf 83' lang='lat' dir='ltr'>se</span> <span class='ocrx_word' id='word_1_367' title='bbox 1548 761 1659 794; x_wconf 90' lang='lat' dir='ltr'>quarto</span> <span class='ocrx_word' id='word_1_368' title='bbox 1680 756 1968 793; x_wconf 85' lang='lat' dir='ltr'>consanguinitatis</span> <span class='ocrx_word' id='word_1_369' title='bbox 1986 756 2084 794; x_wconf 83' lang='lat' dir='ltr'>gradu</span> <span class='ocrx_word' id='word_1_370' title='bbox 2103 765 2177 786; x_wconf 90' lang='lat' dir='ltr'>con-</span> 
     </span>
     <span class='ocr_line' id='line_1_57' title="bbox 1170 807 2176 847; baseline 0.003 -11"><span class='ocrx_word' id='word_1_371' title='bbox 1170 807 1298 845; x_wconf 84' lang='lat' dir='ltr'>junctos</span> <span class='ocrx_word' id='word_1_372' title='bbox 1319 817 1396 843; x_wconf 74' lang='lat' dir='ltr'>esse,</span> <span class='ocrx_word' id='word_1_373' title='bbox 1417 813 1655 844; x_wconf 82' lang='lat' dir='ltr'>contraxerunt,</span> <span class='ocrx_word' id='word_1_374' title='bbox 1674 812 1702 838; x_wconf 91' lang='lat' dir='ltr'>et</span> <span class='ocrx_word' id='word_1_375' title='bbox 1722 809 1755 837; x_wconf 81' lang='lat' dir='ltr'>in</span> <span class='ocrx_word' id='word_1_376' title='bbox 1774 817 1836 846; x_wconf 89' lang='lat' dir='ltr'>qno</span> <span class='ocrx_word' id='word_1_377' title='bbox 1855 808 1940 838; x_wconf 87' lang='lat' dir='ltr'>filios</span> <span class='ocrx_word' id='word_1_378' title='bbox 1958 813 2176 847; x_wconf 86' lang='lat' dir='ltr'>procrearunt,</span> 
     </span>
     <span class='ocr_line' id='line_1_58' title="bbox 1174 860 1495 890; baseline 0.003 -2"><span class='ocrx_word' id='word_1_379' title='bbox 1174 869 1341 890; x_wconf 78' lang='lat' dir='ltr'>remanere</span> <span class='ocrx_word' id='word_1_380' title='bbox 1359 860 1495 890; x_wconf 89' lang='lat' dir='ltr'>valeant.</span> 
     </span>
    </p>
   </div>
   <div class='ocr_carea' id='block_1_15' title="bbox 1175 913 2176 1003">
    <p class='ocr_par' dir='ltr' id='par_1_21' title="bbox 1175 913 2176 1003">
     <span class='ocr_line' id='line_1_59' title="bbox 1218 913 2176 952; baseline 0.001 -10"><span class='ocrx_word' id='word_1_381' title='bbox 1218 926 1229 938; x_wconf 76' lang='grc' dir='ltr'>«ι</span> <span class='ocrx_word' id='word_1_382' title='bbox 1255 913 1319 942; x_wconf 83' lang='lat' dir='ltr'>Sua</span> <span class='ocrx_word' id='word_1_383' title='bbox 1341 913 1432 942; x_wconf 86' lang='lat' dir='ltr'>nobis</span> <span class='ocrx_word' id='word_1_384' title='bbox 1450 913 1620 942; x_wconf 86' lang='lat' dir='ltr'>dilectus...</span> <span class='ocrx_word' id='word_1_385' title='bbox 1645 930 1683 935; x_wconf 92' lang='lat'>—</span> <span class='ocrx_word' id='word_1_386' title='bbox 1699 914 1770 943; x_wconf 88' lang='lat' dir='ltr'>Dat.</span> <span class='ocrx_word' id='word_1_387' title='bbox 1791 914 1874 952; x_wconf 89' lang='lat' dir='ltr'>apud</span> <span class='ocrx_word' id='word_1_388' title='bbox 1893 914 2154 943; x_wconf 87' lang='lat' dir='ltr'>Urbemveterem</span> <span class='ocrx_word' id='word_1_389' title='bbox 2168 935 2176 951; x_wconf 88' lang='lat'>,</span> 
     </span>
     <span class='ocr_line' id='line_1_60' title="bbox 1175 965 1652 1003; baseline 0 -9"><span class='ocrx_word' id='word_1_390' title='bbox 1175 975 1195 994; x_wconf 92' lang='lat'>11</span> <span class='ocrx_word' id='word_1_391' title='bbox 1212 965 1283 995; x_wconf 86' lang='lat' dir='ltr'>idus</span> <span class='ocrx_word' id='word_1_392' title='bbox 1296 966 1392 1003; x_wconf 85' lang='lat' dir='ltr'>junii,</span> <span class='ocrx_word' id='word_1_393' title='bbox 1410 974 1496 995; x_wconf 91' lang='lat' dir='ltr'>anno</span> <span class='ocrx_word' id='word_1_394' title='bbox 1513 966 1613 995; x_wconf 83' lang='lat' dir='ltr'>tertio.</span> <span class='ocrx_word' id='word_1_395' title='bbox 1638 977 1652 993; x_wconf 76' lang='grc' dir='ltr'><strong>ι</strong></span> 
     </span>
    </p>
   </div>
   <div class='ocr_carea' id='block_1_16' title="bbox 1248 1150 2110 1186">
    <p class='ocr_par' dir='ltr' id='par_1_22' title="bbox 1248 1150 2110 1186">
     <span class='ocr_line' id='line_1_61' title="bbox 1248 1150 2110 1186; baseline -0.003 -6"><span class='ocrx_word' id='word_1_396' title='bbox 1248 1152 1365 1181; x_wconf 69' lang='lat'>2888</span> <span class='ocrx_word' id='word_1_397' title='bbox 1748 1150 1875 1186; x_wconf 85' lang='lat' dir='ltr'>Orvieto‚</span> <span class='ocrx_word' id='word_1_398' title='bbox 1893 1152 1906 1178; x_wconf 89' lang='lat'><strong>7</strong></span> <span class='ocrx_word' id='word_1_399' title='bbox 1921 1150 2015 1186; x_wconf 87' lang='lat' dir='ltr'>juillet</span> <span class='ocrx_word' id='word_1_400' title='bbox 2034 1151 2110 1179; x_wconf 69' lang='lat'>1290.</span> 
     </span>
    </p>
   </div>
   <div class='ocr_carea' id='block_1_17' title="bbox 1176 1213 2180 1297">
    <p class='ocr_par' dir='ltr' id='par_1_23' title="bbox 1176 1213 2180 1297">
     <span class='ocr_line' id='line_1_62' title="bbox 1213 1213 2180 1249; baseline 0.001 -9"><span class='ocrx_word' id='word_1_401' title='bbox 1213 1214 1398 1249; x_wconf 83' lang='lat' dir='ltr'>Dispensatio</span> <span class='ocrx_word' id='word_1_402' title='bbox 1413 1215 1595 1241; x_wconf 88' lang='lat' dir='ltr'>matrimonii.</span> <span class='ocrx_word' id='word_1_403' title='bbox 1617 1213 1701 1246; x_wconf 74' lang='lat' dir='ltr'>(Rae.</span> <span class='ocrx_word' id='word_1_404' title='bbox 1718 1214 1751 1240; x_wconf 84' lang='lat'>45</span> <span class='ocrx_word' id='word_1_405' title='bbox 1763 1235 1769 1245; x_wconf 95' lang='lat'>,</span> <span class='ocrx_word' id='word_1_406' title='bbox 1787 1222 1812 1240; x_wconf 89' lang='lat' dir='ltr'>c.</span> <span class='ocrx_word' id='word_1_407' title='bbox 1828 1214 1894 1245; x_wconf 67' lang='lat'>262,</span> <span class='ocrx_word' id='word_1_408' title='bbox 1914 1214 1933 1240; x_wconf 84' lang='lat' dir='ltr'>f.</span> <span class='ocrx_word' id='word_1_409' title='bbox 1955 1214 1987 1240; x_wconf 88' lang='lat'>47</span> <span class='ocrx_word' id='word_1_410' title='bbox 2003 1221 2045 1247; x_wconf 82' lang='lat' dir='ltr'>r⁰;</span> <span class='ocrx_word' id='word_1_411' title='bbox 2062 1213 2128 1240; x_wconf 54' lang='lat' dir='ltr'>Lim.</span> <span class='ocrx_word' id='word_1_412' title='bbox 2145 1222 2180 1241; x_wconf 82' lang='lat' dir='ltr'>nu</span> 
     </span>
     <span class='ocr_line' id='line_1_63' title="bbox 1176 1263 1436 1297; baseline -0.004 -7"><span class='ocrx_word' id='word_1_413' title='bbox 1176 1263 1274 1295; x_wconf 76' lang='lat' dir='ltr'>THEIL,</span> <span class='ocrx_word' id='word_1_414' title='bbox 1293 1263 1346 1297; x_wconf 83' lang='lat' dir='ltr'>HI,</span> <span class='ocrx_word' id='word_1_415' title='bbox 1365 1263 1436 1295; x_wconf 75' lang='lat'>185.)</span> 
     </span>
    </p>
   </div>
   <div class='ocr_carea' id='block_1_18' title="bbox 1178 1363 2183 1938">
    <p class='ocr_par' dir='ltr' id='par_1_24' title="bbox 1178 1363 2183 1823">
     <span class='ocr_line' id='line_1_64' title="bbox 1221 1363 2183 1404; baseline -0.002 -9"><span class='ocrx_word' id='word_1_416' title='bbox 1221 1389 1240 1395; x_wconf 90' lang='lat'>..</span> <span class='ocrx_word' id='word_1_417' title='bbox 1258 1368 1390 1404; x_wconf 77' lang='lat' dir='ltr'>episcopo</span> <span class='ocrx_word' id='word_1_418' title='bbox 1408 1366 1560 1394; x_wconf 72' lang='lat' dir='ltr'>Leodiensz&#39;</span> <span class='ocrx_word' id='word_1_419' title='bbox 1581 1365 1750 1394; x_wconf 86' lang='lat' dir='ltr'>committit</span> <span class='ocrx_word' id='word_1_420' title='bbox 1767 1368 1924 1403; x_wconf 84' lang='lat' dir='ltr'>quatenus</span> <span class='ocrx_word' id='word_1_421' title='bbox 1942 1372 2015 1394; x_wconf 88' lang='lat' dir='ltr'>cnm</span> <span class='ocrx_word' id='word_1_422' title='bbox 2032 1363 2183 1393; x_wconf 68' lang='lat' dir='ltr'>,Iohanne</span> 
     </span>
     <span class='ocr_line' id='line_1_65' title="bbox 1178 1417 2180 1455; baseline -0.003 -6"><span class='ocrx_word' id='word_1_423' title='bbox 1178 1419 1262 1449; x_wconf 88' lang='lat' dir='ltr'>dicto</span> <span class='ocrx_word' id='word_1_424' title='bbox 1281 1419 1319 1449; x_wconf 89' lang='lat' dir='ltr'>de</span> <span class='ocrx_word' id='word_1_425' title='bbox 1342 1418 1494 1449; x_wconf 83' lang='lat' dir='ltr'>Kascelar</span> <span class='ocrx_word' id='word_1_426' title='bbox 1511 1423 1541 1448; x_wconf 91' lang='lat' dir='ltr'>et</span> <span class='ocrx_word' id='word_1_427' title='bbox 1558 1419 1700 1448; x_wconf 87' lang='lat' dir='ltr'>Beatrice</span> <span class='ocrx_word' id='word_1_428' title='bbox 1720 1417 1759 1446; x_wconf 89' lang='lat' dir='ltr'>de</span> <span class='ocrx_word' id='word_1_429' title='bbox 1778 1417 1966 1455; x_wconf 83' lang='lat' dir='ltr'>VVingheu,</span> <span class='ocrx_word' id='word_1_430' title='bbox 1994 1417 2180 1446; x_wconf 87' lang='lat' dir='ltr'>Leodiensis</span> 
     </span>
     <span class='ocr_line' id='line_1_66' title="bbox 1179 1469 2182 1510; baseline -0.004 -8"><span class='ocrx_word' id='word_1_431' title='bbox 1179 1473 1348 1509; x_wconf 82' lang='lat' dir='ltr'>dioecesis,</span> <span class='ocrx_word' id='word_1_432' title='bbox 1368 1472 1530 1510; x_wconf 85' lang='lat' dir='ltr'>dispenset</span> <span class='ocrx_word' id='word_1_433' title='bbox 1545 1476 1579 1500; x_wconf 92' lang='lat' dir='ltr'>ut</span> <span class='ocrx_word' id='word_1_434' title='bbox 1595 1472 1629 1500; x_wconf 92' lang='lat' dir='ltr'>in</span> <span class='ocrx_word' id='word_1_435' title='bbox 1649 1470 1854 1500; x_wconf 84' lang='lat' dir='ltr'>matrimonio</span> <span class='ocrx_word' id='word_1_436' title='bbox 1870 1470 1954 1508; x_wconf 88' lang='lat' dir='ltr'>quod</span> <span class='ocrx_word' id='word_1_437' title='bbox 1974 1469 2050 1500; x_wconf 90' lang='lat' dir='ltr'>olim</span> <span class='ocrx_word' id='word_1_438' title='bbox 2065 1493 2071 1505; x_wconf 94' lang='lat'>,</span> <span class='ocrx_word' id='word_1_439' title='bbox 2092 1469 2182 1507; x_wconf 82' lang='lat' dir='ltr'>igno-</span> 
     </span>
     <span class='ocr_line' id='line_1_67' title="bbox 1179 1522 2181 1564; baseline -0.004 -8"><span class='ocrx_word' id='word_1_440' title='bbox 1179 1531 1285 1556; x_wconf 89' lang='lat' dir='ltr'>rantes</span> <span class='ocrx_word' id='word_1_441' title='bbox 1301 1526 1568 1564; x_wconf 88' lang='lat' dir='ltr'>impedimentum</span> <span class='ocrx_word' id='word_1_442' title='bbox 1586 1533 1670 1560; x_wconf 87' lang='lat' dir='ltr'>esse,</span> <span class='ocrx_word' id='word_1_443' title='bbox 1688 1528 1925 1559; x_wconf 84' lang='lat' dir='ltr'>contraxerunt,</span> <span class='ocrx_word' id='word_1_444' title='bbox 1943 1526 1972 1553; x_wconf 87' lang='lat' dir='ltr'>et</span> <span class='ocrx_word' id='word_1_445' title='bbox 1987 1524 2020 1553; x_wconf 89' lang='lat' dir='ltr'>in</span> <span class='ocrx_word' id='word_1_446' title='bbox 2037 1531 2099 1561; x_wconf 89' lang='lat' dir='ltr'>qno</span> <span class='ocrx_word' id='word_1_447' title='bbox 2114 1522 2181 1561; x_wconf 90' lang='lat' dir='ltr'>plu-</span> 
     </span>
     <span class='ocr_line' id='line_1_68' title="bbox 1180 1577 2182 1617; baseline -0.004 -8"><span class='ocrx_word' id='word_1_448' title='bbox 1180 1589 1229 1609; x_wconf 84' lang='lat' dir='ltr'>res</span> <span class='ocrx_word' id='word_1_449' title='bbox 1261 1580 1342 1609; x_wconf 87' lang='lat' dir='ltr'>filios</span> <span class='ocrx_word' id='word_1_450' title='bbox 1371 1582 1576 1617; x_wconf 79' lang='lat' dir='ltr'>procrearunt</span> <span class='ocrx_word' id='word_1_451' title='bbox 1591 1602 1596 1614; x_wconf 82' lang='lat'>,</span> <span class='ocrx_word' id='word_1_452' title='bbox 1626 1586 1792 1607; x_wconf 85' lang='lat' dir='ltr'>remanere</span> <span class='ocrx_word' id='word_1_453' title='bbox 1824 1577 1963 1616; x_wconf 83' lang='lat' dir='ltr'>possint,</span> <span class='ocrx_word' id='word_1_454' title='bbox 1995 1585 2182 1615; x_wconf 83' lang='lat' dir='ltr'>quanquam</span> 
     </span>
     <span class='ocr_line' id='line_1_69' title="bbox 1182 1629 2183 1669; baseline -0.004 -7"><span class='ocrx_word' id='word_1_455' title='bbox 1182 1645 1194 1660; x_wconf 92' lang='lat'>«</span> <span class='ocrx_word' id='word_1_456' title='bbox 1215 1633 1299 1662; x_wconf 90' lang='lat' dir='ltr'>idem</span> <span class='ocrx_word' id='word_1_457' title='bbox 1315 1632 1495 1668; x_wconf 80' lang='lat' dir='ltr'>Johannes,</span> <span class='ocrx_word' id='word_1_458' title='bbox 1516 1634 1589 1660; x_wconf 88' lang='lat' dir='ltr'>ante</span> <span class='ocrx_word' id='word_1_459' title='bbox 1606 1630 1790 1669; x_wconf 83' lang='lat' dir='ltr'>hujusmodi</span> <span class='ocrx_word' id='word_1_460' title='bbox 1809 1634 2005 1660; x_wconf 86' lang='lat' dir='ltr'>contractum</span> <span class='ocrx_word' id='word_1_461' title='bbox 2021 1629 2183 1659; x_wconf 87' lang='lat' dir='ltr'>matrimo-</span> 
     </span>
     <span class='ocr_line' id='line_1_70' title="bbox 1181 1682 2183 1724; baseline -0.003 -9"><span class='ocrx_word' id='word_1_462' title='bbox 1181 1687 1287 1721; x_wconf 80' lang='lat' dir='ltr'>nium,</span> <span class='ocrx_word' id='word_1_463' title='bbox 1320 1685 1481 1724; x_wconf 83' lang='lat' dir='ltr'>quandam</span> <span class='ocrx_word' id='word_1_464' title='bbox 1511 1684 1680 1714; x_wconf 88' lang='lat' dir='ltr'>mulierem</span> <span class='ocrx_word' id='word_1_465' title='bbox 1708 1683 1812 1713; x_wconf 89' lang='lat' dir='ltr'>eidem</span> <span class='ocrx_word' id='word_1_466' title='bbox 1842 1682 1981 1712; x_wconf 80' lang='lat' dir='ltr'>Beatrici</span> <span class='ocrx_word' id='word_1_467' title='bbox 2006 1682 2040 1710; x_wconf 91' lang='lat' dir='ltr'>in</span> <span class='ocrx_word' id='word_1_468' title='bbox 2071 1685 2183 1720; x_wconf 86' lang='lat' dir='ltr'>quarto</span> 
     </span>
     <span class='ocr_line' id='line_1_71' title="bbox 1180 1736 2181 1777; baseline -0.003 -9"><span class='ocrx_word' id='word_1_469' title='bbox 1180 1738 1466 1777; x_wconf 72' lang='lat' dir='ltr'>consanguinitatis</span> <span class='ocrx_word' id='word_1_470' title='bbox 1491 1737 1590 1776; x_wconf 81' lang='lat' dir='ltr'>gradu</span> <span class='ocrx_word' id='word_1_471' title='bbox 1613 1737 1802 1767; x_wconf 84' lang='lat' dir='ltr'>attinentem</span> <span class='ocrx_word' id='word_1_472' title='bbox 1825 1736 1997 1766; x_wconf 86' lang='lat' dir='ltr'>carnaliter</span> <span class='ocrx_word' id='word_1_473' title='bbox 2025 1743 2181 1772; x_wconf 85' lang='lat' dir='ltr'>cognove-</span> 
     </span>
     <span class='ocr_line' id='line_1_72' title="bbox 1180 1797 1272 1823; baseline 0.011 -1"><span class='ocrx_word' id='word_1_474' title='bbox 1180 1797 1240 1823; x_wconf 87' lang='lat' dir='ltr'>rat.</span> <span class='ocrx_word' id='word_1_475' title='bbox 1259 1806 1272 1818; x_wconf 87' lang='lat'>»</span> 
     </span>
    </p>

    <p class='ocr_par' dir='ltr' id='par_1_25' title="bbox 1180 1842 2182 1938">
     <span class='ocr_line' id='line_1_73' title="bbox 1221 1842 2182 1881; baseline -0.005 -6"><span class='ocrx_word' id='word_1_476' title='bbox 1221 1858 1235 1873; x_wconf 89' lang='lat'>«</span> <span class='ocrx_word' id='word_1_477' title='bbox 1259 1845 1373 1875; x_wconf 85' lang='lat' dir='ltr'>Petitio</span> <span class='ocrx_word' id='word_1_478' title='bbox 1392 1845 1498 1875; x_wconf 88' lang='lat' dir='ltr'>dilecti</span> <span class='ocrx_word' id='word_1_479' title='bbox 1515 1844 1613 1873; x_wconf 87' lang='lat' dir='ltr'>filii...</span> <span class='ocrx_word' id='word_1_480' title='bbox 1641 1860 1679 1865; x_wconf 89' lang='lat'>—-</span> <span class='ocrx_word' id='word_1_481' title='bbox 1700 1843 1771 1872; x_wconf 90' lang='lat' dir='ltr'>Dat.</span> <span class='ocrx_word' id='word_1_482' title='bbox 1796 1842 1880 1881; x_wconf 87' lang='lat' dir='ltr'>apud</span> <span class='ocrx_word' id='word_1_483' title='bbox 1900 1842 2182 1877; x_wconf 88' lang='lat' dir='ltr'>Urbemveterem,</span> 
     </span>
     <span class='ocr_line' id='line_1_74' title="bbox 1180 1897 1643 1938; baseline -0.006 -9"><span class='ocrx_word' id='word_1_484' title='bbox 1180 1900 1274 1930; x_wconf 88' lang='lat' dir='ltr'>nonis</span> <span class='ocrx_word' id='word_1_485' title='bbox 1288 1898 1383 1938; x_wconf 85' lang='lat' dir='ltr'>julii,</span> <span class='ocrx_word' id='word_1_486' title='bbox 1402 1907 1486 1928; x_wconf 86' lang='lat' dir='ltr'>anno</span> <span class='ocrx_word' id='word_1_487' title='bbox 1505 1897 1609 1927; x_wconf 88' lang='lat' dir='ltr'>tertio.</span> <span class='ocrx_word' id='word_1_488' title='bbox 1631 1909 1643 1923; x_wconf 75' lang='lat' dir='ltr'>n</span> 
     </span>
    </p>
   </div>
   <div class='ocr_carea' id='block_1_19' title="bbox 1250 2085 1366 2114">
    <p class='ocr_par' dir='ltr' id='par_1_26' title="bbox 1250 2085 1366 2114">
     <span class='ocr_line' id='line_1_75' title="bbox 1250 2085 1366 2114; baseline -0.009 0"><span class='ocrx_word' id='word_1_489' title='bbox 1250 2085 1366 2114; x_wconf 66' lang='lat'>2869</span> 
     </span>
    </p>
   </div>
   <div class='ocr_carea' id='block_1_20' title="bbox 1178 2143 2182 2232">
    <p class='ocr_par' dir='ltr' id='par_1_27' title="bbox 1178 2143 2182 2232">
     <span class='ocr_line' id='line_1_76' title="bbox 1213 2143 2182 2182; baseline -0.005 -8"><span class='ocrx_word' id='word_1_490' title='bbox 1213 2147 1360 2174; x_wconf 85' lang='lat' dir='ltr'>Jobannes</span> <span class='ocrx_word' id='word_1_491' title='bbox 1392 2146 1545 2182; x_wconf 83' lang='lat' dir='ltr'>Upsalensi</span> <span class='ocrx_word' id='word_1_492' title='bbox 1573 2145 1711 2171; x_wconf 84' lang='lat' dir='ltr'>ecclesiae</span> <span class='ocrx_word' id='word_1_493' title='bbox 1739 2144 1975 2179; x_wconf 86' lang='lat' dir='ltr'>archiepiscopus</span> <span class='ocrx_word' id='word_1_494' title='bbox 2009 2143 2182 2178; x_wconf 85' lang='lat' dir='ltr'>praeficitur.</span> 
     </span>
     <span class='ocr_line' id='line_1_77' title="bbox 1178 2193 1851 2232; baseline -0.007 -8"><span class='ocrx_word' id='word_1_495' title='bbox 1178 2197 1260 2232; x_wconf 69' lang='lat' dir='ltr'>(itm.</span> <span class='ocrx_word' id='word_1_496' title='bbox 1278 2198 1321 2229; x_wconf 80' lang='lat'>45,</span> <span class='ocrx_word' id='word_1_497' title='bbox 1338 2205 1362 2223; x_wconf 85' lang='lat' dir='ltr'>o.</span> <span class='ocrx_word' id='word_1_498' title='bbox 1382 2196 1442 2227; x_wconf 62' lang='lat'>263,</span> <span class='ocrx_word' id='word_1_499' title='bbox 1461 2196 1478 2222; x_wconf 82' lang='lat' dir='ltr'>f.</span> <span class='ocrx_word' id='word_1_500' title='bbox 1497 2196 1528 2222; x_wconf 83' lang='lat'>47</span> <span class='ocrx_word' id='word_1_501' title='bbox 1547 2200 1589 2226; x_wconf 83' lang='lat' dir='ltr'>r0;</span> <span class='ocrx_word' id='word_1_502' title='bbox 1610 2194 1726 2225; x_wconf 60' lang='lat' dir='ltr'>Pori-n„</span> <span class='ocrx_word' id='word_1_503' title='bbox 1744 2193 1851 2223; x_wconf 64' lang='lat'>23313.)</span> 
     </span>
    </p>
   </div>
   <div class='ocr_carea' id='block_1_21' title="bbox 1752 2080 2112 2115">
    <p class='ocr_par' dir='ltr' id='par_1_28' title="bbox 1752 2080 2112 2115">
     <span class='ocr_line' id='line_1_78' title="bbox 1752 2080 2112 2115; baseline -0.006 -7"><span class='ocrx_word' id='word_1_504' title='bbox 1752 2081 1878 2114; x_wconf 87' lang='lat' dir='ltr'>Orvieto,</span> <span class='ocrx_word' id='word_1_505' title='bbox 1897 2081 1912 2107; x_wconf 83' lang='lat'>8</span> <span class='ocrx_word' id='word_1_506' title='bbox 1924 2081 2019 2115; x_wconf 77' lang='lat' dir='ltr'>Juillet</span> <span class='ocrx_word' id='word_1_507' title='bbox 2036 2080 2112 2107; x_wconf 63' lang='lat'>1290.</span> 
     </span>
    </p>
   </div>
   <div class='ocr_carea' id='block_1_22' title="bbox 1175 2294 2185 3076">
    <p class='ocr_par' dir='ltr' id='par_1_29' title="bbox 1175 2294 2185 2971">
     <span class='ocr_line' id='line_1_79' title="bbox 1218 2294 2182 2336; baseline -0.006 -8"><span class='ocrx_word' id='word_1_508' title='bbox 1218 2300 1326 2328; x_wconf 69' lang='lat' dir='ltr'>Dilecto</span> <span class='ocrx_word' id='word_1_509' title='bbox 1339 2299 1414 2336; x_wconf 71' lang='lat' dir='ltr'>finio</span> <span class='ocrx_word' id='word_1_510' title='bbox 1433 2320 1451 2327; x_wconf 93' lang='lat'>..</span> <span class='ocrx_word' id='word_1_511' title='bbox 1475 2299 1575 2326; x_wconf 79' lang='lat' dir='ltr'>abbati</span> <span class='ocrx_word' id='word_1_512' title='bbox 1593 2297 1772 2326; x_wconf 75' lang='lat' dir='ltr'>monasterii</span> <span class='ocrx_word' id='word_1_513' title='bbox 1787 2296 1821 2324; x_wconf 86' lang='lat' dir='ltr'>de</span> <span class='ocrx_word' id='word_1_514' title='bbox 1836 2295 1912 2325; x_wconf 79' lang='lat' dir='ltr'>Saba</span> <span class='ocrx_word' id='word_1_515' title='bbox 1923 2317 1930 2330; x_wconf 94' lang='lat'>,</span> <span class='ocrx_word' id='word_1_516' title='bbox 1959 2294 2182 2329; x_wconf 72' lang='lat' dir='ltr'>cisterciensis,</span> 
     </span>
     <span class='ocr_line' id='line_1_80' title="bbox 1179 2347 2184 2389; baseline -0.007 -8"><span class='ocrx_word' id='word_1_517' title='bbox 1179 2376 1198 2383; x_wconf 89' lang='lat'>..</span> <span class='ocrx_word' id='word_1_518' title='bbox 1221 2353 1318 2389; x_wconf 72' lang='lat' dir='ltr'>priori</span> <span class='ocrx_word' id='word_1_519' title='bbox 1331 2352 1560 2389; x_wconf 68' lang='lat' dir='ltr'>predicatorum</span> <span class='ocrx_word' id='word_1_520' title='bbox 1578 2351 1613 2379; x_wconf 80' lang='lat' dir='ltr'>de</span> <span class='ocrx_word' id='word_1_521' title='bbox 1631 2350 1788 2385; x_wconf 76' lang='lat' dir='ltr'>Sictunia,</span> <span class='ocrx_word' id='word_1_522' title='bbox 1812 2349 1979 2386; x_wconf 77' lang='lat' dir='ltr'>Upsalensis</span> <span class='ocrx_word' id='word_1_523' title='bbox 1996 2352 2021 2376; x_wconf 83' lang='lat' dir='ltr'>et</span> <span class='ocrx_word' id='word_1_524' title='bbox 2040 2347 2184 2383; x_wconf 76' lang='lat' dir='ltr'>Strenye-</span> 
     </span>
     <span class='ocr_line' id='line_1_81' title="bbox 1175 2401 2184 2445; baseline -0.007 -11"><span class='ocrx_word' id='word_1_525' title='bbox 1175 2407 1277 2435; x_wconf 74' lang='lat' dir='ltr'>nensis</span> <span class='ocrx_word' id='word_1_526' title='bbox 1292 2406 1456 2434; x_wconf 73' lang='lat' dir='ltr'>clz‘ocesiwn</span> <span class='ocrx_word' id='word_1_527' title='bbox 1469 2428 1475 2440; x_wconf 98' lang='lat'>,</span> <span class='ocrx_word' id='word_1_528' title='bbox 1496 2412 1529 2433; x_wconf 86' lang='lat' dir='ltr'>ac</span> <span class='ocrx_word' id='word_1_529' title='bbox 1549 2426 1568 2432; x_wconf 94' lang='lat'>..</span> <span class='ocrx_word' id='word_1_530' title='bbox 1585 2404 1760 2445; x_wconf 61' lang='lat' dir='ltr'>guardiam</span> <span class='ocrx_word' id='word_1_531' title='bbox 1775 2403 1933 2431; x_wconf 72' lang='lat' dir='ltr'>minorum.</span> <span class='ocrx_word' id='word_1_532' title='bbox 1953 2401 2104 2438; x_wconf 73' lang='lat' dir='ltr'>Upsalensi</span> <span class='ocrx_word' id='word_1_533' title='bbox 2122 2402 2184 2436; x_wconf 80' lang='lat' dir='ltr'>fra-</span> 
     </span>
     <span class='ocr_line' id='line_1_82' title="bbox 1177 2453 2184 2493; baseline -0.006 -6"><span class='ocrx_word' id='word_1_534' title='bbox 1177 2463 1259 2488; x_wconf 74' lang='lat' dir='ltr'>trum</span> <span class='ocrx_word' id='word_1_535' title='bbox 1288 2459 1444 2486; x_wconf 76' lang='lat' dir='ltr'>ordinum.</span> <span class='ocrx_word' id='word_1_536' title='bbox 1476 2457 1616 2486; x_wconf 82' lang='lat' dir='ltr'>Vacante</span> <span class='ocrx_word' id='word_1_537' title='bbox 1637 2455 1809 2493; x_wconf 89' lang='lat' dir='ltr'>Upsalensi</span> <span class='ocrx_word' id='word_1_538' title='bbox 1830 2453 1962 2483; x_wconf 86' lang='lat' dir='ltr'>ecclesia</span> <span class='ocrx_word' id='word_1_539' title='bbox 1984 2462 2041 2491; x_wconf 84' lang='lat' dir='ltr'>per</span> <span class='ocrx_word' id='word_1_540' title='bbox 2061 2453 2184 2482; x_wconf 84' lang='lat' dir='ltr'>obitum</span> 
     </span>
     <span class='ocr_line' id='line_1_83' title="bbox 1177 2505 2182 2548; baseline -0.007 -8"><span class='ocrx_word' id='word_1_541' title='bbox 1177 2511 1302 2548; x_wconf 83' lang='lat' dir='ltr'>Magni,</span> <span class='ocrx_word' id='word_1_542' title='bbox 1321 2509 1496 2548; x_wconf 83' lang='lat' dir='ltr'>capitulum</span> <span class='ocrx_word' id='word_1_543' title='bbox 1515 2518 1568 2547; x_wconf 90' lang='lat' dir='ltr'>per</span> <span class='ocrx_word' id='word_1_544' title='bbox 1583 2507 1876 2547; x_wconf 85' lang='lat' dir='ltr'>compromissarios</span> <span class='ocrx_word' id='word_1_545' title='bbox 1895 2514 1967 2535; x_wconf 88' lang='lat' dir='ltr'>suos</span> <span class='ocrx_word' id='word_1_546' title='bbox 1983 2505 2182 2542; x_wconf 79' lang='lat' dir='ltr'>Johannem,</span> 
     </span>
     <span class='ocr_line' id='line_1_84' title="bbox 1176 2558 2180 2599; baseline -0.008 -6"><span class='ocrx_word' id='word_1_547' title='bbox 1176 2563 1438 2593; x_wconf 77' lang='lat' dir='ltr'>archidiaconum</span> <span class='ocrx_word' id='word_1_548' title='bbox 1453 2585 1460 2598; x_wconf 92' lang='lat'>,</span> <span class='ocrx_word' id='word_1_549' title='bbox 1486 2562 1686 2598; x_wconf 89' lang='lat' dir='ltr'>Andraeam‚</span> <span class='ocrx_word' id='word_1_550' title='bbox 1710 2560 1944 2599; x_wconf 80' lang='lat' dir='ltr'>praepositum,</span> <span class='ocrx_word' id='word_1_551' title='bbox 1972 2563 2001 2588; x_wconf 88' lang='lat' dir='ltr'>et</span> <span class='ocrx_word' id='word_1_552' title='bbox 2023 2558 2180 2593; x_wconf 80' lang='lat' dir='ltr'>Olavum,</span> 
     </span>
     <span class='ocr_line' id='line_1_85' title="bbox 1176 2611 2182 2654; baseline -0.007 -8"><span class='ocrx_word' id='word_1_553' title='bbox 1176 2617 1366 2647; x_wconf 82' lang='lat' dir='ltr'>canonicum</span> <span class='ocrx_word' id='word_1_554' title='bbox 1386 2615 1572 2654; x_wconf 81' lang='lat' dir='ltr'>Upsalensis</span> <span class='ocrx_word' id='word_1_555' title='bbox 1589 2614 1751 2650; x_wconf 81' lang='lat' dir='ltr'>ecclesiae,</span> <span class='ocrx_word' id='word_1_556' title='bbox 1771 2612 1971 2652; x_wconf 85' lang='lat' dir='ltr'>postularunt</span> <span class='ocrx_word' id='word_1_557' title='bbox 1985 2611 2182 2647; x_wconf 86' lang='lat' dir='ltr'>Johannem,</span> 
     </span>
     <span class='ocr_line' id='line_1_86' title="bbox 1177 2664 2180 2707; baseline -0.007 -8"><span class='ocrx_word' id='word_1_558' title='bbox 1177 2670 1357 2699; x_wconf 87' lang='lat' dir='ltr'>Aboensem</span> <span class='ocrx_word' id='word_1_559' title='bbox 1381 2665 1579 2707; x_wconf 72' lang='lat' dir='ltr'>episcopum,</span> <span class='ocrx_word' id='word_1_560' title='bbox 1601 2673 1633 2697; x_wconf 89' lang='lat' dir='ltr'>ut</span> <span class='ocrx_word' id='word_1_561' title='bbox 1653 2667 1863 2706; x_wconf 83' lang='lat' dir='ltr'>Upsalensem</span> <span class='ocrx_word' id='word_1_562' title='bbox 1887 2664 2180 2702; x_wconf 84' lang='lat' dir='ltr'>archiepiscopum,</span> 
     </span>
     <span class='ocr_line' id='line_1_87' title="bbox 1177 2715 2182 2761; baseline -0.008 -9"><span class='ocrx_word' id='word_1_563' title='bbox 1177 2728 1206 2753; x_wconf 90' lang='lat' dir='ltr'>et</span> <span class='ocrx_word' id='word_1_564' title='bbox 1224 2723 1306 2752; x_wconf 80' lang='lat' dir='ltr'>lianc</span> <span class='ocrx_word' id='word_1_565' title='bbox 1322 2721 1567 2761; x_wconf 76' lang='lat' dir='ltr'>postulationem</span> <span class='ocrx_word' id='word_1_566' title='bbox 1583 2730 1637 2759; x_wconf 83' lang='lat' dir='ltr'>pei·</span> <span class='ocrx_word' id='word_1_567' title='bbox 1651 2720 1770 2749; x_wconf 79' lang='lat' dir='ltr'>Oaruni</span> <span class='ocrx_word' id='word_1_568' title='bbox 1785 2723 1814 2748; x_wconf 89' lang='lat' dir='ltr'>et</span> <span class='ocrx_word' id='word_1_569' title='bbox 1828 2719 2008 2753; x_wconf 80' lang='lat' dir='ltr'>Ervastum,</span> <span class='ocrx_word' id='word_1_570' title='bbox 2027 2715 2182 2754; x_wconf 88' lang='lat' dir='ltr'>Upsalen-</span> 
     </span>
     <span class='ocr_line' id='line_1_88' title="bbox 1178 2772 2183 2811; baseline -0.007 -7"><span class='ocrx_word' id='word_1_571' title='bbox 1178 2785 1226 2805; x_wconf 88' lang='lat' dir='ltr'>ses</span> <span class='ocrx_word' id='word_1_572' title='bbox 1256 2775 1441 2810; x_wconf 76' lang='lat' dir='ltr'>canonicos,</span> <span class='ocrx_word' id='word_1_573' title='bbox 1471 2773 1538 2802; x_wconf 85' lang='lat' dir='ltr'>sedi</span> <span class='ocrx_word' id='word_1_574' title='bbox 1568 2772 1756 2811; x_wconf 83' lang='lat' dir='ltr'>apostolicae</span> <span class='ocrx_word' id='word_1_575' title='bbox 1780 2773 2024 2809; x_wconf 85' lang='lat' dir='ltr'>praesentarunt</span> <span class='ocrx_word' id='word_1_576' title='bbox 2040 2792 2048 2805; x_wconf 92' lang='lat'>,</span> <span class='ocrx_word' id='word_1_577' title='bbox 2083 2777 2183 2806; x_wconf 89' lang='lat' dir='ltr'>quare</span> 
     </span>
     <span class='ocr_line' id='line_1_89' title="bbox 1178 2822 2184 2868; baseline -0.008 -10"><span class='ocrx_word' id='word_1_578' title='bbox 1178 2838 1255 2868; x_wconf 84' lang='lat' dir='ltr'>papa</span> <span class='ocrx_word' id='word_1_579' title='bbox 1272 2828 1437 2866; x_wconf 86' lang='lat' dir='ltr'>praedictis</span> <span class='ocrx_word' id='word_1_580' title='bbox 1453 2826 1576 2862; x_wconf 84' lang='lat' dir='ltr'>abbati,</span> <span class='ocrx_word' id='word_1_581' title='bbox 1599 2825 1696 2864; x_wconf 89' lang='lat' dir='ltr'>priori</span> <span class='ocrx_word' id='word_1_582' title='bbox 1714 2829 1743 2854; x_wconf 92' lang='lat' dir='ltr'>et</span> <span class='ocrx_word' id='word_1_583' title='bbox 1765 2823 1941 2861; x_wconf 79' lang='lat' dir='ltr'>guardiano</span> <span class='ocrx_word' id='word_1_584' title='bbox 1959 2822 2129 2852; x_wconf 80' lang='lat' dir='ltr'>committit</span> <span class='ocrx_word' id='word_1_585' title='bbox 2150 2825 2184 2850; x_wconf 92' lang='lat' dir='ltr'>ut</span> 
     </span>
     <span class='ocr_line' id='line_1_90' title="bbox 1178 2875 2185 2921; baseline -0.008 -10"><span class='ocrx_word' id='word_1_586' title='bbox 1178 2882 1335 2921; x_wconf 82' lang='lat' dir='ltr'>praedicto</span> <span class='ocrx_word' id='word_1_587' title='bbox 1357 2880 1500 2910; x_wconf 81' lang='lat' dir='ltr'>Jo&#39;nanni</span> <span class='ocrx_word' id='word_1_588' title='bbox 1522 2879 1666 2917; x_wconf 84' lang='lat' dir='ltr'>episcopo</span> <span class='ocrx_word' id='word_1_589' title='bbox 1691 2877 1856 2906; x_wconf 85' lang='lat' dir='ltr'>licentiam</span> <span class='ocrx_word' id='word_1_590' title='bbox 1881 2875 2056 2905; x_wconf 86' lang='lat' dir='ltr'>concedant</span> <span class='ocrx_word' id='word_1_591' title='bbox 2080 2879 2185 2904; x_wconf 85' lang='lat' dir='ltr'>trans-</span> 
     </span>
     <span class='ocr_line' id='line_1_91' title="bbox 1179 2931 1758 2971; baseline -0.009 -7"><span class='ocrx_word' id='word_1_592' title='bbox 1179 2934 1278 2964; x_wconf 87' lang='lat' dir='ltr'>eundi</span> <span class='ocrx_word' id='word_1_593' title='bbox 1294 2933 1333 2963; x_wconf 85' lang='lat' dir='ltr'>ad</span> <span class='ocrx_word' id='word_1_594' title='bbox 1352 2932 1563 2971; x_wconf 85' lang='lat' dir='ltr'>Upsalensem</span> <span class='ocrx_word' id='word_1_595' title='bbox 1580 2931 1758 2961; x_wconf 87' lang='lat' dir='ltr'>ecclesiam.</span> 
     </span>
    </p>

    <p class='ocr_par' dir='ltr' id='par_1_30' title="bbox 1180 2980 2183 3076">
     <span class='ocr_line' id='line_1_92' title="bbox 1221 2980 2183 3022; baseline -0.007 -6"><span class='ocrx_word' id='word_1_596' title='bbox 1221 2999 1233 3013; x_wconf 67' lang='grc' dir='ltr'>α</span> <span class='ocrx_word' id='word_1_597' title='bbox 1255 2986 1406 3016; x_wconf 82' lang='lat' dir='ltr'>Militanti</span> <span class='ocrx_word' id='word_1_598' title='bbox 1424 2985 1554 3014; x_wconf 83' lang='lat' dir='ltr'>ecclesie</span> <span class='ocrx_word' id='word_1_599' title='bbox 1573 2984 1781 3022; x_wconf 87' lang='lat' dir='ltr'>disponent...</span> <span class='ocrx_word' id='word_1_600' title='bbox 1799 2999 1837 3003; x_wconf 97' lang='lat'><strong>—</strong></span> <span class='ocrx_word' id='word_1_601' title='bbox 1852 2982 1924 3011; x_wconf 88' lang='lat' dir='ltr'>Dat.</span> <span class='ocrx_word' id='word_1_602' title='bbox 1945 2981 2028 3019; x_wconf 88' lang='lat' dir='ltr'>apud</span> <span class='ocrx_word' id='word_1_603' title='bbox 2046 2980 2183 3010; x_wconf 90' lang='lat' dir='ltr'>Urbem-</span> 
     </span>
     <span class='ocr_line' id='line_1_93' title="bbox 1180 3036 1870 3076; baseline -0.009 -6"><span class='ocrx_word' id='word_1_604' title='bbox 1180 3046 1335 3076; x_wconf 83' lang='lat' dir='ltr'>veterem,</span> <span class='ocrx_word' id='word_1_605' title='bbox 1358 3049 1411 3068; x_wconf 88' lang='lat' dir='ltr'>vn1</span> <span class='ocrx_word' id='word_1_606' title='bbox 1428 3039 1500 3068; x_wconf 85' lang='lat' dir='ltr'>idus</span> <span class='ocrx_word' id='word_1_607' title='bbox 1518 3037 1588 3076; x_wconf 77' lang='lat' dir='ltr'>Julii</span> <span class='ocrx_word' id='word_1_608' title='bbox 1603 3061 1610 3075; x_wconf 91' lang='lat'>,</span> <span class='ocrx_word' id='word_1_609' title='bbox 1628 3046 1713 3067; x_wconf 87' lang='lat' dir='ltr'>anno</span> <span class='ocrx_word' id='word_1_610' title='bbox 1732 3036 1831 3066; x_wconf 89' lang='lat' dir='ltr'>tertio.</span> <span class='ocrx_word' id='word_1_611' title='bbox 1855 3044 1870 3065; x_wconf 83' lang='lat'><strong>)</strong></span> 
     </span>
    </p>
   </div>
   <div class='ocr_carea' id='block_1_23' title="bbox 2009 3100 2042 3128">
    <p class='ocr_par' dir='ltr' id='par_1_31' title="bbox 2009 3100 2042 3128">
     <span class='ocr_line' id='line_1_94' title="bbox 2009 3100 2042 3128; baseline 0 0"><span class='ocrx_word' id='word_1_612' title='bbox 2009 3100 2042 3128; x_wconf 88' lang='grc'>60</span> 
     </span>
    </p>
   </div>
  </div>
 </body>
</html>
