2477 3637
272 392 328 420 550'
1022 380 1255 411 liltuls‘sssils
1279 379 1332 408 DE
1356 377 1538 407 MCOLAS
1563 377 1618 406 tv.

343 455 459 483 3595

312 518 353 543 lh·
381 515 596 541 musceta-itione
619 513 783 545 Clugicnsis
807 512 943 545 episcopi.
969 510 1053 543 (lh-g.
1081 510 1130 538 (μ’),
1157 517 1182 534 c.
1214 508 1279 541 516,

780 451 906 481 Officio,
925 451 940 473 ’,1
959 447 1112 473 novembre
1131 446 1205 472 1⁵:201),

270 567 289 593 s.
312 567 355 593 tui
378 573 421 593 w:
443 565 556 592 l'oriu.
577 562 682 592 fssms.)

315 666 486 696 Vsum-<itui
503 665 598 700 fratri
614 685 633 692 ..
647 663 823 700 patriarche
841 662 987 690 credensi
1003 660 1131 689 mandat
1147 664 1179 688 ut
1196 660 1280 688 Heu-

273 721 385 754 rieum,
405 718 609 754 Clugienseni
629 715 776 750 electum,
794 718 965 743 consecret.

313 788 325 798 ιι
356 772 464 809 Nuper
489 771 526 799 de
551 769 701 799 dilecto...
727 785 764 789 —
794 768 863 796 Dat.
889 766 970 805 apud
997 766 1278 801 Urbemveterem‚

270 836 286 854 v
307 826 376 855 idus
395 823 587 855 novembris,
608 830 692 851 anno
709 821 808 851 tertio.
835 833 847 846 n

343 996 462 1025 3596

307 1059 522 1084 'l'abcllionatus
539 1057 672 1083 officium.
693 1057 775 1089 (lieu.
794 1057 837 1088 423,
855 1065 879 1082 c.
897 1056 958 1088 517,
975 1056 993 1082 ί.
1016 1056 1060 1082 104
1077 1056 1129 1087 vo.)

779 994 908 1023 (ji-vieto,
927 994 939 1019 ζ’
958 993 1112 1018 novembre
1131 992 1207 1019 1290.

314 1161 430 1195 lamba,
451 1161 582 1197 npiscopo
607 1160 797 1189 l'irduneiiss.
817 1157 996 1187 facultatem
1015 1156 1157 1187 concedit
1173 1158 1279 1186 conle-

276 1213 368 1242 rendi
390 1212 612 1241 tabellionatus
630 1211 770 1240 officium
790 1211 845 1239 uni
867 1219 1018 1248 personae
1035 1210 1179 1240 idoneae.

316 1278 328 1292 ιι
351 1267 390 1295 lix
410 1271 496 1304 parte
514 1270 603 1294 tna...
626 1282 659 1285 —
682 1265 750 1293 l)at.
768 1264 850 1302 apud
873 1264 1145 1298 Urbemveterem,
1165 1272 1209 1292 1111
1227 1271 1281 1292 no-

276 1329 331 1348 nas
353 1319 544 1354 novembris,
562 1327 647 1347 anuo
668 1318 768 1348 tertio.
791 1330 803 1343 η

344 1491 456 1520 359Ί

312 1554 442 1581 Fan-ultas
457 1554 616 1580 celebrandi
638 1553 754 1580 missam
778 1557 843 1580 ante
863 1553 967 1580 lucem.
989 1553 1069 1581 ilico.
1090 1553 1135 1587 45,
1152 1561 1178 1580 c.
1202 1553 1279 1587 5172,

274 1604 292 1630 s.
314 1605 424 1635 1051-0.)

781 1490 909 1521 Orvieto,
927 1490 941 1516 *2
958 1490 1112 1516 novembre
1130 1490 1209 1517 1290.

318 1707 416 1734 Eidem
445 1705 589 1742 indulget
616 1710 647 1734 ut
672 1705 802 1733 missam
828 1709 998 1742 antequam
1028 1704 1191 1735 illucescat
1215 1705 1282 1735 dies

275 1758 362 1787 licite
381 1758 539 1788 celebrare
555 1767 589 1787 ac
609 1767 662 1796 per
677 1757 877 1796 capellanum
895 1768 988 1788 suum
1008 1758 1109 1788 facere
1127 1758 1282 1788 celebrari

276 1812 384 1849 possit.
407 1811 536 1840 l'roviso
558 1815 591 1840 ut
614 1820 705 1849 parce
729 1810 910 1849 hujusmodi
936 1812 1140 1841 concessione
1165 1817 1280 1842 utatur.

318 1878 329 1890 «
360 1865 542 1894 Devotionis
561 1870 611 1894 tue
628 1865 810 1903 precibus...
828 1881 865 1886 —
882 1866 952 1894 Dat.
975 1870 1128 1904 utsupra.
1149 1879 1160 1892 n

348 2043 465 2071 3598

315 2105 436 2136 Quidam
453 2105 645 2131 archidiaconi
663 2109 690 2132 et
706 2106 834 2132 canonici
846 2108 991 2134 Oscenses
1005 2116 1099 2134 coram
1118 2109 1185 2135 sede
1201 2118 1286 2144 apos-

278 2153 360 2179 tolica
378 2154 512 2179 citantur.
530 2153 613 2187 (Res.
633 2154 674 2184 45,
693 2162 717 2181 c.
737 2155 796 2185 518,
815 2155 832 2181 f.
858 2156 902 2181 105
920 2158 966 2187 r⁰.)

782 2044 908 2075 (lrvicto,
925 2046 939 2071 5
955 2046 1118 2080 septembre
1136 2047 1211 2074 1‘290.

322 2278 340 2284 ..
359 2256 468 2283 ‘insano
488 2257 604 2284 errlesie
624 2257 780 2291 Tutelane,
804 2258 1017 2295 Tyras-anemis
1034 2260 1169 2289 diocesis.
1189 2272 1202 2286 «
1222 2260 1286 2290 Sua

281 2307 370 2337 nobis
387 2308 579 2338 venerabilis
599 2309 694 2338 frater
713 2315 818 2340 noster
834 2310 1030 2348 Adonim-us,
1049 2313 1212 2352 episcopus
1228 2314 1286 2343 Os-

280 2362 403 2398 censis,
422 2362 571 2399 petitione
587 2363 775 2392 monstravit
790 2364 872 2402 qnod
884 2387 891 2400 ‚
910 2374 982 2394 cum
1001 2365 1065 2404 ipse
1082 2366 1201 2396 dudum
1220 2376 1287 2396 ma-

279 2414 413 2452 gistrum
439 2415 669 2453 Berengarium
696 2416 733 2446 de
758 2417 995 2455 Quadraginta,
1019 2420 1208 2450 canonicum
1229 2420 1288 2451 Os-

279 2476 418 2499 censa-m.
437 2469 589 2497 vicarium
603 2474 632 2498 et
647 2474 880 2508 procuratorem
899 2481 1004 2508 suum,
1021 2481 1094 2502 cum
1107 2473 1288 2513 apostolicis

281 2520 396 2549 litteris
421 2531 515 2560 super
542 2531 598 2551 sua
610 2523 791 2560 provisione
808 2533 843 2554 ac
858 2525 1029 2555 vicariatus
1046 2526 1107 2556 sibi
1123 2528 1289 2558 commissi

281 2573 391 2603 litteris
418 2575 589 2612 consectis,
617 2576 655 2605 ad
684 2577 854 2607 Oscensem
883 2578 1048 2609 ecclesiam
1074 2580 1286 2618 destinasset,

281 2626 475 2656 Guillelmus
496 2628 651 2658 Carbonel
670 2630 707 2658 de
724 2631 834 2660 Anson
853 2635 882 2660 et
902 2632 1063 2662 Arnaldus
1080 2634 1118 2663 de
1138 2634 1289 2665 Rosaniis

281 2679 319 2709 de
341 2681 433 2709 Serra
456 2680 561 2717 Valle,
583 2682 798 2713 archidiaconi
812 2709 819 2722 ,
841 2685 973 2722 Egidius
996 2686 1081 2716 Petri
1102 2688 1268 2718 Grimonis
1282 2712 1289 2725 ‚

284 2733 470 2763 Uominicus
498 2734 582 2763 Petri
607 2735 645 2764 de
670 2736 826 2775 Barerya,
851 2738 1034 2768 [tertiat-dus
1056 2740 1158 2769 dictus
1180 2740 1289 2777 Oriol⁷

286 2786 399 2814 Petrus
418 2787 560 2816 Eximini
586 2788 623 2817 de
638 2790 764 2827 Ayerbe
781 2795 810 2819 et
826 2790 995 2821 l‘alazinus
1010 2792 1048 2822 de
1065 2792 1112 2823 los
1127 2794 1292 2830 Cuendes,

284 2840 431 2868 canonici
449 2842 619 2871 Oscenses.
640 2851 701 2872 non
721 2844 921 2874 attendentes
940 2845 1024 2884 quod
1047 2847 1179 2876 nuntius
1196 2851 1225 2877 et
1244 2849 1291 2878 vi-

285 2892 388 2920 carius
412 2893 475 2931 ipse
501 2903 665 2931 personam
687 2896 812 2925 domini
833 2899 1035 2935 presentabat
1057 2904 1087 2928 et
1107 2900 1176 2930 vice
1192 2901 1293 2939 ipsius

286 2946 421 2983 episcopi
439 2951 505 2975 erat
521 2947 741 2986 multipliciter
756 2949 976 2986 honorandus,
992 2960 1054 2981 non
1069 2957 1102 2982 ut
1115 2953 1293 2984 devotionis

287 2996 338 3024 svd
362 3003 393 3025 ut
412 2998 589 3036 iniquitatis
608 3005 637 3029 et
655 3002 844 3039 perditionis
863 3004 937 3040 lilii,
956 3006 1108 3035 associata
1127 3007 1190 3036 sibi
1209 3007 1294 3037 mul-

288 3050 421 3078 titu-lin·-
447 3051 633 3082 clei-iccium
660 3059 689 3084 et
716 3055 889 3093 laicorum,
913 3058 944 3086 in
972 3059 1110 3088 eundem
1137 3060 1293 3091 vicarium

1363 444 1510 481 nequiter
1527 443 1691 471 irruerunt
1707 446 1737 471 et
1755 441 1872 479 ipsum,
1889 448 1950 470 non
1969 440 2090 478 absque
2109 439 2284 478 injectione
2300 448 2368 470 ma-

1363 505 1463 525 nuum
1481 496 1514 524 in
1535 504 1607 525 eum
1622 519 1628 530 ‚
1646 495 1704 524 Dei
1725 494 1837 523 timore
1860 493 2048 532 postposito,
2073 497 2191 522 temere
2212 491 2367 530 violenta,

1362 560 1439 579 ausu
1460 548 1615 585 sacrilego
1635 548 1796 587 capientes
1816 552 1847 576 et
1866 556 1921 585 per
1940 546 2072 585 capillos
2090 545 2251 575 trahentes
2267 546 2370 585 ipsum

1364 612 1417 642 per
1435 607 1550 631 terram
1570 607 1599 631 et
1616 600 1833 639 ignominiose
1851 604 2033 635 tractantes,
2050 598 2163 629 ablatis
2179 600 2206 628 ei
2224 599 2370 638 predictis

1362 655 1492 691 litteris,
1514 656 1618 694 ipsum
1638 654 1755 684 carceri
1776 653 2022 692 manciparunt,
2046 653 2077 682 in
2101 652 2270 692 apostolice
2287 652 2371 683 sedis

1363 708 1514 747 injuriam
1531 712 1562 738 et
1577 711 1807 746 contemptum,
1825 716 1861 736 ac
1877 707 1988 745 prelati
2005 706 2143 745 episcopi
2161 706 2371 744 prejudicium

1364 771 1427 792 non
1450 762 1629 797 modicum,
1653 761 1865 798 ignominiam
1885 765 1915 790 et
1930 761 2100 799 jacturam.
2122 760 2170 789 Ne
2186 759 2285 797 igitur
2303 764 2371 789 tan-

1365 821 1412 845 tus
1438 824 1585 845 excessus
1610 819 1774 844 remaneat
1800 814 2002 853 impunitus,
2028 812 2213 843 discretioni
2241 818 2309 849 tue,
2334 812 2373 843 de

1364 870 1531 907 utriusque
1559 868 1657 907 partis
1684 872 1926 907 procuratorum
1952 875 2102 902 assensu,
2127 876 2182 906 per
2205 866 2374 905 apostolica

1363 922 1478 959 scripta
1500 921 1693 950 mandamns
1717 920 1872 959 quatinus
1887 943 1894 956 ‚
1916 920 2070 959 inquisita
2090 928 2185 958 super
2209 919 2374 958 premissis

1364 975 1551 1011 summarie,
1564 974 1602 1004 de
1615 973 1708 1013 plano
1724 973 1886 1012 etabsque
1901 973 2032 1012 strepitu
2043 972 2169 1011 judicii,
2188 972 2374 1010 diligentius

1363 1028 1507 1064 veritate,
1525 1027 1549 1056 si
1564 1036 1619 1066 per
1633 1027 1751 1057 famam
1768 1031 1825 1056 aut
1839 1026 2026 1064 indaginem
2044 1034 2107 1056 non
2125 1025 2291 1056 solennem
2306 1033 2376 1056 rem

1364 1080 1527 1110 inveneris
1548 1080 1592 1109 ita
1614 1089 1699 1115 esse⁷
1723 1079 1936 1109 Guillelmum
1963 1083 1993 1109 et
2014 1078 2195 1109 Arnaldum
2215 1078 2374 1109 archidia-

1363 1142 1480 1170 conos,
1502 1133 1711 1163 Dominicum
1737 1138 1766 1163 et
1791 1133 1994 1162 Bernardum
2018 1133 2172 1171 prefatos,
2198 1141 2252 1171 per
2274 1136 2304 1162 te
2325 1131 2375 1163 vel

1363 1187 1464 1217 alium
1482 1192 1536 1217 ant
1551 1186 1643 1222 alios,
1657 1196 1693 1216 ex
1709 1192 1796 1225 parte
1811 1191 1916 1216 nostra
1931 1186 2143 1225 peremptorie
2155 1186 2254 1216 citare
2268 1193 2376 1224 procu-

1364 1250 1431 1276 res⁷
1453 1245 1486 1271 ut
1502 1240 1586 1270 infra
1603 1240 1741 1270 duorum
1765 1240 1927 1269 mensium
1946 1239 2085 1278 spatium
2106 1244 2173 1278 post
2189 1239 2374 1269 citationem

1364 1298 1450 1324 tuam
1467 1298 1672 1332 compareant
1691 1293 1903 1332 personaliter
1924 1302 2029 1323 coram
2049 1292 2181 1323 nobis...
2199 1292 2270 1322 Dat.
2290 1291 2374 1332 apud

1365 1348 1642 1383 Urbemveterem,
1661 1347 1757 1377 nouis
1773 1347 1974 1386 septembris,
1993 1355 2079 1377 anno
2099 1347 2199 1376 tertio.
2220 1359 2233 1373 ι»

1435 1535 1552 1563 3599
1911 1533 2044 1563 Orvieto,
2061 1533 2074 1558 7
2092 1532 2209 1559 octobre
2224 1531 2303 1559 1290,

1399 1611 1518 1638 Collatio
1541 1611 1807 1637 ecclesiasticorum
1830 1610 2037 1636 beneficiorum
2063 1609 2091 1636 in
2116 1607 2238 1636 ccclesia
2260 1608 2374 1636 Thaso--

1365 1662 1456 1688 nensi.
1474 1661 1557 1694 (Rsc.
1576 1661 1619 1692 45,
1636 1669 1662 1687 c.
1679 1660 1741 1689 519.
1759 1660 1777 1686 f.
1798 1660 1846 1687 105
1863 1662 1908 1691 νο.)

1411 1778 1581 1807 Venerabili·
1603 1778 1700 1814 fratri
1727 1798 1747 1806 ..
1772 1777 1880 1812 Petro,
1904 1776 2038 1814 episcopo
2062 1776 2082 1805 T
2085 1775 2267 1804 irasonensi.
2288 1773 2376 1804 Licet

1362 1831 1530 1862 Johannes
1551 1839 1628 1870 papa
1648 1830 1758 1859 ΧΧΙῑ15
1774 1829 1964 1859 decanatum
1982 1827 2134 1858 ecclesiae
2156 1827 2377 1858 Tirasonensis

1365 1885 1493 1924 aliaque
1522 1883 1678 1914 beneficia
1711 1892 1794 1922 quae
1820 1881 1983 1921 quondam
2008 1880 2224 1920 Raymundus
2255 1879 2294 1910 de
2314 1880 2376 1910 Pe-

1366 1938 1461 1974 rana,
1494 1937 1571 1967 olim
1606 1936 1790 1975 capellanus
1822 1944 1939 1975 papae,
1970 1934 2053 1973 apud
2086 1934 2194 1964 sedem
2228 1933 2378 1973 apostoli-

1366 2001 1436 2023 cam
1466 1991 1633 2027 decessus,
1658 1990 1791 2027 habuit,
1819 1988 2009 2028 apostolicae
2038 1987 2249 2018 reservationi
2277 1996 2379 2018 reser-

1367 2050 1487 2081 vasset,
1515 2045 1648 2084 quidam
1678 2048 1783 2074 tamen
1816 2043 2074 2082 praedecessores
2106 2041 2211 2079 Petri,
2240 2041 2380 2081 episcopi

1368 2099 1608 2133 Tirasonenses,
1619 2097 1810 2127 decanatum
1824 2096 1929 2134 ipsum
1944 2099 1975 2125 et
1987 2094 2143 2134 quaedam
2153 2093 2216 2124 alia
2224 2094 2380 2124 beneficia

1368 2150 1582 2181 ecclesiastica
1596 2150 1741 2180 vacantia
1754 2158 1808 2188 per
1819 2148 1963 2187 ejusdem
1976 2147 2133 2187 capellani
2147 2147 2270 2177 obitum
2286 2147 2320 2176 in
2337 2146 2378 2177 ci-

1369 2206 1466 2235 vitate
1482 2209 1512 2234 et
1524 2204 1661 2234 dioecesi
1674 2202 1894 2239 Tirasonensi,
1907 2206 2001 2241 prout
2016 2201 2095 2231 alias
2109 2200 2268 2240 spectabat
2282 2200 2322 2230 ad
2337 2201 2380 2240 ip-

1370 2270 1432 2299 sos,
1453 2261 1637 2298 ignorantes
1651 2259 1903 2288 reservationem
1922 2256 2119 2296 hujusmodi,
2132 2257 2226 2286 cerlis
2238 2256 2381 2295 personis

1370 2313 1586 2348 contulerunt,
1601 2321 1682 2351 quae
1701 2321 1735 2341 ea
1754 2315 1916 2350 praetextu
1935 2310 2115 2340 collationis
2130 2309 2314 2348 hujusmodi
2329 2308 2382 2339 de-

1371 2369 1493 2405 tinent,
1517 2366 1606 2397 nulla
1630 2374 1724 2405 snper
1754 2365 1813 2395 hoc
1838 2363 2040 2404 postmodum
2067 2372 2085 2393 a
2111 2363 2185 2393 sede
2210 2362 2382 2402 apostolica

1371 2421 1608 2460 dispensatione
1626 2419 1766 2450 obtenta.
1784 2419 1890 2455 Quare
1908 2416 2059 2448 Nicotaus
2082 2425 2161 2456 papa
2177 2416 2270 2446 IIlIus
2292 2423 2382 2455 prae-

1371 2475 1455 2505 dicto
1481 2475 1572 2504 Petro
1599 2473 1731 2503 mandat
1761 2477 1811 2509 nt,
1845 2471 1884 2506 si,
1912 2470 2031 2501 vocatis
2063 2471 2118 2509 qui
2147 2469 2283 2500 vocandi
2311 2469 2380 2499 fue-

1372 2528 1455 2565 rint,
1474 2528 1502 2558 ei
1524 2527 1704 2558 constiterit
1724 2526 1762 2557 de
1783 2525 1987 2565 praemissis,
2004 2523 2176 2555 collatione
2195 2521 2382 2562 hujusmodi

1373 2590 1576 2621 nequaquam
1599 2580 1765 2616 obstante,
1786 2579 1977 2610 decanatum
2001 2581 2031 2607 et
2052 2577 2209 2608 beneficia
2226 2575 2384 2616 praedicta

1373 2636 1418 2665 sic
1449 2644 1502 2674 por
1531 2633 1787 2673 praedecessores
1818 2632 1947 2663 eosdem
1976 2630 2108 2667 collata,
2134 2630 2248 2660 amotis
2276 2629 2381 2668 prius,

1373 2693 1466 2728 prout
1482 2689 1605 2727 justum
1624 2687 1737 2723 fuerit,
1758 2685 1956 2725 quibuslibet
1971 2684 2091 2715 illicitis
2109 2682 2327 2714 detentoribus
2345 2681 2384 2712 ab

1374 2742 1507 2777 eisdem,
1519 2741 1661 2780 personis
1677 2740 1794 2778 quibus
1810 2738 1878 2775 illa,
1890 2742 1924 2768 ut
1939 2737 2143 2776 praedicitur,
2156 2735 2260 2766 taliter
2273 2735 2385 2766 collata

1374 2795 1522 2830 suerunt,
1552 2792 1725 2823 dummodo
1754 2792 1820 2821 sint
1849 2792 1981 2822 idoneae
2009 2790 2162 2828 aliudque
2190 2789 2382 2820 canonicum

1376 2857 1439 2878 non
1466 2847 1618 2884 obsistat,
1641 2846 1707 2875 sive
1732 2845 1804 2875 aliis
1831 2845 1975 2883 personis
1997 2844 2137 2880 idoneis,
2161 2841 2290 2881 singula
2317 2842 2384 2872 sin-

1375 2902 1478 2939 gulis,
1503 2900 1646 2931 conserat
1666 2904 1695 2929 et
1715 2900 1875 2937 assignet,
1894 2898 2044 2937 ipsasque
2068 2897 2103 2926 in
2125 2896 2255 2927 illorum
2277 2902 2385 2935 corpo-

1377 2955 1477 2985 ralem
1494 2953 1728 2993 possessionem
1749 2952 1892 2982 inducat.

1418 3021 1431 3034 α
1459 3007 1606 3037 Exhibita
1627 3006 1717 3037 nobis
1738 3011 1827 3036 tua...
1846 3022 1883 3027 —-
1902 3004 1974 3034 Dat.
1996 3003 2080 3043 apud
2102 3003 2382 3036 Urbemveterem.

1331 3087 1338 3097 ,
1381 3062 1475 3092 nonis
1490 3060 1638 3097 octobris,
1654 3068 1740 3090 anno
1758 3059 1858 3089 tertio.
1881 3070 1894 3085 »
