2342 3652
944 376 1176 416 TROISIEME
1197 375 1353 414 ANNnE.
2134 380 2191 411 583

104 455 247 485 nieorum
273 462 309 483 ac
336 453 654 491 vicariorum,ipsius
688 454 820 483 ecclesie
846 454 937 492 juxta
962 452 1105 491 ejusdem

102 507 233 538 ecclesie
247 506 483 536 ordinationem
505 515 560 544 per
585 507 692 536 sedem
715 506 917 544 apostolicam
935 505 1106 535 confirma-

105 566 168 590 tam
186 560 350 598 deputata,
369 558 489 588 eisdem
505 559 668 588 canonicis
688 559 844 589 violenter
859 560 984 589 anferre
1007 566 1107 596 eaque

103 613 239 653 propriis
264 611 422 650 applicare
451 612 581 648 usibus;
613 621 649 642 ac
677 613 786 642 domos
815 613 1042 643 canonicorum
1072 619 1107 640 ac

103 666 296 697 vicariorum
319 665 460 702 ipsorum
483 665 648 695 destruere
669 666 852 704 fructusque
874 665 1107 705 prebendarum

104 724 135 750 et
160 719 389 749 beneficiorum
416 718 603 748 eorumdem
630 724 839 758 sequestrare,
861 728 984 749 necnon
1010 728 1107 757 pecu-

102 773 193 802 niam
214 772 356 801 redditus
380 775 410 801 et
434 780 483 800 res
509 771 588 800 alias
612 772 805 810 pertinentes
825 772 864 801 ad
885 773 968 810 ipsos
988 771 1108 809 absque

101 827 186 866 Justa
199 829 229 855 et
241 824 424 855 rationabili
440 833 534 854 causa
548 833 670 863 capere,
687 833 851 863 occupare,
863 825 1006 854 detinere
1021 833 1056 853 ac
1070 824 1108 853 de

105 878 170 908 illis
193 887 248 917 pro
272 887 330 907 sua
349 877 512 907 voluntate
534 877 714 916 disponere,
741 878 885 916 aliasque
911 878 988 916 ipsis
1015 885 1109 914 super

105 930 200 961 bonis
223 939 333 961 eorum
357 930 510 969 injuriari
531 930 752 968 multipliciter
769 940 831 960 non
858 934 1004 966 veretur3
1027 929 1110 959 bona

107 985 238 1023 insuper
249 988 408 1013 rectorum
417 987 447 1013 et
457 984 649 1013 vicariorum
663 989 888 1021 perpetuorum
901 983 1107 1013 ecclesiarum

106 1038 242 1068 civitatis
267 1041 297 1067 et
318 1037 452 1067 diocesis
477 1037 664 1073 Rossensis‚
690 1046 761 1066 cum
785 1037 956 1071 decedunt,
983 1045 1109 1066 eorum-

107 1100 169 1130 que
190 1091 332 1127 annalia,
359 1094 468 1120 contra
490 1089 583 1128 regni
604 1089 707 1119 Scotie
725 1090 989 1120 consuetudinem
1009 1090 1041 1118 in
1058 1097 1108 1118 ec-

106 1143 212 1174 clesiis
230 1143 372 1181 ejusdem
399 1143 492 1181 regui
507 1143 730 1181 approbatam:
754 1151 878 1172 necnon
901 1147 931 1172 et
953 1147 1050 1172 terras
1074 1150 1109 1171 ac

104 1201 226 1236 partem
248 1196 458 1226 emendarum
478 1205 556 1235 quas
574 1196 688 1234 recipit
705 1205 722 1225 a
739 1196 872 1225 subditis
890 1204 946 1234 pro
960 1195 1104 1229 offensis,

103 1250 139 1280 in
155 1259 232 1280 usus
249 1249 366 1279 fabrice
385 1248 516 1279 ecclesie
534 1249 704 1278 Rossensis
719 1249 916 1287 deputatam,
933 1253 1064 1287 occupat
1079 1254 1109 1279 et

105 1303 144 1333 de
158 1302 223 1333 illis
235 1302 327 1332 aliter
342 1311 398 1341 pro
411 1311 468 1332 sua
479 1301 642 1332 voluntate
657 1302 814 1340 disponit;
833 1302 966 1332 vicarios
983 1311 1109 1341 quoque

106 1357 263 1396 predictos
283 1356 414 1386 vicariis
433 1356 502 1386 suis
524 1355 650 1394 privare
672 1364 707 1385 ac
724 1355 887 1385 interdum
910 1355 988 1385 duas
1010 1356 1110 1393 ipsius

106 1409 240 1440 ecclesie
262 1410 431 1440 Rossensis
446 1409 598 1445 vicarias,
617 1413 726 1439 contra
745 1408 959 1447 supradictam
977 1417 1111 1438 consue-

109 1463 266 1500 tudinem,
286 1463 344 1492 uni
361 1471 495 1502 persone
511 1466 636 1491 tantum
650 1461 795 1491 conferre
811 1462 982 1500 presumit;
1001 1470 1111 1499 procu-

106 1517 246 1546 rationes
273 1520 416 1555 preterea
443 1515 567 1545 ratione
596 1515 786 1544 visitationis
815 1514 936 1544 debitas
964 1514 1004 1544 ab
1036 1514 1114 1552 ipsis

107 1569 247 1608 aliisque
274 1570 341 1599 suis
366 1568 516 1605 subditis,
545 1567 635 1598 nulla
663 1568 844 1597 visitatione
868 1567 1051 1606 prehabita‚
1080 1567 1114 1596 in

110 1623 256 1662 pecunia,
274 1627 305 1652 et
322 1622 424 1653 multo
439 1622 595 1661 majorem
611 1630 708 1660 quam
725 1621 960 1660 predecessores
976 1621 1026 1650 sui
1042 1629 1116 1650 con—

109 1680 282 1706 sueverunt
300 1676 451 1714 recipere,
470 1675 511 1705 ab
526 1675 648 1705 eisdem
664 1674 762 1712 exigit
778 1678 807 1704 et
823 1679 994 1713 extorquet,
1012 1682 1116 1713 quan-

111 1738 208 1768 quam
225 1729 259 1759 id
276 1729 339 1759 sibi
355 1737 418 1759 non
436 1733 592 1767 competat
607 1728 645 1757 de
661 1727 891 1758 consuetudine
907 1727 957 1757 vel
975 1727 1013 1757 de
1026 1728 1116 1766 jure3

112 1786 143 1812 et
157 1781 232 1812 licet
249 1782 354 1812 eidem
370 1782 516 1821 episcopo
531 1785 657 1821 propter
671 1781 731 1811 hoc
747 1782 789 1811 sit
807 1782 972 1819 ingressus
989 1780 1119 1811 ecclesie

111 1836 311 1873 interdictus,
328 1836 398 1874 ipse
423 1840 541 1871 tamen,
563 1835 688 1874 proprie
706 1835 790 1864 fame
812 1835 983 1864 immemor
1011 1838 1040 1863 et
1067 1842 1118 1863 sa-

111 1889 204 1926 lutis,
221 1888 332 1918 divina
354 1888 457 1918 officia
479 1888 514 1918 in
530 1888 663 1918 ecclesia
681 1887 860 1924 celebrare,
878 1887 979 1917 immo
999 1886 1118 1923 verius,

113 1945 270 1980 quantum
296 1942 332 1971 in
351 1950 387 1971 eo
411 1946 468 1979 est,
492 1942 701 1981 prophanare,
730 1950 766 1971 ac
788 1950 821 1971 se
842 1941 908 1970 illis
926 1945 1043 1970 temere
1059 1940 1120 1968 im-

112 1995 248 2026 miscere
281 1996 457 2034 presumit3
485 1994 658 2025 nonnullas
682 1999 825 2033 preterea
850 1995 1064 2034 possessiones
1090 1998 1120 2022 et

113 2049 196 2079 hona
213 2049 358 2088 ejusdem
386 2048 554 2078 Rossensis
577 2047 708 2078 ecclesie
730 2048 796 2077 suis
822 2047 1071 2085 consanguineis
1092 2050 1123 2076 et

112 2101 226 2131 amicis
241 2101 280 2130 de
305 2109 388 2131 novo
402 2100 570 2130 infeudare
593 2109 648 2130 seu
673 2100 713 2130 ad
731 2100 859 2130 firmam
876 2099 926 2129 vel
947 2099 1006 2128 sub
1023 2107 1121 2128 censu

113 2162 222 2184 annuo
243 2153 416 2184 concedere
441 2154 606 2192 presumit,
624 2153 727 2192 ipsius
749 2152 879 2192 capituli
903 2161 1035 2182 assensu
1059 2153 1122 2181 mi-

114 2208 202 2237 nime
216 2207 422 2238 accedente...
449 2207 602 2244 Quocirca
626 2207 813 2237 discretioni
835 2211 937 2236 vestre
963 2215 1018 2245 per
1033 2214 1121 2244 apos-

117 2260 210 2291 tolica
226 2261 343 2299 scripta
367 2260 558 2290 mandamus
583 2264 753 2299 quatenus,
786 2260 814 2289 si
835 2264 881 2289 est
903 2260 957 2295 ita,
984 2258 1123 2288 eundem

115 2314 312 2353 episcopum,
329 2313 414 2353 quod
428 2314 552 2343 eisdem
568 2313 688 2343 decano
704 2318 735 2343 et
749 2312 887 2351 capitulo
906 2312 944 2341 de
960 2311 1124 2350 premissis

115 2367 267 2397 omnihus
296 2376 358 2406 que
385 2367 425 2397 ad
450 2367 577 2397 eosdem
602 2367 760 2397 decanum
782 2371 812 2396 et
831 2365 1007 2404 capitulum
1028 2365 1125 2403 perti-

117 2425 198 2450 nent
221 2420 348 2460 plenam
370 2424 400 2450 et
421 2420 561 2450 debitam
583 2420 833 2450 satisfactionem
856 2418 1037 2457 impendat,
1058 2421 1088 2446 et
1109 2425 1127 2446 a

118 2473 280 2504 similibus
310 2474 349 2503 de
375 2478 478 2504 cetero
509 2473 731 2512 conquiescat,
753 2473 932 2503 monitione
957 2471 1123 2510 premissa,

117 2527 303 2558 auctoritate
318 2531 438 2565 nostra,
456 2527 667 2566 appellatione
683 2527 871 2565 postposita,
892 2524 1124 2563 compellatis...

118 2582 190 2612 Dat.
207 2582 290 2620 apud
307 2581 585 2617 Urbemveterem,
604 2590 651 2610 1111
666 2579 819 2610 kalendas
835 2578 1023 2614 decembris,
1041 2585 1127 2607 anno

119 2635 221 2665 tertio.
244 2647 258 2662 5²

191 2808 308 2837 3889

155 2869 341 2905 Dispensatio
353 2877 441 2905 super
451 2869 566 2896 defectu
579 2868 725 2895 natalium.
737 2867 819 2900 (Res.
830 2867 873 2897 45,
887 2874 911 2892 e.
923 2866 983 2896 614,
997 2866 1016 2892 1⁶.
1031 2865 1077 2892 123
1090 2871 1128 2896 r0;

122 2917 240 2953 Pon-n„
256 2918 368 2952 23493.)

613 2805 728 2833 Orvieto
740 2828 746 2837 ,
764 2806 794 2832 13
811 2804 962 2831 decembre
980 2803 1056 2830 1290.

168 3007 336 3037 Venerabili
352 3008 448 3044 fratri
465 3029 484 3038 ..
506 3007 728 3045 archiepiscopo
745 3005 942 3034 Antibarensi
960 3001 1133 3032 committit

124 3063 160 3090 ut
176 3069 249 3090 cum
267 3060 426 3091 Matthaeo
444 3060 484 3090 de
499 3059 662 3095 Dulcinio‚
683 3059 816 3089 diacono
831 3082 836 3093 ,
854 3057 893 3087 de
910 3057 1002 3095 cujus
1018 3054 1132 3085 natali-

1189 450 1248 480 bus
1275 451 1458 487 dubitatur,
1484 459 1556 480 cum
1578 449 1685 478 infans
1709 453 1782 478 ante
1805 449 1887 478 fores
1911 448 2061 477 ecclesiae
2083 447 2191 477 Sancti

1188 503 1347 533 Johannis
1377 503 1582 533 Dulcinensis
1604 502 1754 531 inventus
1779 501 1839 537 sit⁷
1865 501 2025 539 dispenset
2048 504 2081 529 ut
2102 509 2191 539 pres-

1189 557 1369 595 byteratum
1393 562 1423 587 et
1446 556 1637 586 beneficium
1657 555 1902 585 ecclesiasticum
1921 554 2063 584 obtinere
2082 553 2189 592 possit.

1235 622 1247 636 ‹
1264 610 1307 639 Ex
1327 615 1413 648 parte
1433 614 1522 639 tua...
1546 626 1585 631 —-
1601 609 1672 638 Dat.
1691 608 1773 647 apud
1789 608 2069 644 Urbemveterem,
2087 606 2193 636 idibus

1189 662 1382 700 decembris,
1399 671 1484 692 anno
1500 663 1600 692 tertio.
1619 674 1631 688 n

1263 833 1380 862 3890
1681 832 1811 864 Orvieto,
1832 832 1861 857 ts
1878 831 2029 857 decembre
2046 830 2123 858 1290.

1228 894 1360 921 Facultas
1385 894 1509 929 eligendi
1531 895 1738 920 confessorem.
1756 893 1839 927 (Rae.
1856 894 1903 924 45,
1920 901 1944 919 c.
1963 893 2029 924 615,
2045 893 2064 919 f.
2086 893 2132 919 123
2149 894 2195 925 ro.)

1239 997 1404 1026 Venerabili
1419 997 1513 1033 fratri
1528 997 1578 1032 H.,
1598 997 1728 1033 epist-opo
1746 996 1932 1024 Briminensi.

1237 1062 1250 1076 α
1269 1050 1414 1088 Benigno
1431 1049 1487 1079 tibi
1505 1053 1616 1078 sunt...
1633 1065 1671 1069 —
1683 1048 1754 1077 Dat.
1772 1047 1856 1086 apud
1866 1047 2140 1083 Urbemveterem,
2156 1056 2196 1076 xv

1196 1103 1348 1133 kalendas
1360 1103 1514 1142 januarii,
1531 1110 1618 1131 anno
1635 1101 1738 1131 tertio.
1756 1113 1768 1127 ι

1267 1275 1354 1303 389
1360 1276 1379 1302 1

1235 1337 1366 1363 Facultas
1381 1336 1584 1363 reconciliandi
1607 1344 1656 1370 per
1673 1336 1872 1371 presbyterum
1893 1335 1979 1361 alium
2002 1334 2064 1361 loca
2086 1332 2209 1360 violata.'

1198 1387 1281 1420 (Rae.
1299 1387 1342 1419 45,
1359 1394 1384 1413 6.
1402 1386 1474 1417 615²,
1492 1386 1511 1412 f.
1532 1385 1580 1412 1⁶23
1597 1387 1644 1418 10.)

1690 1273 1815 1304 Orvieto,
1837 1272 1866 1299 18
1882 1272 2033 1298 decembre
2050 1270 2128 1298 1290.

1236 1490 1352 1518 Eidem.

1240 1543 1352 1574 «Cum
1367 1543 1449 1573 sicut
1466 1552 1541 1573 ex...
1561 1559 1599 1564 —
1615 1542 1684 1571 Dat.
1706 1546 1863 1580 utsupra.
1883 1551 1896 1567 n

1271 1720 1516 1748 3832-3892
1693 1718 1820 1753 Orvieto,
1838 1718 1870 1745 13
1887 1718 2037 1745 decembre
2053 1717 2132 1745 1290.

1237 1782 1444 1817 Indulgentiae.
1462 1782 1549 1817 (Res.
1566 1782 1610 1816 45,
1627 1790 1653 1808 c.
1670 1780 1742 1813 615³,
1759 1782 1779 1808 f.
1798 1781 1846 1808 1523
1863 1788 1906 1815 1⁸⁰3
1925 1789 1956 1807 en
1972 1782 2086 1815 marye.)

1245 1885 1397 1915 Universis
1420 1885 1534 1914 Christi
1551 1885 1691 1922 fidelibus
1713 1888 1862 1921 presentes
1881 1884 1996 1913 litteras
2016 1882 2206 1921 inspecturis.

1203 1937 1444 1976 Indulgentiam
1459 1937 1556 1967 unius
1570 1937 1648 1967 anni
1662 1940 1692 1967 et
1706 1946 1744 1966 xc
1760 1936 1886 1966 dierum
1900 1935 2045 1966 concedit
2059 1935 2210 1966 omnibus

1203 2000 1277 2021 vere
1292 1990 1528 2030 poenitentibus
1546 1994 1577 2020 et
1586 1989 1742 2020 confessis
1758 1990 1814 2028 qui
1830 1989 1996 2019 ecclesiam
2013 2011 2034 2020 ..
2051 1988 2166 2028 prioris
2181 1992 2213 2018 et

1203 2048 1380 2074 conventus
1397 2043 1512 2073 domus
1526 2043 1736 2073 Venetiarum
1755 2042 1879 2072 ordinis
1896 2042 2011 2072 Beatae
2030 2041 2150 2071 Mariae
2173 2041 2211 2071 de

1205 2097 1313 2127 Monte
1327 2096 1479 2133 Carmeli,
1497 2096 1696 2126 Castellanae
1711 2096 1879 2132 dioecesis,
1895 2096 1989 2125 certis
2006 2095 2118 2125 diebus
2133 2094 2211 2124 visi-

1205 2150 1352 2180 taverint.

1247 2215 1261 2231 κ
1280 2203 1352 2233 Vite
1369 2203 1520 2242 perennis
1537 2203 1677 2241 gloria...
1694 2219 1733 2225 —
1748 2203 1818 2232 Dat.
1837 2202 1920 2242 apud
1937 2202 2210 2237 Urbemveterem,

1205 2257 1310 2286 idibus
1325 2256 1502 2286 decembris
1516 2280 1523 2292 ,
1539 2265 1625 2286 anno
1642 2256 1743 2286 tertio.
1763 2268 1777 2283 »
1796 2257 1948 2295 (Poma,
1968 2254 2089 2292 23497.)

1247 2310 1286 2339 In
1303 2319 1330 2340 e.
1351 2318 1408 2347 m.,
1425 2318 1480 2348 pro
1497 2309 1630 2340 ecclesia
1645 2309 1759 2339 domus
1778 2309 1970 2339 Parisiensis
1995 2308 2139 2348 ejusdem
2163 2316 2213 2338 or-

1208 2363 1306 2393 dinis.

1757 2415 1889 2447 Orvieto,
1908 2415 1922 2441 4
1935 2415 2047 2449 Janvier
2064 2414 2142 2441 1291.

1248 2478 1288 2507 In
1307 2487 1333 2507 e.
1353 2486 1397 2507 m.
1410 2500 1419 2514 ‚
1436 2485 1492 2515 pro
1508 2477 1641 2507 ecclesia
1657 2477 1794 2506 fratrum
1814 2477 1980 2506 minorum
1996 2475 2212 2506 Armachana.

1208 2531 1281 2560 Dat.
1303 2530 1386 2569 apud
1408 2530 1689 2568 Urbemveterem,
1708 2539 1730 2560 11
1753 2539 1854 2560 nonas
1868 2530 2025 2570 januarii,
2042 2537 2127 2559 anno
2151 2533 2215 2559 ter-

1209 2585 1265 2613 tio.
1281 2583 1419 2622 (Poma.
1432 2607 1439 2620 ,
1456 2582 1581 2622 23520.)

1747 2635 1873 2667 Orvieto,
1892 2636 1924 2662 1‘2
1936 2636 2049 2670 janvier
2066 2635 2144 2662 1291.

1250 2700 1287 2729 In
1308 2708 1336 2728 e.
1355 2707 1416 2736 m.,
1440 2706 1495 2736 pro
1517 2698 1649 2728 ecclesia
1672 2698 1781 2728 Sancti
1803 2698 1924 2728 Tudini
1948 2698 1986 2728 de
2010 2697 2215 2736 Capcavalle,

1210 2752 1454 2790 Corisopitensis
1482 2752 1644 2782 dioecesis.
1679 2751 1749 2781 Dat.
1777 2752 1860 2791 apud
1891 2751 2170 2788 Urbemveterem,
2196 2760 2217 2780 11

1211 2806 1283 2836 idus
1296 2805 1456 2844 januarii,
1473 2813 1559 2835 anno
1575 2805 1678 2835 tertio.

1708 2884 1835 2919 Orviet0‚
1854 2885 1884 2911 13
1901 2884 2051 2911 decembre
2069 2884 2146 2911 1290.

1252 2947 1292 2977 In
1308 2956 1335 2976 e.
1352 2956 1408 2983 m.,
1429 2956 1485 2986 pro
1501 2946 1634 2977 ecclesia
1661 2947 1769 2977 Sancti
1795 2946 2032 2977 Bartholomaei
2050 2946 2090 2976 de
2111 2946 2220 2985 Capite

1215 3000 1326 3030 Pontis
1356 3000 1514 3030 Solestani
1540 2999 1708 3029 Esculana.
1736 3000 1805 3029 Dat.
1832 2999 1915 3038 apud
1937 2999 2217 3035 Urbemveterem,

1214 3053 1320 3083 idibus
1336 3053 1532 3089 decembris,
1552 3062 1638 3083 anno
1655 3053 1757 3083 tertio.
