2342 3652
924 377 1143 417 ΡΒΕΜΙΕΒΕ
1165 376 1322 416 ΑΝΝΕΕ.
2131 386 2167 416 35

85 460 333 493 ecclesiasticum
362 459 576 495 beneficium,
609 456 733 487 etiamsi
764 463 870 485 curam
901 453 1083 483 animarum

84 516 212 550 habeat,
229 514 371 545 obtinere
386 512 523 543 valeant.

130 580 142 595 ι
165 568 232 605 Que
246 566 453 596 fraternitatis
469 563 706 603 exigentibus...
723 579 762 584 -—
776 561 846 591 Dat.
866 560 974 595 Reate,
991 569 1010 588 v
1028 558 1083 588 ka-

85 620 196 651 lendas
208 619 298 659 julii,
314 627 399 649 anno
415 619 529 657 primo.
551 629 564 644 n

157 791 244 820 21ss
702 785 791 818 Rieti,
808 785 840 811 27
855 785 919 819 juin
936 784 1013 811 1288.

122 853 272 888 Exemptio
286 852 507 888 jurisdictionis.
525 851 605 885 (Risu.
624 850 667 881 44,
683 857 709 876 c.
725 848 785 882 114,
804 848 823 874 f.
840 847 873 874 28
889 847 935 881 ro.)

128 955 229 984 Eidem
250 953 453 992 privilegium
470 961 524 991 per
544 949 801 989 quinquennium
819 947 990 978 valiturum
1008 956 1084 977 con-

90 1007 173 1038 cedit
190 1012 223 1037 ut
238 1011 325 1037 extra
341 1015 473 1044 regnum
488 1005 507 1035 J
511 1003 781 1034 erosolimitanum
797 1001 988 1040 superbonis
1004 1010 1085 1040 quae

90 1061 175 1091 infra
204 1061 311 1099 ipsum
341 1060 460 1090 obtinet
487 1067 541 1097 per
566 1056 753 1095 apostolicae
780 1055 863 1085 sedis
892 1055 1011 1084 litteras
1036 1054 1085 1084 vel

90 1113 264 1152 legatorum
284 1113 383 1151 ipsius
403 1113 437 1142 in
458 1119 583 1142 causam
599 1109 682 1139 trahi
706 1109 757 1139 vel
778 1108 817 1138 ad
835 1108 994 1147 judicium
1012 1117 1085 1138 evo-

90 1167 155 1197 cari
171 1175 235 1196 nou
251 1167 358 1205 possit.

133 1231 146 1247 α
166 1220 296 1250 Sincere
313 1218 486 1249 devotionis
499 1216 666 1247 aflectus...
680 1231 720 1238 —
735 1215 807 1245 Dat.
825 1218 974 1253 utsupra.
990 1228 1003 1242 n

162 1389 337 1418 zia-2¹8

127 1452 306 1488 Dispensatio
328 1450 495 1478 residentiae
516 1450 628 1476 clericis
643 1449 691 1483 N.,
710 1450 887 1484 patriarchae
908 1450 1086 1477 Jerosolinii-

91 1502 161 1534 tani,
177 1509 321 1528 concessa.
338 1499 418 1533 (Rae.
436 1499 477 1531 44,
494 1507 519 1526 c.
538 1499 597 1531 115,
614 1499 635 1525 f.
651 1498 685 1525 ‘28
701 1500 749 1532 1¹⁰.)

697 1386 789 1417 Rieti,
806 1387 839 1413 27
855 1387 918 1421 juin
936 1387 1013 1414 1288.

132 1604 233 1634 Eidem
255 1602 398 1640 indulget
427 1605 462 1632 ut
490 1610 543 1632 sex
569 1601 676 1632 clerici
700 1601 875 1632 familiares
903 1603 982 1641 ejus,
1007 1611 1086 1641 quos

94 1656 216 1687 duxerit
235 1655 412 1694 eligendos,
429 1656 497 1694 eJ'us
513 1655 675 1694 obsequiis
690 1655 892 1691 insistentes,
915 1668 928 1682 «
947 1655 1085 1693 fructus,

93 1709 232 1739 redditus
249 1712 279 1738 et
293 1712 462 1747 proventus
482 1708 713 1738 beneficiorum
739 1717 870 1738 suorum
893 1708 1085 1738 ecclesiasti-

92 1770 210 1799 corum,
226 1762 340 1801 quibus
364 1771 439 1791 cura
463 1771 528 1792 non
555 1762 704 1792 imminet
728 1762 930 1799 animarum,
955 1772 1027 1792 cum
1051 1772 1087 1793 ea

91 1814 269 1852 integritate
291 1823 346 1853 per
373 1815 637 1854 quinquennium
664 1816 824 1854 percipere
844 1815 988 1852 valeant,
1010 1817 1086 1846 coti-

91 1866 194 1897 dianis
208 1867 482 1898 distributionibus
499 1868 663 1898 dumtaxat
680 1870 827 1907 exceptis,
846 1878 919 1899 cum
934 1879 996 1908 qua
1015 1869 1087 1900 illos

91 1920 284 1958 perciperent
303 1921 330 1950 si
350 1921 385 1950 in
411 1921 552 1950 ecclesiis
570 1922 604 1950 in
621 1921 736 1960 quibus
751 1922 905 1952 beneficia
924 1923 991 1961 ipsa
1006 1923 1087 1953 obti-

93 1977 170 2002 nent
183 1973 388 2011 personaliter
404 1974 590 2004 residerent.
607 1987 620 2001 n

132 2036 147 2053 α
171 2026 283 2064 Magne
299 2026 471 2057 devotionis
488 2028 655 2059 affectus...
672 2029 795 2058 —Dat.
814 2033 848 2058 ut
866 2038 970 2067 supra.
993 2041 1005 2057 n

132 2078 170 2108 In
186 2087 213 2108 e.
230 2088 273 2110 m.
291 2101 310 2109 ..
328 2079 459 2110 Sanctae
475 2080 654 2110 Genovefae
666 2082 858 2111 Parisiensis
874 2087 934 2112 et..
954 2083 1088 2114 Sanctae

93 2131 213 2161 Mariae
229 2131 266 2161 de
281 2132 392 2162 Latina
406 2134 425 2163 J
428 2133 655 2163 erosolimitani
674 2136 943 2165 monasteriorum
961 2137 1087 2166 abbati-

93 2184 152 2213 bus
169 2192 204 2214 ac
222 2207 241 2213 ..
267 2185 537 2225 archipresbytero
552 2187 702 2217 ecclesiae
717 2188 756 2218 de
774 2188 876 2225 Colle,
892 2189 1088 2220 Vulterauae

93 2237 257 2273 dioecesis,
268 2238 396 2268 mandat
408 2243 561 2277 quatenus
573 2241 739 2279 praedictis
752 2251 804 2271 sex
817 2241 940 2272 clericis
954 2243 1086 2280 fructus,

93 2290 234 2320 redditus
258 2295 287 2320 et
310 2296 478 2329 proventus
502 2295 686 2324 eorumdem
712 2295 942 2326 beneficiorum
970 2297 1088 2327 saciant

93 2343 217 2381 integre
231 2344 415 2374 ministrari.

162 2515 348 2544 219-224
696 2520 788 2553 Rieti,
805 2521 838 2548 ‘27
855 2523 922 2548 aoiit
939 2522 1016 2549 1288.

128 2575 174 2609 N.,
194 2578 370 2612 patriarchae
385 2578 612 2607 Jerosolimitano
622 2601 629 2615 ‚
644 2583 795 2617 legationis
810 2584 934 2611 officium
950 2586 1090 2612 commis-

93 2633 168 2652 sum.
185 2625 268 2659 (Rae.
287 2626 330 2660 44,
347 2635 372 2653 c.
392 2627 450 2659 116,
467 2628 485 2655 f.
501 2629 534 2655 ‘28
549 2631 595 2662 ro.)

132 2727 235 2756 Eidem
253 2729 446 2758 committit«
460 2729 493 2758 in
509 2731 649 2768 partibus
665 2733 768 2772 Syrie,
784 2735 975 2772 Jerusalem,
991 2735 1089 2774 Cypri

94 2783 124 2810 et
138 2781 293 2810 Armenie
318 2783 426 2819 regnis
446 2791 480 2812 ac
502 2784 677 2823 principatu
699 2787 871 2818 Antiochia
891 2788 985 2827 plene
1002 2789 1089 2827 lega-

94 2833 188 2863 tionis
203 2834 354 2864 officium.
376 2847 388 2861 »

134 2897 147 2912 «
168 2886 322 2916 Levantes
348 2888 380 2916 in
404 2888 576 2919 circuitu...
595 2891 719 2921 —Dat.
742 2892 858 2931 Reate,
883 2904 914 2924 w
937 2894 1090 2924 kalendas

93 2940 290 2978 septembris,
310 2949 394 2971 anno
410 2942 521 2980 primo.
544 2955 556 2969 n

132 2993 165 3021 111
184 3001 210 3022 e.
228 3002 271 3022 m.
291 2994 535 3034 archiepiscopis
552 3000 581 3026 et
594 2997 746 3036 episcopis
761 3007 795 3029 ac
810 3000 987 3038 abbatibus,
1006 3002 1090 3040 prio-

92 3044 192 3082 ribus,
204 3047 402 3085 praepositis,
417 3048 558 3086 decanis,
573 3049 806 3081 archidiaconis
817 3056 846 3082 et
859 3053 932 3083 aliis
947 3053 1091 3084 ecclesia-

1169 461 1239 481 rum
1257 453 1404 492 praelatis
1420 462 1475 491 per
1492 453 1620 491 Syriam
1638 456 1668 481 et
1684 450 1876 487 Jerusalem,
1893 450 1993 489 Cypri
2009 455 2038 480 et
2053 452 2167 482 Arme-

1168 505 1241 535 niae
1257 514 1355 543 regna
1371 514 1406 535 ac
1425 505 1642 544 principatum
1663 503 1854 534 Antiochiae
1876 503 2055 533 constitutis
2077 513 2168 534 man-

1168 557 1220 587 dat
1248 563 1405 596 quatenus
1435 559 1538 588 eidem
1574 557 1770 596 patriarchae
1801 561 1953 595 tanquam
1982 557 2170 595 apostolicae

1169 611 1251 641 sedis
1267 611 1369 648 legato
1386 611 1599 641 obedientiam
1618 611 1756 640 debitam
1773 610 1953 648 praebeant.

1208 666 1244 694 In
1262 674 1288 694 e.
1306 673 1349 693 m.
1372 688 1389 694 ..
1408 665 1475 702 regi
1491 664 1601 703 Cypri.

1209 718 1246 747 In
1264 727 1289 747 e.
1306 726 1349 746 m.
1370 740 1390 747 ..
1409 719 1476 755 regi
1493 718 1679 748 Armeniae.

1210 771 1246 799 In
1266 780 1292 800 e.
1311 780 1353 799 m.
1374 793 1393 800 ..
1412 771 1547 810 principi
1565 771 1768 801 Antiocheno
1787 775 1817 801 et
1838 772 1945 801 comiti
1962 771 2168 810 Tripolitano.

1209 824 1247 853 In
1264 833 1290 853 e.
1309 833 1352 852 m.
1371 824 1529 853 universis
1554 824 1767 862 principibus,
1792 824 1976 860 comitibus,
1999 825 2171 854 baronibus

1169 888 1204 908 ac
1221 879 1361 908 locorum
1388 879 1672 908 communitatibus
1696 888 1751 918 per
1771 879 1899 918 Syriam
1923 884 1952 909 et
1973 879 2168 916 Jerusalem,

1169 932 1266 970 Cypri
1284 937 1313 961 et
1328 932 1502 961 Armeniae
1524 940 1622 969 regna
1641 940 1677 961 ac
1698 932 1909 970 principatum
1932 932 2171 962 Antiochenum

1169 985 1361 1015 constitutis.

1239 1158 1431 1186 225-226
1779 1157 1871 1189 Rieu,
1889 1157 1921 1184 ‘37
1939 1158 2006 1184 aont
2022 1157 2099 1184 1288.

1205 1221 1252 1255 N.,
1274 1221 1449 1256 patriarchae
1463 1220 1706 1251 Jerosolimstano,
1723 1221 1874 1255 legationis
1889 1220 2013 1247 officium
2035 1221 2172 1247 commis-

1170 1279 1245 1297 sum.
1263 1270 1345 1303 (Rae.
1364 1270 1406 1301 44,
1424 1278 1449 1296 c.
1468 1270 1528 1301 117,
1545 1270 1564 1296 f.
1578 1269 1612 1296 28
1627 1272 1678 1301 νο.)

1216 1374 1382 1403 Venerabili
1388 1374 1483 1410 fratri
1493 1374 1626 1409 Nicolao,
1641 1373 1816 1411 patriarche
1823 1373 2079 1409 Jerosolimz'taow,
2089 1381 2173 1410 apos-

1171 1428 1256 1456 tolice
1280 1426 1358 1456 sedis
1379 1427 1485 1463 legato,
1508 1426 1639 1455 mandat
1657 1430 1814 1464 quatenus
1830 1425 1998 1463 magistros
2016 1429 2046 1455 et
2061 1426 2173 1455 fratres

1170 1480 1337 1510 domorum
1362 1479 1494 1508 militiae
1519 1478 1643 1517 Templi
1665 1483 1695 1508 et
1724 1478 1896 1516 Hospitalis
1921 1478 2173 1508 Jerosolimitani

1169 1543 1204 1563 ac
1221 1535 1353 1563 Sanctae
1371 1533 1491 1562 Mariae
1506 1532 1774 1562 Theotouicorum
1788 1541 1843 1570 per
1859 1532 1986 1570 Syriam
2003 1534 2032 1560 et
2046 1532 2173 1561 Jerusa-

1170 1587 1245 1623 lem⁷
1265 1587 1363 1625 Cypri
1392 1591 1422 1615 et
1443 1585 1620 1615 Armeniae
1642 1594 1740 1623 regna
1766 1594 1802 1614 ac
1823 1585 2036 1623 principatum
2060 1586 2172 1616 Antio-

1170 1640 1309 1670 cheuum
1337 1639 1539 1674 constitutos,
1568 1639 1593 1667 si
1620 1638 1670 1667 illi
1697 1643 1848 1676 tanquam
1872 1638 2061 1677 apostolicae
2090 1638 2174 1668 sedis

1171 1693 1273 1731 legato
1298 1701 1363 1722 non
1385 1692 1554 1727 obediant,
1576 1691 1615 1720 ad
1637 1691 1684 1727 id,
1705 1691 1882 1721 monitione
1905 1691 2093 1729 praemissa7
2120 1700 2175 1729 per

1171 1745 1511 1776 excommunicationis
1526 1745 1561 1774 in
1578 1752 1729 1783 personas
1745 1748 1775 1774 et
1790 1745 1823 1773 in
1841 1744 1909 1774 loca
1926 1744 1995 1782 ipsa
2013 1744 2174 1775 interdicti

1170 1800 1343 1830 sententias
1359 1798 1536 1837 compellat.

1213 1866 1225 1880 a
1245 1853 1387 1891 Antiqua
1405 1856 1588 1881 sauctorum
1605 1856 1769 1890 patrum...
1786 1867 1826 1874 —
1842 1851 1912 1881 Dat.
1931 1856 1967 1881 ut
1982 1860 2087 1890 supra.
2099 1864 2112 1878 n

1211 1908 1248 1936 In
1259 1916 1285 1936 e.
1297 1915 1341 1935 m.
1357 1905 1515 1935 universis
1531 1904 1692 1942 magistris
1704 1908 1734 1933 et
1745 1903 1895 1933 fratribus
1910 1904 2077 1934 domorum
2089 1904 2175 1934 mili-

1173 1960 1232 1989 tiae
1243 1959 1379 1997 'l'empli,
1397 1958 1427 1988 S.
1438 1958 1592 1988 Johannis
1601 1962 1630 1986 et
1639 1957 1772 1987 Sanctae
1783 1957 1811 1986 M
1817 1957 1901 1986 ariae
1910 1957 2176 1987 Theotonicorum

1172 2012 1385 2051 Hospitalium
1403 2011 1755 2047 Jerosolimitanorum,
1776 2020 1831 2049 per
1855 2011 1983 2049 Syriam
2000 2014 2030 2040 et
2046 2010 2175 2040 Jerusa-

1171 2068 1252 2104 lem,
1272 2066 1369 2105 Cypri
1396 2070 1426 2095 et
1452 2065 1626 2095 Armeniae
1648 2073 1748 2102 regna
1768 2074 1804 2094 ac
1831 2064 2042 2103 principatum
2062 2064 2177 2094 Antio-

1171 2121 1312 2151 cheuum
1328 2119 1520 2150 constitutis.

1242 2298 1433 2327 zze-233
1708 2295 1798 2329 Rieti,
1817 2296 1831 2322 3
1848 2295 2010 2330 septembre
2028 2295 2104 2322 1288.

1207 2361 1339 2388 Officium
1355 2360 1564 2387 tabellionatus.
1586 2358 1665 2391 (Rae.
1683 2358 1726 2392 44,
1747 2366 1770 2384 c.
1791 2358 1852 2387 118.
1868 2358 1887 2384 f.
1904 2357 1938 2384 ⁴29
1954 2358 2000 2392 1¹0.)

1213 2466 1322 2494 Dilecto
1336 2464 1400 2501 filio
1416 2462 1585 2492 Perciuallo
1597 2462 1744 2490 Leonardz'
1761 2461 1794 2489 de
1808 2461 1981 2497 Introduco,
1999 2461 2085 2497 laico,
2106 2461 2176 2490 Rea-

1174 2521 1236 2549 tine
1251 2518 1384 2552 diocesis,
1404 2515 1546 2545 officium
1563 2513 1784 2544 tabellionatus
1801 2513 1987 2550 committit,
2011 2517 2078 2551 post
2101 2522 2175 2542 exa-

1173 2572 1382 2602 minationem
1411 2570 1479 2607 ejus
1509 2577 1526 2598 a
1553 2568 1715 2606 magistris
1740 2567 1930 2605 Raymoudo
1957 2567 1996 2596 de
2023 2567 2120 2596 Ponte
2147 2571 2177 2596 et

1174 2625 1337 2655 Ranutino
1353 2623 1390 2652 de
1405 2623 1524 2657 Murro,
1542 2621 1715 2659 capellanis
1728 2629 1836 2658 papae,
1855 2620 1980 2649 factam.

1216 2690 1228 2705 «
1246 2679 1295 2707 Ne
1311 2680 1531 2706 contractuum
1550 2674 1742 2704 memoria...
1757 2690 1797 2696 —
1813 2674 1884 2703 Dat.
1900 2673 2007 2706 Reate,
2026 2682 2060 2702 111
2076 2681 2176 2703 nonas

1174 2731 1372 2770 septembris,
1391 2737 1475 2758 anno
1492 2729 1604 2766 primo.
1625 2739 1638 2754 n

1215 2786 1252 2814 In
1271 2794 1297 2813 e.
1315 2793 1356 2812 m.
1375 2781 1518 2812 Johanni
1530 2780 1688 2810 Johannis
1707 2780 1831 2809 Nic-olai
1848 2780 1885 2809 de
1902 2779 2043 2816 Clesura,
2062 2779 2177 2810 clerico

1173 2840 1207 2869 in
1228 2836 1406 2867 minorihus
1422 2834 1588 2864 ordinibus
1604 2833 1786 2871 constituto,
1806 2833 1960 2862 Reatinae
1971 2833 2135 2863 dioecesis.

1214 2893 1252 2921 In
1271 2900 1297 2920 e.
1314 2899 1356 2919 m.
1375 2888 1504 2926 Hugoni
1524 2886 1681 2917 Guidonis
1710 2887 1747 2916 de
1775 2886 1982 2924 Vandopera,
2005 2886 2119 2916 clerico
2142 2887 2177 2916 in

1174 2944 1353 2975 minorihus
1379 2941 1546 2972 ordinibus
1568 2940 1754 2976 constituto,
1780 2940 1993 2977 Lingonensis
2011 2939 2175 2970 dioecesis.

1215 3000 1251 3028 Iu
1274 3006 1300 3026 e.
1322 3006 1363 3025 m.
1391 2994 1538 3025 Mathneo
1562 2993 1722 3023 Johannis
1750 2992 1911 3031 Raynaldi
1939 2993 1977 3022 de
2002 2992 2175 3029 Clausura,

1173 3052 1264 3087 laico⁷
1282 3049 1434 3079 Reatinae
1450 3047 1612 3077 dioecesis.
