2477 3637
306 377 362 409 140
1054 377 1291 410 REGISTRES
1313 379 1368 410 DE
1388 379 1574 410 NICOLAS
1596 379 1652 410 IV.

305 443 368 474 sibi
392 435 609 483 provisionem
628 442 805 482 praedictae
830 442 981 473 ecclesiae
1005 445 1190 475 reservavit.
1212 445 1307 476 Nunc

303 497 402 537 igitur
422 498 569 533 Petrum,
590 497 847 536 Tyrasonensem
870 495 1130 527 archidiaconum
1143 522 1150 535 ,
1168 498 1306 538 Tyraso-

304 551 397 581 nensi
413 550 566 581 ecclesiae
582 550 615 580 in
634 549 816 588 episcopum
834 549 988 588 praeficit.

348 616 360 631 ι
377 604 414 634 111
433 612 607 642 suppreme·
619 602 821 641 dignitatis..
834 619 872 624 —
885 602 956 632 Dat.
976 602 1088 641 Rome,
1106 604 1189 644 apud
1208 604 1305 636 Sanc—

303 662 366 688 tam
384 657 518 686 Mariam
538 657 693 694 Majorem
705 680 712 690 ,
733 665 764 684 111
784 655 856 685 idus
871 655 1002 692 martii,
1019 665 1105 687 anno
1122 657 1272 689 secundo.
1292 670 1305 685 n

342 711 381 739 Iu
398 719 425 739 e.
449 718 492 740 m.
516 732 535 739 ..
564 709 684 739 decano
702 712 732 738 et
750 708 887 748 capitulo
909 708 1059 739 ecclesiae
1075 709 1308 748 Tyrasonensis

301 762 433 792 mandat
455 765 612 801 qnatenus
637 761 742 791 eidem
771 759 916 800 episcopo
944 761 1067 791 solitam
1094 761 1307 792 obedientiam

300 816 479 856 praebeant.

371 989 456 1019 (37⁸2

337 1053 378 1079 De
407 1052 591 1079 contentione
620 1053 694 1078 inter
722 1051 879 1087 capitulum
905 1054 933 1078 et
957 1051 1127 1086 episcopum
1158 1050 1306 1078 Firmanos

300 1106 409 1129 exorta.
426 1101 510 1135 (Res.
529 1101 572 1135 44,
587 1109 612 1127 c.
629 1100 674 1135 20,
691 1101 710 1127 f.
732 1101 776 1127 111
796 1101 843 1135 ro.)

604 987 966 1023 Sainte-Marie—Majeure,
984 988 1016 1015 ‘27
1036 988 1140 1015 fevi-ier
1158 988 1234 1015 1289.

345 1204 511 1233 Venerabili
526 1204 622 1240 fratri
639 1226 658 1232 ..
675 1204 806 1240 episcopo
819 1203 965 1232 Firmano
981 1207 1005 1231 el
1023 1203 1128 1232 dilecto
1139 1202 1202 1240 filio
1219 1225 1239 1232 ..
1255 1203 1305 1231 de-

297 1266 372 1287 cano
388 1257 505 1286 ecclesie
523 1256 710 1293 Seyobz'ensis
729 1255 858 1285 mandat
874 1260 1032 1294 quatenus
1048 1255 1214 1294 pristinam
1233 1264 1305 1294 pos-

297 1310 472 1339 sessiouem
500 1309 798 1348 archiepiscopatus
828 1308 1076 1347 Compostellani
1104 1313 1132 1339 et
1159 1309 1306 1338 omnium

296 1363 364 1401 ejus
381 1363 567 1393 reddituum
586 1362 743 1392 Roderico
764 1361 954 1392 Guudisalvi
971 1362 1096 1392 restitui
1118 1362 1187 1391 sine
1205 1362 1307 1400 figura

292 1416 404 1455 judicii
423 1416 554 1445 iaciant.
571 1415 656 1446 Olim
675 1415 872 1445 Guudisalvo
887 1438 895 1452 ,
915 1415 1170 1454 compostellano
1187 1415 1307 1445 archie-

295 1469 441 1508 piscopo,
459 1469 493 1498 iu
509 1469 636 1498 civitate
653 1469 847 1498 Vitcrbiensi
862 1492 868 1504 ,
887 1468 943 1498 ubi
963 1473 1037 1498 tunc
1052 1469 1141 1499 curia
1157 1477 1306 1506 romana,

297 1527 427 1553 vacante
454 1522 528 1552 sede
550 1521 720 1561 apostoliea
733 1544 741 1558 ‚
769 1522 945 1560 residebat,
974 1525 1100 1552 mortuo
1111 1547 1118 1560 ,
1146 1522 1307 1553 Martinus

294 1586 374 1616 papa
393 1576 460 1606 1111
475 1575 752 1614 Compostellanae
768 1575 919 1605 ecclesiae
929 1576 1143 1614 provisionem
1157 1576 1306 1615 apostoli—

295 1638 350 1660 cae
367 1630 435 1659 sedi
455 1630 646 1666 reservavit,
666 1633 760 1668 atque
778 1628 894 1659 deinde
911 1629 1073 1659 Honorius
1090 1629 1158 1659 IIII
1175 1629 1307 1660 Roderi-

295 1694 369 1716 cum
399 1685 590 1715 Gundisalvi
605 1708 613 1722 ,
648 1689 723 1715 tuuc
750 1685 888 1723 priorem
914 1684 1142 1724 provincialem
1171 1686 1307 1716 fratrum

296 1739 420 1771 ordinis
436 1739 693 1778 praedicatorum
703 1738 875 1777 Yspaniae,
893 1738 932 1768 de
941 1739 1214 1770 fratrumsuorum
1231 1748 1305 1770 con-

298 1792 390 1828 silio,
416 1793 518 1822 eidem
541 1792 692 1831 praefecit
712 1792 862 1821 ecclesiae
880 1792 912 1821 in
935 1792 1229 1832 archiepiscopum,
1252 1794 1306 1832 qui

297 1846 416 1877 electus
432 1847 471 1875 ad
495 1856 584 1876 suain
602 1845 769 1876 ecclesiam
785 1854 946 1882 accessus,
967 1855 985 1876 a
1005 1846 1141 1885 capitulo
1161 1846 1306 1886 cleroque

297 1904 328 1929 et
339 1899 452 1938 populo
467 1899 621 1929 dioecesis
637 1899 775 1929 debitam
792 1898 1006 1929 reverentiam
1024 1901 1152 1938 recepit.
1164 1900 1305 1930 Postmo-

297 1952 376 1982 dum
389 1961 462 1982 vero
479 1952 610 1990 quidam
627 1951 666 1982 de
681 1952 792 1982 eodem
808 1951 946 1991 capitulo
963 1961 1037 1982 eum
1054 1952 1221 1983 nonnullis
1237 1953 1306 1983 red-

297 2005 417 2036 ditibus
441 2005 765 2044 archiepiscopalibus
792 2010 909 2035 temere
931 2006 990 2036 sub
1012 2006 1157 2045 ejusdem
1177 2007 1307 2045 capituli

298 2059 429 2088 nomine
447 2058 634 2097 spoliarunt.

340 2124 353 2139 11
373 2112 460 2142 Olim
478 2112 560 2142 bone
578 2113 769 2144 memorie...
784 2130 821 2134 —
837 2113 910 2142 Dat.
929 2113 1043 2151 Rome,
1060 2114 1143 2153 apud
1156 2114 1306 2144 Sanctam

298 2165 432 2195 Mariam
446 2166 612 2204 Majorem,
629 2175 662 2195 111
679 2165 833 2196 kalendas
844 2166 962 2204 martii,
975 2175 1061 2197 auno
1075 2167 1228 2198 secundo.
1244 2179 1256 2195 »

369 2338 456 2367 858

334 2400 376 2427 De
391 2401 576 2428 contentione
590 2401 665 2428 inter
685 2402 854 2437 episcopum
875 2401 1033 2430 Barensem
1048 2406 1077 2430 et
1095 2403 1257 2431 Narzonem
1272 2404 1307 2432 de

296 2449 444 2484 Tuctiaco‚
461 2450 609 2478 dominum
626 2450 760 2478 Motulae.
781 2451 862 2484 (Rea.
879 2452 923 2485 44,
941 2460 965 2479 0.
982 2453 1026 2486 21,
1043 2453 1066 2479 fo
1083 2453 1131 2479 111
1148 2454 1199 2486 vo.)

633 2338 989 2375 Salute-Marie-MaJeure,
1008 2340 1047 2366 1⁸¹·
1062 2348 1139 2368 mars
1154 2340 1234 2369 1289.

342 2566 508 2596 Venerabili
528 2566 624 2603 fratri
649 2567 695 2604 G.,
714 2567 844 2606 episcopo
864 2568 1036 2606 sabinensi,
1055 2571 1215 2608 apostolice
1230 2571 1308 2600 sedis

298 2620 404 2657 hyalo,
425 2624 451 2649 et
466 2628 531 2649 una
549 2628 617 2650 cum
632 2620 738 2650 dilecto
755 2621 819 2658 filio
836 2623 932 2651 nobiti
951 2624 1019 2652 viro
1034 2623 1081 2660 R„
1098 2623 1204 2655 comice
1222 2625 1306 2656 Atre-

297 2673 423 2709 batensi,
447 2673 535 2710 ream*
554 2673 659 2703 Sicilie
678 2674 791 2711 batuto,
813 2684 867 2713 per
886 2680 1023 2706 sanctam
1041 2685 1203 2707 romanam
1224 2681 1308 2710 eccle-

296 2725 373 2755 siam
396 2727 568 2758 constituto.
596 2738 610 2753 «
637 2726 860 2766 Exposuerunt
881 2728 973 2758 nobis
995 2730 1189 2761 venerabilis
1211 2731 1309 2763 frater

297 2782 404 2826 noster
422 2778 629 2816 Romoaldus,
646 2780 917 2820 archiepiscopus,
936 2785 966 2812 et
981 2782 1091 2814 dilecti
1107 2783 1168 2814 filii
1185 2786 1307 2825 capitu—

297 2830 367 2860 lum
386 2832 542 2862 Barenses
557 2833 653 2871 quod,
673 2842 747 2864 cum
763 2834 842 2864 olim
858 2835 941 2865 bone
955 2838 1110 2867 memorie
1126 2837 1306 2878 Johames,

297 2884 566 2924 archiepiscopus,
578 2890 609 2916 et
620 2887 696 2917 dicti
707 2887 882 2927 capitulum
897 2889 1054 2920 Barenses
1068 2891 1171 2922 casale
1186 2889 1307 2923 dictum

299 2937 448 2974 Latertie‚
460 2938 498 2967 ad
510 2938 683 2970 Barensem
694 2940 860 2972 ecclesiam
874 2943 1048 2982 pertinens,
1058 2944 1143 2975 bone
1151 2946 1308 2976 memorie

299 2990 436 3029 Angelo,
455 2991 600 3031 episcopo
623 2993 812 3032 Melfflensi,
831 2999 907 3026 tunc
922 2997 1077 3028 canonico
1097 2998 1251 3036 Bai-ensi,
1267 2999 1308 3029 ad

299 3044 397 3073 vitam
415 3052 506 3074 suam
521 3045 579 3075 sub
594 3051 680 3077 certo
698 3055 794 3078 censu
819 3057 929 3080 annuo
946 3051 1198 3088 concessissent,
1217 3052 1309 3083 nobi-

1334 2099 1337 2102 ’
1389 2102 1432 2131 515
1461 2101 1592 2132 ecclesie
1626 2102 1841 2141 prejudicium
1873 2106 1904 2132 et
1937 2111 2124 2141 gravamen.
2156 2103 2263 2140 Quare
2297 2103 2389 2136 lid-aij

1389 445 1430 475 lis
1444 445 1495 475 vir
1505 446 1608 476 Narzo
1622 445 1661 475 de
1675 445 1841 484 Tuctiaeo,
1853 446 1958 484 miles,
1975 447 2126 479 dominus
2141 449 2270 486 Motule,
2281 451 2394 483 'raren-

1390 499 1456 528 tine
1485 498 1638 536 diocesis,
1659 497 1781 528 dictum
1809 499 2003 538 episcopum,
2035 501 2111 531 dum
2137 501 2270 540 viveret,
2287 503 2395 537 eodem

1390 551 1498 589 casali,
1515 552 1548 581 in
1567 553 1658 588 cujus
1674 552 1871 590 possessione
1888 553 2018 591 pacifica
2033 553 2118 584 idem
2136 555 2303 594 episcopus
2317 556 2396 589 exis-

1391 605 1484 641 tebat,
1502 608 1611 635 contra
1625 605 1782 644 justitiam
1798 604 1956 644 spoliavit,
1975 610 2005 636 et
2019 606 2093 637 licet
2109 607 2226 637 nobilis
2239 607 2318 639 vir..
2331 609 2399 648 jus-
2423 616 2427 619 '

1390 659 1529 689 titiarins
1553 663 1633 689 terre
1657 658 1810 696 Ydronti‚
1831 659 1883 688 nbi
1902 659 2022 689 dictum
2046 660 2148 690 casale
2172 661 2334 699 consistit,
2357 662 2407 694 ‹1ae

1390 712 1539 742 mandato
1556 712 1674 743 nobilis
1690 713 1749 742 viri
1761 712 1877 749 Caroli,
1892 713 2045 752 principis
2060 713 2268 752 Salernitani,
2283 715 2400 754 prim

1389 765 1492 803 geniti
1508 769 1537 796 et
1555 770 1627 795 tnnc
1643 765 1754 795 vicarii
1773 765 1859 796 clare
1876 767 2032 797 memorie
2049 767 2099 805 G.,
2120 768 2201 806 regis
2218 768 2342 807 Sicilie,
2362 792 2366 795 .
2382 772 2394 795 v1

1391 827 1485 857 quem
1506 819 1591 848 idem
1615 819 1781 858 episcopus
1805 828 1900 858 super
1924 819 1988 850 hiis
2019 830 2186 851 recursum
2215 821 2344 860 habuit,
2372 818 2388 848 >s

1391 871 1492 902 casale
1514 872 1638 902 fecisset
1658 873 1783 902 restitui
1805 873 2047 911 supradictum,
2068 875 2270 912 postmodum
2290 879 2346 906 ta·-
2360 879 2388 902 21?

1391 925 1529 963 prefatus
1557 925 1658 956 Narzo
1687 926 1792 964 ipsum
1819 925 1917 956 casali
1947 926 2087 965 predicto
2114 927 2226 958 iterato
2256 928 2380 960 111ᾱο·.’

1390 977 1524 1016 spoliare
1547 979 1740 1018 presumpsit
1770 978 1928 1018 illumque
1958 985 2146 1020 occupatum
2173 981 2345 1019 detinebat,
2370 995 2390 1018 ν,

1390 1030 1493 1069 ipsius
1509 1032 1646 1070 episcopi
1666 1032 1878 1071 prejudicium
1895 1037 1925 1063 et
1941 1042 2124 1071 gravamen.
2137 1034 2270 1071 Verum,
2285 1034 2390 1080 :eon

1390 1084 1535 1124 episcopo
1569 1094 1664 1124 super
1696 1086 1755 1116 1100
1785 1087 1823 1116 ad
1855 1086 2027 1125 apostolice
2057 1087 2142 1117 sedis
2167 1078 2353 1127 provident*
2372 1087 2395 1122 1⁷¹2

1389 1128 1586 1175 recurrente,
1603 1139 1704 1170 felicis
1722 1139 1954 1170 recordationis
1972 1140 2138 1171 Honorius
2148 1149 2227 1180 papa
2235 1141 2347 1181 IIII‚p
2370 1153 2383 1168 ι*

1390 1190 1534 1221 110005501·
1555 1196 1678 1228 noster,
1704 1193 1762 1222 tihi
1791 1193 1858 1223 suis
1881 1193 1968 1223 dedit
1991 1184 2107 1223 litteris
2124 1194 2157 1223 in
2176 1193 2336 1232 mandatis
2380 1197 2387 1208 “·

1389 1244 1505 1273 vocatis
1523 1245 1579 1283 qui
1594 1245 1728 1276 vocandi
1750 1250 1875 1282 essent,
1893 1246 1918 1275 si
1939 1246 1992 1275 tibi
2013 1246 2051 1276 de
2066 1246 2162 1285 plano
2178 1251 2209 1277 et
2225 1247 2296 1278 sine
2317 1255 2333 1279 s
2369 1260 2385 1278 ε,

1389 1297 1458 1335 pitu
1487 1297 1602 1337 judicii
1634 1302 1793 1329 constaret
1819 1299 1857 1329 de
1882 1300 2058 1337 premissis,
2084 1300 2203 1330 dictum
2221 1300 2337 1332 Narzo·
2353 1314 2386 1339 ²¹³:

1389 1351 1473 1389 quod
1490 1351 1592 1381 eidem
1611 1353 1756 1392 episcopo
1773 1353 1930 1391 prefatum
1949 1353 2051 1383 casale
2068 1362 2140 1383 cum
2157 1353 2314 1384 fructibus
2323 1354 2383 1387 in

1391 1405 1740 1445 perceptisrestitueret‚
1753 1407 2104 1446 monitionepreposita,
2117 1417 2172 1446 per
2184 1415 2349 1438 excommu
2377 1409 2386 1442 f

1390 1458 1526 1487 cationis
1544 1458 1577 1487 in
1596 1467 1766 1497 personam
1783 1464 1813 1489 et
1829 1460 1863 1489 in
1882 1464 1996 1490 terram
2007 1461 2077 1499 ejus
2094 1460 2256 1492 interdicti
2271 1464 2383 1495 sente

1390 1511 1470 1548 tias,
1503 1511 1714 1550 appellatione
1744 1516 1861 1543 remota
1876 1536 1884 1550 ,
1898 1539 1902 1543 .
1915 1514 2021 1552 previa
2054 1514 2188 1551 ratione,
2211 1513 2375 1554 compell

1390 1573 1586 1604 procurares.
1616 1565 1761 1604 Cumque
1790 1566 1990 1605 postmodum
2013 1567 2187 1597 venerabili
2212 1567 2302 1600 fratri
2325 1575 2377 1611 ιι·ι

1391 1623 1438 1648 tro
1467 1641 1486 1649 ..
1514 1605 1658 1658 episcopo
1688 1619 1849 1649 Andrensi
1873 1629 1967 1659 super
1990 1620 2048 1650 hoc
2073 1621 2288 1652 commisisses
2314 1621 2374 1652 vi

1391 1675 1472 1708 tuas,
1484 1672 1583 1702 donec
1594 1681 1646 1702 eas
1655 1672 1695 1702 ad
1704 1677 1730 1702 te
1742 1672 1874 1703 duceres
1883 1674 2088 1711 revocandas,
2098 1678 2129 1704 at
2139 1675 2224 1704 idem
2236 1675 2359 1714 episcop
2379 1704 2392 1708 ,i

1391 1725 1570 1755 Andrensis
1590 1726 1623 1755 in
1640 1725 1834 1765 hujusmodi
1860 1727 1989 1765 negotio
2021 1727 2188 1766 procedere
2216 1727 2374 1767 incepisse

1390 1778 1519 1809 tandem
1538 1779 1648 1809 eodem
1666 1779 1812 1819 episeopo
1829 1780 2001 1811 Melfitensi
2017 1781 2102 1811 viam
2128 1782 2278 1812 universe
2292 1790 2328 1812 ca
2354 1778 2389 1816 ηε)

1389 1832 1534 1871 ingresso
1550 1837 1580 1863 et
1595 1832 1685 1864 nullo
1702 1843 1738 1863 ex
1754 1834 1831 1872 ipsis
1848 1834 1966 1864 litteris
1983 1835 2102 1873 prefato
2118 1835 2262 1875 episcopo
2279 1835 2359 1867 Mel·
2376 1845 2384 1857 ‚›

1391 1887 1483 1930 tensi¹
1507 1895 1564 1917 seu
1596 1887 1731 1917 Barensi
1760 1887 1896 1918 ecclesie
1928 1888 2060 1919 comodo
2092 1888 2260 1920 subsecuto
2272 1911 2281 1927 ,
2311 1883 2388 1919 1111.ἶ
2404 1891 2407 1894 ·

1390 1940 1493 1970 Narzo
1516 1939 1619 1970 casale
1653 1940 1830 1979 predictum
1858 1941 2090 1972 nichilominus
2117 1942 2238 1973 detinet
2256 1946 2288 1973 et
2307 1942 2342 1974 di
2366 1948 2386 1969 *f

1389 1994 1627 2033 archiepiscopo
1643 1998 1672 2025 et
1686 1995 1825 2034 capitulo
1840 1995 1922 2025 illud
1940 1995 2109 2026 restituere
2120 1996 2265 2027 indebite
2277 2005 2338 2028 con
2360 2012 2374 2032 ι,

1389 2047 1477 2085 dicit,
1494 2048 1528 2077 in
1545 2048 1688 2087 ipsorum
1704 2048 1935 2088 archiepiscopi
1951 2049 2123 2088 etcapituli
2135 2058 2172 2080 ac
2186 2050 2269 2081 dicte
2280 2050 2362 2082 Baro
2371 2043 2386 2076 ἦ

1389 2154 1442 2192 R„
1459 2154 1726 2194 archiepiscopus,
1744 2160 1774 2185 et
1787 2155 1968 2195 capitulum
1990 2165 2087 2195 super
2102 2156 2161 2188 hoc
2176 2156 2288 2188 iterato
2306 2165 2341 2188 a·
2352 2170 2358 2183 ·
2370 2169 2383 2183 »’

1391 2207 1481 2238 tolice
1501 2208 1694 2247 provisionis
1714 2208 1896 2239 remedium
1914 2208 2140 2248 implorarunt.
2157 2209 2314 2247 Quocirca
2342 2217 2379 2239 w

1390 2261 1531 2292 ternitati
1547 2266 1599 2293 tue
1615 2271 1672 2301 per
1687 2262 1857 2302 apostolica
1874 2263 1989 2302 scripta
2010 2263 2204 2294 mandamus
2226 2267 2344 2304 quaten

1389 2315 1417 2345 si
1433 2315 1490 2345 tihi
1507 2315 1545 2346 de
1556 2315 1652 2354 plano
1665 2319 1696 2345 et
1714 2316 1783 2346 sine
1799 2315 1934 2354 strepitu
1946 2316 2060 2354 judicii
2077 2317 2256 2348 constiterit
2273 2317 2313 2349 de
2327 2326 2388 2357 [ιι-,ξε

1389 2369 1512 2405 missis,
1530 2369 1689 2408 prefatum
1709 2369 1889 2408 Narzonem
1909 2369 1995 2408 quod
2017 2369 2140 2400 eisdem
2160 2370 2375 2413 archiepisco

1390 2426 1421 2452 et
1440 2422 1577 2461 capitulo
1598 2421 1700 2452 casale
1720 2423 1880 2462 prefatum
1900 2431 1975 2452 cum
1994 2422 2151 2454 fructibus
2170 2424 2248 2455 inde
2269 2431 2372 2464 perce·

1390 2476 1431 2506 tis
1446 2475 1786 2513 restituat,monitione
1799 2476 1967 2515 preposita,
1984 2485 2040 2515 per
2050 2477 2343 2509 excommunicatio
2372 2484 2375 2485 ’

1389 2529 1424 2560 in
1441 2537 1609 2569 personam
1625 2529 1700 2559 etin
1719 2529 1912 2568 terramejus
1922 2529 2085 2560 interdicti
2095 2530 2282 2568 sententias,
2291 2534 2380 2571 app

1389 2583 1507 2614 latione
1525 2587 1656 2620 remota,
1678 2583 1851 2622 compellas
1867 2584 1958 2622 juxta
1972 2583 2189 2623 predictarum
2205 2584 2341 2616 (111-00131
2372 2597 2379 2620 ;

1391 2637 1448 2667 tibi
1459 2646 1554 2676 super
1565 2636 1625 2667 hoc
1636 2645 1691 2676 pro
1704 2636 1787 2667 dicto
1802 2638 1946 2676 episcopo
1962 2636 2150 2668 Melfittensi
2164 2630 2374 2670 continenti

1389 2691 1581 2721 litterarum.
1603 2690 1673 2720 Dat.
1694 2690 1807 2727 Rome,
1824 2690 1908 2730 apud
1923 2690 2073 2722 Sanctam
2084 2691 2222 2722 Mariam
2230 2691 2383 2732 Major-J

1389 2744 1538 2775 kalendis
1553 2744 1660 2774 martii
1674 2768 1681 2782 ,
1697 2753 1783 2775 anno
1798 2744 1949 2776 secundo.
1970 2756 1982 2772 ι·
2370 2744 2374 2755 ’

2450 1858 2457 1958 f

2447 1963 2456 2137 ξ

2446 2176 2453 2204 1

2445 2231 2451 2384 l

2109 2809 2122 2816 ,ι

1460 2896 1547 2926 6⁸29
1699 2896 2063 2933 Sainte-Marie-MaJeure‚
2079 2897 2113 2925 24
2129 2897 2232 2926 fevrier
2247 2897 2326 2926 1289.

1425 2959 1531 2987 Abbati
1543 2960 1707 2987 monasterii
1719 2960 1754 2987 de
1767 2960 1903 2988 Valcellis
1915 2964 1943 2988 et
1953 2960 1971 2988 J
1973 2961 2080 2989 ohanni
2088 2960 2124 2988 de
2136 2960 2276 2994 Brueriin,
2288 2960 2317 2994 d·
2330 2972 2349 2983 ιν

1390 3008 1529 3036 ecclesiae
1539 3007 1768 3042 Cameracensis,
1784 3009 1900 3037 mandat
1912 3013 1943 3037 ut
1953 3010 2093 3037 rationem
2107 3009 2228 3037 reddant
2242 3009 2277 3038 de
2287 3008 2315 3037 d·
2328 3021 2336 3031 ι
2356 3021 2375 3041 η

1391 3057 1425 3085 ab
1440 3058 1513 3093 ipsis
1528 3066 1579 3093 pro
1596 3057 1740 3093 Guidone,
1756 3059 1862 3086 comite
1877 3058 1900 3085 F
1902 3058 2027 3086 tandi-iae
2038 3079 2045 3091 ,
2066 3059 2096 3086 in
2115 3058 2278 3086 subsidium
2291 3057 2332 3085 're
2355 3071 2376 3083 ι·
