2477 3637
287 395 341 423 bit,

289 473 301 484 »ι
328 459 470 488 videlicet
498 457 745 496 unumquodque
775 459 926 496 pariclum
953 460 991 488 de
1016 465 1150 498 quatuor
1172 460 1285 490 bubus.

284 736 297 749 ))

284 948 295 960 τ
284 894 295 907 ³
284 842 295 854 υ
284 789 296 801 t

324 514 402 541 Cum
428 513 448 540 it
462 521 531 549 tqu·¹
553 511 592 539 ab
613 511 798 540 bominibus
819 514 937 541 Averso
958 513 1120 550 quantitas
1146 514 1285 551 ipsarum

327 571 478 594 terrarum
510 565 659 592 cxtimata
689 565 728 592 sit
756 565 1063 602 quadringentortun
1095 566 1284 600 modiorum,

324 604 447 656 precepi
464 618 605 646 Joltauni
627 617 733 661 Basso,
754 619 927 647 camerario
944 620 1080 652 Averso,
1099 618 1286 655 assignandi

326 671 384 709 ipsi
409 669 600 698 monasterio
623 669 775 707 predictas
798 676 894 699 terras
920 670 1123 700 laboratorias
1147 672 1185 699 de
1206 681 1284 710 qua-

321 723 498 759 dringentis
509 722 680 754 modii-mle
691 732 826 761 quarum
837 724 1014 762 quantitate
1024 725 1137 762 siquid
1150 725 1283 761 deesset,

321 776 434 804 debet-c
453 775 590 813 suppleri
609 777 646 804 dc.
667 780 753 813 prato
774 777 856 814 quod
876 782 920 805 est
942 777 975 805 iu
995 778 1168 807 tenimento
1184 778 1284 816 ipsius

321 828 442 857 casalis.
458 829 569 866 liet-vpi
580 829 674 857 ctiam
692 830 723 857 in
736 829 892 859 mandatis
905 839 923 859 a
937 831 1099 868 majestate
1113 840 1222 861 eornm
1235 840 1283 860 as-

321 882 468 919 signandi
489 881 546 919 ipsi
567 883 757 912 monasterio
771 883 801 912 iu
817 883 1009 922 Starsia<sic)
1024 883 1150 914 Saliceti
1163 884 1230 923 (sic)
1243 885 1282 921 (l)

320 941 348 964 et
373 935 518 964 Columbi
550 941 646 964 tut-ras
674 935 879 966 laboratorias
903 937 942 966 ad
965 937 1027 966 dno
1051 937 1180 976 paricla,
1205 947 1284 976 quas

320 989 442 1026 precepi
474 989 586 1020 Leoni.
617 991 792 1019 camerario
821 991 917 1020 'l'errc
946 991 1094 1027 Laboris,
1126 992 1283 1029 assignari

282 1057 294 1067 n
320 1043 422 1071 cidem
436 1043 726 1081 monasterio]uxta
739 1044 911 1082 predictam
924 1045 1175 1075 extimationem.
1190 1046 1283 1075 Unde

319 1097 355 1125 ad
377 1096 531 1125 caut-»taut
557 1098 653 1134 ipsius
676 1098 859 1127 monasterii
884 1099 942 1128 hoc
965 1099 1118 1137 scriptum
1136 1100 1203 1129 fieri
1223 1100 1282 1129 feci

283 1162 294 1173 ν’
319 1154 345 1179 et
364 1150 485 1187 proptia
504 1159 599 1178 mauu
617 1150 813 1187 subsignavi.

279 1481 291 1493 ἶ
278 1429 291 1441 ἴ
280 1374 292 1388 U
281 1322 292 1335 ΕΙ

322 1216 334 1227 »ι
354 1203 418 1232 Nos
433 1203 538 1239 igitur,
554 1203 750 1233 considerato
765 1204 850 1233 cultu
865 1204 1030 1242 religionis
1043 1215 1104 1244 que
1122 1206 1153 1235 in
1171 1206 1281 1235 eodem

319 1257 511 1285 monast-’rio
529 1262 749 1292 conservatur,
769 1258 910 1288 honestis
925 1259 1068 1296 ejusdem
1089 1259 1281 1289 venerabilis

316 1309 437 1338 abbatis
456 1309 740 1347 supplicationibus
757 1310 919 1348 inclinati,
941 1313 1113 1351 prescripta
1136 1313 1198 1342 duo
1217 1313 1282 1351 pri-

318 1362 433 1399 vitogta
463 1368 579 1397 nostra,
610 1362 730 1391 indulta
759 1364 817 1401 ipsi
845 1365 1035 1394 monasterio
1065 1371 1131 1404 post
1159 1366 1280 1395 curiam

317 1416 422 1453 Capite
443 1415 645 1447 celebratam.
664 1421 693 1445 et
709 1416 830 1446 litteras
847 1418 978 1456 predicti
996 1419 1157 1457 quondam
1174 1429 1280 1450 came-

317 1469 389 1497 rarii
406 1468 444 1497 de
457 1468 551 1498 verbo
561 1469 599 1497 ad
610 1469 754 1506 verbum,
768 1471 848 1499 sicut
858 1471 891 1499 in
906 1472 1074 1502 autenticis
1085 1473 1278 1512 continetur,

279 1535 291 1546 η
317 1521 413 1550 scribi
431 1521 668 1558 mandavimus,
684 1526 786 1552 ettam
802 1524 869 1562 ipsa
881 1525 1048 1563 privilegia
1062 1535 1156 1564 quam
1170 1527 1281 1557 omnia

276 1854 288 1866 ἴ
276 1800 288 1813 U
277 1747 288 1760 υ
276 1693 288 1708 t
279 1640 288 1653 1
278 1587 290 1601 U

316 1584 376 1612 que
393 1574 596 1603 continentur
612 1575 643 1603 in
665 1575 709 1604 eis
725 1575 763 1605 de
779 1577 889 1606 inuata
907 1577 1077 1608 clementia
1095 1579 1198 1609 eidem
1216 1589 1280 1610 mo-

315 1628 452 1656 nasterio
478 1628 652 1658 Fossenove
674 1635 822 1668 perpetuo
844 1640 879 1660 ex
904 1636 988 1661 certa
1011 1633 1144 1662 scientia
1162 1634 1279 1664 confir-

314 1691 450 1711 mamus,
471 1682 506 1711 Et
525 1682 601 1720 quia
620 1683 687 1720 ejus
707 1688 752 1712 est
767 1684 968 1723 interpretari
985 1686 1076 1724 cujus
1091 1687 1277 1723 concedere,

313 1734 551 1763 considerantes
583 1735 793 1765 intentionem
825 1738 962 1776 predicte
997 1745 1130 1776 auguste
1166 1742 1279 1771 matris

315 1792 430 1819 nostre,
444 1788 579 1826 qualiter
591 1798 644 1827 per
655 1790 791 1819 eundem
805 1792 985 1829 Eugenium
999 1793 1159 1831 quondam
1175 1804 1279 1824 came-

315 1841 432 1870 rarium
450 1850 485 1870 ca
503 1851 563 1879 que
580 1842 637 1871 sibi
657 1844 810 1872 concessit
826 1844 856 1873 in
875 1845 968 1874 certis
986 1845 1063 1875 locis
1080 1847 1279 1878 mandaverit

313 1894 484 1931 assignari3
507 1895 704 1925 attendentes
726 1906 852 1935 quoque
872 1898 955 1936 quod
978 1908 1013 1928 ea
1035 1909 1096 1938 que
1116 1900 1154 1930 de
1171 1906 1278 1930 nostra

283 1963 288 1973 ι
314 1948 441 1977 suerunt
466 1947 654 1978 liberalitate
674 1958 821 1979 concessa
837 1960 873 1980 ex
895 1958 978 1981 certa
1002 1953 1133 1982 scientia
1152 1954 1276 1992 prodie-

275 2014 287 2025 υ
312 2007 396 2036 runt,
414 2001 570 2036 volumus,
585 2003 610 2031 si
624 2003 707 2040 quod
722 2012 757 2032 ex
771 2003 892 2033 defectu
907 2005 1074 2043 scripture,
1092 2015 1153 2045 que
1169 2007 1277 2037 dema—

313 2054 401 2082 nium
421 2059 561 2083 nostrum
589 2063 650 2084 non
671 2057 829 2093 continet,
852 2057 885 2086 in
905 2058 1038 2087 dubium
1064 2060 1214 2097 vertitur,
1239 2070 1275 2090 ex

312 2108 572 2145 interpretatione
591 2115 695 2138 nostra
707 2109 892 2148 clarescere,
907 2116 937 2141 et
950 2118 983 2142 ut
996 2112 1195 2151 intelligatur
1210 2119 1275 2144 tan·

311 2170 405 2199 quam
419 2162 444 2190 si
456 2161 640 2191 domanium
650 2164 868 2194 contineretur
879 2166 915 2195 de
924 2166 1027 2203 gratia
1038 2171 1144 2196 nostra
1154 2168 1277 2206 supple-

315 2223 395 2249 muS,
410 2215 450 2242 ita
464 2215 544 2252 quod
563 2224 692 2252 presens
708 2216 923 2255 privilegium,
936 2218 1018 2256 quod
1031 2218 1093 2249 dno
1111 2220 1276 2258 privilegia

311 2268 452 2296 continet
469 2267 669 2306 infrascripta
686 2278 808 2299 necnon
827 2275 857 2299 et
873 2270 992 2300 litteras
1010 2272 1120 2310 prefati
1140 2273 1275 2311 Eugenii

311 2320 1273 2364 camerarii,sttiiiciat,cttiiieisnecessosueritostendendum3

310 2373 466 2410 presentis
498 2373 652 2411 privilegii
683 2376 868 2405 auctoritate
899 2378 1088 2408 mandantes
1117 2384 1276 2418 quatenus

310 2425 418 2454 nullus
441 2426 480 2454 sit
501 2426 555 2463 qui
577 2431 686 2456 contra
710 2430 864 2466 presentis
889 2432 1143 2462 confirmationis
1169 2438 1274 2464 nostre

311 2478 459 2516 paginam
485 2481 714 2510 monasterium
735 2481 840 2520 ipsum
864 2483 1016 2522 impetere
1038 2484 1086 2515 vet
1107 2485 1275 2517 molestare

310 2537 481 2570 presumat.
501 2532 692 2563 Generalem
711 2544 784 2566 vero
803 2537 996 2575 clausulam,
1021 2539 1169 2570 videlicet
1188 2541 1275 2571 salvo

310 2585 458 2615 mandato
480 2590 509 2615 et
531 2586 732 2618 ordinatione
759 2594 876 2626 nostra,
899 2600 960 2629 que
987 2593 1017 2621 in
1039 2594 1151 2623 ceteris
1174 2595 1273 2632 privi-

311 2638 402 2676 legiis
423 2640 587 2669 consuevit
605 2642 736 2679 apponi,
759 2651 776 2671 a
798 2645 936 2681 presenti
955 2645 1137 2684 privilegio,
1155 2648 1272 2678 intuitu

310 2701 437 2729 precum
451 2693 498 2729 L.‚
512 2693 620 2723 dilecti
633 2694 801 2725 familiaris
818 2701 848 2726 et
864 2697 967 2728 fidelis
982 2699 1093 2735 nostri,
1109 2702 1274 2731 venerabi-

309 2745 347 2773 lis
368 2768 385 2773 ..
404 2741 618 2776 Messanensis
632 2748 873 2788 archiepiscopi,
889 2750 1039 2781 duximus
1051 2753 1270 2785 eximendum.

310 2798 356 2827 Ad
382 2798 478 2836 liujus
501 2800 608 2838 itaque
630 2806 734 2831 nostre
757 2803 1008 2834 confirmationis
1033 2807 1219 2837 memoriam
1244 2814 1274 2839 et

310 2851 404 2881 robur
417 2858 564 2890 perpetuo
579 2853 764 2892 valiturum,
779 2866 910 2894 presens
924 2859 1127 2897 privilegium
1140 2870 1194 2899 per
1208 2872 1271 2893 ma-

312 2914 370 2933 nus
390 2905 509 2935 Alberti
534 2908 570 2936 de
592 2908 747 2945 Catliana,
766 2912 879 2940 notarii
899 2916 927 2940 et
944 2912 1049 2942 fidelis
1073 2916 1183 2951 nostri,
1202 2916 1271 2947 fieri

309 2961 339 2985 et
355 2957 459 2994 sigillo
474 2960 644 2996 majestatis
658 2963 927 3000 nosti-ejussimus
938 2968 1144 2997 communiri.
1162 2971 1269 3007 Anno,

300 3070 332 3097 (1,
351 3069 441 3098 Voyez
459 3077 524 3100 page
542 3072 594 3097 51:3³.
612 3076 674 3095 note
694 3074 712 3096 l.

1031 394 1263 424 tttcuts't'tztcs
1287 394 1340 423 DE
1363 394 1544 424 NtCOLAS
1567 396 1622 425 tv.

1373 472 1385 486 n
1411 469 1521 490 mense
1547 466 1577 491 et
1606 462 1782 492 indictione
1809 463 2006 502 subscriptis.
2038 465 2106 495 Dat.
2142 466 2262 502 Melfie,
2291 476 2376 500 anuo

1371 524 1384 539 ι,
1409 513 1569 543 dominice
1603 515 1834 545 incarnationis
1861 520 2051 552 it⁰cc⁰xxxn⁰,
2083 527 2194 548 mense
2223 521 2373 559 octobris,

1371 577 1384 592 ι
1409 571 1494 595 sexte
1511 566 1710 602 indictionis,
1730 569 1905 606 imperante
1921 569 2052 599 domino
2074 576 2181 602 nostro
2199 572 2374 610 Frederieo,

1370 629 1383 644 n
1411 619 1465 647 Dei
1478 622 1578 656 gratia
1591 620 1803 650 invictissimo
1816 621 2035 652 Romanorum
2048 624 2237 663 imperatore
2251 635 2375 665 semper

1370 685 1383 697 ,ι
1407 672 1759 709 atigusto,Jei·osoli1ne
1778 678 1808 703 et
1826 674 1935 705 Sicilie
1955 685 2038 714 rege,
2059 685 2145 706 anno
2161 678 2287 717 imperii
2307 679 2376 718 ejus

1369 737 1382 751 ›·
1407 725 1605 762 duodecimo,
1621 727 1708 764 regni
1721 727 1912 758 ‹lerosolitne
1925 729 2070 768 septimo,
2081 731 2170 768 regni
2184 740 2256 762 vero
2269 732 2376 763 Sicilie

1369 789 1382 804 r»
1408 779 1568 808 tricesimo
1584 780 1708 818 quinto,
1726 780 1862 811 feliciter
1877 791 1983 812 amen.

1410 844 1421 857 ‚v
1444 831 1532 861 Nulli
1553 842 1640 869 ergo,
1661 838 1732 868 etc.‚
1754 839 1860 864 nostre
1876 835 2141 872 confirmationis,
2162 842 2220 867 etc.
2238 837 2271 868 Si
2291 839 2373 877 quis,

1369 896 1381 910 n
1407 889 1464 913 etc.
1485 885 1556 914 Dat.
1577 887 1738 924 Anagnie‚
1756 897 1819 917 xvu
1836 887 1991 919 kalendas
2007 890 2155 927 octobris,
2174 891 2376 930 pontificatus

1368 950 1381 964 r>
1408 939 1504 968 nostri
1523 948 1608 969 anno
1627 941 1740 978 primo.
1763 954 1776 968 n

1407 993 1476 1021 Dat.
1495 993 1577 1030 apud
1599 993 1878 1033 Urbemveterem,
1901 1006 1929 1025 vi
1947 995 2102 1027 kalendas
2120 998 2274 1035 octobris,
2291 1007 2375 1030 anno

1366 1050 1469 1075 tertio.
1491 1058 1503 1072 n

1435 1198 1552 1228 3488

1399 1261 1595 1297 Transcriptio
1607 1263 1789 1290 instrumenti
1807 1265 1969 1292 donationis
1985 1268 2158 1294 monasterio
2174 1266 2374 1296 Fossaenovae

1364 1311 1464 1338 factae.
1483 1311 1567 1345 (Rea.
1589 1312 1631 1346 45,
1648 1320 1674 1339 c.
1692 1312 1758 1344 468,
1776 1313 1794 1340 s.
1814 1314 1846 1341 95
1863 1316 1911 1345 ro.)

1851 1202 1976 1233 Orvieto,
1996 1204 2026 1229 17
2043 1204 2207 1238 septembre
2225 1205 2302 1233 1290.

1406 1436 1426 1445 ..
1440 1416 1543 1444 abbati
1559 1420 1586 1444 et
1605 1417 1769 1446 conventui
1784 1420 1964 1446 monasterii
1983 1419 2154 1456 Fossenove,
2171 1419 2374 1451 cisterciensis

1363 1469 1493 1498 ordinis.
1512 1468 1561 1498 Ad
1578 1469 1679 1498 instar
1695 1469 1869 1500 Alexandri
1887 1480 1984 1510 papae
1998 1472 2095 1507 Itttci,
2114 1473 2147 1502 in
2161 1472 2274 1503 litteris
2291 1473 2374 1504 datis

1364 1522 1544 1560 Anagniae,
1558 1522 1664 1552 idibus
1675 1523 1876 1561 septembris,
1890 1533 1976 1554 auno
1991 1525 2104 1563 primo,
2120 1526 2373 1557 instrumentum

1363 1584 1426 1613 quo
1444 1575 1561 1605 nobilis
1585 1576 1633 1605 vir
1653 1576 1810 1614 Roget-ius
1835 1577 1873 1606 de
1894 1577 2030 1616 Aquila,
2058 1587 2164 1608 comes
2187 1579 2371 1618 Fundanus,

1363 1629 1465 1658 casale
1481 1629 1640 1667 quoddam
1663 1629 1696 1658 in
1718 1630 1874 1660 territorio
1895 1631 2033 1661 civitatis
2050 1632 2237 1670 Fundaniae,
2256 1634 2290 1664 in
2306 1633 2372 1665 1000

1362 1683 1414 1722 qni
1433 1683 1549 1713 dicitur
1565 1683 1771 1721 Monticulus,
1787 1693 1860 1714 cum
1875 1685 2078 1723 pertinentiis
2092 1687 2161 1726 eJus
2174 1686 2270 1724 dedit,
2287 1687 2371 1726 quod

1361 1737 1463 1767 casale
1479 1738 1518 1766 ab
1533 1739 1654 1767 oriente
1674 1738 1771 1767 finem
1790 1738 1884 1768 babet
1907 1743 2021 1768 terram
2043 1740 2153 1782 Sancti,
2171 1740 2314 1778 Nicolai,
2333 1741 2372 1771 ab

1361 1792 1526 1822 occidente
1550 1792 1633 1821 viam
1663 1791 1834 1830 publicam,
1863 1802 1881 1822 a
1901 1793 2036 1823 meridie
2066 1799 2180 1824 terram
2209 1794 2371 1833 quondam

1362 1845 1517 1874 heredum
1537 1845 1660 1874 domini
1685 1846 1816 1874 Strazati
1839 1850 1868 1875 et
1887 1846 2038 1876 fossatum
2060 1855 2248 1881 commune,
2265 1857 2284 1877 a
2300 1856 2370 1887 sep-

1362 1899 1520 1928 tentrione
1534 1899 1731 1937 praedictum
1745 1899 1971 1934 monticulum,
1986 1902 2067 1929 sicut
2078 1909 2159 1939 aqua
2172 1901 2271 1940 ipsius
2283 1909 2371 1932 mon-

1361 1952 1447 1982 ticuli
1469 1952 1602 1981 inferius
1619 1953 1768 1982 decurrit.
1787 1952 1887 1990 Cujus
1904 1954 2110 1983 instrumenti
2130 1959 2218 1984 tenor
2234 1954 2287 1984 hic
2301 1958 2368 1984 est:
2407 1996 2412 2002 '

1403 2019 1413 2032 u
1440 2007 1473 2035 tn
1497 2006 1629 2035 nomine
1653 2006 1783 2035 Domini
1806 2006 1862 2036 Dei
1886 2007 2000 2036 eterni.
2026 2009 2122 2037 Anno
2140 2007 2371 2039 incarnationis

1362 2070 1375 2085 »
1401 2059 1544 2097 ejusdem
1574 2064 1656 2089 u⁰cc⁰
1688 2059 1849 2095 trigesimo
1878 2060 2035 2095 secundo,
2069 2069 2178 2091 mense
2203 2061 2293 2100 julii,
2319 2062 2370 2091 in-

1362 2124 1375 2138 »
1399 2112 1548 2141 dictionis
1576 2113 1704 2150 quinto,
1734 2112 1912 2151 imperante
1940 2113 2071 2143 domino
2098 2118 2204 2144 nostro
2222 2114 2286 2151 Fr..
2310 2114 2368 2145 Dei

1362 2177 1374 2191 n
1399 2166 1501 2204 gratia
1528 2166 1747 2196 Romanorum
1774 2166 1966 2205 imperatore
1989 2175 2115 2205 semper
2142 2172 2292 2205 augusto,
2314 2167 2369 2198 Je-

1361 2230 1374 2245 ι
1399 2219 1536 2248 rusalem
1565 2225 1594 2249 et
1619 2219 1726 2249 Sicilie
1756 2229 1837 2257 rege.
1862 2220 1944 2250 Cum
1970 2221 2054 2250 inter
2082 2226 2223 2252 cetera...
2246 2238 2284 2244 --
2304 2221 2368 2252 Nos

1361 2285 1374 2300 »
1401 2273 1557 2310 ttogerius
1574 2273 1612 2302 de
1630 2273 1760 2311 Aquila,
1781 2274 1956 2303 Fundanus
1975 2283 2091 2305 comes.
2121 2274 2184 2313 Ego
2201 2275 2367 2311 Giffridus,

1361 2338 1373 2352 n
1398 2326 1657 2356 dominicomitis
1670 2325 1766 2361 tilius,
1779 2329 1907 2363 signum
1922 2327 2026 2356 crucis
2038 2327 2109 2357 feci.
2126 2327 2191 2366 Ego
2202 2328 2368 2358 «Iohannes

1360 2391 1373 2406 ι,
1398 2379 1436 2408 de
1452 2378 1590 2409 Villano.
1615 2379 1679 2417 Ego
1698 2380 1835 2409 Jacobus
1858 2380 1958 2409 Bussa
1980 2380 2039 2410 hoc
2060 2380 2190 2419 signum
2213 2381 2282 2411 feci.
2303 2381 2368 2420 Ego

1359 2444 1373 2459 »
1398 2432 1588 2463 Guttisridus
1624 2432 1662 2462 de
1696 2433 1849 2470 Argento.
1890 2433 1954 2471 Ego
1999 2433 2112 2463 Petrus
2152 2434 2367 2465 Amalfitanus

1359 2498 1372 2513 n
1397 2487 1526 2524 signum
1541 2486 1643 2515 crucis
1655 2485 1727 2515 feci.
1746 2486 1808 2523 Ego
1825 2487 1897 2522 Leo,
1912 2487 2053 2516 notari-us
2069 2487 2152 2517 Ytri.
2168 2487 2232 2526 Ego
2250 2487 2366 2527 Balga-

1359 2551 1372 2567 »
1396 2539 1495 2569 rellus
1518 2539 1557 2569 de
1574 2539 1767 2569 Monticellis
1785 2540 1913 2578 signum
1932 2541 2036 2570 crucis
2055 2541 2126 2570 feci.
2150 2541 2214 2579 Ego
2231 2541 2365 2573 Bartho—

1357 2605 1372 2620 »
1395 2593 1520 2623 lomeus
1539 2593 1578 2622 de
1599 2593 1798 2623 Pontecurvo
1813 2593 1945 2631 signum
1964 2594 2066 2623 crucis
2090 2594 2162 2624 feci.
2181 2594 2246 2633 Ego
2268 2595 2364 2626 Nico-

1358 2659 1371 2673 »
1396 2646 1467 2677 laus
1490 2646 1663 2682 Calamita,
1683 2646 1878 2676 castellanus
1902 2647 2093 2684 Fundanus,
2117 2648 2248 2686 signum
2263 2648 2365 2679 crucis

1357 2714 1370 2730 n
1397 2703 1466 2733 feci.
1501 2703 1565 2741 Ego
1598 2702 1742 2732 Pal-isius
1771 2702 1809 2732 de
1841 2702 1946 2732 Carta.
1980 2702 2045 2740 Ego
2071 2703 2271 2734 Ambrosius.
2302 2703 2365 2742 Ego

1358 2768 1370 2783 ι
1397 2756 1534 2786 Mathias
1549 2755 1705 2785 Calamita
1722 2755 1852 2793 signum
1867 2756 1970 2785 crucis
1983 2755 2053 2785 feci.
2074 2756 2138 2794 Ego
2156 2757 2311 2795 Rogerius
2325 2755 2365 2787 de

1357 2821 1371 2836 υ
1396 2809 1517 2839 Fundis
1543 2809 1672 2847 signum
1701 2809 1805 2838 crucis
1835 2808 1904 2838 feci.
1937 2809 2002 2847 Ego
2026 2809 2163 2839 Jacobus
2188 2810 2227 2840 de
2253 2810 2365 2840 Avena

1356 2874 1370 2890 »
1395 2863 1523 2900 signum
1542 2862 1645 2892 crucis
1662 2862 1732 2892 feei.
1755 2862 1820 2900 Ego
1840 2862 2013 2892 Riccardus
2030 2862 2364 2900 diaconus,·Fundane

1357 2928 1369 2943 ι
1395 2915 1533 2945 civitatis
1561 2917 1722 2952 notarius,
1748 2920 1815 2954 post
1843 2915 1899 2946 hos
1927 2921 2021 2946 testes
2047 2915 2203 2955 complevi
2232 2921 2264 2948 et
2286 2916 2362 2948 sub-

1357 2981 1370 2996 »
1395 2969 1518 3008 scripsi,
1540 2969 1574 2998 in
1592 2978 1702 2999 mense
1720 2975 1751 2999 et
1767 2969 1945 2999 indictione
1963 2969 2167 3008 supradictis.
2189 2982 2204 2997 η

1397 3034 1409 3048 ιι
1427 3022 1529 3052 Justis
1546 3022 1722 3061 petentium
1739 3022 1945 3052 desideriis...
1969 3040 2008 3044 —
2034 3023 2103 3053 Dat.
2122 3023 2205 3062 apud
2222 3023 2360 3055 Urbem-

1355 3080 1511 3113 veterem,
1531 3086 1570 3106 xv
1587 3076 1740 3106 kalendas
1757 3077 1905 3114 octobris,
1923 3085 2009 3107 anno
2026 3077 2128 3108 tertio.
2149 3089 2161 3104 ι
