2477 3637
293 356 349 385 490

295 434 307 448 ι
333 421 386 450 5οᾱ
403 420 485 449 dicta
502 417 744 448 confirmatione
762 424 825 445 non
842 415 988 451 obtenta,
1005 423 1061 453 pro
1076 415 1203 444 insectis
1220 419 1298 445 tota-

295 487 307 500 »
333 473 404 503 liter
421 473 607 502 habeantur.

334 540 347 554 »
374 528 409 556 ln
431 534 567 565 quorum
583 524 728 554 omnium
750 522 968 552 testimoninm
989 522 1130 560 sigillum
1156 527 1299 552 nostrum

295 591 308 609 )
332 579 531 619 presentibus
557 577 671 606 litteris
689 575 839 605 duximus
862 574 1099 613 apponendum.
1119 575 1189 604 Dat.
1216 583 1302 604 anno

295 646 307 659 1,
335 632 462 662 Domini
488 634 571 660 ,11100ο
591 629 783 666 octogesimo
808 636 907 664 nono,
930 627 980 657 die
1000 628 1089 658 «Iovis
1110 632 1178 667 post
1198 628 1301 657 Bran-

293 698 306 712 »
331 686 441 715 dones.

332 751 346 764 v>
365 737 535 769 Universis
552 740 713 775 presentes
731 735 851 764 litteras
868 735 1072 774 inspecturis,
1088 735 1135 771 E.,
1149 735 1299 771 decanus,

293 805 306 818 n
332 797 360 821 et
379 790 555 829 capitulum
575 789 706 819 ecclesie
726 789 819 818 Beate
838 789 936 817 Mai-ie
954 788 1197 823 Noviomensis,
1216 789 1301 818 salu-

294 859 305 872 „
333 851 393 875 tem
422 845 453 873 in
483 844 631 873 Domino.
657 844 737 872 Cum
763 842 955 881 Jamdndnm
979 842 1063 871 inter
1089 843 1302 872 reverendum

294 912 306 926 n
333 903 452 937 patrem
469 902 497 927 et
511 897 679 926 dominnm
694 896 941 926 Noviomensem
957 896 1151 934 episcopum,
1163 905 1198 924 ex
1216 901 1302 934 parte

293 964 307 979 ι
332 961 414 987 11113,
433 955 461 979 et
479 949 653 988 capitulum
672 949 805 978 ecclesie
822 949 932 978 Sancti
949 949 1073 978 Furseii
1092 949 1300 986 Peronensis‚

293 1017 306 1031 ι
331 1014 367 1034 ex
391 1004 509 1034 altera.
527 1012 622 1040 super
642 1002 868 1040 jurisdictione
891 1001 1048 1040 spirituali
1072 1003 1248 1032 exercenda
1268 1003 1302 1032 in

293 1071 306 1086 n
331 1063 432 1088 castro
451 1056 627 1086 Peronensi
647 1056 679 1085 in
699 1056 844 1094 pluribus
864 1061 894 1085 et
914 1056 1049 1085 diversis
1064 1056 1191 1086 casibus
1208 1061 1238 1086 et
1253 1066 1302 1086 ar-

294 1124 308 1138 »
334 1111 438 1141 tit-ulis
457 1116 523 1140 orta
542 1110 580 1140 sit
600 1110 731 1139 materia
754 1110 949 1148 questionis,
968 1109 1022 1139 lite
1045 1114 1075 1139 et
1097 1119 1191 1140 causa
1210 1120 1304 1150 super

294 1179 307 1193 ι
334 1165 495 1205 premissis
521 1164 735 1203 pendentibus
762 1164 793 1192 in
822 1164 910 1193 curia
935 1172 1066 1193 romana
1091 1164 1175 1194 inter
1200 1169 1303 1203 partes

293 1233 308 1247 »
333 1219 487 1259 predictas
499 1242 506 1254 ‚
524 1223 554 1247 et
580 1217 728 1247 nonnulli
746 1216 929 1246 amicabiles
945 1218 1185 1256 compositores,
1203 1218 1301 1247 finem

293 1287 306 1301 1·
332 1274 439 1303 litibus
453 1273 616 1311 cupientes
631 1271 752 1309 imponi
767 1280 801 1300 ac
815 1271 909 1300 etiam
925 1271 1102 1309 periculum
1120 1272 1302 1301 animarum

292 1339 306 1353 »
330 1327 448 1356 evitare
462 1325 614 1360 volentes,
629 1325 711 1353 circa
726 1324 986 1354 reformationem
1002 1325 1087 1363 pacis
1100 1325 1139 1355 de
1154 1325 1303 1363 predictis

294 1392 308 1407 ι
331 1379 414 1408 10101
428 1378 529 1407 dictas
546 1382 660 1416 partes,
673 1381 829 1416 quantum
846 1387 917 1407 cuni
937 1378 1003 1408 Deo
1020 1383 1177 1417 poterunt,
1195 1379 1302 1409 inten-

292 1445 307 1459 »
330 1432 406 1461 dant
422 1430 561 1460 fideliter
576 1430 728 1466 laborare,
747 1435 781 1460 ut
797 1431 1027 1469 intelleximus,
1046 1432 1198 1462 noveritis
1218 1433 1303 1472 quod

293 1498 306 1512 »
332 1494 404 1520 nos,
422 1484 577 1522 premissa
595 1484 850 1522 considerantes,
867 1485 900 1514 in
921 1485 1149 1515 reformatione
1166 1486 1304 1524 predicta

293 1550 305 1565 ιο
331 1538 548 1568 consentimus
564 1546 719 1575 expresse,
737 1537 849 1567 dantes
865 1542 895 1566 et
910 1538 1131 1569 concedentes.
1146 1544 1304 1577 qnantum

293 1603 306 1617 ι
331 1591 364 1620 111
384 1591 474 1620 nobis
491 1596 552 1620 est.
568 1586 746 1621 'reverendo
763 1591 842 1629 patri
860 1601 894 1621 30
910 1592 1041 1622 domino
1057 1592 1108 1626 G..
1126 1593 1185 1622 Dei
1203 1593 1305 1631 gratia

293 1657 306 1671 n
332 1645 540 1674 Noviomensi
563 1645 723 1683 episcopo,
746 1645 921 1683 plenariam
948 1650 1131 1684 potestatem
1158 1651 1188 1676 et
1209 1656 1304 1677 man-

293 1711 307 1725 »
331 1699 441 1727 datum
458 1697 590 1736 spetiale
606 1699 837 1736 componendi,
854 1700 1051 1737 transigendi
1068 1705 1098 1730 01
1114 1701 1303 1739 pacificandi

293 1764 307 1779 ι
329 1752 368 1781 de
389 1752 553 1791 premissis
573 1757 601 1781 et
623 1761 659 1781 ea
684 1753 905 1789 tangentibus,
927 1758 1029 1783 ratum
1050 1757 1080 1783 et
1097 1759 1223 1792 gratum
1244 1754 1303 1784 ha-

293 1818 307 1832 n
331 1806 442 1835 bentes
461 1810 489 1834 et
506 1805 647 1835 habituri
664 1806 815 1844 quicquid
839 1816 894 1845 per
914 1807 1018 1845 ipsum
1035 1812 1141 1837 actum
1159 1808 1254 1837 fuerit
1269 1808 1303 1837 10

294 1871 307 1886 >1
333 1859 452 1889 eisdem
471 1863 500 1888 et
517 1859 612 1888 etiam
630 1858 826 1888 ordinatum.

336 1924 348 1939 11
372 1913 409 1941 In
429 1921 566 1951 qnorum
583 1913 731 1942 omnium
750 1913 970 1943 testimoninm
993 1914 1136 1951 sigillum
1158 1919 1304 1945 nostrum

293 1977 307 1992 »
332 1965 533 2004 presentibus
557 1965 670 1994 litteris
694 1966 844 1995 duximus
862 1967 1100 2005 apponendum.
1128 1969 1196 1997 Dat.
1218 1978 1304 1999 anno

296 2031 308 2045 n
334 2018 467 2049 Domini
488 2023 572 2049 M0cc⁰
592 2019 786 2057 octogesimo
804 2029 904 2058 nono,
923 2021 974 2050 die
991 2021 1125 2051 Veneris
1141 2026 1215 2051 ante
1232 2023 1304 2052 Tri-

293 2084 307 2098 »
332 2072 474 2102 nitatem.
502 2085 516 2098 υ

334 2138 346 2150 «
382 2126 423 2155 Ea
457 2135 519 2164 que
549 2126 708 2164 jndicio...
738 2143 777 2148 —
808 2127 879 2156 Dat.
908 2128 991 2166 apud
1022 2128 1302 2167 Urbemveterem‚

292 2189 310 2208 x
328 2178 481 2208 kalendas
499 2180 644 2217 angusti,
661 2188 746 2210 anno
763 2181 866 2211 tertio.
890 2193 903 2206 »

362 2358 614 2388 2849-2951
849 2360 976 2393 orvieto,
996 2361 1026 2387 18
1040 2363 1136 2396 juillet
1155 2363 1230 2390 1290.

326 2419 444 2447 Collatio
461 2421 604 2448 beneficii.
622 2421 706 2454 (nm.
725 2422 773 2453 43,
790 2430 815 2449 0.
834 2422 898 2453 303,
917 2424 935 2449 f.
954 2424 985 2450 57
1003 2426 1054 2456 vo.)

338 2536 505 2565 Venerabils
526 2539 622 2573 fratri
650 2561 670 2568 ..
695 2539 828 2576 episcopo
855 2539 1056 2569 Lonclonz'ensc'
1080 2550 1114 2571 ac
1139 2563 1160 2570 ..
1193 2543 1305 2573 decano

293 2591 408 2619 ecclesie
418 2591 589 2620 Baiocensz’s
600 2591 730 2620 mandat
742 2596 899 2630 quatenus
911 2602 1012 2623 unum
1025 2595 1156 2632 reginae
1165 2596 1305 2634 Angliae

293 2642 445 2673 clericum
465 2643 497 2672 in
516 2644 649 2674 ecclesia
662 2645 853 2675 Dublinensi
872 2647 970 2686 recipi
987 2648 1106 2678 saciant
1123 2649 1156 2678 in
1176 2651 1305 2681 canoni-

292 2703 363 2725 cum
381 2700 410 2725 et
427 2697 459 2725 in
477 2697 609 2727 fratrem
624 2702 654 2727 et
672 2699 699 2728 ei
718 2698 756 2728 de
776 2699 954 2738 praebenda
970 2702 1172 2740 provideant.

334 2748 504 2779 «Grandis
521 2755 551 2780 et
568 2751 730 2783 sincera...
755 2770 793 2775 —
817 2754 887 2784 Dat.
911 2755 992 2793 apud
1021 2756 1303 2796 Urbemveterem,

294 2809 333 2829 xv
352 2801 505 2832 kalendas
521 2805 663 2842 augusti,
682 2814 768 2836 anno
784 2807 886 2837 tertio.
910 2819 922 2833 n

337 2854 372 2883 111
389 2864 416 2885 e.
435 2865 477 2885 111.
499 2857 636 2893 eisdem,
656 2868 712 2897 pro
728 2860 839 2890 eadem
859 2861 972 2900 regina
986 2863 1018 2892 in
1038 2863 1170 2894 ecclesia
1183 2865 1306 2896 Londo-

296 2914 414 2936 nlensi.

338 2960 372 2989 ln
389 2970 414 2990 e.
431 2971 473 2992 m.
490 2963 622 3001 eisdem,
638 2974 692 3003 pro
707 2966 817 2996 eadem
832 2968 943 3006 regina
957 2969 989 2998 in
1006 2969 1137 3000 ecclesia
1150 2971 1304 3002 Lichesel-

296 3011 397 3042 densi.

1040 348 1277 380 REGISTRES
1300 348 1354 378 DE
1377 347 1561 378 NICOLAS
1587 349 1641 378 [V.

1455 413 1712 442 2952-2953
1959 412 2086 444 Orvieto,
2105 413 2120 440 8
2133 414 2227 448 juillet
2245 414 2319 442 1290.

1418 474 1537 502 Collatio
1555 476 1695 502 beneficii.
1713 476 1796 510 (Rea.
1820 476 1862 507 45,
1879 483 1905 503 0.
1923 475 1984 506 304,
2002 476 2021 502 f.
2039 475 2071 503 58
2088 476 2135 509 r0.)

1425 579 1586 608 Guillelmo
1607 579 1640 607 de
1658 577 1824 615 Noalhaco‚
1843 579 1988 608 canonico
2011 579 2199 616 Ayennensi,
2223 578 2392 610 canonica-

1385 635 1451 661 tum
1470 635 1499 661 et
1514 631 1728 670 praebendam
1741 631 1777 660 111
1793 630 1928 661 00010513
1945 631 2134 669 Agennensi
2158 631 2301 661 vacantia
2318 639 2393 662 con-

1386 684 1444 714 fert
1462 683 1510 713 vel
1529 688 1677 714 vacatura
1692 688 1843 720 reservat,
1861 688 1891 713 et
1907 692 1980 713 0010
1998 693 2034 714 eo
2053 684 2198 723 dipensat
2224 688 2258 714 ut
2271 693 2308 714 ea
2329 693 2394 716 una

1385 747 1457 767 0010
1488 737 1643 767 beneficio
1670 738 1786 767 decima
1811 737 1986 775 vulgariter
2015 737 2172 777 appellato
2202 738 2235 767 in
2263 737 2396 770 00010513

1386 792 1493 821 sancti
1507 791 1594 820 Aviti
1609 791 1648 821 de
1659 791 1843 825 Calliaveto,
1858 791 2065 829 Agennensis
2079 791 2245 827 dioecesis,
2258 792 2395 824 retinere

1386 846 1496 884 possit.

1428 910 1442 925 «
1469 898 1551 934 Quia
1570 902 1737 927 venustate
1754 906 1920 927 morum...
1938 915 1976 919 —
1993 898 2065 927 Dat.
2085 899 2168 937 apud
2186 899 2394 930 Urbemvete-

1387 960 1470 986 rem,
1487 961 1541 981 vm
1560 951 1631 981 idus
1645 951 1734 990 julii,
1753 960 1839 981 auno
1858 951 1961 982 tertio.
1982 963 1994 978 n

1427 1005 1465 1034 In
1491 1014 1517 1035 e.
1539 1014 1581 1034 m.
1603 1005 1696 1035 Petro
1715 1005 1754 1034 de
1774 1004 1858 1034 Altis
1882 1005 2005 1042 vineis,
2024 1004 2250 1036 archidiacono
2273 1006 2313 1036 de
2332 1006 2396 1046 Ty-

1387 1067 1470 1097 neyo
1487 1059 1668 1095 Ovetensis‚
1689 1082 1708 1089 ..
1726 1059 1875 1089 sacristae
1888 1059 2072 1088 Vasatensis
2088 1063 2119 1088 et
2135 1059 2229 1090 Petro
2245 1059 2283 1090 de
2299 1060 2395 1098 Mota,

1386 1113 1540 1142 canonico
1571 1112 1771 1143 Lectorensis
1796 1112 2022 1148 ecclesiarum,
2049 1112 2179 1143 mandat
2202 1117 2237 1143 ut
2258 1113 2397 1144 Guillel-
2430 1102 2434 1107 ’

1386 1175 1476 1195 mum
1490 1166 1527 1196 de
1538 1165 1700 1196 Noalhaco
1714 1166 1745 1195 in
1759 1166 1991 1205 possessionem
2005 1166 2186 1204 praedictae
2198 1167 2398 1206 praebendae
2440 1199 2441 1202 ,

1387 1218 1553 1250 inducant.

1460 1386 1709 1415 zaza-2961
1945 1386 2072 1418 Orvieto,
2092 1386 2124 1413 ‘23
2138 1386 2233 1421 juillet
2249 1387 2326 1415 1290.

1424 1448 1633 1483 Indulgentiae.
1651 1449 1735 1482 (Rso.
1754 1449 1798 1481 45,
1816 1458 1841 1475 0.
1860 1449 1920 1483 305,
1938 1449 1956 1475 f.
1975 1449 2007 1476 58
2023 1451 2071 1482 ro.)

1432 1553 1582 1581 Unz’versis
1600 1553 1713 1581 Christi
1731 1552 1870 1589 fidelibus
1890 1558 2042 1590 presentes
2067 1553 2185 1583 litteras
2205 1555 2396 1592 inspecturis.

1388 1605 1630 1643 Indulgentiam
1653 1606 1750 1635 nnius
1772 1606 1851 1635 anni
1873 1610 1904 1635 et
1921 1616 1958 1635 xc
1975 1606 2100 1635 dierum
2117 1606 2262 1636 concedit
2279 1607 2326 1637 eis
2343 1607 2400 1646 qui

1388 1657 1555 1687 ecclesiam
1569 1657 1677 1688 Sancti
1697 1658 1783 1688 Petri
1799 1658 1837 1689 de
1856 1659 2018 1694 Maceriis,
2040 1659 2212 1690 nemensis
2227 1659 2397 1697 dioecesis,

1388 1711 1423 1740 in
1439 1711 1577 1749 singulis
1593 1711 1625 1741 S.
1641 1712 1727 1741 Petri
1744 1712 1969 1742 festivitatibus
1983 1717 2013 1741 et
2028 1721 2084 1751 per
2097 1718 2167 1743 octo
2179 1713 2247 1742 dies
2262 1721 2399 1752 sequen·
2437 1749 2446 1772 t

1389 1768 1434 1794 tes
1452 1764 1663 1794 visitaverint.

1430 1830 1444 1845 «
1472 1818 1543 1847 Vite
1565 1818 1748 1856 perempnis
1768 1817 1906 1855 gloria...
1928 1836 1965 1840 —
1983 1819 2053 1848 Dat.
2080 1819 2166 1858 apud
2190 1819 2397 1850 Urbemvete-

1389 1882 1475 1907 rem,
1493 1882 1510 1901 x
1527 1872 1680 1902 kalendas
1694 1873 1832 1910 augusti,
1852 1882 1939 1903 anno
1959 1874 2059 1904 tertio.
2082 1885 2096 1900 »

1947 1954 2074 1987 (li-vieto,
2091 1955 2125 1982 ι23
2137 1954 2234 1990 juillet
2250 1955 2328 1984 1290.

1430 2018 1467 2047 111
1484 2027 1512 2047 0.
1530 2027 1588 2054 m.,
1608 2026 1664 2056 pro
1687 2017 1819 2047 ecclesia
1845 2017 1953 2048 Sancti
1979 2018 2066 2048 Petri
2087 2019 2121 2048 in
2141 2017 2278 2050 Castello
2300 2019 2400 2050 Vero-

1390 2080 1492 2102 nensi.

1945 2125 2073 2155 Orvieto.
2093 2127 2125 2153 15
2139 2127 2233 2162 Juillet
2248 2127 2327 2155 1290.

1429 2189 1466 2218 [n
1482 2198 1510 2218 e.
1525 2197 1568 2218 m.
1586 2188 1755 2219 Universis
1769 2192 1827 2218 etc.
1847 2189 1986 2218 Eandem
2001 2189 2240 2228 indulgentiam
2255 2189 2400 2220 concedit

1388 2243 1434 2272 eis
1460 2242 1513 2281 qui
1544 2241 1760 2271 cathedralem
1786 2241 1953 2272 ecclesiam
1979 2242 2135 2280 Reginam
2154 2267 2162 2278 ,
2187 2243 2222 2272 111
2243 2243 2399 2274 honorem

1387 2295 1497 2325 beatae
1510 2295 1630 2325 Mariae
1644 2295 1780 2333 virginis
1790 2299 2016 2332 constructam,
2026 2301 2056 2326 et
2066 2300 2248 2327 sanctorum
2257 2295 2399 2328 Crisanti

2433 1336 2448 1377 ’.ι

2431 1481 2457 1533 -R-o,
2433 1402 2449 1466 νῦ.

2434 1695 2445 1714 ‚q
2433 1625 2455 1685 *t
2428 1601 2453 1613 Α4
2432 1551 2445 1587 μα.

2429 1799 2449 1877 ἴ

2436 1885 2449 1909 *f

2438 1914 2448 1926 n

2437 1951 2445 1976 '-

2438 1987 2446 1998 ο

2434 1975 2477 2028 tl

2433 2029 2477 2065 t*

2437 2340 2448 2354 ι.
2434 2234 2450 2325 „2—*0-
2431 2139 2450 2189 ...al
2430 2103 2448 2122 -ζ-
2436 2080 2442 2089 ⁴

1387 2353 1418 2378 et
1432 2349 1560 2385 Dariae,
1575 2357 1711 2388 quorum
1728 2358 1859 2388 corpora
1875 2350 1909 2379 in
1927 2358 1963 2380 ea
1978 2350 2196 2388 requiescunt,
2212 2351 2246 2380 in
2263 2349 2398 2389 singulis
2438 2359 2447 2386 ζ

1387 2403 1573 2433 eorumdem
1593 2403 1730 2441 virginis
1749 2408 1778 2433 et
1794 2406 1978 2434 sanctorum
1994 2404 2233 2440 festivitatibus,
2253 2413 2309 2443 per
2329 2407 2398 2434 octo

1386 2456 1454 2486 dies
1469 2461 1638 2495 sequentes
1647 2460 1677 2486 et
1689 2456 1723 2486 in
1734 2458 1956 2488 anniversario
1968 2458 2018 2487 die
2031 2457 2242 2488 dedicationis
2254 2457 2398 2497 ejusdem

1387 2510 1538 2541 ecclesiae
1560 2511 1771 2542 visitaverint.
1792 2511 1863 2541 Dat.
1884 2511 1967 2550 apud
1990 2511 2272 2549 Urbemveterem,
2291 2511 2398 2542 idibus

1384 2563 1476 2603 julii,
1494 2572 1581 2594 anno
1597 2564 1690 2594 tertio
1709 2577 1720 2589 υ
1737 2566 1795 2601 (En
1811 2564 1942 2604 marae).

1938 2646 2071 2681 Orvieto,
2088 2646 2122 2674 ‘26
2136 2647 2231 2681 juillet
2247 2646 2324 2675 1290.

1429 2709 1467 2738 In
1484 2717 1511 2738 e.
1532 2717 1576 2738 m.
1599 2708 1771 2739 Universis
1790 2713 1848 2739 etc.
1872 2708 2014 2739 Eandem
2032 2709 2269 2748 indulgentiam
2285 2717 2396 2741 conce·
2442 2699 2443 2702 Ἴ

1388 2761 1434 2791 dit
1450 2761 1497 2791 eis
1513 2761 1567 2800 qui
1586 2761 1752 2791 ecclesiam
1773 2763 1880 2793 Sancti
1897 2762 2051 2802 Stephani
2068 2762 2106 2792 de
2128 2762 2288 2802 Noysiaco
2303 2762 2394 2799 sicco.

1388 2815 1582 2845 Parisiensis
1600 2815 1772 2853 dioecesis,
1790 2818 1825 2846 in
1840 2816 2093 2853 Purificationis‚
2110 2815 2394 2853 Annuntiationis,

1388 2869 1629 2907 Assumptionis
1655 2873 1685 2898 et
1714 2869 1900 2900 Nativitatis
1930 2870 2039 2900 beatae
2065 2869 2184 2899 Mariae
2212 2869 2348 2908 virginis
2366 2873 2396 2899 et

1388 2921 1420 2951 S.
1439 2921 1593 2960 Stephani
1613 2922 1838 2953 festivitatibus
1858 2928 1887 2953 et
1906 2932 1961 2963 per
1981 2926 2050 2953 octo
2069 2922 2138 2952 dies
2159 2926 2331 2962 sequentes
2349 2921 2394 2952 vi-

1387 2975 1567 3005 sitaverint.
1583 2976 1652 3005 Dat.
1664 2976 1747 3015 apud
1757 2976 2032 3014 Urbemveterem,
2043 2975 2393 3015 ν111ς31011ᾶ353030511,

1387 3036 1474 3058 anno
1491 3029 1581 3059 tertio
1597 3029 1708 3068 (lbzssd.).
