2477 3637
204 367 262 397 402
531 367 541 377 ⁴*
581 374 583 376 ’
952 362 1190 394 REGISTRES
1212 363 1267 393 DE
1288 361 1474 394 NICOLAS
1496 362 1555 393 IV.

204 432 411 463 licitudinem
428 430 541 470 prefati
562 429 748 459 monasterii
767 437 803 459 ac
821 429 1089 460 monasteriorum
1100 453 1107 466 ‚
1126 429 1209 468 prio·
1293 428 1442 468 expedire
1455 452 1462 465 ,
1480 436 1517 459 ac
1540 428 1637 458 etiam
1654 427 1902 459 contradictores
1917 433 1948 459 et
1966 429 2103 460 rebelles
2118 438 2175 470 per
2189 439 2304 464 censu-

204 490 348 523 ramum,
366 483 601 519 membrorum,
619 481 781 519 locorum,
799 481 923 513 ordinis
945 486 976 512 et
1000 490 1210 521 personarum
1294 491 1363 512 ram
1393 481 1640 512 ecclesiasticam
1655 505 1662 518 ‚
1694 481 1909 521 appellatione
1937 483 2128 522 postposita,
2160 492 2302 524 compes-

203 538 419 578 predictorum
440 536 544 566 eidem
567 534 776 572 monasterio,
796 535 879 565 sicut
897 535 1112 574 premittitur,
1134 534 1210 566 suh-
1293 535 1387 566 cendi
1413 534 1543 574 plenam
1566 539 1752 574 potestatem
1774 539 1805 565 et
1826 533 1962 566 liberam
1985 535 2205 568 concedentes.
2230 537 2303 569 Non

201 592 359 631 jectorum
378 589 575 629 presentium
591 587 777 618 auctoritate
801 588 1033 619 committimus
1051 597 1211 628 exequen-
1293 588 1440 620 obstante
1454 589 1482 618 si
1496 587 1659 628 aliquibus
1673 597 1692 618 a
1709 587 1784 619 sede
1798 587 1972 628 apostolica
1987 588 2028 619 sit
2039 588 2204 620 indultum
2219 590 2303 630 quod

203 643 271 674 das.
290 641 535 673 Nichilominus
552 641 610 671 tibi
626 641 787 678 visitandi,
799 641 1000 682 inquirendi,
1015 641 1209 680 corrigendi,
1293 641 1462 680 interdici,
1489 641 1640 682 suspendi
1658 640 1709 672 vel
1730 641 2003 672 excommunicari
2022 649 2089 673 non
2106 642 2228 682 possint
2247 652 2322 686 perv
2385 639 2387 646 ¹

203 694 416 734 reformandi,
443 693 637 731 ordinandi,
665 693 847 731 statuendi,
869 693 1060 733 disponendi
1087 697 1150 724 tam
1176 694 1211 724 in
1294 694 1418 726 litteras
1440 694 1526 726 sedis
1547 694 1648 734 ipsius
1669 703 1735 725 non
1749 694 1904 725 facientes
1925 693 2055 734 plenam
2078 697 2109 726 et
2125 699 2322 734 expressam‘

203 748 303 787 capite
335 756 433 787 quam
463 747 498 777 in
531 747 756 784 monasteriis,
789 747 997 787 prioratibus,
1037 748 1209 784 membris,
1294 748 1334 779 de
1355 747 1484 779 indulto
1499 747 1689 788 hujusmodi
1704 748 1915 779 mentionem.
1933 747 2005 778 Dat.
2023 748 2141 786 Reate,
2156 747 2318 783 kalendis..

201 800 293 838 locis,
309 800 422 831 ordine
437 808 474 830 ac
491 800 635 839 personis
651 800 786 838 eisdem,
801 804 831 831 et
841 800 905 830 alia
919 801 1029 831 omnia
1044 810 1101 840 per
1116 805 1144 832 te
1161 801 1212 831 vel
1295 801 1503 841 septembris,
1519 809 1607 832 anno
1623 800 1776 832 secundo.
1795 813 1810 829 »

202 862 257 894 per
268 853 370 884 alium
386 862 441 884 seu
457 852 535 884 alios
551 853 689 884 faciendi
704 863 767 893 que
782 854 823 884 ad
838 853 960 884 bonum
971 877 979 891 ,
996 854 1167 893 pacificum
1182 858 1213 885 et
1335 855 1374 885 In
1395 864 1424 887 e.
1447 864 1491 885 m.
1517 877 1537 886 ..
1555 854 1662 885 abbati
1678 854 1864 885 monasterii
1880 853 1983 886 Vallis
2000 854 2171 886 umbrosae
2184 859 2216 886 et
2231 854 2316 888 ali’m

203 906 417 946 tranquillum
428 911 546 938 statum
560 906 860 938 monasteriiVallis
875 907 1023 938 umbrose
1037 916 1074 939 ac
1086 915 1212 938 monas·
1293 909 1515 947 coabbatibus,
1544 908 1756 939 conventibus
1787 912 1818 939 et
1847 908 2012 947 prioribus
2046 908 2172 940 ordinis
2203 907 2316 943 Vallis.

204 960 370 998 teriorum,
387 961 600 1000 prioratuum,
617 961 850 999 membrorum,
867 961 1023 999 locorum,
1043 961 1168 992 ordinis
1182 965 1213 992 et
1295 963 1464 994 umbrosae
1479 961 1612 992 mandat
1627 966 1786 1002 quatenus
1803 961 1908 992 eidem
1927 961 2088 993 cardinali
2103 962 2139 992 in
2162 961 2210 1004 eis
2223 964 2309 1002 quad

205 1022 416 1053 personarum
448 1014 680 1054 predictorum,
710 1015 858 1054 quotiens
885 1019 916 1046 et
941 1014 1070 1054 quando
1093 1014 1212 1046 videris
1293 1015 1334 1046 ad
1355 1014 1440 1046 hanc
1461 1024 1572 1046 curam
1591 1018 1733 1055 spectent
1753 1023 1864 1054 parere
1879 1015 2039 1047 studeant.
2060 1015 2122 1047 Dat
2142 1019 2179 1046 ut
2194 1011 2303 1056 εαξη-α’.
2318 1049 2320 1056 y
2338 1037 2340 1042 ·
