2342 3652
927 372 1154 412 nnuxuiMn
1175 373 1330 411 ANNEE.
2116 394 2173 423 34..

86 445 295 487 parrochialis
313 445 464 475 ecclesiae
480 445 518 474 de
534 444 683 475 Colevich
699 445 755 484 (1),
772 446 874 475 eidem
891 448 1090 485 praebendae

85 500 125 530 ab
138 498 270 537 antiquo
287 507 444 533 annexae,
464 497 610 533 induxit;
625 498 679 527 sed
693 498 858 528 Johannes
872 499 910 529 de
925 499 1088 536 Colevich,

86 551 161 583 falso
176 559 321 581 asserens
339 559 372 581 se
389 552 422 580 in
440 550 550 580 eadem
568 550 757 588 parrochiali
774 551 908 581 ecclesia
920 552 972 590 jus
989 556 1088 591 patro-

85 609 175 635 natus
199 604 334 640 habere,
358 603 521 640 Bogonem
545 603 583 632 de
607 602 716 639 Clara,
739 603 890 633 clericum
916 604 1000 642 regis
1022 605 1089 634 An-

83 657 175 696 gliae,
191 656 230 686 ad
248 655 414 686 ecclesiam
431 656 469 685 de
484 655 635 686 Colevich
651 655 712 686 loci
730 657 918 686 dioecesano
936 666 1087 696 praesen-

84 710 173 746 tavit,
194 709 311 747 illeque
328 709 425 748 huJus
445 709 708 747 praesentationis
728 713 895 747 praetextu
920 710 1088 739 ecclesiam

83 763 254 802 occupavit.
274 762 379 798 Quare
397 771 476 801 papa
495 761 639 791 Giffredo
658 762 697 791 de
715 762 839 792 Vezano
861 763 992 792 mandat
1009 772 1086 801 qua-

84 819 173 846 tenus
187 815 350 853 Bogonem
368 814 498 844 inducat
515 815 555 843 ad
571 814 739 844 ecclesiam
756 815 794 844 de
810 815 960 844 Colevich
977 820 1006 844 et
1018 817 1088 853 ejus

83 869 200 900 fructus
224 878 242 898 a
266 868 317 897 die
342 869 556 907 occupationis
581 872 741 907 perceptos
766 868 858 898 Petro
882 868 963 897 infra
991 870 1086 898 unius

83 921 200 952 mensis
217 921 352 960 spatium
369 921 583 957 restituenda;
601 921 744 959 alioquin
763 921 847 959 Bogo
865 921 1085 960 personaliter,

83 975 244 1006 Johannes
259 982 333 1004 vero
352 983 407 1013 per
432 983 465 1004 se
484 974 533 1003 vel
558 984 612 1013 per
636 978 873 1012 procuratorem
891 983 997 1004 coram
1014 975 1086 1004 sede

82 1028 247 1067 apostolica
263 1031 478 1065 compareant.

123 1092 136 1107 α
159 1080 359 1118 Significavit
384 1080 475 1109 nobis
502 1079 674 1110 dilectus...
698 1097 730 1101 -
757 1081 825 1110 Dat.
858 1081 972 1117 Rome,
1002 1081 1084 1120 apud

82 1133 226 1164 Sanctam
257 1132 391 1162 Mariam
420 1133 593 1171 Majorem‚
621 1142 677 1162 vni
708 1133 861 1163 kalendas
890 1134 1082 1169 decembris,

80 1195 162 1217 anno
177 1186 327 1216 secundo.
346 1197 360 1212 »

151 1360 264 1389 1938

112 1421 241 1449 Facultas
257 1423 422 1449 conferendi
438 1423 587 1449 beneficia.
605 1422 687 1457 (Rae.
706 1423 735 1448 44
748 1444 753 1453 ‚
767 1431 792 1449 cr
809 1423 874 1454 733,
888 1424 906 1449 f.
923 1423 973 1449 ⁶274
991 1423 1041 1458 vo.)

371 1360 739 1394 sainte-Marie-Majaeeure,
760 1361 789 1387 13
804 1362 916 1395 janvier
934 1361 1010 1388 1290.

121 1525 286 1555 Venerabili
299 1527 394 1562 fratri
409 1526 453 1561 S.,
473 1527 696 1563 archiepiscopo
721 1526 918 1561 Bituricensi,
945 1525 1081 1556 faculta-

77 1582 138 1608 tem
156 1578 299 1608 concedit
320 1579 499 1618 recipiendi
523 1583 554 1608 et
576 1578 714 1608 faciendi
732 1579 827 1617 recipi
853 1584 912 1608 tres
930 1588 1082 1618 personas

76 1632 109 1662 in
125 1631 256 1662 ecclesia
274 1632 486 1667 Bituricensi‚
506 1633 539 1662 in
558 1641 621 1670 qua
641 1632 869 1662 canonicorum
891 1633 1028 1672 receptio
1052 1637 1082 1663 et

79 1685 329 1725 praebendarum
345 1685 472 1716 collatio
488 1686 527 1715 ad
543 1686 647 1724 ipsum
665 1690 694 1715 et
709 1686 883 1724 capitulum
897 1688 1079 1716 communi-

79 1741 123 1768 ter
152 1738 303 1777 pertinet,
332 1738 367 1768 in
393 1739 561 1769 canonicos
581 1743 611 1768 et
631 1739 663 1768 in
683 1739 814 1775 fratres,
835 1748 871 1768 ac
891 1739 1080 1777 providendi

78 1799 185 1821 eorum
202 1791 332 1821 cuilibet
347 1792 385 1822 de
401 1792 592 1830 praebenda.

119 1856 132 1872 «
150 1845 362 1875 Attendentes
375 1845 546 1883 benignius
559 1854 712 1883 magne...
728 1863 765 1867 —
783 1847 852 1876 Dat.
873 1847 983 1883 Rome,
998 1848 1081 1886 apud

78 1897 224 1928 Sanctam
247 1898 384 1928 Mariam
410 1898 582 1937 Majorem‚
608 1899 714 1928 idibus
735 1899 892 1937 januarii,
919 1909 1005 1930 anno
1030 1910 1079 1930 se-

77 1951 191 1982 cundo.
211 1964 224 1977 υ

148 2125 260 2153 1939

110 2185 317 2220 Indulgentiae.
335 2186 418 2220 (Rno.
437 2187 479 2218 44,
497 2195 521 2213 c.
543 2187 602 2221 734,
622 2188 640 2213 f.
658 2188 707 2214 ,⁴274
725 2189 776 2220 vo.)

377 2124 734 2160 Sainte-Marie-Majeure,
755 2127 782 2152 11
801 2127 912 2160 janvier
930 2127 1005 2154 1‘390.

116 2289 267 2318 Universis
288 2289 401 2318 Christi
421 2290 558 2326 fidelibus
577 2295 728 2327 presentes
749 2292 866 2321 litteras
887 2293 1076 2329 inspecturis.

76 2341 311 2380 indulgentiam
328 2342 425 2372 unius
447 2343 526 2372 anni
543 2347 572 2373 et
594 2353 631 2373 xi.
650 2344 775 2373 dierum
800 2345 944 2374 concedit
960 2346 1004 2375 eis
1023 2347 1077 2384 qui

76 2395 236 2426 ecclesiam
255 2396 389 2426 Sanctae
406 2397 523 2427 Luciae
538 2397 576 2427 de
594 2398 731 2433 Marino,
751 2398 942 2428 Albanensis
957 2399 1078 2429 dioece-

77 2448 135 2486 sis,
150 2449 185 2478 in
202 2449 335 2479 Sanctae
356 2450 474 2479 Mariae
491 2450 660 2480 festivitate
682 2455 712 2480 et
735 2452 766 2480 in
788 2451 1010 2482 anniversario
1026 2452 1077 2482 die

75 2501 282 2532 dedicationis
299 2502 442 2542 ejusdem
459 2503 610 2533 ecclesiae
633 2504 844 2534 visitaverint.

115 2566 128 2581 α
137 2554 324 2585 Sanctorum
336 2556 458 2586 meritis
471 2556 623 2587 inclita...
635 2558 751 2587 ——Dat.
764 2558 874 2595 Rome,
884 2558 967 2597 apud
977 2558 1076 2588 Sanc-

75 2611 137 2638 tam
153 2608 289 2638 Mariam
304 2609 469 2648 Majorem,
488 2619 521 2639 111
536 2610 609 2640 idus
622 2610 778 2649 januarii,
793 2619 879 2641 anno
895 2612 1044 2641 secundo.
1061 2624 1073 2638 ¹>

146 2775 263 2803 1940

107 2835 313 2872 Indulgentiae.
333 2838 416 2871 (Rm.
434 2839 475 2870 44,
495 2848 520 2865 c.
538 2839 611 2871 7342,
628 2840 645 2866 f.
664 2840 713 2866 274
733 2842 782 2871 vo.)

397 2775 752 2811 Sainte—Marie-Majeure,
770 2778 784 2804 5
796 2778 908 2812 Janvier
926 2778 1003 2804 1‘290.

115 2938 265 2968 Untversz‘s
287 2940 400 2969 Christi
423 2941 561 2977 fidelibus
580 2946 729 2979 presentes
746 2942 862 2971 litteras
884 2943 1073 2980 inspecturis,

104 3055 135 3085 (i)
152 3056 225 3080 Ecrit
239 3058 313 3080 aussi
331 3059 475 3081 Colewich.

1172 447 1412 485 Indulgentiam
1427 451 1523 480 unius
1537 451 1615 480 anni
1633 457 1663 481 et
1678 462 1714 481 XL
1730 453 1854 483 dierum
1867 456 2011 485 concedit
2026 458 2070 487 eis
2082 459 2137 496 qui
2149 481 2171 489 ..

1172 500 1324 537 magistro
1342 506 1371 531 et
1389 502 1538 533 fratribus
1553 504 1719 543 hospitalis
1735 506 1932 544 leprosorum
1950 509 2083 540 Sanctae
2101 512 2170 541 Ma-

1172 553 1236 582 riae
1255 554 1463 592 Magdalenae
1478 560 1507 585 et
1526 557 1633 587 Sancti
1651 558 1779 589 Onufrii
1796 569 1890 600 prope
1909 562 2050 593 Montem
2069 564 2170 594 Forti-

1172 614 1261 642 num,
1280 607 1432 643 Signinae
1451 609 1615 647 dioecesis,
1635 620 1768 642 manum
1783 614 1921 644 caritatis
1938 617 2144 653 porrexerint.

1210 659 1368 695 Quoniam
1393 666 1427 691 ut
1443 663 1522 693 ait...
1541 680 1577 684 —
1599 664 1670 694 Dat.
1695 666 1811 702 Rome,
1828 668 1910 705 apud
1933 668 2080 700 Sanctam
2102 671 2170 700 Ma-

1170 712 1250 740 riam
1269 713 1434 751 Majorem,
1455 716 1549 745 nonis
1562 717 1716 754 januarii,
1737 727 1821 748 anno
1836 721 1984 752 secundo.
2005 734 2017 747 ι)

1243 885 1353 912 1941

1174 950 1177 952 “
1204 945 1384 980 Indulgentia
1402 949 1622 982 crucesignatis.
1645 950 1725 978 {Rern
1743 951 1784 980 44,
1803 960 1827 977 ο.
1846 952 1906 983 735,
1924 952 1942 978 f.
1960 953 2009 979 ‘274
2028 955 2077 988 v⁰.)

1491 887 1849 922 Sainte-Maiie—Majeurc,
1868 892 1882 916 t}
1895 891 2006 924 janviei·
2023 892 2098 920 1290.

1206 1048 1305 1077 Nobili
1326 1047 1448 1077 mulieri
1464 1051 1601 1085 Beutrici,
1620 1053 1711 1079 umori
1730 1053 1830 1081 dilecti
1846 1051 1905 1089 filit
1923 1055 2030 1083 nobilis
2044 1056 2106 1083 viri
2121 1057 2169 1085 Jo-

1166 1101 1279 1129 hannis
1295 1102 1328 1130 cle
1347 1102 1552 1141 G1·tttt‚cujus
1567 1104 1700 1133 maritus
1712 1105 1778 1142 jam
1792 1114 1809 1134 a
1829 1106 1925 1135 Terra
1942 1106 2056 1136 Sancta
2076 1109 2171 1138 rediit

1167 1157 1196 1182 et
1218 1162 1254 1183 eo
1273 1163 1344 1183 cum
1362 1160 1557 1185 armatorum
1578 1165 1641 1186 non
1666 1157 1787 1187 modica
1813 1159 1961 1188 comitiva
1987 1169 2171 1191 reversurus

1166 1211 1222 1242 est,
1241 1208 1375 1237 eandem
1392 1208 1627 1246 indulgentiam
1643 1219 1677 1239 ac
1691 1211 1919 1248 crucesignatis
1935 1213 2089 1243 concedit.

1207 1274 1219 1288 a
1240 1262 1392 1301 Exposuit
1408 1264 1498 1293 nobis
1515 1264 1684 1295 dilectus...
1701 1283 1738 1286 —
1755 1266 1826 1297 Dat.
1845 1267 1956 1307 Rome,
1974 1269 2055 1306 apud
2076 1269 2170 1299 Sauc-

1166 1319 1229 1344 tam
1243 1316 1377 1345 Mariam
1394 1317 1558 1355 Majorem,
1572 1327 1625 1346 v111
1640 1318 1872 1357 idusjanuarii,
1889 1329 1974 1351 anno
1987 1322 2136 1352 secundo.
2155 1335 2167 1349 n

1203 1488 1449 1517 1942-1943
1465 1489 1820 1526 Safinio-Marie-Majeure,
1841 1492 1874 1519 <29
1890 1492 2040 1520 decembre
2054 1494 2130 1521 1289.

1199 1550 1385 1585 Dispensatio
1415 1560 1503 1586 snper
1533 1554 1644 1580 defectu
1678 1554 1823 1580 natalium.
1855 1555 1937 1586 (Res.
1970 1556 2016 1586 44,
2048 1564 2072 1582 c.
2099 1557 2167 1588 736.

1163 1600 1182 1625 f.
1199 1600 1249 1626 275
1266 1602 1313 1631 νῦ.)

1211 1704 1374 1733 Venerabili
1394 1706 1489 1740 fratrs
1510 1728 1528 1733 ..
1547 1707 1680 1744 episcopo
1703 1707 1845 1735 Theotimo
1862 1707 1991 1736 mandat
2009 1710 2166 1745 qnatenus

1162 1764 1234 1785 cum
1255 1756 1388 1793 Gentili⁷
1408 1757 1565 1787 monacho
1581 1759 1768 1788 monasterii
1786 1759 1981 1796 Casinenffls,
1995 1760 2090 1789 fratre
2109 1769 2165 1791 no-

1163 1809 1236 1838 bilis
1253 1810 1398 1839 mulieris
1415 1811 1621 1847 Thomasiae,
1640 1812 1818 1842 comitissae
1841 1813 2047 1851 Manupplelli
2062 1837 2069 1849 ‚
2089 1823 2166 1852 quo-

1162 1871 1234 1892 cum
1255 1864 1321 1901 Jam
1345 1863 1564 1902 dispensatum
1582 1870 1628 1894 est
1644 1869 1693 1901 ut,
1719 1874 1781 1895 nou
1805 1866 1947 1895 obstante
1970 1867 2093 1896 defectu
2118 1876 2171 1897 na-

1163 1916 1275 1945 talium
1292 1926 1386 1954 quem
1405 1917 1539 1955 patitur,
1561 1927 1576 1946 e
1599 1919 1769 1956 conjugato
1790 1919 1917 1956 genitus
1935 1924 1964 1948 et
1987 1919 2106 1957 soluta,
2130 1921 2169 1950 ad

1162 1978 1273 1999 omnes
1296 1971 1604 2007 administrationes,
1623 1981 1732 2001 curam
1752 1981 1815 2002 non
1834 1972 1997 2009 habentes,
2018 1974 2065 2002 sui
2081 1973 2170 2003 dum-

1163 2027 1245 2052 taxat
1266 2023 1388 2052 ordinis
1399 2046 1406 2058 ,
1432 2025 1612 2062 promoveri
1628 2024 1763 2061 valeret,
1782 2034 1891 2054 rursus
1906 2026 2066 2063 dispenset
2082 2031 2115 2055 ut
2130 2026 2168 2056 ad

1161 2076 1454 2106 administrationes
1472 2078 1567 2106 etiam
1579 2086 1688 2107 curam
1706 2078 1808 2108 haben
1816 2083 1858 2107 tes
1868 2079 2046 2116 promoveri
2059 2080 2165 2117 possit.

1201 2130 1286 2160 Olim
1303 2130 1341 2159 ad
1360 2130 1664 2180 supplicationem...
1684 2149 1722 2152 —
1742 2132 1810 2160 Dat.
1836 2133 1952 2168 Rome,
1970 2133 2052 2170 apud
2069 2132 2167 2163 Sanc-

1161 2187 1224 2212 tam
1247 2184 1382 2213 Mariam
1406 2185 1577 2222 Majorem,
1599 2194 1643 2213 1111
1661 2184 1813 2214 kalendas
1832 2185 1998 2223 januarii,
2017 2194 2102 2215 anno
2118 2195 2166 2215 se-

1159 2237 1274 2266 cundo.
1294 2248 1307 2263 »

1202 2291 1239 2320 In
1254 2300 1280 2320 e.
1299 2299 1342 2319 m.
1361 2291 1463 2320 eidem
1476 2291 1606 2320 mandat
1619 2296 1775 2329 quatenus
1790 2292 1943 2325 Manerio,
1960 2291 2163 2328 subdiacono,

1162 2344 1253 2373 fratri
1272 2345 1417 2383 ejusdem
1434 2344 1628 2380 comitissae,
1646 2353 1781 2382 quocum
1799 2345 1865 2382 jam
1885 2344 2101 2382 dispensatum
2121 2348 2166 2373 est

1162 2407 1256 2436 super
1277 2398 1387 2428 eodem
1411 2397 1533 2427 defectu
1555 2402 1588 2427 ut
1611 2398 1649 2427 ad
1670 2407 1781 2427 omnes
1797 2398 1924 2427 ordines
1940 2398 2116 2436 promoveri
2135 2401 2164 2426 et

1162 2451 1411 2481 ecclesiasticum
1442 2451 1632 2480 beneficium
1662 2451 1730 2479 sine
1757 2459 1832 2480 cura
1860 2451 1997 2488 recipere
2025 2449 2160 2485 valeret,

1161 2513 1271 2533 rursus
1287 2503 1452 2541 indulgeat
1468 2507 1500 2533 nt
1518 2504 1711 2533 beneficium
1728 2504 1822 2533 etiam
1843 2512 1951 2532 curam
1973 2502 2092 2532 liabens
2108 2502 2162 2532 ob—

1162 2558 1263 2587 tinere
1279 2557 1385 2596 possit.
1405 2557 1474 2586 Dat.
1494 2561 1526 2585 ut
1545 2566 1649 2595 supra.

1201 2728 1448 2757 19441945
1491 2727 1849 2761 Sainte-Marie-Majeure,
1872 2727 1902 2753 13
1919 2727 2031 2760 janvier
2048 2726 2123 2754 1290.

1196 2790 1380 2825 Dispensatio
1409 2797 1495 2823 super
1524 2789 1636 2815 defectu
1665 2789 1809 2815 natalium.
1845 2788 1925 2823 (stac.
1963 2789 2011 2819 44,
2038 2797 2062 2815 c.
2095 2789 2160 2823 737,

1159 2841 1177 2866 s.
1195 2839 1247 2866 ‘275
1263 2842 1309 2871 νο.)

1198 2942 1325 2976 Raclztlfo
1348 2942 1380 2969 cle
1403 2941 1557 2974 Albinam,
1582 2940 1726 2968 canonico
1747 2939 1861 2968 moleste
1880 2939 2084 2975 Ebroz‘censis,
2101 2939 2157 2968 ob-

1157 2997 1244 3024 tentu
1264 2994 1309 3027 E..
1328 2994 1410 3030 regis
1432 2992 1568 3029 Angliae
1580 3015 1587 3029 ‚
1609 2992 1699 3030 cujus
1715 2991 1848 3021 clericus
1863 2995 1892 3020 et
1908 2991 2077 3020 familiaris
2094 2996 2156 3027 est,

1156 3046 1377 3077 canonicatum
1403 3050 1433 3075 et
1456 3045 1667 3084 praebendam
1694 3045 1726 3073 in
1753 3044 1883 3074 ecclesia
1905 3044 2087 3074 Ebroicensi
2110 3054 2157 3074 re-
