2342 3652
868 364 1088 405 PREMIERE
1109 365 1266 404 ANNEE.
2074 374 2112 405 63

27 450 186 480 duxerunt
214 453 268 478 aut
305 447 496 476 inveneritis
527 446 565 475 de
595 448 698 475 cetero
729 443 917 472 inducentes
944 448 1026 478 pena

26 503 132 533 debita
148 501 326 541 puniatis..
347 501 417 530 Dat.
437 505 472 530 ut
489 508 594 538 supra.
614 511 626 525 »

98 647 185 676 323
543 643 633 674 Rieti,
650 643 681 669 12
698 639 859 675 septembre
875 638 952 665 1288.

64 709 249 743 privilegium
278 707 453 734 concedendi
483 706 604 732 officium
627 701 848 739 praepositurae.
875 700 957 734 (Reti.
976 699 1023 734 44,

27 767 53 787 c.
72 759 131 789 195,
148 759 167 784 s.
183 758 215 784 48
232 759 278 789 1¹¹³.)

74 861 241 890 Venerabili
264 860 359 896 fratri
388 859 432 893 B.,
459 859 587 895 episcopo
614 853 851 884 Barchinonensz‘
862 874 871 888 ‚
893 851 1024 890 privile-

28 913 116 952 gium
131 912 274 942 concedit
286 911 471 942 conferendi
486 918 585 940 uuum
602 908 640 937 de
655 906 822 936 duodecim
837 905 951 935 officiis
967 905 1023 943 qui

25 967 256 1004 praepositurae
289 974 343 993 seu
374 966 499 992 mesatae
529 962 561 991 in
598 959 728 990 ecclesia
766 958 1022 988 Barchinonensi

29 1018 203 1056 vulgariter
222 1017 431 1056 appellantur,
444 1015 541 1045 solitis
556 1023 610 1053 per
624 1012 715 1042 illum
734 1016 764 1041 et
779 1021 834 1050 per
846 1010 1022 1050 capitulum

28 1072 180 1102 ecclesiae
197 1069 465 1101 Barchinonensis
483 1067 694 1098 communiter
709 1065 852 1105 ejusdem
873 1065 1022 1095 ecclesiae

28 1125 189 1156 canonicis
207 1123 363 1161 assignari
377 1146 384 1159 ,
400 1122 456 1152 uni
472 1131 506 1151 ex
523 1120 683 1150 canonicis
700 1118 893 1158 praelibatis.

73 1190 86 1205 ι
108 1177 293 1208 Devotionis
310 1181 360 1206 tue
376 1179 548 1205 meretur...
566 1190 602 1194 —
614 1173 684 1202 Dat.
698 1172 808 1209 Reate,
826 1181 849 1201 11
864 1172 938 1202 idus
954 1181 1023 1211 sep-

30 1231 175 1268 tembris,
192 1239 276 1261 anuo
291 1230 402 1269 primo.
429 1240 441 1255 n

78 1410 81 1412 ,
99 1376 186 1405 324

66 1439 249 1473 Privilegium
269 1436 387 1464 faciendi
408 1435 492 1470 recipi
520 1442 608 1461 unum
632 1434 767 1461 clericum
790 1435 818 1461 in
843 1435 1012 1461 canonicum

30 1486 113 1519 (ΗΕΘ.
131 1487 173 1519 44,
191 1494 216 1512 c.
236 1486 293 1518 196,
309 1486 328 1511 f.
346 1485 376 1511 48
392 1486 438 1517 ro.)

502 1400 505 1403 ,
536 1372 627 1401 Rieu,
646 1372 677 1399 1‘2
694 1372 857 1406 septembre
874 1371 952 1398 1288.

73 1588 175 1617 Eidem
190 1586 390 1627 privilegium
408 1585 551 1615 concedit
566 1585 740 1623 recipiendi
756 1584 806 1614 vel
822 1584 958 1614 faciendi
975 1594 1025 1615 re-

33 1641 95 1680 cipi
114 1649 211 1670 unum
228 1640 387 1669 dumtaxat
402 1639 550 1668 clericum
570 1639 602 1667 in
620 1638 812 1668 canonicum
832 1638 866 1667 in
894 1637 1026 1668 ecclesia

36 1693 294 1728 Barchinoneusi,
309 1693 340 1722 in
359 1701 419 1731 qua
433 1692 657 1722 canonicorum
675 1691 812 1730 receptio
826 1696 855 1720 et
871 1691 1026 1730 praeben-

33 1747 142 1777 darum
161 1746 281 1777 collatio
302 1745 341 1775 ad
362 1755 433 1775 eum
455 1751 484 1775 et
501 1745 540 1774 ad
557 1745 732 1783 capitulum
749 1745 852 1775 dictae
874 1745 1026 1775 ecclesiae

34 1809 48 1830 s
71 1804 159 1830 ectat.

50 1810 85 1880 p«
109 1854 208 1883 Tuam
224 1852 364 1882 volentes
382 1852 577 1883 honorare...
595 1869 633 1874 —
651 1852 722 1882 Dat.
744 1855 776 1881 ut
793 1860 897 1891 supra.
925 1864 938 1878 ι»

102 1998 188 2027 325
534 1998 627 2031 Rieti,
646 1997 676 2024 17
695 1999 858 2033 septembre
878 1997 955 2025 1288.

69 2058 248 2094 Dispensatio
264 2061 441 2087 matrimonii.
458 2060 540 2094 (Res.
557 2061 599 2093 44,
617 2068 642 2086 c.
661 2060 720 2091 197,
738 2060 758 2086 f.
773 2060 805 2087 48
821 2062 869 2093 r0.)

77 2159 245 2190 Venerabili
273 2162 363 2197 fratri
395 2185 413 2191 ..
455 2163 588 2200 episcopo
618 2163 757 2198 Albensi,
791 2165 923 2191 vacante
955 2161 1029 2192 sede

39 2214 212 2251 Saonensi,
242 2214 369 2244 mandat
392 2219 545 2253 quatenus
561 2224 633 2245 cum
653 2215 755 2245 nobili
771 2216 840 2245 viro
867 2216 1026 2252 Henrico,

35 2272 108 2297 nato
125 2267 240 2297 nobilis
256 2267 315 2296 viri
329 2267 466 2298 Thomae
478 2293 483 2305 ‚
497 2278 531 2298 ac
543 2269 642 2300 nobili
661 2269 796 2299 muliere
814 2268 937 2304 Eliana,
956 2272 1030 2298 nata

35 2320 153 2350 nobilis
166 2321 226 2349 viri
239 2320 362 2357 Leonis,
374 2321 592 2352 marchionum
603 2322 640 2352 de
651 2323 813 2359 Punzono,
823 2322 1029 2352 dominorum

34 2373 137 2403 Casti-i
162 2373 294 2411 Spigni,
322 2373 490 2404 Saonensis
519 2375 691 2412 dioecesis,
709 2376 870 2414 dispenset
885 2379 934 2412 ut,
956 2374 1030 2404 licet

34 2431 146 2465 quarto
165 2427 447 2463 consanguinitatis
470 2428 567 2466 gradu
589 2429 750 2468 conjuncti
774 2429 854 2463 sint,
878 2426 1029 2467 praedicti

36 2478 194 2509 Heuricus
211 2484 240 2508 et
256 2479 367 2508 Eliana
380 2480 616 2511 matrimonium
633 2481 820 2512 contrahere
836 2482 974 2517 valeant,
990 2482 1030 2511 ad

35 2531 188 2562 sedandas
199 2532 384 2561 inimicitias
392 2542 470 2571 quae
486 2534 566 2563 iuter
582 2543 691 2564 eorum
706 2539 850 2574 parentes
866 2539 896 2564 et
911 2535 1030 2565 amicos

34 2584 199 2614 suscitatae
216 2589 330 2614 suntet
346 2595 380 2614 cx
393 2586 507 2624 quibus
521 2587 619 2617 multa
630 2588 802 2618 homicidia
814 2592 1031 2626 provenerunt

35 2637 201 2676 dictusque
218 2638 280 2667 Leo
298 2638 433 2675 graviter
450 2639 550 2668 extitit
565 2639 758 2670 vulneratus.

75 2701 89 2716 α
114 2690 262 2729 Exposita
287 2699 391 2721 coram
417 2691 543 2722 nobis...
571 2710 609 2714 —
630 2693 699 2723 Dat.
721 2695 839 2731 Reate,
856 2704 896 2724 xv
917 2693 1031 2723 kalen-

0 2756 7 2786 5
35 2742 91 2772 das
105 2743 259 2779 octobris,
280 2753 364 2774 anno
381 2744 490 2782 primo.

103 2888 190 2917 32ss
566 2890 657 2925 Rieu,
675 2893 689 2918 5
704 2893 865 2928 septembre
882 2893 959 2920 1288.

70 2947 255 2995 Dispensatiq
271 2952 453 2978 matrimonii.
471 2951 554 2984 (Res.
572 2952 614 2986 44,
633 2961 658 2979 e.
676 2953 724 2980 197
733 2956 753 2985 ²,
770 2954 790 2980 f.
810 2954 841 2982 48
857 2956 909 2988 νῦ.)
934 2980 937 2982 .
966 2971 968 2973 »

85 3038 245 3068 Venerabili
271 3041 365 3076 fratri
397 3063 415 3070 ..
444 3041 664 3079 archiepiscopo
692 3043 872 3080 Amalfitana
904 3043 1035 3073 mandat

1108 444 1266 478 quatenus
1286 449 1358 470 cum
1381 439 1498 476 Conto,
1520 439 1638 475 milite,
1663 443 1736 469 nato
1752 440 1913 478 quondam
1934 439 2051 469 Alferii
2073 441 2112 470 de

1108 492 1306 529 Platamone,
1327 498 1358 522 et
1372 493 1525 530 Adelitia,
1543 498 1617 522 nata
1632 492 1794 531 quondam
1811 493 1955 530 magistri
1971 493 2112 524 Mathaei

1109 545 1228 582 Sillani,
1255 546 1333 575 civis
1362 546 1558 576 Salei-mitani
1573 569 1581 583 ,
1605 546 1768 585 dispenset
1791 550 1825 575 ut
1849 547 1883 576 in
1906 547 2112 577 matrimonio

1107 598 1190 637 quod
1210 599 1287 628 olim
1308 604 1535 629 contraxerunt
1558 600 1636 629 etin
1655 608 1717 638 quo
1738 604 1799 629 tres
1822 599 1905 629 filios
1926 604 1957 629 et
1976 604 2112 638 quatuor

1108 650 1190 681 filias
1210 658 1433 690 procrearunt„
1443 662 1615 682 remanere
1631 653 1769 689 valeant,
1787 661 1852 682 non
1869 653 2011 683 obstante
2028 653 2113 692 quod

1107 705 1268 742 quondam
1295 705 1465 744 Philippus
1490 706 1529 734 de
1547 706 1762 744 Protojudice,
1780 706 1858 736 civis
1877 706 2111 743 Salernitanus,

1107 757 1156 785 vir
1181 758 1324 796 ejusdem
1354 759 1531 795 Adelitiae,
1560 759 1637 788 dum
1663 759 1799 796 viveret,
1827 759 1985 798 praedicto
2012 759 2112 789 Conto

1106 814 1220 848 quarto
1238 811 1348 840 fuisset
1365 811 1653 849 consanguinitatis
1669 812 1767 849 gradu
1785 813 1986 850 conjunctus.

1152 875 1164 889 ι
1188 864 1301 893 Petitio
1322 864 1427 894 dilecti
1452 864 1549 893 filii...
1569 881 1605 885 -—
1622 865 1693 893 Dat.
1715 865 1833 902 Reate,
1862 866 1955 895 nonis
1975 870 2112 904 septem-

1105 916 1171 945 bris
1185 939 1192 952 ,
1210 925 1297 946 anuo
1316 917 1430 955 primo.
1458 929 1471 943 ι)

1176 1103 1262 1131 32⁸2

1133 1165 1300 1205 Juqustitur
1315 1165 1349 1192 de
1365 1165 1535 1192 criminibus
1549 1165 1695 1200 Symonis,
1709 1165 1818 1191 abbatis
1832 1166 1998 1193 monasterii
2011 1166 2041 1193 S.
2055 1166 2113 1193 An-

1107 1215 1179 1245 timi,
1196 1214 1330 1242 Clusinae
1346 1214 1500 1241 dioecesis.
1518 1214 1600 1247 (Rae.
1620 1214 1662 1245 44,
1679 1222 1703 1240 c.
1724 1214 1783 1245 198,
1801 1214 1819 1240 f.
1838 1214 1869 1241 48
1886 1216 1937 1248 vo.)

1623 1102 1715 1134 Rieu,
1733 1102 1766 1129 22
1782 1103 1945 1138 septembre
1962 1103 2040 1131 1288.

1154 1318 1321 1347 Venerabili
1338 1319 1434 1354 fratri
1457 1340 1476 1346 ..
1505 1319 1638 1355 episcopo
1657 1317 1783 1347 Sutrino
1809 1317 1939 1346 mandat
1957 1321 2115 1356 quatenus

1108 1370 1251 1409 inquirat
1281 1370 1319 1400 de
1352 1370 1542 1400 criminibus
1572 1370 1745 1409 Symonis,
1777 1370 1898 1399 abbatis
1928 1371 2114 1401 monasterii

1108 1423 1215 1453 Sancti
1252 1424 1393 1460 Antimi,
1424 1423 1464 1452 ad
1495 1432 1661 1453 romanam
1692 1424 1858 1453 ecclesiam
1890 1423 1978 1453 nullo
2010 1424 2115 1455 medio

1108 1477 1309 1516 pertinentis,
1323 1477 1445 1507 ordinis
1462 1477 1570 1506 Sancti
1587 1477 1766 1512 Benedicti,
1783 1477 1933 1506 Clusinae
1949 1477 2113 1515 dioecesis,

1107 1531 1174 1569 qui,
1197 1535 1230 1560 ut
1255 1531 1422 1567 asseritur,
1441 1531 1694 1560 incontinentiae
1720 1530 1867 1560 laborans
1885 1531 1981 1566 vitio,
2006 1539 2113 1570 symo-

1109 1584 1200 1613 niaca
1223 1584 1295 1614 labe
1314 1593 1495 1622 respersus,
1518 1584 1683 1614 homicidii
1704 1584 1841 1613 crimine
1861 1584 2020 1620 irretitus,
2040 1583 2115 1614 ludo

1108 1638 1204 1668 etiam
1237 1637 1417 1667 taxillorum
1447 1637 1695 1676 dampnabiliter
1717 1646 1854 1673 vacans,
1879 1639 1911 1666 in
1940 1647 2002 1676 quo
2023 1647 2115 1676 saepe

1109 1692 1214 1722 Deum
1231 1696 1260 1721 et
1274 1696 1398 1721 sanctos
1418 1691 1534 1721 dicitur
1551 1691 1782 1729 blasphemare,
1801 1691 1884 1720 bona
1899 1691 1975 1720 dicti
1991 1699 2115 1721 monas-

1111 1745 1183 1775 terii
1200 1744 1364 1783 dilapidat.

1153 1811 1165 1825 (ι
1185 1798 1234 1827 Ad
1252 1798 1450 1827 audientiam
1467 1802 1646 1827 nostramff.
1661 1813 1700 1820 --
1714 1797 1787 1826 Dat.
1803 1797 1909 1832 Reate,
1929 1806 1947 1826 x
1964 1796 2116 1827 kalendas

1109 1852 1262 1888 octobris,
1282 1859 1367 1880 anno
1384 1851 1496 1890 primo.
1520 1862 1532 1877 n

1182 2025 1372 2053 328-329
1693 2024 1784 2054 Rieu,
1803 2025 1817 2051 5
1834 2023 1950 2050 octobre
1967 2023 2043 2050 1288.

1148 2087 1279 2114 Facultas
1294 2086 1428 2114 testandi*
1446 2086 1528 2120 (Rea.
1547 2086 1589 2118 44,
1608 2095 1633 2113 c.
1651 2086 1710 2117 1053,
1728 2087 1746 2113 f⁴
1766 2087 1797 2113 48
1814 2087 1865 2118 vu.)

1152 2191 1259 2219 Dilecto
1275 2190 1339 2227 filio
1355 2190 1501 2229 maysslro
1517 2189 1653 2217 Johannz'
1669 2189 1745 2218 (licto
1766 2189 1923 2224 Μοηαεὴο,
1946 2188 2054 2218 decano
2070 2197 2116 2217 ec-

1111 2243 1194 2272 clesie
1221 2243 1404 2280 Bajocensis,
1432 2247 1532 2271 sancte
1562 2250 1686 2270 romane
1712 2242 1827 2270 ecclesie
1851 2242 2114 2276 viceczmcellarzto,

1111 2295 1291 2326 facultatem
1310 2295 1454 2325 concedit
1471 2295 1617 2324 testandi.

1154 2361 1167 2376 α
1185 2349 1266 2385 Quia
1287 2348 1443 2387 presentis
1462 2348 1564 2377 vite...
1584 2365 1621 2369 ——
1642 2348 1711 2377 Dat.
1730 2348 1843 2383 Reate,
1862 2357 1897 2376 111
1920 2355 2021 2377 nonas
2036 2351 2118 2378 octo-

1111 2403 1195 2440 bris,
1211 2411 1296 2432 anno
1312 2403 1425 2441 primo.
1447 2414 1459 2428 »

1624 2482 1720 2513 Rieti,
1738 2482 1771 2508 *22
1787 2482 1950 2516 septembre
1967 2481 2043 2509 1288.

1153 2546 1190 2575 Iu
1208 2555 1234 2574 e.
1253 2554 1295 2575 m.
1317 2568 1337 2574 ..
1352 2546 1498 2584 episcopo
1514 2545 1680 2574 Theatino.
1694 2561 1731 2566 -
1748 2544 1819 2574 Dat.
1838 2544 1951 2579 Reate,
1969 2552 1988 2571 x
2004 2542 2116 2572 kalen-

1114 2599 1168 2629 das
1184 2599 1338 2633 octobris,
1355 2606 1441 2628 anno
1459 2598 1571 2636 primo.

1184 2772 1272 2801 330

1150 2834 1282 2862 Facultas
1305 2834 1429 2868 eligendi
1453 2833 1659 2859 confessorem.
1687 2831 1768 2865 (itm.
1788 2832 1833 2864 44,
1851 2839 1875 2858 c.
1892 2831 1958 2862 200,
1974 2831 1994 2857 f.
2011 2828 2049 2858 448
2069 2838 2116 2863 v⁰;

1114 2884 1181 2911 Lm).
1200 2892 1234 2911 nu
1249 2883 1346 2913 Tffl-JIL,
1364 2881 1391 2914 Ι,
1410 2882 1462 2912 79.)

1636 2769 1723 2800 Rieu,
1741 2769 1773 2795 ‘2⁶2
1791 2768 1953 2803 septembre
1969 2768 2046 2795 1288.

1156 2988 1264 3016 Dilecto
1293 2986 1357 3023 filio
1385 2985 1479 3014 nobili
1506 2985 1572 3014 viro
1593 2984 1735 3018 Roberto,
1763 2983 1878 3018 comiti,
1906 2987 1932 3011 et
1956 2983 2057 3011 dilecte
2086 2983 2120 3011 in

1119 3040 1235 3069 Christo
1255 3039 1315 3076 filie
1341 3038 1433 3067 nobili
1453 3037 1579 3066 mulieri
1600 3037 1748 3073 Beberaci,
1766 3036 1856 3065 umori
1872 3034 1952 3072 ejas,
1973 3035 2121 3064 comitisse
