2477 3637
2140 0 2477 197 ’Ἶ

280 431 335 461 188
1021 416 1257 448 REGISTRES
1278 417 1333 446 DE
1356 414 1539 446 NICOLAS
1563 413 1617 442 IV.

349 496 436 525 848
611 485 971 520 Sainte-Marie-Majeure,
989 484 1021 510 ‘27
1039 484 1109 510 avril
1128 483 1206 510 ¹289.

315 559 355 585 De
369 558 468 584 eodem
486 555 599 589 nogotio
613 553 694 586 (Rea.
713 551 760 583 44,
777 558 802 576 c.
823 549 886 578 146.
905 548 922 574 f.
944 547 991 574 ¹4³2
1008 548 1054 579 ro.)

324 660 544 690 Venerabilibus
559 656 705 692 fratr-ibus
720 651 946 689 archiepiscopis
962 655 986 679 et
1000 650 1144 687 episcopis
1156 649 1194 677 ud
1207 657 1280 686 quos

279 716 375 745 littere
392 714 443 740 isle
457 709 657 748 perrenerz'nt,
677 706 714 735 ad
733 705 833 734 instar
851 703 1028 733 Innocentii
1044 705 1073 731 et
1090 700 1276 737 Alexandri,

277 766 406 797 mandat
422 769 577 803 qnatenus
593 759 769 798 impediant
792 767 831 787 ne
849 757 954 786 clerici
977 760 1005 785 et
1022 755 1107 790 laici,
1126 754 1279 783 habentes

277 819 359 849 filios
375 823 403 847 et
430 816 560 846 focarias
577 814 768 848 retinentes,
786 813 839 851 qui
865 811 902 840 de
918 809 1066 839 domibus
1086 807 1279 846 quibusdam

278 873 342 902 suis
366 871 486 901 sariunt
512 867 678 907 hospitalia
701 871 731 896 et
752 865 875 896 ordinis
904 864 935 893 S.
971 862 1103 892 Antonii
1131 860 1279 890 habitum

278 928 457 959 assumunt,
474 923 674 960 elemosynas
691 920 830 958 recipere
852 917 984 957 possint.

320 992 334 1006 «
359 976 622 1016 Significantibus
644 974 765 1004 dilectis
787 971 906 1002 filiis...·
926 987 962 992 —
990 970 1060 999 Dat.
1081 973 1115 998 ut
1139 976 1245 1006 snpra.
1266 978 1278 993 n

351 1138 436 1167 849
608 1131 971 1165 Sainte-Mario-lttajeure‚
989 1129 1022 1155 ⁶23
1039 1136 1114 1154 mars
1133 1126 1210 1154 1289.

315 1202 426 1236 Capella
439 1204 465 1226 et
479 1198 682 1225 coemeterium
699 1196 831 1230 hospitali
853 1192 1066 1220 Misericordiae
1079 1191 1112 1216 de
1123 1188 1283 1215 Condomio

280 1250 487 1277 conceduntur.
504 1248 586 1281 (lien.
605 1247 652 1277 44,
670 1254 694 1272 c.
717 1245 773 1275 147,
791 1244 803 1269 f
830 1244 875 1270 142
894 1249 937 1274 ι·ῡ;
958 1241 1022 1268 [mr.
1051 1249 1084 1266 nu
1109 1239 1215 1271 Tanta,
1240 1236 1282 1267 II,

280 1300 335 1331 74.)

327 1401 491 1429 Venerabili
504 1398 594 1434 fratri
613 1420 632 1426 ..
649 1397 780 1434 episcopo
798 1394 967 1430 „marmensi
982 1391 1113 1421 mandat
1128 1393 1285 1429 quatenus

281 1453 470 1493 praeceptori
491 1457 520 1480 et
535 1450 682 1480 fratribus
702 1447 868 1487 hospitalis
893 1456 943 1484 pra
952 1445 1021 1474 talis
1045 1442 1285 1474 Misericordiae

281 1508 318 1536 de
357 1505 548 1540 Condomio,
594 1502 798 1540 Agenuensis
839 1499 1010 1535 dioecesis,
1049 1495 1285 1527 conditionibus

281 1568 390 1590 eornm
410 1557 570 1596 inspectis,
582 1557 607 1585 si
622 1555 769 1594 expedire
786 1554 912 1586 viderit.
930 1557 960 1582 et
978 1560 1087 1582 eorum
1103 1549 1219 1588 quibus
1233 1557 1286 1587 per

282 1613 341 1643 hoc
363 1612 459 1650 possit
480 1611 547 1640 fieri
572 1609 804 1648 praejudicium
827 1608 865 1636 ad
889 1607 919 1636 id
945 1605 1072 1636 accedat
1099 1611 1284 1639 consensuS,

281 1665 435 1705 capellam
452 1669 481 1693 et
497 1662 738 1699 coemeterium,
757 1662 789 1691 in
809 1669 871 1700 quo
888 1660 999 1689 fratres
1020 1662 1050 1688 et
1065 1665 1218 1697 pauperes
1237 1665 1297 1686 se·-

282 1719 374 1760 peliri
401 1719 539 1757 possint,
560 1726 595 1747 ac
621 1716 783 1756 proprium
804 1714 1016 1753 capellanum,
1038 1711 1094 1750 qui
1120 1710 1164 1740 eis
1185 1708 1286 1740 eccle-

283 1773 407 1803 siastica
435 1775 633 1801 sacramenta
658 1769 831 1805 ministret,
857 1766 997 1797 habendi
1023 1764 1188 1795 licentiam
1212 1771 1286 1792 con-

285 1827 384 1857 cedat.

325 1890 339 1909 σ
360 1879 474 1909 Potitio
489 1878 677 1907 dilectorum
702 1875 881 1906 filiorum...
905 1891 944 1897 —-
969 1874 1040 1903 Dat..
1065 1873 1184 1908 Rome,
1205 1869 1289 1909 apud

286 1933 433 1963 Sanctam
457 1932 591 1962 Mariam
622 1931 794 1969 Majorem,
823 1938 842 1958 x
868 1928 1021 1958 kalendas
1048 1926 1178 1965 aprilis,
1204 1932 1290 1955 anno

285 1986 434 2017 secundo.
456 1997 468 2012 »

356 2138 546 2167 850-854

324 2201 494 2227 Franciscns
510 2200 649 2226 ecclesiae
665 2197 954 2232 Fanensiepiscopus
966 2197 1129 2231 praeficitur
1151 2195 1234 2230 (Rae.
1249 2195 1292 2226 44,

288 2259 314 2278 c.
336 2251 382 2277 148
396 2271 402 2283 ,
420 2250 438 2276 f.
460 2250 505 2276 ils]
524 2252 569 2278 τῦ.)

614 2135 983 2168 Sainte-Marie-M1jeure,
1004 2134 1034 2160 17
1052 2133 1122 2159 avril
1140 2132 1218 2159 1289.

335 2353 499 2381 Venerabili
525 2352 618 2388 fratri
642 2352 815 2387 Franctsco,
833 2351 965 2388 episcopo
987 2349 1128 2378 Fanensi.
1154 2346 1296 2377 Ecclesia

291 2405 427 2435 Fanensi
455 2414 507 2443 per
531 2409 663 2434 mortem
686 2404 860 2433 Bouromei
884 2407 1033 2436 vacante,
1059 2401 1234 2440 capitulum
1261 2401 1295 2429 in

291 2458 448 2488 discordia
465 2458 526 2487 duo
543 2457 769 2496 postulationes
790 2456 875 2493 fecit,
896 2455 1027 2485 alteram
1053 2455 1091 2484 de
1114 2454 1295 2490 Francisco,

293 2516 369 2541 tunc
385 2511 498 2540 abbate
515 2511 698 2540 monasterii
717 2510 824 2540 Sancti
842 2509 1006 2539 Laurentii
1028 2509 1060 2537 in
1080 2508 1199 2547 Campo
1213 2530 1221 2545 ,
1245 2516 1296 2538 or-

293 2565 378 2594 dinis
396 2565 428 2595 S.
450 2564 629 2600 Benedicti,
648 2564 804 2593 Fanensis
819 2563 989 2599 dioecesis,
1009 2562 1142 2592 alteram
1158 2562 1196 2592 de
1214 2562 1296 2591 Leo·

295 2618 403 2648 nardo.
429 2618 531 2656 priore
548 2617 733 2647 monasterii
752 2617 886 2647 Sanctae
905 2617 1022 2646 Mariae
1038 2617 1076 2645 de
1093 2617 1295 2651 Portunovo,

294 2671 434 2709 ejusdem
453 2671 585 2705 ordinis,
605 2671 826 2700 Anconitanae
845 2670 1016 2705 dioecesis,
1036 2679 1171 2709 <piarum
1190 2672 1296 2708 postn-

294 2724 447 2753 lationnm
466 2725 601 2762 priorem
621 2733 697 2762 papa
714 2723 996 2760 hcnigneaudivit.

337 2790 349 2803 ιι
371 2778 516 2806 Debitum
535 2777 629 2807 officii
647 2778 784 2807 nostri...
802 2794 841 2800 —
864 2778 934 2806 Dat.
953 2778 1072 2811 Rome,
1097 2777 1180 2816 apud
1204 2776 1298 2806 Sanc-

297 2835 357 2859 tam
380 2831 508 2859 Mai-iarn
529 2832 696 2869 Maiorem,
708 2841 746 2860 xv
758 2831 910 2860 kalendas
921 2831 1008 2866 maii,
1022 2839 1106 2860 anno
1118 2829 1296 2860 secundo.»

338 2883 372 2911 ln
389 2893 416 2912 e.
433 2892 474 2912 ιιι.
490 2883 626 2921 rupiano
644 2884 792 2913 ecclesiae
810 2884 964 2913 Fanensis
985 2884 1116 2913 mandat
1141 2888 1299 2922 quatenus

299 2935 398 2965 eidem
418 2936 560 2974 episeopo
575 2937 711 2965 debitam
729 2937 940 2966 obedientiam
959 2938 1116 2975 praebeat.

339 2989 374 3016 ln
396 2999 422 3016 e.
442 2998 482 3017 ιιι,
502 2989 584 3017 elero
601 2990 739 3019 civitatis
757 2995 786 3020 et
803 2991 953 3021 dioecesis
973 2991 1137 3020 Fanensis.

341 3041 376 3070 In
394 3050 420 3069 e.
440 3051 480 3069 ιιι.
501 3042 775 3079 1101›1110Fanensi.

340 3095 377 3123 In
396 3104 420 3121 e.
442 3104 483 3123 ni.
504 3096 659 3124 universis
679 3097 831 3126 Fanensis
848 3097 998 3127 ecclesiae
1015 3097 1169 3127 vassallis.

1432 480 1626 508 855-852
1698 476 2064 512 sainte-Maeie-Mnjeure,
2081 476 2113 503 27
2130 477 2199 503 avril
2217 476 2292 504 1289.

1398 543 1605 575 lmlulgentiae.
1624 541 1707 575 (Rea.
1723 541 1771 573 44,
1789 548 1814 566 c.
1836 540 1897 569 149,
1916 539 1934 565 f.
1953 538 2001 565 142
2018 540 2070 573 vo.)

1405 615 1424 620 ..
1444 592 1593 629 preposito
1609 596 1636 620 ει
1652 590 1785 627 capitulo
1800 589 1915 618 ecclesie
1925 588 2032 618 Sancte
2047 588 2141 617 Marie
2151 588 2186 617 de
2201 588 2301 624 Alino,
2316 587 2366 618 So-

1361 654 1436 674 rane
1448 645 1582 673 diocesis.
1598 642 1836 679 Indulgentiam
1853 646 1981 670 centum
1999 641 2124 670 dierum
2140 639 2284 670 concedit
2297 649 2364 671 om-

1365 698 1462 727 nibus
1480 707 1552 727 vere
1569 695 1806 735 poenitentibus
1823 699 1849 723 et
1869 694 2021 724 confessis
2038 695 2091 732 qui
2109 694 2299 733 praedictam
2314 702 2363 724 ec-

1363 751 1492 781 clesiam
1511 751 1543 779 in
1562 749 1812 785 Purificationis‚
1830 748 2112 784 Annuntiationis,
2131 747 2365 785 Assumptionin

1365 809 1395 833 et
1412 803 1596 833 Nativitatis
1613 803 1720 832 beatae
1738 801 1858 831 Mariae
1876 801 2009 839 virginis
2025 806 2055 830 et
2071 804 2252 830 sanctorum
2271 800 2366 832 Marci

1363 861 1391 886 et
1421 856 1601 885 Marcellini
1628 860 1807 894 martyrum
1834 854 2071 890 festivitatibus,
2093 862 2148 892 per
2168 856 2287 891 septem
2301 852 2366 884 dieu

1366 910 1550 939 festivitates
1566 910 1648 948 ipsas
1668 908 1851 938 immediate
1868 917 1984 946 sequen
1992 912 2046 942 tes,
2062 912 2091 936 et
2103 907 2135 936 in
2150 906 2367 938 anniversario

1369 963 1420 992 die
1451 963 1662 993 dedicationis
1680 962 1780 1000 ipsius
1797 961 1958 997 ecclesiae,
1976 960 2174 990 visitaverint
2187 959 2365 990 annuatim.

1406 1029 1420 1043 «
1446 1017 1534 1046 Licet
1550 1018 1576 1046 is
1594 1016 1670 1047 de...
1690 1034 1728 1037 —
1744 1016 1815 1045 Dat.
1834 1016 1954 1051 Rome,
1970 1014 2053 1053 apud
2070 1014 2219 1044 Sanctam
2235 1013 2367 1044 Mariam

1366 1070 1538 1109 Majorem,
1556 1080 1575 1099 v
1596 1069 1749 1099 kalendas
1766 1069 1859 1105 maii,
1876 1076 1961 1098 anno
1978 1067 2128 1097 secundo.
2149 1079 2162 1094 ³>
2326 1056 2329 1058 ³

1711 1162 2064 1196 Sainte-Marie-'Sia-ieme.
2075 1183 2081 1192 ,
2098 1161 2131 1187 22
2147 1160 2217 1186 avril
2234 1159 2300 1187 1289

1407 1235 1445 1263 In
1461 1243 1488 1264 e.
1508 1243 1550 1265 m.
1570 1257 1589 1263 ..
1614 1234 1791 1264 abbatissae
1804 1237 1830 1262 et
1848 1231 2021 1262 conventui
2038 1228 2372 1261 monialiuminclusa-

1367 1296 1440 1316 rum
1474 1287 1661 1317 monasterii
1689 1287 1821 1316 Sanctae
1849 1285 2003 1322 Elizabet,
2033 1284 2218 1320 Remensis,
2251 1281 2372 1312 ordinis

1369 1340 1400 1370 S.
1412 1340 1575 1370 Damiani.
1591 1340 1731 1369 Eandem
1742 1339 1978 1376 indulgentiam
1993 1337 2139 1368 concedit
2150 1336 2195 1366 eis
2210 1335 2267 1374 qni
2277 1335 2372 1374 hujus

1369 1393 1553 1423 monasterii
1572 1393 1748 1429 ecclesiam,
1764 1398 1891 1422 sanctae
1912 1392 2050 1421 Elizabet
2062 1390 2252 1424 dedicatam,
2263 1389 2298 1418 in
2311 1389 2374 1418 Au-

1368 1447 1595 1484 nuntiationis,
1614 1447 1867 1485 Assumptionis,
1894 1446 2076 1476 Nativitatis
2091 1450 2121 1474 et
2134 1441 2373 1474 Purificationis

1368 1502 1477 1532 beatae
1504 1501 1622 1530 Mariae
1641 1500 1778 1538 virginis
1800 1504 1830 1530 et
1854 1504 1980 1529 sanctae
2001 1498 2112 1528 Clarae
2137 1495 2370 1532 festivitatibus,

1369 1555 1579 1585 visitaverint.
1598 1555 1669 1585 Dat.
1686 1554 1823 1591 Romae,
1848 1553 1931 1592 apud
1949 1552 2098 1583 Sanctam
2116 1551 2253 1581 Mariam
2272 1549 2372 1589 Majo-

1369 1618 1457 1646 rem,
1485 1618 1503 1638 x
1532 1607 1686 1638 kalendas
1703 1608 1798 1644 maii,
1819 1615 1905 1637 anno
1925 1605 2076 1636 secundo.

1709 1699 2071 1734 Sainte-Marie-Majeure,
2088 1698 2122 1725 25
2138 1697 2208 1725 avril
2226 1696 2294 1724 1289

1412 1774 1449 1803 In
1467 1783 1495 1803 e.
1514 1781 1556 1802 m.
1579 1772 1739 1802 universis
1755 1771 1874 1801 Christi
1894 1769 2042 1799 fidelihus
2059 1771 2241 1807 praesentes
2260 1767 2376 1796 litteras

1372 1827 1575 1867 inspecturis
1594 1825 1835 1864 Indulgentiam
1853 1824 1949 1854 unius
1967 1823 2045 1852 anni
2061 1825 2091 1852 et
2107 1831 2144 1851 xx,
2164 1821 2289 1851 dierum
2304 1827 2377 1850 con-

1371 1881 1456 1912 cedit
1473 1881 1517 1910 eis
1533 1880 1589 1919 qui
1606 1879 1770 1909 ecelesiam
1789 1876 1975 1908 monasterii
1992 1875 2182 1906 monialium
2200 1874 2239 1904 de
2255 1873 2376 1912 Spanu-

1373 1935 1448 1971 cho,
1465 1934 1586 1964 ordinis
1614 1933 1645 1963 S.
1681 1931 1871 1970 Augustini,
1883 1929 2086 1960 Caturcensis
2103 1927 2267 1964 dioecesis,
2282 1935 2379 1966 quam

1374 1990 1452 2028 Ay„
1478 1986 1721 2018 Colimbriensis
1739 1985 1924 2024 episcopus,
1945 1984 2010 2013 suis
2033 1982 2213 2021 sumptibus
2237 1979 2378 2012 construi

1374 2043 1462 2077 fecit,
1480 2043 1513 2072 in
1536 2041 1587 2070 die
1609 2039 1819 2070 dedicationis
1842 2037 1985 2076 ejusdem
2013 2036 2177 2073 ecclesiae,
2194 2040 2224 2065 et
2241 2043 2296 2073 per
2312 2037 2378 2065 octo

1375 2097 1443 2126 dies
1455 2087 1641 2125 immediate
1650 2097 1831 2132 sequentes,
1844 2091 2054 2121 visitaverint.
2070 2090 2141 2120 Dat.
2152 2090 2284 2125 Romae,
2297 2086 2379 2128 apud

1377 2150 1526 2180 Sanctam
1552 2147 1685 2177 Mariam
1712 2147 1878 2185 Maj0rem‚
1900 2154 1941 2174 vn
1959 2143 2112 2174 kalendas
2128 2142 2216 2179 maii,
2233 2149 2318 2172 anno
2333 2148 2380 2172 se-

1377 2204 1494 2234 cundo.
2285 2196 2290 2202 ”

1449 2389 1536 2418 858

1417 2452 1600 2486 Dispensatio
1615 2449 1787 2476 matrimonii
1804 2448 1886 2482 (Rea.
1905 2448 1936 2475 44
1948 2469 1955 2481 ‚
1974 2456 1997 2474 c.
2018 2448 2083 2481 150,
2109 2447 2127 2474 f.
2148 2446 2198 2473 142
2213 2451 2258 2478 v⁰;
2277 2445 2378 2473 Po‘r‘m.

1379 2502 1489 2533 22959.)

1746 2385 2107 2420 sainte-Marie-Majeuie,
2124 2384 2141 2412 2
2158 2384 2213 2410 mai
2231 2383 2310 2411 1289.

1423 2639 1442 2647 ..
1453 2617 1554 2655 priori
1568 2616 1792 2653 predicatorum
1808 2619 1834 2642 et
1852 2636 1872 2642 ..
1890 2613 2063 2651 quardiano
2077 2613 2235 2641 minorum
2249 2611 2382 2648 fratrum

1382 2671 1524 2700 ordinum
1550 2669 1680 2705 lteqim's,
1698 2667 1735 2696 ad
1754 2667 1938 2696 instantiam
1954 2665 2134 2695 communis
2150 2663 2280 2702 Regini,
2299 2670 2380 2694 oom-

1382 2724 1477 2754 mittit
1496 2727 1652 2761 quatenns
1677 2730 1748 2750 cum
1772 2720 1950 2759 laquei-io,
1970 2724 2042 2749 nato
2058 2718 2174 2749 nobilis
2190 2718 2251 2747 viri
2267 2715 2383 2748 Rolan-

1382 2778 1451 2807 dini
1475 2777 1513 2805 de.
1537 2776 1693 2812 Canossa,
1720 2774 1850 2809 militis,
1877 2772 2061 2808 domicello,
2091 2777 2121 2802 et
2147 2768 2381 2808 Remengarda,

1383 2835 1456 2861 nata
1481 2828 1597 2859 nobilis
1618 2827 1678 2856 viri
1702 2827 1861 2857 Guidonis
1884 2826 1959 2856 dicti
1984 2826 2022 2855 dc
2038 2824 2178 2864 Tripoli,
2200 2823 2326 2859 militiS,
2347 2821 2384 2852 de

1382 2884 1476 2913 domo
1490 2882 1712 2918 llobertornm,
1731 2880 1893 2919 dispenset
1908 2884 1953 2917 ut,
1970 2879 2007 2908 ad
2024 2878 2178 2908 sedandas
2190 2884 2320 2916 guerras
2333 2875 2383 2905 in-

1384 2941 1429 2967 ter
1448 2936 1577 2965 domum
1599 2934 1636 2964 de
1655 2934 1793 2963 Canossa
1813 2938 1843 2963 et
1861 2933 1992 2963 domum
2014 2932 2226 2962 Ilobertorum
2249 2929 2382 2959 existen-

1384 2994 1446 3026 tes,
1474 2987 1717 3017 matrimonium
1748 2986 1935 3017 contrahere
1968 2985 2092 3015 valeant
2107 3009 2114 3022 ,
2146 2992 2209 3014 non
2245 2983 2384 3012 obstante

1383 3042 1466 3082 qnod
1492 3042 1576 3071 idem
1604 3040 1804 3079 llaynerins,
1834 3043 1909 3069 tunc
1939 3039 2021 3068 insra
2052 3037 2224 3077 pubertatis
2253 3038 2384 3065 aetatem

1384 3095 1573 3126 constitutus
1586 3117 1593 3131 ‚
1611 3103 1683 3123 cum
1701 3093 1862 3132 quondam
1878 3092 2083 3128 Johannina,
2102 3090 2167 3120 filia
2191 3088 2305 3120 nobilis
2325 3085 2384 3116 viri

2475 2213 2477 2221 .
2463 1192 2477 2170 *i-*.-.-—-m›-—-—w-0-o-———-v
