2342 3652
912 350 1144 390 TROisinME
1161 350 1318 389 ANNEE.
2107 362 2167 391 619

134 430 252 457 4245

101 489 144 516 De
163 490 284 524 quadam
302 489 387 515 domo
402 490 541 515 ecclesiae
558 488 655 516 Sancti
671 489 772 515 Jacobi
794 490 866 515 ultra
882 489 993 515 Arnum
1009 487 1075 514 Flo-

67 539 194 566 rentinae
210 538 356 565 mutanda.
377 537 457 570 (am.
479 539 518 572 45,
536 546 561 565 c.
579 538 639 572 748,
655 540 673 564 f.
696 539 741 564 152
759 539 810 570 v0i)

610 428 736 461 Ormeto,
759 428 786 454 13
803 427 906 453 fevrier
923 426 1001 453 1291.

109 662 130 670 ..
145 642 248 678 priori
262 641 409 670 secularis
426 640 543 669 ecclesie
557 640 662 669 Sancti
678 640 853 677 Apolz'narz's
873 642 907 669 de
923 639 1075 670 Florentia

67 694 200 724 mandat
215 698 260 730 ut,
275 693 301 723 si
317 693 361 723 ita
377 692 524 731 expedire
541 692 666 728 viderit,
681 693 891 723 mutationem
909 694 1075 732 cujusdam

68 747 182 778 domus
197 756 216 777 a
231 770 252 778 ..
270 746 374 785 priore
392 750 422 776 et
444 746 583 785 capitulo
606 746 778 776 saecularis
799 747 951 777 ecclesiae
967 747 1076 777 Sancti

67 800 178 831 Jacobi
194 799 277 830 ultra
291 801 418 829 Arnum
434 799 651 836 Florentinae,
666 809 721 837 pro
736 800 873 838 quadam
892 804 985 836 terra,
1002 809 1075 830 cum

70 852 278 883 Vendenuclo
311 857 342 882 et.
374 852 591 882 Lambertutio
624 853 785 891 quondam
819 853 928 883 Jacobi
963 853 1076 883 Puzini

67 906 257 944 Amadoris‚
280 905 446 942 fratribus,
469 905 593 935 civibus
620 905 831 943 Florentinis,
857 908 970 936 factam
997 915 1075 936 con-

68 959 184 989 firmet.

109 1024 123 1039 α
151 1011 266 1041 Petitio
286 1011 476 1042 dilectorum
495 1011 674 1041 filiorum...
692 1030 730 1033 —
745 1013 817 1042 Dat.
835 1014 918 1051 apud
935 1014 1075 1044 Urbem-

67 1069 218 1101 veterem,
237 1065 343 1095 idibus
359 1065 523 1102 februarii,
542 1074 628 1095 anno
648 1066 750 1095 tertio.
774 1078 785 1092 n

138 1217 256 1245 424ss

103 1279 259 1306 Confirmat
288 1279 472 1306 donationem
505 1279 693 1313 quorumdam
727 1279 867 1305 bonorum
903 1282 1075 1307 monasterio

67 1328 240 1356 Casaemarii
261 1332 290 1355 et
309 1328 407 1355 Sancti
424 1328 582 1359 Dominici,
601 1327 762 1354 Verulanac
778 1332 805 1354 ct
822 1328 947 1355 Sor-anan
962 1330 1076 1356 dioece-

68 1378 160 1409 sium,
181 1379 296 1405 factam.
314 1377 396 1411 (Rm.
415 1377 458 1408 45,
476 1385 501 1404 c.
519 1377 579 1408 749,
597 1377 615 1404 f.
635 1377 683 1404 153
699 1385 737 1407 r⁰;
757 1377 873 1412 Purra„
890 1378 1000 1411 23499)

557 1216 691 1247 Orvieto,
713 1217 742 1243 15
758 1217 909 1243 decembre
928 1217 1003 1244 1‘290.

109 1481 227 1511 Dilectis
243 1481 319 1518 filiis
335 1502 354 1509 ..
372 1481 472 1510 abbaci
487 1484 512 1509 et
528 1481 690 1509 conventui
708 1482 886 1510 'monasterii‘
910 1482 1076 1511 Casemczrii

67 1539 92 1563 et
103 1532 208 1564 Sancti
219 1534 382 1569 Dominici‚
400 1534 604 1563 Cisterciensss
617 1534 747 1570 ordinis,
767 1534 911 1563 Verulane
925 1539 950 1563 et
962 1535 1076 1564 Somne

67 1585 243 1616 diocesium.
259 1585 427 1622 Quondam
446 1586 544 1616 frater
557 1586 696 1616 Rufinus
712 1586 751 1616 de
765 1586 939 1621 Placentia,
953 1588 1076 1618 ordinis

66 1640 242 1677 minorum,
254 1639 439 1678 capellanus
451 1644 481 1670 et
492 1640 755 1678 poenitentiaims
767 1649 876 1679 papae,
890 1645 963 1670 tunc
976 1642 1076 1672 bonae

66 1693 242 1723 memoriae
251 1693 302 1730 O.‚
314 1693 450 1724 Sanctae
464 1694 584 1723 Mariae
597 1694 630 1723 in
643 1694 703 1723 Via
717 1694 778 1723 lata
792 1695 917 1724 diaconi
932 1695 1076 1724 cardina·

65 1745 122 1784 lis,
142 1747 175 1776 in
194 1755 292 1785 regno
308 1746 434 1777 Siciliae
450 1746 641 1785 apostolicae
659 1747 742 1777 sedis
758 1747 870 1785 legati,
887 1748 1026 1778 vicarius
1041 1749 1074 1778 iu

67 1799 176 1830 Sicilia
199 1804 230 1829 et
248 1799 413 1836 Calabria,
438 1799 597 1838 quoddam
623 1804 763 1830 castrum
787 1794 820 1829 iu
847 1800 969 1837 Sicilia,
993 1801 1076 1831 iuter

66 1853 279 1883 Curillionem
301 1852 431 1883 Celsum
451 1857 481 1883 et
503 1852 650 1883 Castrum
676 1854 818 1890 Novum,
843 1854 1076 1891 Agrigentinae

67 1905 237 1944 dioecesis,
256 1906 410 1945 positum.
430 1906 514 1945 quod
530 1907 688 1936 Peritium
703 1912 918 1946 nuncupatur,
939 1917 1010 1937 cum
1032 1913 1075 1937 te-

67 1959 223 1996 nimento,
237 1960 365 1999 juribus
381 1964 412 1990 et
426 1960 629 1999 pertinentiis
646 1961 726 1999 ejus,
741 1965 770 1990 et
783 1960 949 1990 ecclesiam
966 1961 1075 1991 Sancti

65 2012 195 2051 Angeli,
213 2013 246 2042 in
264 2013 377 2043 eodem
393 2013 570 2043 tenimento
589 2014 697 2050 sitam,
721 2022 845 2044 necnon
862 2018 892 2043 et
908 2014 969 2044 duo
986 2023 1074 2044 casa-

64 2066 132 2096 lina
149 2067 184 2096 in
200 2066 328 2096 civitate
343 2067 513 2103 Panormi,
531 2067 621 2096 fratri
635 2067 781 2097 ¹Iohanni
799 2068 837 2097 de
856 2068 991 2099 Boiano,
1010 2077 1075 2098 mo-

63 2120 167 2150 nacho
180 2124 211 2149 et
224 2120 338 2150 nuntio
351 2120 537 2150 monasterii
552 2120 703 2159 praedicti
715 2120 910 2150 Casaemarii
925 2126 954 2150 et
967 2121 1074 2150 Sancti

65 2173 240 2210 Dominici,
254 2173 352 2211 dedit,
367 2173 495 2202 tradidit
506 2178 536 2203 et
551 2174 717 2208 concessit,
730 2174 873 2211 ejusdem
890 2175 1073 2204 monasterii

63 2226 174 2256 usibus
189 2226 391 2265 applicanda,
409 2232 439 2256 et
455 2226 629 2256 cardinalis
646 2228 805 2265 praelatus
821 2228 997 2264 dationem,
1016 2233 1073 2256 tra-

63 2279 222 2310 ditionem
239 2284 269 2309 et
287 2280 526 2310 concessionem
549 2280 735 2318 hujusmodi
753 2281 971 2317 confirmavit3
993 2290 1074 2319 quae

63 2334 173 2364 omnia
197 2332 350 2363 Nicolaus
371 2343 461 2372 papa,
482 2334 521 2363 ad
538 2335 638 2364 instar
656 2334 831 2364 Alexandri
854 2343 951 2373 papae
976 2335 1070 2371 miti,

63 2387 244 2417 confirmat.
261 2386 501 2417 Praedictorum
517 2391 622 2417 autem
643 2387 753 2417 Rufini
769 2392 798 2417 et
817 2388 991 2417 cardinalis
1008 2388 1073 2417 ins-

65 2444 298 2470 trumentorum
321 2444 446 2470 tenores
463 2440 496 2469 hi
513 2445 588 2470 sunt
609 2453 614 2470 :

107 2505 120 2520 ι(
138 2493 204 2523 Nos
220 2493 317 2523 frater
334 2493 472 2523 Rufinus
488 2494 526 2523 de
544 2493 722 2531 Placentia,
743 2495 854 2524 domni
871 2504 948 2534 pape
967 2495 1072 2534 capel-

66 2558 79 2573 ι)
103 2546 198 2576 lanus
217 2549 248 2575 et
271 2546 531 2584 penitentiarius,
559 2547 727 2586 apostolice
752 2548 835 2578 sedis
857 2549 889 2577 in
914 2548 1022 2578 Sicilia
1045 2552 1074 2578 et

68 2611 80 2627 n
105 2599 253 2630 Calabria
271 2599 407 2629 vicarius
424 2599 598 2637 generalis,
616 2609 671 2638 per
691 2610 822 2639 presens
846 2602 998 2640 scriptum
1016 2610 1073 2631 uo-

67 2665 80 2680 »
107 2657 174 2683 tum
189 2652 326 2682 facimus
341 2652 590 2682 universis...—
605 2654 676 2684 Dat.
693 2654 849 2691 Messane,
864 2665 904 2684 x11
919 2655 969 2684 die
983 2664 1072 2684 men-

67 2719 80 2734 n
105 2706 150 2736 sis
161 2705 260 2746 junii,
274 2705 476 2744 pontificatus
489 2705 601 2735 domui
616 2706 791 2737 Alexandri
803 2717 881 2746 pape
895 2708 979 2737 111121
989 2716 1075 2738 anno

16 2771 17 2800 5
66 2771 80 2786 »
104 2759 254 2798 primo.»

18 2848 19 2856 ἵ
107 2824 121 2839 α
141 2812 346 2846 Octavianus.
368 2813 574 2843 miseratione
588 2814 699 2843 diviua
716 2814 832 2844 Sancte
848 2815 948 2844 Marie
964 2814 997 2843 in
1012 2814 1074 2843 Via

65 2877 80 2893 »
103 2865 167 2896 lata
191 2865 346 2896 diaconus
371 2865 562 2901 cardinalis,
588 2867 622 2896 in
649 2876 748 2905 regno
773 2867 881 2897 Sicilie
906 2867 1074 2906 apostolice

66 2931 80 2946 n
104 2918 189 2949 sedis
210 2918 349 2957 legatus,
375 2919 453 2949 viris
478 2919 634 2958 religiosis
658 2920 693 2949 in
716 2920 844 2950 Christo
866 2921 925 2950 sibi
948 2920 1074 2950 dilectis

18 2973 20 3006 ζ
66 2983 79 2999 a
103 2971 280 3002 venerabili
295 2972 402 3002 abbati
417 2977 448 3002 et
462 2973 636 3003 couventui
650 2973 836 3003 monasterii
850 2973 1028 3003 Caseniarii
1045 2976 1074 3002 et

66 3037 79 3052 n
103 3024 212 3056 Sancti
226 3024 400 3061 Dominici,
415 3025 539 3055 ordinis
555 3025 787 3063 Cisterciensis,
802 3026 964 3056 Verulane
977 3030 1007 3055 et
1019 3024 1074 3054 So-

1159 437 1172 451 »
1197 434 1274 455 rane
1297 425 1491 463 diocesium,
1519 426 1653 456 salutem
1671 427 1703 455 in
1725 426 1876 456 Domino.
1898 427 1979 457 Cum
1999 428 2162 457 anobis...

1159 490 1172 505 π
1196 496 1234 499 ——
1251 479 1322 508 Dat.
1344 480 1427 518 apud
1450 480 1602 509 Sanctum
1624 479 1841 515 Germanum,
1860 489 1894 509 111
1918 480 1990 509 idus
2007 480 2164 518 januarii,

1158 542 1172 557 »
1196 531 1398 569 pontificatus
1424 533 1535 562 domni
1565 532 1742 562 Alexandri
1775 542 1853 572 pape
1885 533 1970 562 ΙΙΙΙΗ
2000 542 2085 563 anno
2115 543 2164 563 se-

1160 596 1173 611 r>
1197 585 1312 615 cundo.
1332 598 1345 612 n

1199 650 1212 664 α
1233 638 1328 667 Sacra
1348 639 1443 668 vestri
1463 639 1623 668 ordinis...
1642 656 1680 659 —
1698 639 1768 668 Dat.
1786 638 1871 677 apud
1888 639 2163 676 Urbemveterem,

1157 700 1235 720 xvnr
1253 690 1406 720 kalendas
1421 691 1576 730 januarii,
1593 700 1679 721 anno
1696 692 1796 721 tertio.
1816 704 1829 717 n

1228 849 1344 876 4242

1195 910 1359 941 Confirmat,
1374 910 1407 936 ad
1421 911 1673 937 iusim-Alexandri
1683 911 1863 946 papaellllti,
1873 913 2095 939 instrumentum
2109 922 2166 948 quo

1646 850 1776 880 Orvieto,
1796 850 1825 875 Ql
1845 849 1995 876 decembre
2016 851 2090 877 1990.

1159 959 1365 984 monasterium
1387 958 1509 985 Sanctae
1531 959 1637 985 Mariae
1659 960 1768 985 insulae
1792 959 1922 991 Usticae,
1948 960 2166 988 panormitanae

1159 1007 1317 1041 dioecesis,
1341 1009 1515 1034 monasterio
1538 1008 1711 1034 Casacinarii
1736 1008 1914 1035 submissum
1937 1013 1990 1036 est.
2010 1009 2097 1043 (lim.
2118 1011 2165 1041 45,

1158 1065 1183 1083 c.
1201 1058 1267 1090 750,
1285 1057 1304 1083 f.
1326 1058 1372 1083 153
1389 1059 1442 1090 vn.)

1199 1160 1318 1189 Dilectis
1344 1160 1420 1196 filiis
1449 1181 1469 1188 ..
1499 1160 1601 1189 abbati
1627 1164 1651 1188 et
1681 1161 1841 1189 conventui
1871 1161 2050 1189 monasterii
2080 1161 2164 1189 Case-

1158 1212 1263 1249 marii,
1282 1213 1485 1242 Ci'stercz’ensis
1503 1213 1633 1248 ordinis,
1656 1213 1797 1241 Verulane
1813 1214 1948 1243 diocesis.

1198 1266 1409 1295 instrumenti
1426 1266 1605 1296 confirmati
1623 1271 1711 1295 tenor
1727 1266 1779 1295 liic
1794 1272 1840 1296 est
1857 1277 1864 1296 z

1200 1332 1213 1346 ι(
1235 1320 1272 1349 In
1290 1321 1421 1349 nomine
1442 1320 1574 1350 Domini
1598 1329 1705 1349 amen.
1731 1321 1799 1350 Hoc
1817 1324 1862 1350 est
1886 1321 2068 1360 exemplum
2088 1331 2166 1360 qua·
2206 1333 2209 1335 ’

1159 1386 1173 1399 n
1198 1373 1346 1403 rumdam
1363 1373 1540 1403 litterarum
1562 1397 1580 1403 ..
1600 1373 1715 1412 prioris
1734 1378 1764 1403 et
1780 1374 1914 1403 fratrum
1933 1374 2047 1404 Sancte
2065 1375 2167 1404 Mai-ie

1160 1438 1174 1453 »
1198 1426 1236 1455 de
1255 1426 1376 1462 Ustica,
1394 1426 1623 1455 Panormitane
1642 1426 1778 1456 diocesis
1798 1439 1803 1455 z

1200 1490 1214 1509 ))
1236 1481 1274 1510 In
1293 1481 1423 1510 nomine
1444 1480 1575 1510 Domini
1591 1489 1697 1509 amen.
1716 1481 1812 1509 Anno
1830 1480 2062 1510 incarnationis
2081 1481 2165 1519 ejus-

1161 1546 1173 1559 »
1199 1533 1270 1562 dem
1294 1533 1518 1570 M0CC0LV110,
1539 1543 1568 1562 ix
1591 1533 1643 1563 die
1661 1533 1818 1570 januarii,
1839 1543 1878 1562 xv
1895 1533 2087 1570 indictione,
2109 1542 2166 1563 uos

1161 1598 1174 1612 ι»
1198 1586 1295 1615 frater
1310 1586 1511 1623 Thomasius,
1530 1586 1626 1625 prior,
1645 1586 1826 1623 Mauritius,
1847 1586 1972 1622 Petrus,
1987 1586 2164 1624 Renaldus,

1160 1652 1173 1665 »
1199 1640 1355 1669 Robertus
1384 1639 1422 1669 de
1448 1640 1610 1676 Ventura,
1637 1639 1803 1673 monachi,
1830 1639 1995 1669 ,Iohannes
2025 1639 2165 1676 Canisii,

1161 1706 1174 1719 n
1198 1693 1364 1722 Johannes
1389 1693 1427 1722 de
1454 1693 1620 1731 Lavagno,
1651 1693 1810 1722 Martinus
1837 1692 2006 1728 Alhertus,
2032 1693 2167 1723 Baldui-

1161 1759 1173 1773 »
1199 1755 1278 1783 nus,
1310 1746 1463 1776 Nicolaus
1491 1746 1709 1782 Lombardus,
1737 1745 1904 1776 Johannes
1933 1745 2069 1777 Grecus.
2106 1746 2167 1785 Sy-

1161 1812 1174 1826 »
1199 1808 1274 1830 mon
1301 1801 1462 1838 Paganus,
1486 1800 1624 1830 Jacobus
1652 1799 1805 1829 Nicolaus
1832 1800 2061 1835 Messenensis‚
2085 1800 2166 1838 Oge-

1162 1865 1174 1879 n
1200 1854 1267 1882 rius
1294 1853 1441 1882 Matheus
1470 1857 1499 1882 et
1528 1852 1676 1889 Blasius,
1694 1853 1839 1882 conversi
1868 1852 1982 1882 Sancte
2002 1853 2102 1882 Marie
2129 1853 2167 1882 de

1161 1918 1174 1932 »
1199 1906 1306 1936 insula
1328 1906 1453 1942 Ustice,
1471 1906 1700 1935 Panormitane
1727 1906 1877 1942 diocesis,
1895 1907 2034 1944 presenti
2054 1907 2167 1944 scripto

1161 1972 1174 1986 n
1200 1960 1338 1989 fatemur
1365 1964 1395 1989 et
1417 1963 1527 1989 uotum
1556 1960 1627 1989 fieri
1655 1959 1806 1989 omnibus
1832 1959 1981 1989 volumus
2011 1965 2073 1989 tam
2093 1968 2166 1998 pre-

1160 2025 1173 2039 »
1199 2013 1342 2042 sentibus
1372 2021 1468 2051 quam
1501 2012 1617 2042 futuris
1641 2012 1745 2050 quod,
1776 2012 1976 2042 attendentes
2008 2017 2166 2043 monaste-

1159 2078 1172 2093 »
1197 2066 1283 2095 rium
1310 2070 1454 2096 nostrum
1479 2066 1514 2095 in
1539 2065 1763 2104 spiritualibus
1787 2070 1816 2095 et
1844 2065 2072 2104 temporalibus
2101 2066 2165 2095 col-

1160 2132 1172 2147 »
1198 2120 1323 2159 lapsum
1347 2129 1416 2150 esse
1441 2125 1471 2150 et
1495 2119 1681 2149 deteriorari
1709 2119 1836 2155 cotidie,
1859 2120 2022 2157 cupientes
2043 2124 2072 2148 et
2097 2128 2165 2158 spe-

1158 2186 1172 2200 »
1197 2178 1303 2203 rantes
1318 2173 1399 2203 illud
1416 2183 1470 2212 per
1485 2172 1730 2203 Cisterciensem
1747 2172 1894 2202 ordinem
1907 2195 1914 2208 ‚
1934 2172 2000 2202 Deo
2020 2172 2164 2210 propitio,

1120 2230 1123 2233 ‘
1157 2239 1170 2254 ι)
1196 2228 1230 2256 in
1257 2227 1371 2256 melius
1394 2227 1576 2263 reformari,
1596 2226 1705 2255 divina
1732 2225 1942 2264 inspiratione
1969 2226 2111 2264 preventi
2138 2230 2164 2255 et

1158 2293 1170 2307 »
1195 2280 1312 2310 habitis
1337 2289 1431 2319 super
1457 2280 1518 2310 hoc
1546 2280 1584 2309 de
1610 2280 1772 2309 communi
1801 2283 1975 2318 spontanea
2003 2278 2166 2309 voluntate

1157 2346 1171 2360 η
1195 2333 1342 2363 omnium
1365 2338 1510 2363 nostrum
1536 2337 1667 2362 tractatu
1695 2337 1725 2361 et
1748 2331 1978 2361 deliberatione
2003 2331 2164 2370 plenaria,

1157 2399 1170 2414 »
1195 2387 1284 2417 nulla
1299 2387 1341 2423 vi,
1355 2386 1426 2416 dolo
1442 2386 1491 2416 vel
1505 2390 1590 2415 metu
1608 2385 1911 2421 interveniei'itibus,
1929 2385 2097 2421 donamus,
2116 2394 2166 2414 su-

1157 2453 1170 2468 »
1194 2441 1330 2470 bicimus
1352 2444 1381 2469 et
1397 2440 1529 2469 unimus
1550 2447 1608 2468 nos
1629 2443 1659 2468 et
1677 2444 1818 2476 posteros
1838 2442 1960 2468 nostros
1984 2447 2019 2468 ac
2044 2438 2164 2467 dictum

1158 2504 1170 2519 ιι
1194 2491 1427 2522 monasterium
1446 2495 1591 2521 nostrum
1615 2490 1730 2520 Sancte
1756 2490 1858 2519 Marie
1880 2490 1918 2519 de
1948 2489 2073 2525 Ustica,
2092 2498 2164 2519 cum

1156 2558 1170 2572 n
1195 2545 1327 2575 ecclesia
1356 2549 1463 2574 nostra
1490 2544 1598 2574 Sancti
1622 2543 1789 2573 Michaelis
1815 2543 1854 2573 de
1876 2543 2105 2581 Campogrosso
2135 2547 2165 2572 et

1157 2610 1170 2626 ι)
1195 2598 1347 2628 omnibus
1368 2598 1441 2627 aliis
1464 2597 1539 2627 locis
1563 2597 1756 2627 monasterio
1779 2596 1919 2635 predicto
1945 2595 2111 2634 subjectis,
2136 2600 2165 2624 et

1157 2664 1171 2679 »
1195 2661 1269 2682 cum
1285 2651 1436 2682 omnibus
1451 2651 1591 2689 juribus,
1609 2650 1822 2688 dignitatibus
1838 2649 1888 2679 vel
1902 2648 2097 2688 quibuslibet
2115 2657 2163 2677 re-

1157 2718 1171 2732 »
1195 2706 1255 2735 bus
1270 2705 1310 2735 ad
1324 2705 1409 2734 idem
1421 2704 1654 2734 monasterium
1671 2703 1812 2742 quolibet
1828 2703 1922 2733 modo
1936 2702 2162 2741 spectantibus,

1158 2772 1171 2786 n
1196 2759 1372 2789 venerabili
1387 2758 1581 2789 monasterio
1597 2758 1782 2793 Casemarii,
1796 2756 1956 2786 Verulane
1973 2756 2118 2792 diocesis,
2135 2759 2165 2784 et

1158 2824 1170 2839 η
1195 2812 1234 2842 de
1260 2812 1409 2850 predictis
1434 2811 1621 2847 donatione,
1653 2809 1884 2848 suppositione,
1912 2809 2112 2847 subjectione
2135 2812 2166 2838 et

1158 2877 1171 2892 »
1196 2865 1328 2901 unione,
1346 2873 1400 2902 per
1417 2872 1538 2902 pannos
1551 2864 1667 2902 quibus
1685 2863 1783 2892 altare
1801 2866 1945 2892 nostrum
1962 2861 2164 2899 cooperieba-

1158 2930 1172 2945 »
1198 2922 1259 2954 tur,
1279 2917 1473 2956 corporalem
1490 2916 1733 2951 investituram,
1754 2915 1957 2944 traditionem
1975 2918 2004 2944 et
2020 2914 2164 2951 assigna-

1158 2983 1172 2998 »
1198 2971 1317 3000 tionem
1341 2971 1474 3000 facimus
1500 2970 1607 3000 donno
1626 2969 1735 3002 Petro,
1757 2968 1912 2998 monacho
1935 2967 2079 3006 ejusdem
2096 2975 2165 2996 mo-

1160 3036 1173 3051 »
1197 3024 1329 3054 nasterii
1353 3023 1546 3060 Casemarii,
1576 3022 1708 3052 nomine
1733 3027 1762 3051 et
1791 3030 1844 3060 pro
1866 3026 1954 3060 parte
1978 3020 2164 3050 monasterii
