2477 3637
206 359 262 390 250
954 355 1190 387 REGISTRES
1212 357 1266 386 DE
1290 354 1473 386 NICOLAS
1496 355 1552 385 IV.

206 426 358 456 salarium
380 423 565 463 hujusmodi
583 423 695 461 poterit
714 423 746 451 in
765 421 888 452 decime
904 422 1096 453 solutionem
1112 423 1209 453 dedu-

205 488 295 515 cere,
319 478 373 508 sed
396 478 518 507 ratione
542 476 643 505 victus
665 474 904 514 capellanorum
924 476 1065 515 ipsorum
1088 475 1212 514 aliquid

205 541 270 563 non
289 531 432 561 deducet.

245 584 334 621 Quod
353 585 378 613 si
403 584 436 612 in
459 582 594 612 diversis
612 582 795 612 civitatibus
814 591 868 612 seu
888 582 1068 613 diocesibus
1084 583 1212 614 diversa

205 637 360 669 beneficia
377 636 517 666 obtineat
530 635 615 674 quis,
631 635 668 664 de
684 643 748 665 uno
764 644 890 674 quoque
906 636 1062 666 beneficio
1079 636 1114 666 in
1131 636 1210 666 civi-

206 696 265 721 tate
282 690 329 721 vel
347 689 462 720 diocesi
481 690 511 718 in
530 698 591 728 qua
608 688 687 718 illud
705 688 802 719 fuerit
816 689 940 718 decima
956 689 1162 728 persolvetur.

245 745 290 774 De
312 743 488 773 redditibus
510 747 615 772 autem
635 741 857 772 ecclesiasticis
875 742 1033 781 deputatis
1050 743 1089 772 ad
1112 743 1212 773 fabri-

203 807 271 828 cam
292 796 498 827 ecclesiarum
517 796 640 826 decima
656 795 863 835 persolvetur.

245 851 291 880 De
309 850 494 880 elemosinis
514 858 589 880 vero
606 859 659 880 seu
677 850 890 880 oblationibus
912 851 994 881 datis
1013 851 1052 881 ad
1071 860 1149 891 opus
1165 852 1212 882 fa-

203 905 304 941 brice,
325 904 464 933 maxime
486 903 524 933 de
540 903 603 933 hiis
623 903 836 934 oblationibus
855 913 917 943 qne
934 906 967 935 in
984 905 1166 936 civitatibus
1183 911 1213 937 et

203 957 366 996 aliquibus
382 957 494 986 castris
513 961 543 986 et
558 957 636 987 locis
653 958 809 988 dictarum
826 958 1073 998 provintiarium
1090 960 1124 989 in
1143 969 1211 990 cer-

204 1011 244 1041 tis
261 1010 486 1041 festivitatibus
503 1011 536 1039 in
558 1011 701 1041 candelis
721 1015 751 1041 et
765 1011 838 1041 aliis
856 1013 1081 1042 consueverint
1097 1013 1166 1043 dari
1182 1018 1212 1044 et

203 1064 310 1094 offerri
327 1063 366 1093 ad
381 1072 460 1102 opus
477 1064 594 1094 fabrice
611 1064 780 1103 deputatis,
799 1065 923 1095 decima
943 1074 1004 1096 uon
1024 1066 1174 1097 solvetur.

244 1117 401 1147 Similiter
420 1126 479 1147 nec
496 1117 535 1147 de
557 1116 622 1147 illis
637 1117 851 1148 oblationibus
867 1127 929 1157 que
945 1119 1141 1157 colliguntur
1157 1120 1209 1149 in-

204 1171 329 1201 terdum
347 1179 402 1209 per
421 1170 519 1200 laicos
543 1170 598 1209 qui
618 1171 799 1201 collectores
822 1172 1026 1202 consortiales
1047 1173 1208 1211 dicuntur,

203 1228 233 1255 et
248 1224 411 1254 interdum
428 1233 483 1262 per
498 1223 629 1254 clericos
641 1248 648 1260 ,
670 1229 699 1254 et
722 1233 784 1263 que
803 1224 842 1254 ad
864 1233 943 1264 opus
961 1227 1113 1256 consortii
1132 1227 1210 1257 offe-

202 1282 331 1312 runtur,
350 1281 383 1306 ut
406 1277 480 1306 inde
500 1276 675 1306 luminaria
694 1277 726 1306 in
748 1277 896 1315 ecclesia,
923 1288 1032 1308 cruces
1050 1284 1080 1309 et
1098 1268 1212 1310 calices

203 1330 283 1360 fiant
305 1333 336 1359 et
359 1336 559 1369 reparentur,
579 1334 609 1360 et
625 1330 721 1360 etiam
740 1334 774 1360 ut
789 1340 825 1361 ex
841 1331 906 1360 illis
924 1333 1118 1371 pauperibus
1135 1333 1212 1364 sub-

203 1384 350 1414 veniatur
363 1393 418 1413 seu
432 1383 629 1422 sepeliantur
640 1392 771 1422 corpora
784 1393 959 1424 pauperum
974 1385 1210 1419 defunctorum.

243 1436 364 1467 Prelati
379 1441 486 1466 autem
500 1440 530 1466 et
545 1436 654 1466 clerici
668 1437 788 1474 exules,
806 1438 1038 1477 cujuscumque
1057 1439 1212 1470 conditio-

203 1490 253 1520 nis
268 1494 323 1520 aut
338 1489 503 1527 dignitatis
519 1490 670 1527 existant,
684 1490 723 1520 de
741 1491 806 1520 suis
824 1491 1031 1530 proventibus
1047 1492 1212 1523 ecclesias-

203 1543 273 1574 ticis
288 1543 448 1573 decimam
464 1542 671 1573 exhibebunt.

242 1596 301 1627 Ille
327 1605 453 1635 quoque
481 1605 618 1635 expense
642 1606 703 1636 que
732 1597 815 1628 fiunt
842 1607 897 1637 pro
931 1599 1055 1629 fossatis
1080 1604 1111 1630 et
1133 1599 1213 1630 alias

202 1651 298 1681 etiam
317 1659 373 1689 pro
398 1650 490 1680 terris
511 1650 740 1687 bonificandis,
760 1656 794 1680 ut
815 1651 977 1682 uberiores
994 1652 1116 1683 fructus
1139 1662 1212 1692 pro-

201 1704 338 1739 ducant,
357 1707 388 1733 et
410 1702 465 1733 ille
487 1712 550 1742 que
567 1704 650 1734 fiunt
666 1704 700 1733 in
719 1705 949 1735 conservandis
972 1710 1003 1736 et
1026 1707 1213 1745 reparandis

201 1756 340 1787 edificiis
365 1756 648 1794 molendinorum,
666 1757 835 1788 domorum
855 1767 909 1789 seu
929 1759 1158 1799 apothecarum
1184 1765 1215 1791 et

205 1809 384 1847 similium,
402 1818 438 1839 ex
455 1810 572 1849 quibus
589 1810 709 1841 fructus
733 1815 763 1841 et
782 1813 953 1850 pensiones
973 1813 1212 1853 percipiuntur,

205 1867 247 1900 et,
259 1863 323 1893 nisi
342 1868 579 1901 repararentur,
597 1850 768 1894 fructusâ€˜ex
784 1866 829 1896 eis
842 1866 961 1906 percipi
978 1875 1042 1896 non
1058 1867 1213 1906 valerent,

206 1916 244 1946 de
266 1916 390 1946 decima
415 1916 603 1955 hujusmodi
625 1918 761 1948 minime
783 1919 1002 1958 deducentur3
1032 1929 1091 1950 nec
1119 1921 1213 1951 etiam

206 1969 262 2000 ille
283 1979 345 2008 que
368 1969 452 1999 fiunt
466 1979 523 2009 pro
546 1971 690 2002 custodia
707 1976 902 2010 castrorum,
919 1974 1066 2012 quamvis
1083 1974 1162 2004 fiant
1179 1975 1215 2004 in

207 2022 267 2054 hoc
281 2023 419 2062 majores
437 2023 540 2055 solito.

246 2077 383 2115 Insuper
402 2077 441 2107 de
461 2077 679 2108 oblationibus
696 2079 927 2110 minutissimis
941 2089 1020 2120 quas
1035 2081 1216 2120 percipiunt

207 2130 418 2161 ecclesiastice
449 2139 584 2169 persone
608 2132 733 2162 ratione
761 2132 970 2163 ecclesiarum
1000 2143 1132 2164 suarum
1159 2143 1215 2173 pro

207 2182 379 2222 sepulturis
395 2187 425 2213 et
442 2183 558 2213 dandis
574 2184 761 2223 penitentiis
775 2185 901 2215 decima
916 2186 1123 2224 persolvetur.

248 2237 287 2266 Et
301 2236 377 2275 quia
396 2245 461 2267 non
479 2238 618 2267 occurrit
634 2238 726 2268 nobis
741 2239 822 2277 quin
839 2239 997 2270 cotidiane
1012 2239 1215 2272 distributio-

207 2298 264 2320 nes
286 2294 458 2329 proventus
480 2290 688 2322 ecclesiastici
709 2292 784 2329 sint,
802 2292 841 2322 de
858 2293 1138 2324 distributionibus
1154 2304 1217 2334 que

207 2343 325 2373 dantur
343 2343 376 2373 in
393 2343 480 2374 horis
496 2345 661 2374 canonicis
683 2346 886 2384 presentibus
902 2346 1017 2377 debere
1033 2347 1114 2378 solvi
1129 2347 1215 2378 deci-

208 2404 294 2426 mam
311 2396 522 2427 declaramus.

248 2449 301 2479 Illi
312 2458 438 2489 quoque
454 2451 509 2489 qui
521 2450 665 2489 deputati
676 2452 797 2482 fuerint
807 2453 847 2483 ad
859 2453 1079 2485 collectionem
1091 2455 1216 2487 decime

208 2511 281 2533 cum
306 2503 353 2533 eis
381 2504 438 2543 qui
461 2504 578 2534 debent
603 2505 726 2535 solvere
748 2506 907 2536 decimam
937 2508 975 2538 de
998 2508 1106 2548 aliqua
1132 2514 1217 2541 certa

208 2565 335 2587 summa
348 2557 501 2587 solvenda
515 2566 571 2597 pro
586 2558 710 2589 decima
728 2565 894 2599 nequeunt
911 2563 1094 2593 convenire.

249 2609 296 2639 De
321 2609 476 2641 fructibus
497 2611 648 2642 arborum
669 2616 697 2642 et
721 2617 864 2644 ortorum
881 2615 937 2654 qui
958 2616 1139 2647 vendantur
1154 2617 1217 2648 sol-

209 2666 300 2692 vetur
315 2663 450 2694 decima.

250 2715 296 2745 De
319 2716 383 2746 hiis
408 2721 516 2748 autem
531 2719 586 2758 qui
610 2725 842 2751 consumentur
858 2731 918 2752 usu
943 2722 994 2752 vel
1016 2732 1070 2753 esu
1093 2723 1218 2754 decima

212 2777 273 2798 non
291 2769 443 2801 solvetur.

252 2822 408 2853 Similiter
431 2829 462 2855 et
486 2826 525 2856 de
548 2826 703 2858 fructibus
726 2836 861 2867 gregum
883 2838 938 2860 seu
961 2830 1171 2868 animalium,
1192 2831 1219 2862 si

212 2874 278 2904 sint
294 2876 499 2908 ecclesiarum
510 2902 517 2916 ,
533 2880 733 2918 persolvetur
750 2881 893 2920 decima,
910 2883 1054 2914 deductis
1072 2885 1219 2924 expensis

213 2930 400 2959 necessariis
413 2940 474 2969 que
487 2932 567 2962 fient
586 2942 643 2972 pro
664 2935 823 2971 custodia,
843 2937 870 2966 si
886 2946 960 2967 vero
977 2942 1052 2968 suut
1068 2933 1219 2977 persona-

213 2991 297 3019 rum,
317 2982 441 3013 decima
459 2994 522 3015 non
543 2986 694 3018 solvetur.

254 3035 301 3064 Tu
319 3044 403 3073 ergo,
422 3038 453 3066 in
471 3037 533 3068 hiis
550 3039 652 3070 solum
671 3042 774 3072 Deum
793 3043 992 3082 etjustitiam
1011 3053 1068 3083 pro
1083 3045 1219 3084 premis-

1296 422 1338 451 sis
1362 430 1416 460 pre
1441 420 1541 451 oculis
1569 420 1708 455 habens,
1731 429 1768 450 ex
1796 420 1948 459 predictis
1973 420 2242 452 declarationibus
2267 423 2300 454 in

1295 474 1479 505 decidendis
1501 474 1687 513 hujusmodi
1707 473 1963 504 dubitationibus
1981 483 2043 514 que
2069 484 2125 514 per
2147 480 2174 505 te
2189 475 2302 508 leviter

1295 528 1398 559 decidi
1417 532 1579 567 poterunt,
1598 536 1693 566 super
1710 527 1884 566 majoribus
1910 537 1984 558 vero
2000 528 2196 559 decisionem
2212 538 2302 569 aposÎ‡

1297 581 1380 612 tolici
1391 580 1509 611 oraculi
1524 585 1651 619 expetas
1663 584 1692 610 et
1709 585 1863 619 expectes,
1877 581 2140 612 informationem
2152 583 2300 622 accipias.

1297 635 1453 665 Volumus
1469 643 1595 673 quoque
1613 643 1649 664 ac
1667 634 1864 673 presentium
1885 634 1940 664 tibi
1963 635 2151 666 auctoritate
2171 630 2314 667 mandass

1295 698 1367 718 nius
1387 692 1417 718 nt
1434 688 1467 717 in
1490 697 1586 717 unam
1606 696 1845 726 quamcumque
1868 696 2036 726 personam
2056 688 2302 722 ecclesiasticam

1295 741 1517 780 deputatarum
1537 740 1593 770 tibi
1611 740 1767 779 partium,
1786 741 2020 779 cujuscumque
2037 741 2177 779 ordinis,
2194 742 2303 774 condi-

1297 795 1392 824 tionis
1416 793 1465 824 vel
1487 793 1654 831 dignitatis
1673 793 1805 828 existat,
1828 802 1889 832 qne
1910 793 2070 824 decimam
2093 795 2194 833 ipsam
2214 794 2303 828 nullo

1295 847 1389 878 modo
1405 847 1453 877 vel
1479 856 1541 877 non
1566 847 1710 885 integre,
1729 847 1883 883 scienter,
1901 851 1955 877 aut
1975 855 2038 878 non
2057 847 2236 879 secundum
2251 857 2303 880 ve-
2325 839 2350 868 .'â€º

1295 910 1367 931 rum
1383 900 1524 931 valorem
1538 900 1701 930 fructuum
1717 908 1849 930 suorum
1861 904 2094 939 perceptorum,
2107 901 2175 932 sive
2190 910 2255 932 nou
2266 903 2302 933 in
2332 895 2353 934 á¾—.

1296 954 1445 984 terminis
1468 954 1646 984 constitutis
1667 953 1891 990 exhibuerint,
1909 962 1964 983 seu
1980 954 2014 983 in
2035 953 2164 984 illorum
2180 955 2301 997 exhibi-

1297 1007 1381 1037 tione
1400 1007 1558 1037 malitiam
1578 1007 1812 1042 commiserint,
1829 1007 1896 1036 sive
1913 1007 2070 1046 fraudem,
2087 1009 2304 1040 excommuni-

1294 1061 1428 1091 cationis
1445 1069 1499 1091 sen
1507 1061 1650 1097 tentiam,
1666 1061 1852 1090 auctoritate
1865 1064 1984 1099 nostra,
1999 1061 2194 1100 promulges,
2207 1062 2303 1094 etiam

1296 1113 1330 1143 in
1364 1113 1510 1152 singulos
1540 1115 1594 1152 qui
1625 1114 1760 1143 scienter
1788 1113 2057 1152 impedimentum
2087 1114 2302 1155 prestiterint,
2342 1107 2347 1111 'Â¹

1295 1167 1414 1197 directe
1431 1167 1480 1197 vel
1497 1167 1671 1204 indirecte,
1690 1166 1814 1206 publice
1832 1166 1881 1197 vel
1902 1167 2040 1205 occulte,
2060 1169 2234 1207 quominus
2248 1168 2304 1200 de-
2350 1194 2352 1199 ,

1295 1220 1377 1250 cime
1402 1219 1542 1259 predicte
1567 1219 1708 1250 solvatur
1735 1220 1928 1251 subsidium.
1957 1220 2079 1251 Omnes
2103 1225 2134 1251 et
2159 1220 2304 1260 singulos

1295 1273 1352 1312 qui
1378 1273 1564 1313 hujusmodi
1585 1274 1763 1304 sententias
1785 1273 1864 1303 latas
1880 1274 2108 1312 incurrerunt,
2127 1273 2178 1305 vel
2197 1283 2253 1314 per
2276 1279 2305 1307 te
2346 1271 2347 1274 '

1296 1326 1444 1357 ferendas
1463 1327 1672 1364 incurrerint,
1690 1336 1745 1366 per
1766 1331 1793 1357 te
1809 1331 1839 1357 et
1859 1326 1949 1364 alios,
1967 1327 2104 1366 singulis
2122 1327 2236 1358 diebus
2251 1327 2304 1360 doÎ‡
2330 1362 2332 1366 y

1296 1374 1425 1410 minicis
1437 1383 1467 1409 et
1480 1379 1612 1417 festivis,
1626 1379 1758 1419 pulsatis
1773 1380 1938 1419 campanis
1951 1385 1981 1410 et
1994 1379 2138 1410 candelis
2150 1381 2303 1420 accensis,
2325 1378 2329 1385 Â¹

1296 1442 1399 1472 usque
1425 1432 1464 1463 ad
1493 1432 1742 1463 satisfactionem
1771 1433 1983 1471 condignam,
2014 1433 2305 1466 excommunicatos

1297 1487 1425 1526 publice
1449 1487 1603 1523 nuncies,
1633 1491 1664 1517 et
1687 1486 1785 1517 facias
1811 1487 1851 1517 ab
1877 1487 2027 1517 omnibus
2049 1487 2150 1517 artius
2175 1487 2304 1525 evitari,
2336 1512 2339 1515 .

1296 1543 1528 1579 aggravaturus
1542 1539 1634 1569 aliter
1648 1548 1762 1569 manus
1777 1544 1846 1569 tuas
1859 1544 1970 1570 contra
1983 1540 2078 1579 ipsos,
2091 1543 2306 1579 proutproter-

1297 1595 1382 1624 viam
1403 1598 1434 1624 et
1451 1593 1689 1624 contumaciam
1711 1593 1837 1632 exigere
1859 1593 1979 1623 videris
1997 1593 2196 1624 eorumdem.
2216 1592 2335 1630 Quod!

1297 1648 1323 1678 si
1340 1642 1522 1678 satisfacere
1538 1647 1750 1684 decreverint,
1768 1650 1837 1686 post
1849 1646 1978 1686 plenam
1993 1651 2023 1676 et
2037 1647 2196 1685 integram
2214 1645 2305 1677 satis-
2331 1644 2333 1651 â€™
2378 1636 2382 1644 â€œ

1298 1701 1487 1738 factionem,
1515 1701 1554 1731 ab
1578 1700 1766 1740 hujusmodi
1791 1700 2195 1737 excommunicationibus,
2215 1699 2325 1740 juxtaÎ‡

1298 1755 1430 1786 ecclesie
1454 1755 1607 1791 sormam,
1627 1754 1771 1784 absolvas
1790 1754 1917 1784 eosdem
1937 1758 1966 1784 et
1986 1754 2151 1793 dispenses
2169 1762 2242 1784 cum
2260 1753 2307 1784 eis
2331 1769 2337 1794 â€šÂ¹

1298 1817 1393 1848 super
1413 1807 1663 1846 irregularitate,
1684 1807 1712 1837 si
1736 1807 1840 1837 taliter
1857 1807 1953 1845 legati
1973 1815 2037 1838 non
2060 1802 2350 1848 abstinuerint&

1298 1862 1437 1898 divinis,
1457 1862 1604 1900 injuncto
1622 1862 1667 1891 eis
1691 1861 1773 1900 quod
1792 1861 1830 1891 de
1847 1862 1920 1900 jure
1943 1860 2040 1891 fuerit
2055 1859 2306 1900 injungendum.
2335 1878 2342 1882 ,
2368 1869 2374 1888 Îº

1298 1915 1370 1946 Dat.
1391 1916 1508 1952 Reate,
1528 1925 1598 1945 vnn
1616 1915 1771 1945 kalendas
1784 1914 1871 1955 julii,
1890 1923 1975 1945 anno
1991 1914 2142 1945 secundo.
2161 1925 2175 1942 Ï…
2331 1909 2334 1914 â€™

2463 833 2477 863 â€Î‡Î¤
2464 787 2477 808 35Â¹.
2465 732 2477 754 Â¹<-
2465 678 2477 699 u
2466 616 2476 647 â€œ-5-
2475 586 2477 591 -
2476 562 2477 568 â´

1374 2103 1395 2130 1
1407 2103 1427 2130 Î™
1437 2102 1492 2131 â¸29
1867 2101 1960 2133 Rieti,
1979 2101 2009 2128 11
2028 2101 2145 2129 octobre
2160 2100 2239 2130 1289.

1335 2164 1378 2191 De
1393 2164 1494 2192 eodem
1511 2165 1636 2199 negotio.
1664 2164 1746 2197 (Rea.
1765 2164 1812 2196 44,
1829 2172 1856 2191 c.
1873 2163 1950 2198 3632,
1967 2164 1986 2192 f.
2006 2163 2055 2192 185
2072 2171 2116 2194 vo.
2132 2172 2167 2191 en
2189 2163 2308 2200 marge.)
2339 2202 2343 2210 ,
2371 2205 2374 2211 Î™

1340 2268 1482 2298 Nicotaus
1503 2271 1556 2297 etc.
1582 2267 1748 2297 Venerabili
1769 2268 1865 2304 fratri
1883 2290 1902 2296 ..
1921 2267 2054 2305 episcopo
2069 2265 2232 2303 Paduam,
2249 2266 2318 2297 ool-2
2341 2302 2346 2310 á¼¡

1301 2324 1404 2353 lectori
1420 2324 1531 2353 decime
1551 2323 1585 2352 in
1602 2324 1796 2361 Aquiteyensi
1814 2328 1841 2352 et
1859 2323 2008 2353 Gradensi
2026 2321 2332 2367 patriarclttttilma,Â¹â´

1299 2386 1334 2406 ac
1363 2376 1396 2407 in
1422 2377 1638 2406 Mediolanensi
1666 2379 1692 2406 et
1717 2377 1867 2406 Januensi
1893 2376 2198 2415 archiepiscopatibus
2223 2373 2339 2414 atqu&

1296 2429 1484 2469 provintiis,
1504 2438 1620 2459 necno-n
1646 2430 1681 2459 in
1707 2430 1860 2467 Papiensz',
1883 2429 2058 2460 Placentino
2087 2434 2114 2459 et
2143 2429 2338 2462 Castellam2Î‡
2363 2423 2366 2426 â´

1301 2482 1515 2522 episcopatibus
1530 2491 1694 2520 eorumque
1710 2483 1883 2519 diocesibus,
1900 2491 1956 2521 pro
1970 2484 2089 2521 negotio
2103 2483 2193 2522 regni
2209 2477 2342 2515 Sionem,
2368 2495 2369 2499 Â¹

1301 2537 1448 2575 deputate,
1459 2537 1588 2566 salutem
1600 2541 1653 2565 etc.
1663 2548 1676 2563 u
1691 2535 1930 2566 Declarationes
1945 2545 2024 2575 quas
2040 2545 2143 2576 nuper
2153 2535 2328 2579 edidimus

1300 2591 1335 2620 in
1350 2589 1477 2628 negotio
1491 2589 1614 2619 decime
1629 2589 1668 2619 de
1682 2589 1891 2627 proventibus
1906 2589 2130 2620 ecclesiasticis
2142 2598 2196 2629 per
2208 2587 2310 2629 Aqui!
2326 2597 2350 2629 â´.Î‡!

1301 2643 1463 2682 legensem
1480 2646 1510 2672 et
1522 2642 1721 2672 Gradensem
1739 2642 1982 2681 patriarchatus,
1992 2650 2029 2673 ac
2039 2641 2313 2682 Mediolanensem
2326 2644 2354 2676 Î´..

1301 2700 1332 2727 et
1345 2697 1545 2727 Januensem
1560 2695 1852 2735 archiepiscopatus
1867 2699 1963 2735 atque
1978 2695 2166 2736 provintias,
2185 2685 2333 2738 aecumst
2344 2695 2350 2706 â€

1301 2759 1357 2789 per
1370 2749 1572 2788 Papiensem,
1591 2748 1818 2779 Placentinum
1834 2753 1865 2779 et
1879 2748 2099 2780 Castellanum
2113 2742 2359 2790 episcopatus*
2380 2751 2381 2754 â€™

1301 2811 1477 2842 eorumque
1488 2802 1643 2840 dioceses,
1659 2802 1693 2832 in
1711 2802 1893 2833 subsidium
1908 2803 2001 2841 regni
2016 2802 2139 2841 Sicilie,
2155 2802 2215 2834 sub
2228 2804 2315 2846 cem*
2364 2807 2378 2839 Î¶

1301 2857 1405 2888 forma
1423 2859 1453 2887 et
1471 2855 1564 2886 modo
1581 2856 1622 2886 ab
1638 2856 1808 2895 apostolica
1827 2856 1901 2887 sede
1919 2864 2068 2887 concesse
2086 2860 2146 2887 etc.
2162 2859 2198 2887 ut
2217 2861 2312 2895 supra
2324 2853 2331 2879 á¼°

1304 2919 1416 2949 usque.
1435 2910 1507 2939 Dat.
1526 2910 1639 2946 Reate,
1659 2919 1678 2940 v
1694 2910 1767 2941 idus
1781 2910 1933 2947 octobris,
1950 2918 2037 2941 anno
2051 2909 2201 2941 secundo.
2224 2920 2238 2937 Î¹
2340 2930 2358 2945 ,

2340 2944 2365 2960 27

2459 2225 2477 2523 ssg'ffi-Zgjfae

2461 2553 2477 2691 *355*AE
