2342 3652
916 371 1168 416 QUATRIEME
1190 366 1348 407 ANNE'JE.
2122 376 2178 406 671

86 448 171 478 dicta
188 457 314 478 summa
329 452 457 478 centum
480 447 636 477 librarum
658 448 714 477 tibi
737 452 918 486 competens
936 447 1091 480 videatur,

88 501 206 531 dictum
228 501 365 540 priorem
382 501 465 539 qnod
481 501 584 540 ipsam
601 501 729 539 recipiat
753 506 783 530 et
804 500 896 530 dictis
917 499 1094 537 guardiauo

89 559 120 584 et
144 554 296 583 [ratribus
320 554 429 583 domos
453 554 604 584 concedat
625 554 770 589 easdem,
794 554 843 583 vel
866 555 944 583 alios
965 554 1019 591 qni
1044 558 1095 582 tue

90 608 286 638 ordinationi
305 607 439 637 rebelles
455 607 638 642 existerent,
655 607 833 637 monitione
854 608 1023 646 premissa,
1041 615 1095 644 per

90 669 259 691 censuram
280 659 542 695 ecclesiasticam,
565 659 776 698 appellatione
799 665 934 695 remota,
957 659 1094 697 compel-

90 715 147 745 las.
167 714 201 744 Si
218 723 291 744 vero
307 715 418 744 eadem
434 723 560 743 summa
577 719 759 752 competens
777 715 913 753 pretium
933 724 997 745 non
1018 715 1098 744 exis—

91 772 146 804 tat,
161 772 193 797 tu
207 767 312 797 eidem
325 775 450 796 summe
463 766 561 796 addas
574 767 641 796 sive
654 767 838 797 addendum
851 777 919 798 esse
932 768 1096 803 decernas,

91 826 184 860 prout
205 821 328 859 justum
355 819 453 849 fuerit
474 825 504 849 et
529 819 647 849 videris
672 820 830 858 expedire.
857 821 930 851 Non
956 822 1100 851 obstante

93 874 200 913 aliquo
220 872 388 912 privilegio
410 872 459 901 vel
479 872 680 910 indulgentia
700 873 783 903 dicto
802 874 900 912 priori
924 874 973 903 vel
994 873 1101 904 ordini

95 936 152 957 suo
169 927 209 956 ab
223 925 393 965 apostolica
409 925 482 955 sede
502 934 670 962 concessa,
689 926 727 955 de
743 936 805 965 qua
820 932 959 965 oporteat
974 928 1009 956 in
1026 936 1100 956 uos-

95 981 152 1011 tris
169 980 283 1010 litteris
299 979 467 1018 specialem
483 988 519 1009 ac
534 979 572 1008 de
593 979 688 1009 verbo
707 980 746 1009 ad
766 980 898 1010 verbum
919 981 988 1010 fieri
1007 989 1101 1010 men—

95 1034 216 1064 tionem
242 1037 272 1063 et
294 1042 349 1072 per
370 1041 432 1071 que
456 1032 585 1062 effectus
608 1034 804 1070 presentium
829 1034 978 1072 impediri
1002 1036 1104 1063 valeat

95 1086 146 1116 vel
165 1086 299 1116 differri.
319 1086 390 1115 Dat.
413 1085 496 1123 apud
516 1085 789 1119 Urhemveterem,
808 1096 827 1115 v
844 1086 998 1115 kalendas
1015 1087 1101 1124 apri-

94 1139 147 1177 lis,
163 1148 248 1169 anno
263 1143 386 1178 quarto.
406 1150 418 1165 n

166 1298 284 1327 4859

132 1361 176 1387 De
191 1361 374 1388 contentione
391 1361 465 1387 inter
484 1359 645 1386 Johannem
663 1360 697 1385 de
714 1360 909 1386 Hardencuria
932 1365 959 1386 et
981 1360 1105 1386 Gniller-

664 1297 794 1327 Ovvieto,
812 1297 845 1323 20
862 1306 938 1323 mars
957 1297 1031 1324 1291.

97 1419 176 1437 mum
199 1410 234 1437 de
259 1411 472 1445 Asperomonte
496 1417 584 1436 causa
609 1408 760 1443 qu'usdani
778 1409 907 1436 beneficii
929 1410 956 1435 in
980 1410 1106 1435 dioecesi

98 1458 248 1486 Remensi.
265 1458 349 1491 (nso.
367 1458 411 1490 46,
427 1467 452 1484 c.
467 1458 510 1487 85,
525 1458 545 1484 f.
562 1458 590 1484 17
609 1459 655 1490 νῦ.)

140 1562 260 1592 Dilectis
278 1561 354 1598 filiis
372 1584 391 1592 ..
411 1561 514 1590 abbati
531 1561 709 1590 monasterii
724 1560 905 1596 CorbienszZs,
923 1562 1107 1590 Ambianen-

100 1616 142 1644 sis
163 1615 304 1649 diocesis,
327 1623 361 1643 ac
386 1636 406 1643 ..
431 1615 614 1644 cancellario
637 1614 818 1643 Parisiensi's
839 1619 863 1642 et
888 1615 1031 1651 magistro
1053 1615 1109 1643 Ro-

103 1669 183 1698 berto
198 1669 232 1697 de
246 1667 401 1706 Noneroy,
419 1669 565 1697 canonico
587 1668 779 1697 Carnotensz's
795 1668 1000 1697 ecclesiarum.
1023 1680 1035 1694 α
1054 1668 1108 1697 In-

103 1721 244 1751 sinuavit
260 1720 354 1750 nobis
376 1720 511 1750 dilectus
527 1720 614 1750 filius
629 1720 797 1750 Johannes
814 1720 852 1749 de
871 1720 1108 1757 Hardencuria,

103 1773 237 1804 clericus
254 1773 459 1804 Belvacensis
474 1773 621 1809 diocesis,
637 1774 896 1810 consanguineus
918 1773 1025 1803 dilecti
1050 1774 1112 1803 filii

104 1828 206 1857 nostri
231 1828 280 1864 J.‚
307 1827 395 1857 tituli
421 1827 537 1857 Sancte
565 1826 684 1857 Cecilie
714 1827 889 1866 presbyteri
917 1827 1112 1864 cardinalis,

104 1881 189 1920 quod
207 1881 294 1911 idem
320 1881 513 1918 cardinalis,
540 1885 616 1910 tunc
633 1882 666 1910 in
691 1881 756 1911 illis
779 1881 920 1919 partibus
943 1882 1113 1919 apostolice

104 1935 188 1965 sedis
202 1935 326 1973 legatus
338 1959 345 1971 ,
365 1935 526 1973 quoddam
542 1935 737 1965 beneficium
754 1935 1017 1970 ecclesiasticum,
1035 1935 1114 1964 alte-

103 1989 231 2026 ragium
261 1988 476 2018 communiter
507 1988 645 2023 dictum,
677 1988 762 2025 quod
779 1988 988 2017 ,venerabilis
1018 1989 1113 2017 frater

103 2047 212 2072 noster
226 2041 272 2076 S„
288 2041 482 2071 parisiensis
498 2041 675 2080 episcopus,
687 2045 761 2070 ante
774 2042 1004 2079 promotionem
1021 2050 1114 2070 suam

103 2095 143 2126 ad
163 2095 375 2125 Parisiensem
399 2094 564 2124 ecclesiam
586 2095 621 2123 in
643 2094 759 2124 diocesi
781 2094 937 2124 Remensi
956 2095 1111 2125 obtinuit.

103 2157 160 2187 per
190 2148 326 2178 liberam
359 2148 609 2185 resignationem
639 2147 740 2185 ipsius
771 2148 907 2186 episcopi
939 2148 1052 2177 factam
1080 2148 1113 2177 in

104 2202 256 2231 manibus
272 2201 350 2231 dicti
365 2200 540 2230 cardinalis
555 2205 586 2230 et
601 2200 641 2230 ab
657 2209 694 2230 eo
708 2201 881 2230 admissam
896 2205 971 2230 tune
987 2210 1112 2237 vacans,

104 2264 177 2285 cum
196 2254 281 2285 nulli
302 2254 358 2284 alii
377 2254 546 2284 deberetur
562 2254 601 2284 de
613 2255 704 2293 jure.
723 2254 806 2284 dicto
825 2254 939 2284 clerico
956 2263 1010 2284 sue
1029 2255 1114 2292 lega-

105 2308 204 2339 tionis
227 2308 413 2338 auctoritate
435 2307 588 2342 contulit,
613 2307 740 2346 sibique
761 2308 899 2346 providit
920 2307 958 2336 de
983 2307 1053 2342 illo„
1080 2317 1115 2338 ac

107 2370 199 2399 eum,
222 2362 289 2391 sive
310 2365 546 2399 procuratorem
572 2369 667 2390 suum
691 2369 746 2399 pro
768 2360 844 2396 illo,
867 2360 940 2390 fecit
962 2361 994 2389 in
1017 2361 1116 2400 ipsius

107 2414 303 2453 corporalem
318 2413 550 2452 possessionem
565 2413 688 2450 induci,
701 2413 867 2452 dictusque
886 2413 1020 2443 clericus
1035 2413 1117 2443 illud

106 2467 296 2507 aliquandiu
316 2467 453 2506 possedit
472 2466 602 2505 pacifice
623 2471 652 2496 et
675 2467 791 2505 quiete.
812 2467 933 2496 Verum
954 2467 1118 2496 venerabi-

106 2521 147 2551 lis
160 2521 259 2551 frater
275 2524 384 2550 noster
402 2520 527 2557 Petrus,
546 2520 716 2550 Remensis
733 2520 1002 2559 archiepiscopus,
1019 2519 1116 2549 colla-

107 2575 204 2605 tionis
219 2579 250 2604 et
264 2574 460 2613 provisionis
479 2582 543 2603 non
560 2574 714 2612 ignarus,
735 2574 812 2603 dnm
835 2573 919 2603 idem
945 2573 1118 2602 cardinalis

107 2632 190 2658 esset
206 2628 242 2657 in
264 2628 408 2667 procintu
425 2627 463 2656 ad
480 2627 588 2656 sedem
610 2627 763 2656 veniendi
782 2627 916 2656 eandem
931 2651 937 2662 ,
955 2627 1037 2656 dicto
1053 2626 1117 2656 cle-

108 2681 174 2711 rico
188 2681 228 2711 ab
244 2681 355 2711 eodem
371 2685 477 2710 amoto
490 2680 658 2715 beneficio,
675 2680 755 2710 illud
774 2680 952 2710 Guillermo
969 2680 1007 2709 de
1021 2680 1118 2718 Aspe-

108 2739 272 2770 romonte‚
293 2735 447 2764 canonico
472 2733 687 2769 Virdunensi,
705 2742 760 2772 pro
781 2742 838 2762 sua
855 2733 991 2762 contulit
1008 2732 1119 2762 volun-

111 2791 194 2823 tate3
224 2786 292 2824 ipse
321 2795 447 2825 quoque
479 2785 680 2816 Guillermus
696 2810 703 2822 ,
734 2795 791 2816 sua
822 2786 921 2816 fultus
957 2787 1094 2824 potentia
1109 2809 1116 2821 ,

109 2839 304 2870 beneficium
330 2839 487 2878 prefatum
505 2839 644 2869 detinuit
664 2840 882 2877 postmodum,
900 2843 930 2868 et
944 2838 1048 2868 adhuc
1063 2837 1118 2867 de-

112 2894 191 2923 tinet
212 2896 418 2931 occupatum,
435 2900 500 2922 non
517 2893 636 2931 absque
660 2892 735 2922 dicti
753 2892 924 2922 cardinalis
942 2892 1063 2929 injuria
1089 2895 1119 2920 et

110 2947 213 2987 ipsius
234 2945 342 2976 clerici
364 2945 539 2985 prejudicio
565 2951 595 2976 et
615 2946 820 2984 gravamine,
847 2954 941 2983 super
964 2953 1026 2984 quo
1051 2944 1118 2982 ipse

110 3000 264 3037 clericus,
287 3008 361 3029 cum
384 2999 571 3038 hujusmodi
593 2999 733 3037 potentie
758 2999 905 3028 resistere
929 3003 1066 3036 nequeat
1090 3002 1120 3026 et

112 3062 204 3084 suam
221 3053 256 3083 in
271 3052 338 3083 illis
357 3052 499 3092 partibus
515 3056 626 3082 contra
641 3051 857 3082 Guillermum
875 3050 1013 3080 eundem
1032 3049 1118 3087 justi·

1177 443 1252 472 tiam
1279 443 1441 479 obtinere,
1468 442 1627 481 provideri
1650 451 1668 471 a
1692 442 1783 471 nobis
1810 441 1976 471 humiliter
1998 442 2178 480 postulavit.

1176 496 1330 525 Nolentes
1346 496 1452 534 itaque
1470 496 1553 525 dicto
1568 495 1683 525 clerico
1700 495 1734 524 in
1756 504 1811 524 suo
1823 495 1896 533 jure
1912 494 2037 531 deesse,
2054 496 2108 533 qni
2127 504 2180 525 su-

1177 558 1249 578 mus
1264 549 1413 578 omnibus
1432 548 1466 577 in
1481 548 1606 587 justitia
1623 548 1797 584 debitores,
1816 547 1868 576 sed
1887 547 1915 576 ei
1932 548 2034 585 potius
2050 547 2182 577 obtentu

1178 602 1253 631 dicti
1278 601 1450 631 cardinalis
1476 601 1586 631 adesse
1613 600 1770 637 volentes,
1798 600 1982 630 discretioni
2003 606 2104 630 vestre
2129 610 2183 638 per

1178 655 1348 693 apostolica
1371 655 1485 693 scripta
1501 654 1692 684 mandamus
1708 658 1866 692 quatenus
1888 662 1957 689 voss,
1975 658 2029 683 aut
2047 654 2109 683 duo
2127 663 2183 683 seu

1182 717 1264 737 unus
1284 714 1443 741 vestrum,
1463 717 1517 746 pei·
1534 716 1587 737 vos
1612 707 1660 736 vel
1681 707 1780 736 alium
1805 711 1859 736 aut
1878 706 1975 742 alios,
1994 707 2184 736 canonicum

1180 762 1285 800 ipsum
1301 770 1336 790 ex
1353 765 1438 800 parte
1455 765 1563 790 nostra
1578 761 1733 790 moneatis
1746 760 1913 790 efficaciter
1931 768 1966 789 ac
1982 761 2077 789 etiam
2093 759 2184 789 indu-

1181 814 1258 844 catis
1275 819 1308 843 ut
1326 814 1516 843 beneficium
1532 814 1648 852 ipsum,
1666 822 1739 842 cum
1755 813 1911 842 fructibus
1926 813 2002 842 inde
2019 813 2184 851 perceptis,

1183 871 1213 896 et
1230 875 1290 904 qne
1312 866 1429 904 percipi
1453 871 1639 904 potuerunt,
1659 865 1729 894 sine
1750 865 1951 902 difficultate,
1969 865 2082 895 clerico
2099 865 2186 894 resti-

1186 923 1249 948 tuat
1274 923 1463 955 memorato,
1490 927 1627 956 eumque
1650 917 1729 947 illud
1755 918 1913 956 permittat
1937 918 2066 952 pacifice
2090 917 2189 955 possi-

1185 972 1270 1002 dere.
1286 972 1377 1007 Quod
1393 973 1419 1000 si
1435 971 1565 1001 monitis
1584 971 1698 1000 nostris
1717 970 1918 1008 acquiescere
1935 971 2014 1000 sorte
2029 974 2186 1008 contemp-

1185 1025 1276 1061 serit,
1295 1034 1349 1054 vos
1373 1033 1502 1053 cansam
1525 1023 1712 1062 hujusmodi
1735 1023 1870 1052 audiatis
1893 1028 1924 1052 et
1943 1032 2011 1053 eam
2031 1024 2116 1052 infra
2135 1032 2190 1053 sex

1185 1087 1312 1108 menses
1325 1078 1461 1116 judicio,
1480 1077 1546 1113 vel,
1565 1078 1590 1106 si
1607 1077 1644 1106 de.
1658 1077 1797 1115 partium
1812 1076 1972 1105 voluntate
1988 1077 2187 1114 processerit,

1185 1131 1353 1161 concordia
1379 1132 1551 1160 terminare
1577 1130 1705 1159 curetis
1729 1129 1883 1168 Alioquin
1908 1138 1944 1158 ex
1967 1133 2042 1159 tunc
2063 1129 2191 1159 eosdem

1186 1185 1459 1223 archiepiscopum
1476 1188 1506 1213 et
1524 1184 1714 1213 canonicum
1734 1182 1944 1220 peremptorie
1959 1183 2054 1212 citare
2075 1182 2192 1212 curetis

1187 1244 1221 1267 ut
1240 1238 1325 1267 infra
1345 1238 1424 1267 duos
1448 1246 1575 1266 menses
1602 1240 1669 1275 post
1696 1236 1876 1265 citationem
1894 1235 2080 1274 hujusmodi
2106 1235 2193 1265 idem

1187 1292 1360 1320 canonicus
1386 1289 1613 1328 personaliter,
1637 1289 1891 1326 archiepiscopus
1914 1297 1988 1319 vero
2010 1298 2064 1327 per
2087 1298 2119 1318 se
2143 1287 2194 1318 vel

1189 1353 1243 1382 per
1261 1348 1494 1383 procuratorem
1511 1343 1690 1381 ydoneum.
1709 1350 1780 1371 euni
1797 1341 1948 1370 omnibus
1964 1341 2051 1374 actis,
2067 1341 2195 1380 juribus

1190 1401 1219 1426 et
1235 1397 1448 1427 munimentis
1466 1396 1532 1425 suis
1557 1395 1742 1433 hujusmodi
1765 1403 1892 1424 causan]
1915 1394 2192 1432 contingentibus,

1190 1450 1361 1490 apostolico
1377 1459 1409 1479 se
1427 1449 1610 1488 conspectui
1631 1453 1866 1486 representent,
1884 1447 1966 1477 dicto
1982 1448 2097 1478 clerieo
2112 1447 2197 1486 apud

1191 1504 1299 1533 sedem
1321 1503 1455 1533 eandem
1478 1502 1654 1532 exhibituri
1673 1501 1830 1540 justitiam
1849 1506 1879 1531 et
1899 1501 1978 1530 alias
1997 1510 2052 1540 pro
2072 1501 2196 1530 meritis

1192 1556 1361 1595 recepturi.
1392 1556 1465 1585 Non
1492 1555 1674 1585 obstante...
1705 1554 1776 1583 Dat.
1803 1553 1885 1591 apud
1914 1554 2194 1588 Urbemveterem‚

1192 1620 1246 1640 xni
1262 1609 1414 1639 kalendas
1432 1608 1560 1646 aprilis,
1576 1615 1662 1637 anno
1681 1611 1804 1645 quarto.
1821 1619 1833 1633 ›

1263 1787 1383 1817 4660

1231 1851 1364 1877 Facultas
1380 1849 1543 1876 conferendi
1560 1849 1707 1875 beneficia.
1725 1848 1808 1881 (nm.
1825 1849 1867 1879 46,
1885 1857 1910 1875 c.
1925 1848 1967 1879 86,
1984 1849 2003 1874 f.
2024 1849 2052 1874 Π
2069 1852 2118 1878 v⁰.l

1766 1786 1892 1819 Ori-iem,
1912 1786 1941 1812 15
1958 1793 2033 1811 mars
2052 1785 2128 1812 1291.

1235 1953 1348 1982 Matheo
1365 1954 1399 1982 de
1413 1952 1593 1989 Columpna,
1606 1952 1753 1988 preposito
1769 1951 1885 1980 ecclesie
1899 1951 2003 1980 Sancti
2017 1951 2198 1987 Ααάονηανί,

1196 2008 1376 2036 Μονῐηεηεῐε
1399 2006 1539 2039 diocesis,
1557 2005 1713 2042 capellano
1731 2009 1845 2033 nostro.
1870 2004 1905 2032 Ei
1925 2003 2107 2033 facultatem
2127 2012 2202 2033 con-

1197 2059 1279 2089 cedit
1297 2058 1471 2097 recipiendi
1488 2063 1517 2087 et
1536 2058 1676 2087 faciendi
1693 2057 1790 2095 recipi
1808 2057 1886 2086 duos
1905 2056 2035 2086 clericos
2053 2057 2152 2094 ipsius
2168 2057 2202 2085 in

1197 2113 1332 2143 ecelesia
1349 2113 1455 2142 Sancti
1472 2112 1664 2147 Andomari,
1680 2112 1714 2140 in
1730 2120 1792 2149 qua
1808 2110 1934 2140 collatio
1950 2110 2204 2148 praebendarum

1196 2167 1236 2196 ad
1264 2167 1371 2205 ipsum
1403 2165 1617 2204 praepositum
1647 2164 1750 2194 solum
1776 2164 1932 2202 pertinet,
1963 2164 2099 2201 receptio
2129 2172 2204 2193 vero

1196 2221 1424 2250 canonicorum
1450 2218 1489 2247 ad
1517 2219 1623 2256 ipsum
1649 2223 1679 2247 et
1705 2216 1879 2256 capitulum
1908 2216 2141 2252 communiter,
2168 2216 2204 2245 in

1197 2274 1367 2303 canonicos
1384 2277 1413 2302 et
1428 2272 1463 2301 in
1482 2272 1610 2306 fratres,
1629 2276 1660 2300 et
1678 2270 1866 2309 providendi
1889 2270 2014 2308 utrique
2037 2278 2148 2299 eorum
2165 2269 2204 2299 de

1198 2325 1390 2365 praebenda.

1240 2390 1254 2405 α
1273 2379 1339 2408 Tue
1356 2378 1536 2408 devotionis
1556 2377 1778 2406 inducimur...
1798 2393 1837 2399 —
1860 2376 1932 2405 Dat.
1957 2376 2039 2414 apud
2066 2375 2204 2405 Urbem-

1199 2436 1350 2465 veterem,
1369 2431 1476 2460 idibus
1494 2430 1619 2466 martii,
1637 2438 1722 2459 anno
1739 2434 1866 2468 quarto.
1884 2441 1898 2455 »

1269 2616 1522 2645 4831-48'2’2
1768 2615 1894 2649 OrvietQ
1911 2615 1945 2642 23
1961 2623 2038 2641 mars
2054 2615 2132 2642 1-291.

1235 2680 1442 2714 Indulgentiae.
1459 2679 1541 2713 (Rae.
1558 2679 1602 2712 46,
1618 2687 1643 2705 c.
1661 2678 1703 2709 87,
1722 2679 1740 2705 f.
1762 2679 1790 2704 17
1807 2680 1859 2710 vo.)

1242 2783 1393 2812 Lfnz'versz's
1416 2782 1530 2811 Christi
1551 2782 1688 2818 fidelibus
1705 2786 1856 2818 presentes
1876 2780 1992 2809 litteras
2013 2780 2202 2817 inspecturis.

1201 2825 1440 2872 Indulgentiam
1463 2834 1559 2864 unius
1574 2834 1651 2863 anni
1666 2839 1696 2863 et
1711 2842 1750 2862 xp
1772 2833 1898 2862 dierum
1914 2833 2058 2863 concedit
2072 2833 2205 2862 visitan-

1202 2889 1286 2918 tibus
1301 2888 1468 2918 ecclesiam
1486 2887 1599 2917 Beatae
1615 2887 1736 2916 Mariae
1750 2887 1788 2916 de
1802 2886 2005 2916 Grandivilla
2018 2887 2052 2915 in
2065 2887 2207 2925 periculo

1201 2942 1315 2977 maris,
1333 2940 1588 2970 Constantieusis
1604 2940 1758 2970 dioecesis
1769 2963 1776 2976 ,
1794 2940 1828 2968 in
1845 2943 2027 2969 sauctorum
2053 2939 2206 2978 Stephani

1202 2998 1231 3024 et
1249 2993 1374 3024 Nicolai
1399 2993 1639 3029 festivitatibus,
1664 3002 1719 3031 per
1742 2998 1810 3022 octo
1834 2992 1902 3022 dies
1927 2998 2094 3030 sequentes
2117 2997 2148 3023 et
2171 2994 2207 3023 in

1200 3046 1421 3077 anniversario
1435 3046 1488 3076 die
1504 3045 1713 3076 dedicationis
1729 3045 1873 3083 ejusdem
1890 3044 2051 3074 ecclesiae.
