2342 3652
608 340 826 379 PREMOERE
849 339 1003 378 ANNEE.
1026 363 1068 370 —
1088 347 1273 378 LETTRES
1295 348 1517 379 (mammas.
2048 352 2101 380 127

32 428 47 444 ι
64 416 149 446 Licet
161 415 195 445 in
211 415 320 453 regula
335 415 490 445 abbatisse
504 419 534 445 et
547 423 691 445 sororum
708 415 891 444 monasterii
909 414 1022 444 Sancte

29 469 118 512 Clare
133 468 171 498 de
185 468 290 498 Asisio
305 468 505 498 contineatur
515 477 658 506 expresse
674 471 704 497 ut
718 467 811 497 illum
826 466 1021 497 cardinalem

29 526 132 552 sancte
161 529 290 550 romane
313 521 442 551 ecclesie
472 522 505 550 in
532 521 788 558 gubernatorem,
815 524 1020 558 protectorem

29 579 118 614 atque
131 578 337 604 correctorem
349 577 514 603 teneantur
530 574 655 608 hahere,
669 574 722 612 qui
735 573 937 610 gubernator,
954 581 1019 610 pro·

29 630 122 658 tector
136 632 227 665 atque
250 631 405 656 corrector
427 627 549 656 ordinis
573 626 706 655 fratrum
733 626 893 655 minorum
908 634 926 654 a
948 624 1021 654 sede

28 679 191 720 apostolica
204 679 301 709 fuerit
320 679 497 718 deputatus,
517 679 634 717 tibique
653 678 850 716 gubernatio,
873 678 1021 715 protectio

28 736 117 771 atque
149 731 299 761 correctio
334 732 464 771 predicti
497 732 618 762 ordinis
646 731 780 760 fratrum
810 731 972 760 minorum
1003 738 1021 758 a

27 785 142 824 prefata
164 785 227 814 sint
254 784 327 814 sede
356 785 540 821 commisse,
568 784 607 813 ad
633 793 728 813 omne
758 788 862 812 tamen
888 783 1021 812 dubium

29 837 267 874 excludendum⁷
285 839 479 876 presentium
506 837 560 866 tibi
583 836 768 866 auctoritate
791 836 1020 866 committimus

27 890 303 931 gubernationem,
330 891 556 928 protectionem
583 894 675 928 atque
708 889 933 919 correctionem
964 889 1020 918 ab·

27 944 153 980 natissa,
171 952 314 973 sororum
330 948 359 973 et
384 943 568 973 monasterii
585 942 809 981 predictorum,
837 952 945 972 curam
970 944 1018 981 ip-

0 1029 1 1035 ,
27 1005 129 1029 sorum
158 1000 188 1026 et
217 996 362 1034 regimen
393 997 428 1026 in
458 995 676 1035 spiritualibus
709 1001 739 1026 et
770 996 1017 1034 temporalibus,

0 1044 1 1054 ¹
27 1058 147 1082 necnon
165 1044 373 1079 servitialium
395 1053 425 1078 et
448 1048 657 1078 familiarium
678 1049 883 1084 eorumdem,
912 1058 1020 1079 conce-

27 1097 132 1135 dentes
155 1103 210 1133 tibi
232 1103 382 1132 visitandi
401 1111 436 1132 ac
453 1102 648 1132 reformandi
666 1104 895 1132 monasterium
915 1104 1018 1141 ipsum

27 1161 57 1188 et
66 1155 242 1194 corrigendi
257 1160 319 1185 tam
332 1156 365 1185 in
378 1156 478 1194 capite
490 1164 587 1194 quam
601 1155 634 1184 in
651 1155 816 1192 membris,
828 1156 1019 1186 instituendi

27 1218 148 1250 quoque
170 1213 200 1239 et
225 1209 419 1239 destituendi
440 1209 631 1238 abbatissam
651 1213 681 1238 et
704 1218 854 1247 personas
875 1209 954 1238 alias
984 1209 1018 1238 in

27 1262 212 1294 monasterio
225 1265 416 1298 memorato,
432 1261 604 1291 ordinandi
623 1262 717 1291 etiam
733 1270 739 1298 3
757 1262 915 1291 statuendi
929 1287 935 1299 ,
955 1262 1018 1292 dis-

26 1316 177 1356 ponendi,
209 1315 403 1354 precipiendi
432 1319 461 1345 et
486 1315 625 1345 faciendi
659 1315 812 1354 quicquid
844 1315 963 1345 salubri
990 1321 1020 1345 et

27 1377 168 1410 prospero
180 1369 273 1398 statui
288 1369 501 1407 predictorum
513 1368 685 1404 abbatisse,
698 1377 853 1405 sororum,
871 1369 1019 1398 servitia-

27 1423 116 1461 lium,
133 1422 339 1452 familiarium
358 1431 566 1461 personarum
591 1426 620 1452 et
645 1423 829 1452 monasterii
852 1432 907 1461 per
926 1426 954 1452 te
970 1422 1019 1452 vel

28 1485 81 1516 per
93 1475 228 1516 aliquem
251 1485 305 1506 seu
323 1475 447 1515 aliquos
473 1476 584 1505 [ratres
606 1476 746 1514 ydoneos
771 1476 893 1506 ordinis
910 1476 1018 1505 mino-

28 1538 98 1560 rum
119 1529 235 1559 videris
253 1529 410 1567 expedire.
437 1529 508 1558 Dat.
530 1529 647 1565 Reate,
673 1538 705 1557 111
726 1529 797 1558 idus
816 1529 1017 1567 septembriS,

28 1590 109 1613 anno
124 1583 234 1621 primo.
255 1594 268 1608 n

94 1768 177 1798 82¹2

62 1829 195 1861 Mathaeo,
209 1829 329 1857 Sanctae
345 1829 449 1856 Mariae
466 1831 492 1856 in
507 1829 623 1856 l'orticu
639 1829 758 1856 diacono
769 1829 913 1861 cardinali,
930 1830 1016 1856 facul-

31 1881 110 1906 tatem
124 1879 252 1906 concedit
266 1879 428 1914 praestandi
443 1887 615 1905 consensum
633 1879 851 1908 alienationibus
866 1882 894 1905 et
908 1879 1019 1913 obliga-

29 1927 149 1955 tionibus
170 1936 186 1954 a
204 1929 334 1962 personis
356 1928 464 1954 ordinis
485 1927 605 1954 Sanctae
626 1926 723 1954 Clarae
747 1928 838 1954 factis.
860 1927 946 1960 (Rea.
971 1928 1018 1961 44,

29 1983 54 2004 c.
69 1977 110 2009 58.
124 1977 142 2004 f.
158 1977 191 2005 99
207 1984 254 2008 νος
271 1977 388 2011 ΡοττΗ.,
405 1977 513 2009 2²:799.)

533 1767 626 1799 Rieti.
645 1768 674 1794 11
692 1767 853 1802 septembre
870 1767 947 1794 1288.

65 2079 176 2110 Eidem.
195 2091 209 2106 «ι
226 2079 270 2110 Ut
288 2084 331 2116 tu,
349 2080 400 2110 cui
415 2080 682 2110 monasteriorum
697 2085 727 2110 et
744 2088 952 2119 personarum
973 2088 1018 2109 or-

30 2131 110 2162 dinis
125 2131 236 2163 Sancte
247 2132 340 2163 Clare
357 2141 432 2163 cura
448 2137 494 2162 est
508 2133 547 2162 ab
561 2132 730 2171 apostolica
749 2132 821 2163 sede
837 2132 1019 2169 commissa,

31 2184 95 2224 ipsa
117 2186 305 2215 monasteria
332 2188 361 2215 et
389 2193 539 2224 personas
563 2185 723 2215 salubrius
748 2185 890 2223 expedite
920 2185 1021 2222 magis

30 2237 130 2268 valeas
143 2238 330 2276 gubernare,
346 2238 402 2269 tibi
419 2238 581 2277 prestandi
600 2239 669 2269 vice
682 2243 791 2269 nostra
807 2243 836 2268 et
851 2238 1021 2276 cujuslibet

30 2289 155 2320 alterius
166 2291 315 2321 ordinarii
331 2291 381 2321 vel
394 2291 517 2330 prelati,
536 2300 572 2321 cu
576 2292 628 2330 jus
639 2292 745 2322 forsan
759 2300 852 2330 super
868 2291 926 2321 hoc
942 2291 1021 2320 foret

31 2344 234 2383 requirendus
256 2353 422 2381 assensus,
442 2354 496 2384 per
525 2350 552 2375 te
574 2345 624 2375 vel
648 2354 703 2384 per
726 2345 827 2375 alium
852 2354 906 2374 seu
925 2344 1019 2380 alios,

32 2397 141 2436 quihus
158 2397 218 2429 hoc
232 2398 409 2437 specialiter
430 2403 462 2428 tu
485 2399 614 2428 duxeris
637 2398 918 2434 committendum,
943 2405 1020 2427 con-

32 2458 154 2481 sensum
172 2452 466 2490 permutationibus,
485 2451 734 2490 obligationibus
750 2451 800 2481 vel
815 2450 1021 2481 alienationi—

32 2503 88 2534 bus
95 2505 356 2544 quibuscumque,
367 2514 429 2544 que
439 2505 477 2535 de
490 2506 594 2543 rebus,
608 2506 701 2536 honis
715 2510 744 2535 et
757 2506 882 2544 juribus
893 2513 1020 2534 monas-

31 2556 177 2587 teriorum
204 2557 278 2587 dicti
305 2558 426 2588 ordinis
451 2558 646 2596 presentium
663 2563 693 2588 et
709 2559 891 2588 futurorum
915 2557 964 2587 vel
981 2557 1021 2586 ad

32 2608 96 2648 ipsa
104 2611 316 2649 spectantibus
328 2611 523 2641 occurrerint
536 2611 689 2648 faciende,
706 2620 830 2642 necnon
839 2615 869 2641 et
880 2616 1020 2641 contrac-

32 2661 111 2694 tibus
125 2664 178 2703 qui
193 2673 287 2703 super
302 2664 364 2694 hiis
380 2664 470 2700 fient,
483 2664 608 2702 plenam
619 2665 824 2695 concedimus
837 2664 1022 2694 auctoritate

33 2716 219 2754 presentium
233 2716 426 2747 facultatem.
447 2717 517 2746 Dat.
537 2721 570 2746 ut
592 2725 695 2755 supra.
716 2729 729 2744 »

67 2960 116 2993 M..
137 2962 256 2990 Sanctae
272 2963 376 2990 Mariae
392 2965 418 2990 iu
434 2963 549 2990 Porticu
566 2963 684 2990 diacono
701 2964 844 2998 cardinali,
861 2964 1024 2991 facultatem

34 3009 160 3037 concedit
174 3011 337 3038 absolvendi
347 3012 381 3038 ab
393 3011 695 3038 excommunicationis
705 3014 844 3038 sententia
857 3019 970 3038 sorores
981 3020 1025 3038 01·-

541 2900 629 2931 Rieti,
650 2901 676 2926 ll
696 2901 858 2936 septembre
876 2901 952 2928 1288.

1103 413 1178 439 dinis
1195 413 1315 440 Sanctae
1327 414 1423 441 Clarae
1440 420 1466 441 et
1479 415 1615 449 quasdam
1631 415 1700 442 alias
1711 423 1854 450 personas.
1868 415 1949 450 (Rae.
1963 416 2004 447 44,
2019 425 2043 442 c.
2057 418 2100 449 59,

1102 461 1120 487 f.
1138 461 1171 488 99
1187 468 1230 492 v⁰;
1248 462 1362 494 Por‘ffl„
1380 463 1487 496 ί2-2800.)

1143 577 1257 607 Eidem.
1277 590 1290 604 ι
1309 578 1389 608 Cum
1408 588 1483 609 cura
1499 580 1721 609 monasterii...
1738 596 1778 602 —
1793 580 1864 610 Dat.
1884 585 2039 620 utsupra.
2060 594 2073 608 ¹,

1174 748 1258 776 623

1138 809 1279 841 Mathaeo,
1292 810 1413 837 Sanctae
1430 811 1535 837 Mariae
1546 812 1573 837 in
1591 812 1706 839 Porticu
1717 813 1835 840 diacono
1851 814 1994 846 cardinali,
2007 819 2104 850 potes-

1103 861 1175 884 tates
1195 859 1326 885 concedit
1346 860 1374 885 in
1395 859 1521 886 ordinem
1547 860 1667 887 Sanctae
1692 862 1799 888 Clarae.
1825 862 1912 894 (Rae.
1936 864 1981 894 44,
2007 873 2032 890 c.
2055 865 2102 899 60,

1101 907 1121 933 f.
1138 907 1172 934 99
1189 914 1236 938 v⁰;
1256 907 1374 939 Pomm,
1391 908 1500 941 22801.)

1615 750 1708 782 Rieu,
1727 751 1755 776 vll
1774 752 1935 785 septembre
1954 753 2031 780 1288.

1142 1011 1246 1040 Eidem
1262 1015 1445 1049 potestatem
1460 1011 1604 1041 concedit
1618 1011 1803 1042 absolvendi
1820 1022 1969 1051 personas
1981 1015 2104 1045 ordinis

1103 1063 1237 1093 Sanctae
1260 1063 1372 1093 Clarae
1395 1064 1434 1093 ab
1460 1065 1800 1095 excommunicationis
1825 1067 1981 1096 sententia
2008 1077 2105 1106 quam

1102 1117 1307 1146 incurrerunt
1332 1121 1386 1146 aut
1408 1117 1575 1146 incurrent
1599 1126 1654 1155 pro
1675 1117 1814 1147 violenta
1838 1120 2010 1158 injectione
2037 1129 2105 1150 ma-

1102 1178 1205 1199 nnum
1222 1170 1255 1198 in
1266 1178 1299 1199 se
1312 1170 1412 1208 ipsas3
1432 1170 1638 1208 dispensandi
1654 1171 1805 1200 cumillis
1818 1173 1943 1210 quaein
1960 1173 2105 1211 eJ'usdem

1102 1222 1222 1252 ordinis
1241 1223 1443 1253 monasteriis
1464 1223 1647 1253 habuerunt
1666 1223 1716 1254 vel
1733 1224 1905 1255 habuerint
1922 1226 2105 1263 ingressum

1102 1285 1157 1314 per
1173 1277 1353 1314 symoniam
1370 1276 1420 1305 vel
1436 1276 1514 1305 alias
1535 1277 1661 1313 vitiose3
1683 1277 1871 1308 licentiandi
1892 1279 2017 1309 easdem
2033 1289 2105 1318 per-

1101 1337 1205 1365 sonas,
1223 1339 1332 1359 earum
1349 1330 1450 1368 culpis
1463 1329 1674 1367 exigentibus,
1690 1330 1730 1360 ad
1743 1330 1805 1360 alia
1819 1334 2010 1362 monasteria
2021 1333 2104 1372 ejus-

1102 1382 1174 1412 dem
1190 1383 1329 1420 ordinis;
1347 1382 1445 1412 dandi
1463 1383 1559 1412 etiam
1575 1382 1740 1413 licentiam
1758 1384 1909 1414 fratribus
1928 1386 2104 1416 minoribus

1102 1436 1199 1466 eundi
1219 1436 1258 1465 ad
1276 1436 1339 1465 alia
1359 1436 1551 1466 monasteria
1570 1436 1760 1466 monialium
1777 1437 1898 1467 ordinis
1915 1438 2024 1468 Sancti
2040 1439 2104 1469 Da-

1102 1490 1201 1518 miani
1225 1494 1254 1518 et
1280 1489 1413 1519 alterius
1434 1490 1664 1528 cujuscumque
1684 1499 1719 1520 ac
1744 1491 1777 1520 in
1801 1492 2003 1522 monasteriis
2029 1493 2105 1531 ipsis

1100 1543 1248 1572 morandi
1278 1551 1335 1581 pro
1365 1543 1621 1581 incorporatione
1657 1545 1923 1574 monasteriorum
1963 1546 2104 1584 ipsorum

1101 1595 1206 1624 eidem
1221 1595 1338 1625 ordini.

1143 1660 1156 1675 κ
1174 1648 1255 1678 Cum
1271 1657 1346 1679 cura
1364 1653 1465 1679 tam...
1482 1665 1522 1672 —
1539 1650 1609 1679 Dat.
1631 1655 1664 1680 ut
1682 1659 1787 1689 supra.
1809 1663 1821 1677 ι

1171 1821 1258 1850 630
1621 1822 1712 1855 Rieti,
1731 1824 1759 1850 11
1777 1824 1938 1858 septembre
1956 1824 2034 1852 1288.

1136 1882 1267 1910 Declarat
1284 1884 1517 1910 constitutionem
1539 1884 1651 1911 concilii
1673 1885 1876 1919 Lugdunensis
1892 1886 2000 1913 nullum
2021 1895 2104 1913 soro-

1102 1932 1182 1959 ribus
1198 1933 1362 1959 monasterii
1380 1932 1500 1959 Sanctae
1512 1932 1609 1960 Clarae
1624 1933 1659 1959 de
1675 1934 1791 1961 Assisio
1808 1935 2015 1970 praejudicium
2031 1936 2104 1962 latu-

1102 1990 1171 2008 ram.
1193 1982 1272 2013 (ΗΕΘ.
1289 1983 1332 2013 44,
1349 1990 1374 2008 c.
1392 1982 1435 2013 61,
1453 1983 1470 2009 s.
1491 1983 1540 2009 100
1556 1989 1597 2015 r⁰;
1618 1982 1732 2014 Porrfl..
1750 1984 1856 2016 22802.)

1142 2084 1262 2113 Dilectis
1286 2085 1320 2113 in
1343 2084 1461 2114 Christo
1484 2085 1606 2122 filiabus
1624 2109 1643 2115 ..
1665 2087 1809 2116 abbatisse
1829 2093 1856 2117 et
1877 2088 2029 2117 sororibus
2044 2096 2104 2117 mo-

1102 2137 1230 2166 nasterii
1245 2137 1352 2166 Sancte
1369 2137 1454 2167 Clare
1469 2138 1504 2167 de
1521 2139 1618 2168 Asisio
1636 2138 1774 2168 declarat
1789 2140 1828 2169 ad
1845 2148 1896 2169 eas
1920 2139 2104 2170 nullatenus

1103 2189 1335 2233 extendendam
1365 2191 1625 2220 constitutionem
1659 2191 1693 2220 in
1727 2192 1935 2230 Lugdunensi
1970 2193 2104 2223 concilio

1102 2242 1348 2281 promulgatam,
1363 2252 1424 2282 qua
1437 2243 1610 2281 Gregorius
1628 2244 1659 2274 X
1679 2256 1691 2270 α
1709 2245 1836 2274 ordines
1853 2245 2105 2276 mendicantium

1102 2295 1303 2325 confirmatos
1328 2296 1423 2325 etiam
1445 2306 1500 2335 per
1519 2297 1626 2326 sedem
1649 2297 1852 2335 apostolicam
1868 2302 1936 2336 post
1956 2299 2105 2336 generale

1102 2349 1276 2379 concilium
1298 2350 1482 2387 institutos,
1503 2351 1619 2389 quibus
1642 2351 1681 2381 ad
1705 2359 1878 2389 congruam
1905 2352 2105 2382 sustentatio-

1103 2410 1177 2432 nem
1193 2407 1247 2432 aut
1265 2408 1435 2441 proventus
1460 2403 1610 2441 professio
1629 2404 1693 2433 sive
1709 2404 1819 2442 regula
1836 2409 1891 2434 ant
1905 2405 2104 2435 constitutio-

1102 2463 1159 2484 nes
1175 2455 1316 2493 quelibet
1331 2455 1538 2492 interdicunt,
1559 2460 1642 2486 certo
1662 2457 1754 2486 modo
1770 2457 1978 2487 succidendos
1994 2457 2103 2486 decre-

1103 2509 1184 2537 vit...
1204 2520 1217 2534 n

1145 2573 1158 2588 α
1178 2561 1368 2592 Constitutio
1381 2562 1482 2592 felicis
1498 2563 1761 2592 reeordationis...
1772 2579 1811 2585 —
1827 2564 1897 2593 Dat.
1915 2568 1948 2592 ut
1963 2572 2068 2601 supra.
2087 2575 2100 2590 »

1174 2735 1255 2764 631
1714 2735 1805 2766 Rieti,
1827 2736 1854 2761 11
1873 2736 1937 2761 aont
1956 2735 2033 2764 1288.

1137 2798 1341 2832 Indulgentiae,
1360 2797 1441 2831 (Rae.
1460 2798 1503 2829 44,
1519 2805 1544 2823 c.
1562 2797 1609 2829 6‘2,
1628 2798 1645 2823 si
1666 2797 1714 2823 100
1730 2805 1771 2830 r⁰3
1790 2797 1904 2828 Pom-rin,
1922 2797 2031 2829 22769.)

1148 2901 1297 2930 Universz‘s
1311 2900 1423 2929 Christi
1448 2899 1583 2936 fidelibus
1606 2904 1755 2936 presentes
1774 2900 1890 2928 mseras
1911 2900 2102 2937 inspecturis.

1108 2965 1121 2980 ι
1148 2953 1228 2982 Loca
1255 2956 1437 2982 sanctorum
1460 2952 1644 2982 omnium...
1672 2951 1843 2991 Cupientes
1870 2952 1966 2990 igitur
1994 2955 2026 2981 nt
2053 2960 2104 2981 ec-

1106 3005 1201 3036 clesia
1228 3005 1342 3035 Sancte
1373 3006 1473 3035 Marie
1499 3005 1628 3043 Major-is
1660 3005 1697 3035 de
1727 3005 1832 3042 Urbe,
1858 3006 1948 3044 cujus
1974 3005 2105 3043 quidem
