2477 3637
261 378 316 406 538
1004 368 1240 400 REGISTRES
1262 369 1316 398 DE
1339 368 1522 399 NICOLAS
1546 369 1601 398 IV.

264 441 376 480 populo
404 439 586 473 Perusinis,
615 437 789 474 Bulgarum
804 459 812 473 ,
844 442 917 466 tnnc
947 437 1083 475 priorem
1111 434 1262 465 ecclesiae

259 493 365 522 Sancti
379 491 539 521 Jobannis
555 491 593 520 de
610 490 770 525 Marsauo,
787 489 960 519 Perusinae
976 489 1139 523 dioecesis,
1157 488 1260 518 eidem

259 545 409 576 ecclesiae
426 544 578 583 praeficit.

299 611 310 624 «ι
332 597 435 627 Ollicii
454 597 552 626 nostri
575 596 705 626 nobis...
724 611 764 618 —
783 596 853 625 Dat.
876 595 956 634 apud
981 596 1260 632 Urbemveterem,

259 660 301 679 1111
320 651 391 679 idus
404 650 557 687 januarii,
575 658 660 678 anno
679 649 780 678 tertio.
803 660 816 675 n

300 704 333 732 ln
351 712 376 731 e.
396 712 437 732 m.
459 701 597 740 capitulo
613 702 771 731 Perusino
787 701 919 731 mandat
942 706 975 731 ut
993 702 1095 732 eidem
1117 702 1261 742 episcopo

257 756 392 786 debitam
410 755 624 785 obedientiam
643 755 800 793 praebeat.

297 809 332 838 ln
350 819 376 838 e.
395 817 438 837 m.
458 808 542 838 clero
558 808 696 838 civitatis
709 812 739 838 et
752 808 906 838 dioecesis
922 809 1110 839 Perusinae.

298 862 333 891 Iu
350 870 376 890 e.
396 870 438 891 111.
457 860 571 900 populo
587 861 725 891 civitatis
741 865 771 891 et
786 860 937 892 dioecesis
954 862 1139 892 Perusinae.

327 1060 444 1090 3940
747 1059 874 1094 Orvieto,
894 1061 925 1088 ¹9
941 1060 1093 1088 decembre
1111 1061 1187 1089 1290.

292 1120 495 1148 Descnsionem
515 1122 664 1156 hospitalis
687 1122 783 1148 Sancti
805 1122 930 1148 Tbomae
951 1123 979 1149 in
1002 1123 1113 1150 Formis
1132 1123 1166 1150 de
1185 1123 1261 1151 Urbe

256 1170 351 1201 I'etro,
371 1171 467 1197 Sancti
485 1171 571 1197 Marci
588 1172 755 1206 presbytero
775 1172 919 1203 cardinali,
937 1173 1100 1199 committit.
1116 1173 1199 1206 (Rso.
1215 1174 1260 1209 45,

255 1228 280 1245 e.
297 1219 359 1250 631,
376 1220 394 1246 r.
415 1220 461 1246 HS
479 1221 525 1252 w.)

295 1322 390 1357 Petro,
411 1322 495 1351 tituli
510 1322 614 1351 Sancti
629 1323 723 1351 Marci
736 1323 907 1360 presbytero
924 1324 1091 1359 cardinali,
1105 1332 1215 1353 curam
1231 1328 1261 1354 et

254 1374 473 1404 defensionem
503 1374 670 1413 hospitalis
700 1374 809 1405 Sancti
841 1375 982 1406 Thomae
1006 1377 1041 1406 in
1071 1377 1196 1407 Formis
1223 1378 1261 1408 de

256 1426 358 1461 Urbe,
375 1426 414 1455 ad
437 1435 604 1456 romanam
628 1427 794 1457 ecelesiam
813 1428 904 1458 nullo
924 1429 1030 1460 medio
1052 1430 1258 1468 pertinentis,

254 1479 400 1509 omnium
431 1479 573 1509 locorum
603 1484 634 1509 et
663 1481 882 1511 membrorum
913 1481 1202 1514 ecclesiasticorum
1231 1488 1262 1514 et

254 1531 494 1562 mundanorum
517 1533 547 1562 ei
571 1533 802 1572 subjectorum,
822 1534 1024 1575 aliorumque
1046 1535 1201 1566 bonorum
1220 1537 1260 1568 ad

254 1583 335 1613 illud
353 1586 574 1623 spectantium,
593 1595 629 1616 ac
645 1595 853 1625 personarum
869 1587 1051 1628 hospitalis,
1068 1589 1211 1620 locorum
1231 1594 1262 1621 et

252 1637 470 1667 membrorum
486 1639 720 1676 praedictorum
737 1641 916 1671 committit.

296 1702 310 1716 ιι
326 1690 475 1729 Snscepte
493 1692 653 1722 servitutis
670 1694 849 1742 officium-m
870 1712 909 1716 —
927 1695 998 1725 Dat.
1017 1697 1101 1736 apud
1121 1697 1259 1728 Urbem-

253 1747 402 1778 veterem,
420 1753 488 1773 xiiii
504 1744 658 1775 kalendas
670 1746 822 1784 januarii,
840 1756 926 1779 anno
943 1749 1044 1780 tertio.
1064 1762 1078 1777 »

323 1949 434 1978 3941

290 2010 401 2038 Fratres
417 2012 568 2048 hospitalis
582 2012 680 2040 Sancti
691 2013 834 2042 Jobannis
844 2014 1072 2045 Jerosolimitani
1087 2018 1261 2049 Parisiensis

253 2064 334 2095 rogat
351 2064 381 2088 nt
398 2082 416 2087 ..
432 2061 596 2089 abbatissae
616 2066 645 2090 et
665 2065 818 2091 conventui
839 2067 1006 2100 monasterii
1025 2067 1147 2095 Sanctae
1163 2068 1260 2098 Clarae

253 2117 341 2144 prope
369 2109 498 2138 Parisius
520 2111 658 2146 quasdam
684 2116 775 2140 terras
799 2117 828 2141 et
854 2114 957 2142 domos
984 2117 1117 2145 censivas
1146 2119 1259 2147 cedant.

253 2158 334 2190 (Rae.
353 2160 395 2190 45,
412 2167 438 2187 c.
455 2160 516 2195 632,
532 2161 552 2187 f.
570 2161 620 2188 128
636 2169 678 2195 ¹¹⁰5
698 2161 813 2195 Porru„
829 2163 940 2197 ς23519.)

805 1952 934 1985 Orvieto‚
950 1954 1092 1990 4janvie1·
1109 1957 1188 1985 1291.

294 2310 314 2316 ..
331 2289 432 2325 priori
451 2293 477 2317 et
497 2290 649 2325 fratribus
668 2291 834 2329 Hospitalis
853 2293 959 2325 Sancti
976 2296 1128 2328 Johannts
1143 2299 1259 2329 Jeroso—

254 2339 393 2370 limitani
407 2341 599 2372 Parisiensis.

295 2404 308 2417 «
325 2392 426 2432 Super
441 2393 502 2424 hiis
517 2404 617 2434 que...
631 2413 671 2419 —
687 2397 756 2428 Dat.
776 2399 859 2438 apud
873 2400 1149 2442 Urbemveterem,
1169 2415 1190 2436 11
1206 2415 1260 2438 no-

253 2453 311 2474 nas
323 2446 478 2484 januarii,
499 2456 584 2479 anno
601 2450 704 2481 tertio.
724 2463 737 2478 n

323 2645 573 2678 3942-3948
747 2652 874 2689 Orvieto,
890 2655 924 2683 29
940 2656 1092 2686 decembre
1109 2659 1188 2688 ¹290.

288 2706 496 2742 Indulgentiae.
511 2710 593 2744 (Rso.
612 2712 655 2744 45,
672 2721 697 2740 c.
715 2714 777 2746 633,
794 2716 814 2743 s.
833 2716 882 2745 128
897 2720 943 2750 ro.)

297 2822 450 2854 Universis
469 2825 582 2856 Christi
596 2828 736 2865 fidelibus
757 2838 907 2868 presentes
923 2835 1039 2866 litteras
1061 2839 1258 2877 inspecturis.

256 2874 493 2913 Indulgentiam
511 2880 607 2910 unius
622 2883 699 2912 anni
716 2887 746 2913 et
759 2894 797 2914 xx„
812 2885 934 2918 dierum
951 2891 1096 2922 concedit
1110 2895 1261 2926 omnibus

254 2935 328 2956 vere
342 2930 578 2967 poenitentibus
593 2938 624 2964 et
636 2936 790 2967 confessis
803 2939 857 2978 qui
868 2940 1036 2974 ecclesiam
1050 2969 1070 2976 ..
1082 2946 1260 2980 abbatissae

255 2983 285 3008 et
300 2987 473 3013 conventus
490 2988 676 3018 monasterii
692 2989 730 3019 de
746 2990 952 3033 Carbonaria,
972 2995 1192 3031 Cisterciensis
1207 3010 1260 3032 or-

254 3030 357 3070 dinis,
381 3034 554 3068 ‚Januensis
579 3039 748 3080 dioecesis,
777 3044 809 3073 iu
837 3045 952 3079 Beatae
974 3049 1094 3083 Mariae
1122 3058 1152 3084 et
1175 3055 1260 3086 beati

1349 434 1514 464 Barnabae
1540 432 1671 472 apostoli
1695 433 1850 463 honorem
1875 435 2105 467 constructam,
2130 432 2223 462 certis
2242 432 2353 466 diebus

1347 487 1556 517 visitaverint.

1388 552 1401 565 «
1420 539 1493 569 Vite
1510 539 1661 578 perennis
1676 537 1817 577 gloria...
1831 555 1871 561 —
1886 538 1958 567 Dat.
1973 537 2059 577 apud
2075 537 2351 577 Urbemveterem,

1346 602 1391 622 1111
1410 592 1562 623 kalendas
1577 592 1733 632 januarii,
1752 600 1838 621 anno
1855 591 1958 621 tertio.
1980 602 1994 618 »
2391 627 2397 636 ι

1387 646 1423 675 In
1441 654 1468 675 e.
1489 654 1547 681 m.‚
1567 653 1623 683 pro
1643 644 1777 674 ecclesia
1793 644 1969 674 abbatissae
1986 647 2016 673 et
2033 647 2209 674 conventus
2227 652 2353 675 monas·
2399 653 2401 660 ‘

1347 699 1417 728 terii
1434 698 1543 727 Sancti
1560 697 1715 736 Stephani
1729 697 1768 727 de
1785 697 1968 734 Millesimo,
1982 696 2204 727 Cisterciensis
2219 696 2351 736 ordinis,
2383 732 2385 734 ,

1346 751 1509 781 Albiensis
1525 750 1692 781 dioecesis.
1712 750 1782 780 Dat.
1806 754 1839 780 ut
1857 759 1963 788 supra.

1388 805 1424 833 In
1449 814 1477 834 e.
1503 813 1563 841 m.‚
1592 811 1648 842 pro
1676 803 1811 833 ecclesia
1837 802 2015 833 abbatissae
2038 806 2069 832 et
2091 806 2268 833 conventus
2286 810 2355 833 mo-

1346 857 1479 887 nasterii
1495 856 1604 886 Sancti
1622 856 1771 895 Spiritus,
1789 855 2013 886 cisterciensis
2029 855 2164 892 ordinis,
2181 855 2356 887 Jauuensis

1345 910 1515 947 dioecesis,
1542 909 1576 939 in
1603 910 1759 940 honorem
1785 910 1899 940 Beatae
1924 910 2045 939 Mariae
2067 913 2259 940 constructa.
2281 909 2353 941 Dat.

1346 968 1380 993 ut
1395 972 1500 1002 supra.
1518 963 1579 1002 (En
1595 963 1726 1003 τηαν-96.)

1386 1016 1424 1045 In
1441 1025 1468 1046 e.
1489 1025 1530 1045 m.
1542 1040 1549 1053 ,
1567 1024 1623 1055 pro
1642 1015 1776 1047 ecclesia
1792 1015 1970 1046 abbatissae
1986 1020 2016 1046 et
2031 1020 2207 1046 conventus
2227 1015 2356 1046 monas-⁹
2374 1013 2398 1044 '.

1347 1069 1420 1099 terii
1450 1068 1586 1099 Sanctae
1616 1071 1732 1099 Annae
1744 1093 1751 1106 ‚
1784 1068 2007 1099 Cisterciensis
2035 1069 2178 1107 ordinis,
2208 1068 2356 1100 Asteusis

1345 1122 1510 1152 dioecesis.
1530 1122 1600 1152 Dat.
1619 1127 1774 1162 utsupra.
1795 1122 1898 1162 (Ibid.)

1386 1176 1424 1205 In
1441 1184 1468 1205 e.
1487 1184 1531 1206 m.
1545 1199 1553 1214 ,
1571 1184 1627 1215 pro
1644 1175 1776 1206 ecclesia
1793 1176 1972 1206 abbatissae
1987 1180 2018 1206 et
2032 1179 2209 1206 conventus
2225 1183 2355 1206 monas-

1346 1229 1419 1259 terii
1438 1228 1477 1259 de
1495 1229 1612 1260 Sancto
1631 1229 1799 1268 Sepulcro,
1817 1228 2039 1259 Cisterciensis
2054 1228 2192 1267 ordinis,
2208 1228 2356 1260 Januen·

1345 1283 1388 1313 sis
1404 1283 1569 1321 dioecesis,
1588 1283 1623 1313 in
1641 1283 1795 1314 honorem
1814 1283 1931 1313 Beatae
1947 1282 2069 1313 Mariae
2083 1286 2275 1313 constructa.

1386 1348 1400 1364 α
1421 1336 1520 1375 Virga
1535 1336 1765 1366 venustissima
1779 1340 1810 1366 et
1872 1353 1910 1358 —
1927 1335 1998 1367 Dat.
2016 1340 2050 1366 ut
2065 1344 2171 1375 supra.
2186 1346 2200 1364 ι
2214 1334 2317 1376 (ibid.)

1384 1390 1423 1419 In
1442 1391 1470 1420 e‘.
1488 1399 1552 1427 m.‚
1571 1398 1628 1428 pro
1645 1389 1778 1420 ecclesia
1793 1389 1972 1419 abbatissae
1988 1392 2019 1419 et
2034 1392 2212 1420 conventus
2229 1386 2355 1420 monas-

1345 1443 1418 1473 terii
1438 1444 1555 1473 Beatae
1571 1443 1691 1473 Mariae
1709 1443 1748 1473 de
1765 1443 1865 1480 Bano,
1883 1442 2109 1473 cisterciensis
2125 1441 2259 1477 ordinis,
2277 1441 2355 1473 Ter-

1344 1496 1498 1528 douensis
1515 1496 1681 1527 dioecesis.
1699 1496 1770 1526 Dat.
1793 1500 1828 1527 ut
1843 1505 1949 1535 supra.
1967 1495 2076 1536 (Ibid.)

1843 1590 1971 1625 Orvieto,
1987 1590 2021 1618 ‘28
2036 1589 2188 1618 decembre
2205 1589 2283 1618 1290.

1385 1668 1424 1697 In
1441 1676 1468 1697 e.
1486 1676 1529 1697 m.
1547 1667 1718 1698 Universis
1733 1665 1854 1697 Christi
1872 1666 2020 1696 fidelibus
2036 1674 2092 1705 per
2105 1666 2354 1704 Tornacensem,

1344 1722 1582 1761 Trajectensem
1611 1725 1642 1751 et
1671 1720 1939 1751 Cameracensem
1967 1720 2111 1750 civitates
2139 1723 2170 1750 et
2196 1719 2355 1751 dioeceses

1344 1775 1537 1806 constitutis.
1556 1775 1700 1805 Eandem
1714 1774 1953 1813 indulgentiam
1970 1772 2115 1804 concedit
2129 1773 2178 1804 eis
2192 1773 2248 1812 qui
2262 1772 2359 1804 ahba-

1345 1829 1440 1859 tissae
1457 1832 1487 1859 et
1504 1828 1678 1859 conventui
1696 1827 1883 1858 monasterii
1898 1827 1937 1857 de
1956 1826 2043 1864 Belo,
2062 1826 2285 1858 Cisterciensis
2300 1833 2355 1858 or·

1344 1882 1448 1920 dinis,
1465 1881 1680 1912 'romanensis
1699 1882 1870 1919 dioecesis,
1888 1880 2032 1911 subsidia
2053 1880 2094 1911 ad
2116 1879 2355 1911 terminandam

1344 1936 1489 1976 ejusdem
1508 1936 1693 1967 monasterii
1709 1935 1879 1966 ecclesiam
1895 1934 2054 1965 daverint.

1386 2003 1401 2018 «
1427 1990 1588 2027 Quoniam
1615 1994 1651 2020 ut
1679 1990 1761 2020 ait...
1789 2006 1829 2011 —
1856 1989 1928 2018 Dat.
1957 1988 2041 2028 apud
2069 1988 2353 2024 Urhemveterem‚
2365 2007 2372 2012 -

1343 2055 1364 2075 v
1379 2044 1535 2076 kalendas
1547 2043 1702 2084 januarii,
1719 2051 1806 2074 anno
1823 2043 1925 2074 tertio.
1944 2054 1958 2070 »
1977 2042 2084 2082 (lbid.)

1415 2245 1532 2274 3849
1836 2242 1964 2274 Orvieto‚
1982 2241 2016 2269 28
2032 2241 2187 2269 novembre
2204 2239 2282 2269 1290.

1378 2307 1538 2335 Ecclesiam
1568 2307 1670 2334 Sancti·
1695 2305 1810 2333 Martini
1840 2305 1875 2332 de
1899 2304 2080 2340 Pertegati0,
2107 2302 2353 2332 Bai-chinonensi:

1341 2358 1500 2389 dioecesis,
1527 2356 1698 2392 Raymondo
1724 2356 1759 2383 de
1784 2355 1887 2382 Vilalta
1911 2355 2032 2382 confert.
2055 2354 2139 2386 (Rea.
2165 2353 2215 2386 ⁴5,
2240 2361 2266 2382 c.
2285 2351 2351 2386 634,
2387 2377 2389 2386 ,

1342 2407 1362 2434 f.
1380 2407 1430 2434 128
1447 2406 1502 2441 νο.)

1389 2524 1558 2555 Venerabili
1583 2524 1680 2561 fratri
1705 2543 1725 2551 ..
1747 2523 1880 2560 episcopo
1904 2520 2146 2550 Barchinonensi
2167 2518 2298 2550 mandat
2320 2521 2355 2549 ut

1343 2576 1541 2616 Raymundo
1557 2575 1596 2606 de
1613 2574 1744 2613 Vilalta,
1763 2574 1959 2614 presbytero,
1978 2572 2251 2603 Barchinonensis
2265 2571 2353 2603 dioe-

1343 2630 1442 2668 cesis,
1459 2629 1628 2661 ecclesiam
1646 2629 1755 2660 Sancti
1778 2628 1912 2658 Martini
1932 2627 1971 2658 de
1991 2627 2188 2666 Pertegatio,
2208 2625 2353 2667 ejusdem

1343 2684 1509 2722 dioecesis,
1526 2683 1680 2714 conserat.
1694 2683 1713 2713 J
1717 2691 1769 2712 am
1781 2682 1913 2722 quidem
1925 2682 1954 2712 ei
1970 2681 2060 2712 illam
2072 2680 2241 2712 ecclesiam
2252 2680 2353 2712 bonae

1343 2737 1519 2768 memoriae
1534 2739 1589 2774 Α.,
1605 2735 1884 2767 Barchinonensis
1897 2735 2074 2775 episcopus,
2093 2734 2283 2772 contulerat,
2298 2732 2353 2764 sed
2368 2754 2373 2760 -

1343 2790 1561 2831 Raymundus
1594 2794 1737 2830 tempore
1770 2788 1958 2828 hujusmodi
1993 2787 2175 2820 collationis
2209 2786 2353 2818 nondum

1344 2845 1490 2884 quinque
1507 2848 1538 2875 et
1553 2843 1668 2882 viginti
1681 2851 1784 2874 annos
1799 2846 1893 2873 natus
1913 2846 1998 2879 erat,
2015 2850 2074 2872 nec
2089 2841 2215 2872 statutis
2231 2845 2352 2880 tempo·
2379 2837 2381 2843 '

1342 2898 1433 2929 ribus
1454 2898 1490 2928 in
1509 2897 1734 2937 presbyterum
1752 2895 1934 2936 promoveri
1956 2904 1989 2926 se
2012 2895 2104 2932 secit;
2124 2895 2231 2934 itaque
2246 2901 2265 2924 a
2279 2891 2352 2924 sede
2374 2934 2378 2939 ι

1342 2950 1513 2991 apostolica
1528 2951 1590 2981 sibi
1606 2950 1646 2981 de
1659 2950 1720 2981 hoc
1736 2949 1894 2990 provideri
1911 2949 2011 2989 petiit.

1384 3017 1399 3033 «
1415 3005 1563 3045 Exposita
1574 3004 1667 3036 nobis
1679 3004 1826 3035 dilecti...
1840 3021 1878 3025 —
1892 3003 1964 3033 Dat.
1977 3002 2062 3042 apud
2074 3002 2348 3036 Urbemveterem,

1342 3067 1389 3088 1111
1407 3057 1561 3089 kalendas
1576 3058 1766 3096 decembris,
1781 3065 1867 3088 anno
1885 3056 1988 3088 tertio.
2008 3068 2022 3083 »
