<?xml version="1.0" encoding="UTF-8"?>
<!DOCTYPE html PUBLIC "-//W3C//DTD XHTML 1.0 Transitional//EN"
    "http://www.w3.org/TR/xhtml1/DTD/xhtml1-transitional.dtd">
<html xmlns="http://www.w3.org/1999/xhtml" xml:lang="en" lang="en">
 <head>
  <title>
</title>
<meta http-equiv="Content-Type" content="text/html;charset=utf-8" />
  <meta name='ocr-system' content='tesseract 3.04.00' />
  <meta name='ocr-capabilities' content='ocr_page ocr_carea ocr_par ocr_line ocrx_word'/>
</head>
<body>
  <div class='ocr_page' id='page_1' title='image "./lesregistresdeni01romeuoft_0022.png"; bbox 0 0 2477 3637; ppageno 0'>
   <div class='ocr_carea' id='block_1_1' title="bbox 191 365 1529 407">
    <p class='ocr_par' dir='ltr' id='par_1_1' title="bbox 191 365 1529 407">
     <span class='ocr_line' id='line_1_1' title="bbox 191 365 1529 407; baseline -0.009 0"><span class='ocrx_word' id='word_1_1' title='bbox 191 378 225 407; x_wconf 73' lang='lat'>14</span> <span class='ocrx_word' id='word_1_2' title='bbox 935 367 1170 400; x_wconf 87' lang='lat' dir='ltr'>REGISTRES</span> <span class='ocrx_word' id='word_1_3' title='bbox 1191 367 1246 396; x_wconf 83' lang='lat' dir='ltr'>DE</span> <span class='ocrx_word' id='word_1_4' title='bbox 1268 365 1451 397; x_wconf 85' lang='lat' dir='ltr'>NICOLAS</span> <span class='ocrx_word' id='word_1_5' title='bbox 1474 366 1529 396; x_wconf 89' lang='lat' dir='ltr'>IV.</span> 
     </span>
    </p>
   </div>
   <div class='ocr_carea' id='block_1_2' title="bbox 184 435 1191 954">
    <p class='ocr_par' dir='ltr' id='par_1_2' title="bbox 184 435 1191 903">
     <span class='ocr_line' id='line_1_2' title="bbox 229 435 1191 480; baseline -0.01 -7"><span class='ocrx_word' id='word_1_6' title='bbox 229 444 346 473; x_wconf 68' lang='lat' dir='ltr'>Dilectts</span> <span class='ocrx_word' id='word_1_7' title='bbox 363 442 436 480; x_wconf 83' lang='lat' dir='ltr'>fili1&#39;s</span> <span class='ocrx_word' id='word_1_8' title='bbox 450 442 554 471; x_wconf 79' lang='lat' dir='ltr'>Iacobo</span> <span class='ocrx_word' id='word_1_9' title='bbox 567 441 602 469; x_wconf 80' lang='lat' dir='ltr'>de</span> <span class='ocrx_word' id='word_1_10' title='bbox 618 440 763 475; x_wconf 78' lang='lat' dir='ltr'>Varaqine</span> <span class='ocrx_word' id='word_1_11' title='bbox 777 437 849 476; x_wconf 88' lang='lat' dir='ltr'>(sic)</span> <span class='ocrx_word' id='word_1_12' title='bbox 861 436 1086 476; x_wconf 80' lang='lat' dir='ltr'><em>predicatorum</em></span> <span class='ocrx_word' id='word_1_13' title='bbox 1102 440 1128 464; x_wconf 82' lang='lat' dir='ltr'>et</span> <span class='ocrx_word' id='word_1_14' title='bbox 1139 435 1191 463; x_wconf 84' lang='lat' dir='ltr'>Ro-</span> 
     </span>
     <span class='ocr_line' id='line_1_3' title="bbox 186 487 1190 534; baseline -0.011 -8"><span class='ocrx_word' id='word_1_15' title='bbox 186 498 248 534; x_wconf 81' lang='lat' dir='ltr'>fino</span> <span class='ocrx_word' id='word_1_16' title='bbox 267 497 301 525; x_wconf 57' lang='lat' dir='ltr'>aa</span> <span class='ocrx_word' id='word_1_17' title='bbox 316 495 501 525; x_wconf 66' lang='lat' dir='ltr'>Alexandria</span> <span class='ocrx_word' id='word_1_18' title='bbox 518 495 673 522; x_wconf 79' lang='lat' dir='ltr'>me&#39;nornm</span> <span class='ocrx_word' id='word_1_19' title='bbox 690 492 824 527; x_wconf 77' lang='lat' dir='ltr'><em>fratrum</em></span> <span class='ocrx_word' id='word_1_20' title='bbox 843 490 987 519; x_wconf 77' lang='lat' dir='ltr'><em>ordinum</em></span> <span class='ocrx_word' id='word_1_21' title='bbox 1011 487 1140 517; x_wconf 89' lang='lat' dir='ltr'>mandat</span> <span class='ocrx_word' id='word_1_22' title='bbox 1157 490 1190 515; x_wconf 90' lang='lat' dir='ltr'>ut</span> 
     </span>
     <span class='ocr_line' id='line_1_4' title="bbox 188 541 1189 581; baseline -0.011 -1"><span class='ocrx_word' id='word_1_23' title='bbox 188 548 362 580; x_wconf 87' lang='lat' dir='ltr'>nonnullos</span> <span class='ocrx_word' id='word_1_24' title='bbox 373 548 410 577; x_wconf 87' lang='lat' dir='ltr'>de</span> <span class='ocrx_word' id='word_1_25' title='bbox 422 548 547 577; x_wconf 79' lang='lat' dir='ltr'>civitate</span> <span class='ocrx_word' id='word_1_26' title='bbox 557 544 726 579; x_wconf 70' lang='lat' dir='ltr'>¹lanuensi,</span> <span class='ocrx_word' id='word_1_27' title='bbox 735 544 866 581; x_wconf 76' lang='lat' dir='ltr'>ejusque</span> <span class='ocrx_word' id='word_1_28' title='bbox 878 542 1034 578; x_wconf 83' lang='lat' dir='ltr'>districtu,</span> <span class='ocrx_word' id='word_1_29' title='bbox 1047 541 1102 580; x_wconf 88' lang='lat' dir='ltr'>qui</span> <span class='ocrx_word' id='word_1_30' title='bbox 1115 548 1189 570; x_wconf 90' lang='lat' dir='ltr'>cnm</span> 
     </span>
     <span class='ocr_line' id='line_1_5' title="bbox 188 594 1189 633; baseline -0.01 -1"><span class='ocrx_word' id='word_1_31' title='bbox 188 601 304 633; x_wconf 77' lang='lat' dir='ltr'>Siculis</span> <span class='ocrx_word' id='word_1_32' title='bbox 315 606 388 630; x_wconf 89' lang='lat' dir='ltr'>tunc</span> <span class='ocrx_word' id='word_1_33' title='bbox 398 598 585 633; x_wconf 73' lang='lat' dir='ltr'>interdictis,</span> <span class='ocrx_word' id='word_1_34' title='bbox 596 595 803 626; x_wconf 76' lang='lat' dir='ltr'>mercimonia</span> <span class='ocrx_word' id='word_1_35' title='bbox 814 594 1000 631; x_wconf 82' lang='lat' dir='ltr'>exercendo,</span> <span class='ocrx_word' id='word_1_36' title='bbox 1009 602 1189 624; x_wconf 86' lang='lat' dir='ltr'>excommu-</span> 
     </span>
     <span class='ocr_line' id='line_1_6' title="bbox 188 645 1188 686; baseline -0.011 -1"><span class='ocrx_word' id='word_1_37' title='bbox 188 655 357 685; x_wconf 85' lang='lat' dir='ltr'>nicationis</span> <span class='ocrx_word' id='word_1_38' title='bbox 373 653 547 683; x_wconf 85' lang='lat' dir='ltr'>sententias</span> <span class='ocrx_word' id='word_1_39' title='bbox 566 654 770 685; x_wconf 90' lang='lat' dir='ltr'>meruerunt,</span> <span class='ocrx_word' id='word_1_40' title='bbox 788 647 970 685; x_wconf 82' lang='lat' dir='ltr'>absolvant,</span> <span class='ocrx_word' id='word_1_41' title='bbox 990 645 1188 686; x_wconf 82' lang='lat' dir='ltr'>injungendo</span> 
     </span>
     <span class='ocr_line' id='line_1_7' title="bbox 186 699 1189 747; baseline -0.008 -11"><span class='ocrx_word' id='word_1_42' title='bbox 186 710 230 739; x_wconf 73' lang='lat' dir='ltr'>eis</span> <span class='ocrx_word' id='word_1_43' title='bbox 255 713 378 747; x_wconf 76' lang='lat' dir='ltr'>propter</span> <span class='ocrx_word' id='word_1_44' title='bbox 396 707 454 736; x_wconf 83' lang='lat' dir='ltr'>hoc</span> <span class='ocrx_word' id='word_1_45' title='bbox 478 704 704 744; x_wconf 72' lang='lat' dir='ltr'>poenitentiarii</span> <span class='ocrx_word' id='word_1_46' title='bbox 729 702 918 738; x_wconf 84' lang='lat' dir='ltr'>salutarem,</span> <span class='ocrx_word' id='word_1_47' title='bbox 938 707 968 731; x_wconf 91' lang='lat' dir='ltr'>et</span> <span class='ocrx_word' id='word_1_48' title='bbox 989 700 1072 740; x_wconf 86' lang='lat' dir='ltr'>quod</span> <span class='ocrx_word' id='word_1_49' title='bbox 1096 699 1189 729; x_wconf 88' lang='lat' dir='ltr'>dein—</span> 
     </span>
     <span class='ocr_line' id='line_1_8' title="bbox 185 753 1188 801; baseline -0.009 -9"><span class='ocrx_word' id='word_1_50' title='bbox 185 772 255 801; x_wconf 75' lang='lat' dir='ltr'>ceps</span> <span class='ocrx_word' id='word_1_51' title='bbox 280 760 395 791; x_wconf 76' lang='lat' dir='ltr'>Siculis</span> <span class='ocrx_word' id='word_1_52' title='bbox 415 758 580 798; x_wconf 80' lang='lat' dir='ltr'>praedictis</span> <span class='ocrx_word' id='word_1_53' title='bbox 603 762 632 786; x_wconf 83' lang='lat' dir='ltr'>et</span> <span class='ocrx_word' id='word_1_54' title='bbox 646 756 764 786; x_wconf 46' lang='lat' dir='ltr'>&lt;Iacobo</span> <span class='ocrx_word' id='word_1_55' title='bbox 788 755 851 786; x_wconf 82' lang='lat' dir='ltr'>filio</span> <span class='ocrx_word' id='word_1_56' title='bbox 867 755 1028 794; x_wconf 85' lang='lat' dir='ltr'>quondam</span> <span class='ocrx_word' id='word_1_57' title='bbox 1048 753 1134 782; x_wconf 78' lang='lat' dir='ltr'>Petri</span> <span class='ocrx_word' id='word_1_58' title='bbox 1149 753 1188 783; x_wconf 85' lang='lat' dir='ltr'>de</span> 
     </span>
     <span class='ocr_line' id='line_1_9' title="bbox 184 807 1187 852; baseline -0.009 -8"><span class='ocrx_word' id='word_1_59' title='bbox 184 814 345 852; x_wconf 79' lang='lat' dir='ltr'>Aragonia</span> <span class='ocrx_word' id='word_1_60' title='bbox 361 818 415 842; x_wconf 86' lang='lat' dir='ltr'>aut</span> <span class='ocrx_word' id='word_1_61' title='bbox 430 820 539 841; x_wconf 91' lang='lat' dir='ltr'>eorum</span> <span class='ocrx_word' id='word_1_62' title='bbox 559 810 734 840; x_wconf 77' lang='lat' dir='ltr'>fautoribus</span> <span class='ocrx_word' id='word_1_63' title='bbox 752 808 875 838; x_wconf 89' lang='lat' dir='ltr'>nullum</span> <span class='ocrx_word' id='word_1_64' title='bbox 893 807 1080 846; x_wconf 82' lang='lat' dir='ltr'>impendant</span> <span class='ocrx_word' id='word_1_65' title='bbox 1097 807 1187 836; x_wconf 85' lang='lat' dir='ltr'>auxi-</span> 
     </span>
     <span class='ocr_line' id='line_1_10' title="bbox 184 864 710 903; baseline -0.01 -6"><span class='ocrx_word' id='word_1_66' title='bbox 184 868 263 897; x_wconf 89' lang='lat' dir='ltr'>lium</span> <span class='ocrx_word' id='word_1_67' title='bbox 279 891 285 903; x_wconf 85' lang='lat'>,</span> <span class='ocrx_word' id='word_1_68' title='bbox 303 866 472 897; x_wconf 85' lang='lat' dir='ltr'>consilium</span> <span class='ocrx_word' id='word_1_69' title='bbox 492 864 541 894; x_wconf 88' lang='lat' dir='ltr'>vel</span> <span class='ocrx_word' id='word_1_70' title='bbox 562 864 710 893; x_wconf 82' lang='lat' dir='ltr'>savorem.</span> 
     </span>
    </p>

    <p class='ocr_par' dir='ltr' id='par_1_3' title="bbox 224 917 945 954">
     <span class='ocr_line' id='line_1_11' title="bbox 224 917 945 954; baseline -0.01 -4"><span class='ocrx_word' id='word_1_71' title='bbox 224 933 236 947; x_wconf 77' lang='grc' dir='ltr'>ιι</span> <span class='ocrx_word' id='word_1_72' title='bbox 259 921 321 950; x_wconf 77' lang='lat' dir='ltr'>Sua</span> <span class='ocrx_word' id='word_1_73' title='bbox 340 920 428 949; x_wconf 88' lang='lat' dir='ltr'>nobis</span> <span class='ocrx_word' id='word_1_74' title='bbox 444 919 587 948; x_wconf 85' lang='lat' dir='ltr'>dilecti...</span> <span class='ocrx_word' id='word_1_75' title='bbox 604 934 643 939; x_wconf 95' lang='lat'><strong>—</strong></span> <span class='ocrx_word' id='word_1_76' title='bbox 662 917 732 946; x_wconf 85' lang='lat' dir='ltr'>Dat.</span> <span class='ocrx_word' id='word_1_77' title='bbox 754 920 786 945; x_wconf 85' lang='lat' dir='ltr'>ut</span> <span class='ocrx_word' id='word_1_78' title='bbox 804 924 909 954; x_wconf 88' lang='lat' dir='ltr'>supra.</span> <span class='ocrx_word' id='word_1_79' title='bbox 932 927 945 941; x_wconf 68' lang='grc' dir='ltr'>ι»</span> 
     </span>
    </p>
   </div>
   <div class='ocr_carea' id='block_1_3' title="bbox 252 1093 1115 1127">
    <p class='ocr_par' dir='ltr' id='par_1_4' title="bbox 252 1093 1115 1127">
     <span class='ocr_line' id='line_1_12' title="bbox 252 1093 1115 1127; baseline -0.009 0"><span class='ocrx_word' id='word_1_80' title='bbox 252 1100 304 1127; x_wconf 66' lang='lat' dir='ltr'>&#39;w</span> <span class='ocrx_word' id='word_1_81' title='bbox 665 1095 882 1126; x_wconf 80' lang='lat' dir='ltr'>Saint-Pierre,</span> <span class='ocrx_word' id='word_1_82' title='bbox 901 1095 932 1121; x_wconf 78' lang='lat'>27</span> <span class='ocrx_word' id='word_1_83' title='bbox 950 1094 1020 1120; x_wconf 89' lang='lat' dir='ltr'>avril</span> <span class='ocrx_word' id='word_1_84' title='bbox 1038 1093 1115 1120; x_wconf 75' lang='lat'>1288.</span> 
     </span>
    </p>
   </div>
   <div class='ocr_carea' id='block_1_4' title="bbox 178 1157 1188 1584">
    <p class='ocr_par' dir='ltr' id='par_1_5' title="bbox 178 1157 1188 1584">
     <span class='ocr_line' id='line_1_13' title="bbox 216 1157 1185 1195; baseline -0.007 -7"><span class='ocrx_word' id='word_1_85' title='bbox 216 1161 390 1188; x_wconf 86' lang='lat' dir='ltr'>Monasterio</span> <span class='ocrx_word' id='word_1_86' title='bbox 401 1160 477 1195; x_wconf 87' lang='lat' dir='ltr'>quod</span> <span class='ocrx_word' id='word_1_87' title='bbox 489 1159 626 1186; x_wconf 79' lang='lat' dir='ltr'>Custodia</span> <span class='ocrx_word' id='word_1_88' title='bbox 638 1158 741 1185; x_wconf 83' lang='lat' dir='ltr'>Beatae</span> <span class='ocrx_word' id='word_1_89' title='bbox 748 1158 853 1185; x_wconf 85' lang='lat' dir='ltr'>Mariae</span> <span class='ocrx_word' id='word_1_90' title='bbox 860 1157 980 1191; x_wconf 82' lang='lat' dir='ltr'>virginis</span> <span class='ocrx_word' id='word_1_91' title='bbox 992 1159 1185 1190; x_wconf 85' lang='lat' dir='ltr'>nuncupatur,</span> 
     </span>
     <span class='ocr_line' id='line_1_14' title="bbox 180 1203 1187 1241; baseline -0.008 -3"><span class='ocrx_word' id='word_1_92' title='bbox 180 1212 235 1238; x_wconf 88' lang='lat' dir='ltr'>sito</span> <span class='ocrx_word' id='word_1_93' title='bbox 252 1212 279 1237; x_wconf 92' lang='lat' dir='ltr'>in</span> <span class='ocrx_word' id='word_1_94' title='bbox 296 1211 437 1237; x_wconf 86' lang='lat' dir='ltr'>territorio</span> <span class='ocrx_word' id='word_1_95' title='bbox 454 1209 585 1236; x_wconf 85' lang='lat' dir='ltr'>Blesensi</span> <span class='ocrx_word' id='word_1_96' title='bbox 597 1231 601 1238; x_wconf 92' lang='lat'>.</span> <span class='ocrx_word' id='word_1_97' title='bbox 615 1208 764 1235; x_wconf 81' lang='lat' dir='ltr'>coufirmat</span> <span class='ocrx_word' id='word_1_98' title='bbox 779 1207 855 1241; x_wconf 88' lang='lat' dir='ltr'>quod</span> <span class='ocrx_word' id='word_1_99' title='bbox 871 1206 905 1232; x_wconf 86' lang='lat' dir='ltr'>ab</span> <span class='ocrx_word' id='word_1_100' title='bbox 918 1205 1092 1240; x_wconf 84' lang='lat' dir='ltr'>apostolicae</span> <span class='ocrx_word' id='word_1_101' title='bbox 1107 1203 1187 1230; x_wconf 86' lang='lat' dir='ltr'>sedis</span> 
     </span>
     <span class='ocr_line' id='line_1_15' title="bbox 180 1253 1188 1295; baseline -0.008 -8"><span class='ocrx_word' id='word_1_102' title='bbox 180 1261 273 1295; x_wconf 80' lang='lat' dir='ltr'>legato</span> <span class='ocrx_word' id='word_1_103' title='bbox 289 1260 395 1287; x_wconf 81' lang='lat' dir='ltr'>factum</span> <span class='ocrx_word' id='word_1_104' title='bbox 411 1263 466 1292; x_wconf 87' lang='lat' dir='ltr'>est,</span> <span class='ocrx_word' id='word_1_105' title='bbox 478 1263 535 1285; x_wconf 86' lang='lat' dir='ltr'>tam</span> <span class='ocrx_word' id='word_1_106' title='bbox 552 1257 644 1292; x_wconf 86' lang='lat' dir='ltr'>quoad</span> <span class='ocrx_word' id='word_1_107' title='bbox 661 1257 855 1291; x_wconf 75' lang='lat' dir='ltr'>receptionem</span> <span class='ocrx_word' id='word_1_108' title='bbox 872 1255 964 1290; x_wconf 87' lang='lat' dir='ltr'>ipsius</span> <span class='ocrx_word' id='word_1_109' title='bbox 977 1253 1143 1280; x_wconf 81' lang='lat' dir='ltr'>monasterii</span> <span class='ocrx_word' id='word_1_110' title='bbox 1159 1253 1188 1279; x_wconf 88' lang='lat' dir='ltr'>in</span> 
     </span>
     <span class='ocr_line' id='line_1_16' title="bbox 181 1301 1187 1344; baseline -0.009 -8"><span class='ocrx_word' id='word_1_111' title='bbox 181 1311 382 1344; x_wconf 79' lang='lat' dir='ltr'>proprietatem</span> <span class='ocrx_word' id='word_1_112' title='bbox 398 1309 472 1335; x_wconf 85' lang='lat' dir='ltr'>beati</span> <span class='ocrx_word' id='word_1_113' title='bbox 490 1307 581 1338; x_wconf 84' lang='lat' dir='ltr'>Petri,</span> <span class='ocrx_word' id='word_1_114' title='bbox 609 1314 719 1333; x_wconf 80' lang='lat' dir='ltr'>necnon</span> <span class='ocrx_word' id='word_1_115' title='bbox 745 1310 773 1332; x_wconf 85' lang='lat' dir='ltr'>et</span> <span class='ocrx_word' id='word_1_116' title='bbox 797 1304 890 1339; x_wconf 85' lang='lat' dir='ltr'>quoad</span> <span class='ocrx_word' id='word_1_117' title='bbox 916 1303 1129 1337; x_wconf 83' lang='lat' dir='ltr'>exemptionem</span> <span class='ocrx_word' id='word_1_118' title='bbox 1152 1301 1187 1328; x_wconf 85' lang='lat' dir='ltr'>ab</span> 
     </span>
     <span class='ocr_line' id='line_1_17' title="bbox 179 1348 1187 1391; baseline -0.01 -6"><span class='ocrx_word' id='word_1_119' title='bbox 179 1358 255 1385; x_wconf 88' lang='lat' dir='ltr'>omni</span> <span class='ocrx_word' id='word_1_120' title='bbox 284 1358 467 1391; x_wconf 86' lang='lat' dir='ltr'>subjectione</span> <span class='ocrx_word' id='word_1_121' title='bbox 499 1355 695 1391; x_wconf 87' lang='lat' dir='ltr'>quorumlibet</span> <span class='ocrx_word' id='word_1_122' title='bbox 722 1348 930 1380; x_wconf 67' lang='lat' dir='ltr'>ordinm-tostini</span> <span class='ocrx_word' id='word_1_123' title='bbox 941 1373 948 1385; x_wconf 86' lang='lat'>,</span> <span class='ocrx_word' id='word_1_124' title='bbox 977 1359 1063 1385; x_wconf 79' lang='lat' dir='ltr'>quani</span> <span class='ocrx_word' id='word_1_125' title='bbox 1093 1349 1187 1384; x_wconf 88' lang='lat' dir='ltr'>quoad</span> 
     </span>
     <span class='ocr_line' id='line_1_18' title="bbox 180 1399 1187 1438; baseline -0.009 -5"><span class='ocrx_word' id='word_1_126' title='bbox 180 1414 299 1433; x_wconf 84' lang='lat' dir='ltr'>censum</span> <span class='ocrx_word' id='word_1_127' title='bbox 317 1414 445 1432; x_wconf 87' lang='lat' dir='ltr'>annuum</span> <span class='ocrx_word' id='word_1_128' title='bbox 468 1411 677 1438; x_wconf 82' lang='lat' dir='ltr'>numerumque</span> <span class='ocrx_word' id='word_1_129' title='bbox 695 1402 859 1428; x_wconf 86' lang='lat' dir='ltr'>monialium</span> <span class='ocrx_word' id='word_1_130' title='bbox 876 1404 1001 1427; x_wconf 86' lang='lat' dir='ltr'>statutos</span> <span class='ocrx_word' id='word_1_131' title='bbox 1022 1407 1071 1434; x_wconf 84' lang='lat' dir='ltr'>per</span> <span class='ocrx_word' id='word_1_132' title='bbox 1092 1399 1187 1433; x_wconf 87' lang='lat' dir='ltr'>ipsum</span> 
     </span>
     <span class='ocr_line' id='line_1_19' title="bbox 178 1449 1188 1489; baseline -0.008 -8"><span class='ocrx_word' id='word_1_133' title='bbox 178 1455 314 1489; x_wconf 79' lang='lat' dir='ltr'>legatum,</span> <span class='ocrx_word' id='word_1_134' title='bbox 331 1458 358 1480; x_wconf 82' lang='lat' dir='ltr'>et</span> <span class='ocrx_word' id='word_1_135' title='bbox 374 1454 548 1480; x_wconf 76' lang='lat' dir='ltr'>abbatissam</span> <span class='ocrx_word' id='word_1_136' title='bbox 565 1451 657 1478; x_wconf 87' lang='lat' dir='ltr'>cidem</span> <span class='ocrx_word' id='word_1_137' title='bbox 675 1450 849 1477; x_wconf 86' lang='lat' dir='ltr'>monasterio</span> <span class='ocrx_word' id='word_1_138' title='bbox 864 1449 1046 1484; x_wconf 81' lang='lat' dir='ltr'>praefectam,</span> <span class='ocrx_word' id='word_1_139' title='bbox 1060 1451 1088 1474; x_wconf 90' lang='lat' dir='ltr'>et</span> <span class='ocrx_word' id='word_1_140' title='bbox 1102 1455 1188 1481; x_wconf 87' lang='lat' dir='ltr'>regu-</span> 
     </span>
     <span class='ocr_line' id='line_1_20' title="bbox 184 1496 1188 1533; baseline -0.009 -3"><span class='ocrx_word' id='word_1_141' title='bbox 184 1504 238 1530; x_wconf 86' lang='lat' dir='ltr'>lam</span> <span class='ocrx_word' id='word_1_142' title='bbox 260 1503 409 1529; x_wconf 87' lang='lat' dir='ltr'>sororibus</span> <span class='ocrx_word' id='word_1_143' title='bbox 434 1502 575 1529; x_wconf 85' lang='lat' dir='ltr'>traditam.</span> <span class='ocrx_word' id='word_1_144' title='bbox 601 1500 688 1533; x_wconf 66' lang='lat' dir='ltr'>(Rae.</span> <span class='ocrx_word' id='word_1_145' title='bbox 714 1500 762 1533; x_wconf 76' lang='lat'>44,</span> <span class='ocrx_word' id='word_1_146' title='bbox 784 1507 809 1526; x_wconf 87' lang='lat' dir='ltr'>c.</span> <span class='ocrx_word' id='word_1_147' title='bbox 835 1498 878 1529; x_wconf 83' lang='lat'>44.</span> <span class='ocrx_word' id='word_1_148' title='bbox 905 1498 923 1525; x_wconf 82' lang='lat' dir='ltr'>f.</span> <span class='ocrx_word' id='word_1_149' title='bbox 951 1498 982 1524; x_wconf 82' lang='lat'>10</span> <span class='ocrx_word' id='word_1_150' title='bbox 999 1503 1043 1528; x_wconf 89' lang='lat' dir='ltr'>v⁰;</span> <span class='ocrx_word' id='word_1_151' title='bbox 1068 1496 1188 1528; x_wconf 53' lang='lat' dir='ltr'>Pom-n„</span> 
     </span>
     <span class='ocr_line' id='line_1_21' title="bbox 183 1550 291 1584; baseline -0.009 -6"><span class='ocrx_word' id='word_1_152' title='bbox 183 1550 291 1584; x_wconf 49' lang='lat'><strong>226840</strong></span> 
     </span>
    </p>
   </div>
   <div class='ocr_carea' id='block_1_5' title="bbox 184 1654 1190 3083">
    <p class='ocr_par' dir='ltr' id='par_1_6' title="bbox 184 1654 1190 3083">
     <span class='ocr_line' id='line_1_22' title="bbox 226 1654 1190 1696; baseline -0.008 -7"><span class='ocrx_word' id='word_1_153' title='bbox 226 1661 343 1689; x_wconf 71' lang='lat' dir='ltr'>De‘lectis</span> <span class='ocrx_word' id='word_1_154' title='bbox 363 1661 395 1689; x_wconf 84' lang='grc' dir='ltr'>ιή</span> <span class='ocrx_word' id='word_1_155' title='bbox 413 1659 530 1689; x_wconf 81' lang='lat' dir='ltr'>Christo</span> <span class='ocrx_word' id='word_1_156' title='bbox 545 1657 666 1696; x_wconf 79' lang='lat' dir='ltr'>filiabus</span> <span class='ocrx_word' id='word_1_157' title='bbox 682 1658 806 1687; x_wconf 67' lang='lat' dir='ltr'>,Iuliane</span> <span class='ocrx_word' id='word_1_158' title='bbox 825 1656 970 1686; x_wconf 80' lang='lat' dir='ltr'>abbatisse</span> <span class='ocrx_word' id='word_1_159' title='bbox 985 1659 1011 1683; x_wconf 86' lang='lat' dir='ltr'>et</span> <span class='ocrx_word' id='word_1_160' title='bbox 1029 1654 1190 1683; x_wconf 82' lang='lat' dir='ltr'>conventui</span> 
     </span>
     <span class='ocr_line' id='line_1_23' title="bbox 184 1710 1188 1751; baseline -0.008 -8"><span class='ocrx_word' id='word_1_161' title='bbox 184 1715 348 1743; x_wconf 76' lang='lat' dir='ltr'>monasteri</span> <span class='ocrx_word' id='word_1_162' title='bbox 353 1715 362 1740; x_wconf 80' lang='grc' dir='ltr'>ι’</span> <span class='ocrx_word' id='word_1_163' title='bbox 377 1713 457 1751; x_wconf 79' lang='lat' dir='ltr'>quod</span> <span class='ocrx_word' id='word_1_164' title='bbox 470 1712 608 1742; x_wconf 79' lang='lat' dir='ltr'>Custodia</span> <span class='ocrx_word' id='word_1_165' title='bbox 625 1712 709 1741; x_wconf 79' lang='lat' dir='ltr'>Beate</span> <span class='ocrx_word' id='word_1_166' title='bbox 721 1711 816 1740; x_wconf 70' lang='lat' dir='ltr'>Morte</span> <span class='ocrx_word' id='word_1_167' title='bbox 831 1710 964 1747; x_wconf 76' lang='lat' dir='ltr'>viryt&#39;nis</span> <span class='ocrx_word' id='word_1_168' title='bbox 978 1712 1188 1745; x_wconf 71' lang='lat' dir='ltr'>nuncupatur,</span> 
     </span>
     <span class='ocr_line' id='line_1_24' title="bbox 185 1761 1189 1801; baseline -0.006 -6"><span class='ocrx_word' id='word_1_169' title='bbox 185 1768 237 1796; x_wconf 81' lang='lat' dir='ltr'>siti</span> <span class='ocrx_word' id='word_1_170' title='bbox 268 1768 299 1795; x_wconf 75' lang='lat' dir='ltr'>e&#39;n</span> <span class='ocrx_word' id='word_1_171' title='bbox 326 1767 480 1795; x_wconf 70' lang='lat' dir='ltr'>territorio</span> <span class='ocrx_word' id='word_1_172' title='bbox 502 1766 648 1801; x_wconf 77' lang='lat' dir='ltr'>Blesensi,</span> <span class='ocrx_word' id='word_1_173' title='bbox 671 1765 710 1794; x_wconf 84' lang='lat' dir='ltr'>ad</span> <span class='ocrx_word' id='word_1_174' title='bbox 736 1772 899 1793; x_wconf 76' lang='lat' dir='ltr'>romanam</span> <span class='ocrx_word' id='word_1_175' title='bbox 923 1762 1076 1792; x_wconf 72' lang='lat' dir='ltr'>ecclesiam</span> <span class='ocrx_word' id='word_1_176' title='bbox 1102 1761 1189 1790; x_wconf 77' lang='lat' dir='ltr'>nullo</span> 
     </span>
     <span class='ocr_line' id='line_1_25' title="bbox 184 1815 1190 1858; baseline -0.007 -8"><span class='ocrx_word' id='word_1_177' title='bbox 184 1821 281 1850; x_wconf 79' lang='lat' dir='ltr'>medio</span> <span class='ocrx_word' id='word_1_178' title='bbox 299 1821 495 1858; x_wconf 78' lang='lat' dir='ltr'>pertinentis,</span> <span class='ocrx_word' id='word_1_179' title='bbox 524 1819 643 1848; x_wconf 79' lang='lat' dir='ltr'>ordinis</span> <span class='ocrx_word' id='word_1_180' title='bbox 663 1819 769 1848; x_wconf 75' lang='lat' dir='ltr'>Sancte</span> <span class='ocrx_word' id='word_1_181' title='bbox 788 1818 894 1853; x_wconf 78' lang='lat' dir='ltr'>Clare,</span> <span class='ocrx_word' id='word_1_182' title='bbox 918 1816 1106 1846; x_wconf 64' lang='lat' dir='ltr'>Carmonensz‘s</span> <span class='ocrx_word' id='word_1_183' title='bbox 1123 1815 1190 1844; x_wconf 75' lang='lat' dir='ltr'>dio-</span> 
     </span>
     <span class='ocr_line' id='line_1_26' title="bbox 184 1866 1189 1911; baseline -0.007 -8"><span class='ocrx_word' id='word_1_184' title='bbox 184 1875 267 1903; x_wconf 82' lang='lat' dir='ltr'>cesis.</span> <span class='ocrx_word' id='word_1_185' title='bbox 287 1885 300 1900; x_wconf 75' lang='grc' dir='ltr'>ιι</span> <span class='ocrx_word' id='word_1_186' title='bbox 320 1873 362 1902; x_wconf 86' lang='lat' dir='ltr'>Ex</span> <span class='ocrx_word' id='word_1_187' title='bbox 378 1877 466 1911; x_wconf 86' lang='lat' dir='ltr'>parte</span> <span class='ocrx_word' id='word_1_188' title='bbox 481 1877 584 1901; x_wconf 86' lang='lat' dir='ltr'>vestra</span> <span class='ocrx_word' id='word_1_189' title='bbox 598 1872 656 1901; x_wconf 81' lang='lat' dir='ltr'>fuit</span> <span class='ocrx_word' id='word_1_190' title='bbox 667 1871 861 1910; x_wconf 87' lang='lat' dir='ltr'>propositum</span> <span class='ocrx_word' id='word_1_191' title='bbox 876 1877 982 1899; x_wconf 87' lang='lat' dir='ltr'>coram</span> <span class='ocrx_word' id='word_1_192' title='bbox 997 1867 1088 1898; x_wconf 88' lang='lat' dir='ltr'>nobis</span> <span class='ocrx_word' id='word_1_193' title='bbox 1105 1866 1189 1906; x_wconf 90' lang='lat' dir='ltr'>quod</span> 
     </span>
     <span class='ocr_line' id='line_1_27' title="bbox 185 1920 1188 1957; baseline -0.007 -1"><span class='ocrx_word' id='word_1_194' title='bbox 185 1926 260 1957; x_wconf 90' lang='lat' dir='ltr'>olim</span> <span class='ocrx_word' id='word_1_195' title='bbox 292 1925 414 1955; x_wconf 88' lang='lat' dir='ltr'>dilectis</span> <span class='ocrx_word' id='word_1_196' title='bbox 442 1925 477 1954; x_wconf 89' lang='lat' dir='ltr'>in</span> <span class='ocrx_word' id='word_1_197' title='bbox 504 1924 631 1954; x_wconf 85' lang='lat' dir='ltr'>Christo</span> <span class='ocrx_word' id='word_1_198' title='bbox 658 1923 785 1953; x_wconf 82' lang='lat' dir='ltr'>filiabus</span> <span class='ocrx_word' id='word_1_199' title='bbox 809 1922 972 1952; x_wconf 89' lang='lat' dir='ltr'>nobilibus</span> <span class='ocrx_word' id='word_1_200' title='bbox 999 1920 1188 1950; x_wconf 87' lang='lat' dir='ltr'>mulieribus</span> 
     </span>
     <span class='ocr_line' id='line_1_28' title="bbox 186 1973 1188 2017; baseline -0.006 -8"><span class='ocrx_word' id='word_1_201' title='bbox 186 1979 302 2016; x_wconf 83' lang='lat' dir='ltr'>Aelidi,</span> <span class='ocrx_word' id='word_1_202' title='bbox 321 1979 482 2017; x_wconf 86' lang='lat' dir='ltr'>quondam</span> <span class='ocrx_word' id='word_1_203' title='bbox 495 1977 655 2008; x_wconf 88' lang='lat' dir='ltr'>Johannis</span> <span class='ocrx_word' id='word_1_204' title='bbox 669 1978 706 2007; x_wconf 89' lang='lat' dir='ltr'>de</span> <span class='ocrx_word' id='word_1_205' title='bbox 719 1976 902 2013; x_wconf 77' lang='lat' dir='ltr'>Castilione,</span> <span class='ocrx_word' id='word_1_206' title='bbox 917 1975 1107 2006; x_wconf 82' lang='lat' dir='ltr'>etJohanna</span> <span class='ocrx_word' id='word_1_207' title='bbox 1122 1973 1188 2004; x_wconf 85' lang='lat' dir='ltr'>fitia</span> 
     </span>
     <span class='ocr_line' id='line_1_29' title="bbox 184 2028 1190 2072; baseline -0.006 -9"><span class='ocrx_word' id='word_1_208' title='bbox 184 2034 284 2072; x_wconf 88' lang='lat' dir='ltr'>ipsius</span> <span class='ocrx_word' id='word_1_209' title='bbox 298 2032 431 2068; x_wconf 79' lang='lat' dir='ltr'>Aetidis,</span> <span class='ocrx_word' id='word_1_210' title='bbox 449 2031 611 2070; x_wconf 89' lang='lat' dir='ltr'>quondam</span> <span class='ocrx_word' id='word_1_211' title='bbox 622 2031 709 2060; x_wconf 84' lang='lat' dir='ltr'>Petri</span> <span class='ocrx_word' id='word_1_212' title='bbox 719 2030 784 2060; x_wconf 86' lang='lat' dir='ltr'>nati</span> <span class='ocrx_word' id='word_1_213' title='bbox 798 2029 881 2060; x_wconf 88' lang='lat' dir='ltr'>clare</span> <span class='ocrx_word' id='word_1_214' title='bbox 894 2029 1048 2059; x_wconf 86' lang='lat' dir='ltr'>memorie</span> <span class='ocrx_word' id='word_1_215' title='bbox 1058 2028 1093 2057; x_wconf 92' lang='lat' dir='ltr'>L.</span> <span class='ocrx_word' id='word_1_216' title='bbox 1104 2028 1190 2066; x_wconf 85' lang='lat' dir='ltr'>regis</span> 
     </span>
     <span class='ocr_line' id='line_1_30' title="bbox 186 2081 1190 2122; baseline -0.006 -7"><span class='ocrx_word' id='word_1_217' title='bbox 186 2081 392 2122; x_wconf 80' lang='lat' dir='ltr'>Francorum,</span> <span class='ocrx_word' id='word_1_218' title='bbox 401 2086 553 2115; x_wconf 90' lang='lat' dir='ltr'>comitum</span> <span class='ocrx_word' id='word_1_219' title='bbox 567 2084 781 2120; x_wconf 88' lang='lat' dir='ltr'>Blesensium,</span> <span class='ocrx_word' id='word_1_220' title='bbox 793 2082 910 2113; x_wconf 90' lang='lat' dir='ltr'>relictis</span> <span class='ocrx_word' id='word_1_221' title='bbox 924 2081 1039 2118; x_wconf 43' lang='lat' dir='ltr'>viduis</span> <span class='ocrx_word' id='word_1_222' title='bbox 1050 2081 1190 2111; x_wconf 87' lang='lat' dir='ltr'>comitis-</span> 
     </span>
     <span class='ocr_line' id='line_1_31' title="bbox 185 2134 1188 2175; baseline -0.007 -6"><span class='ocrx_word' id='word_1_223' title='bbox 185 2139 227 2169; x_wconf 86' lang='lat' dir='ltr'>sis</span> <span class='ocrx_word' id='word_1_224' title='bbox 241 2138 456 2172; x_wconf 87' lang='lat' dir='ltr'>Blesensibus,</span> <span class='ocrx_word' id='word_1_225' title='bbox 474 2137 730 2175; x_wconf 85' lang='lat' dir='ltr'>significantibus</span> <span class='ocrx_word' id='word_1_226' title='bbox 745 2135 846 2166; x_wconf 86' lang='lat' dir='ltr'>felicis</span> <span class='ocrx_word' id='word_1_227' title='bbox 861 2134 1088 2165; x_wconf 88' lang='lat' dir='ltr'>recordationis</span> <span class='ocrx_word' id='word_1_228' title='bbox 1106 2134 1188 2163; x_wconf 93' lang='lat' dir='ltr'>Mar-</span> 
     </span>
     <span class='ocr_line' id='line_1_32' title="bbox 187 2186 1190 2231; baseline -0.006 -10"><span class='ocrx_word' id='word_1_229' title='bbox 187 2193 252 2222; x_wconf 87' lang='lat' dir='ltr'>tino</span> <span class='ocrx_word' id='word_1_230' title='bbox 261 2201 338 2230; x_wconf 89' lang='lat' dir='ltr'>pape</span> <span class='ocrx_word' id='word_1_231' title='bbox 347 2190 559 2231; x_wconf 81' lang='lat' dir='ltr'>predecessori</span> <span class='ocrx_word' id='word_1_232' title='bbox 568 2194 685 2226; x_wconf 90' lang='lat' dir='ltr'>nostro,</span> <span class='ocrx_word' id='word_1_233' title='bbox 695 2189 780 2228; x_wconf 87' lang='lat' dir='ltr'>quod</span> <span class='ocrx_word' id='word_1_234' title='bbox 793 2188 913 2218; x_wconf 89' lang='lat' dir='ltr'>dudum</span> <span class='ocrx_word' id='word_1_235' title='bbox 921 2187 1061 2226; x_wconf 76' lang='lat' dir='ltr'>prefatus</span> <span class='ocrx_word' id='word_1_236' title='bbox 1069 2187 1088 2216; x_wconf 85' lang='lat' dir='ltr'>J</span> <span class='ocrx_word' id='word_1_237' title='bbox 1091 2186 1190 2217; x_wconf 85' lang='lat' dir='ltr'>ohan-</span> 
     </span>
     <span class='ocr_line' id='line_1_33' title="bbox 186 2241 1190 2281; baseline -0.006 -6"><span class='ocrx_word' id='word_1_238' title='bbox 186 2255 242 2275; x_wconf 89' lang='lat' dir='ltr'>nes</span> <span class='ocrx_word' id='word_1_239' title='bbox 251 2251 325 2275; x_wconf 90' lang='lat' dir='ltr'>tunc</span> <span class='ocrx_word' id='word_1_240' title='bbox 332 2246 442 2274; x_wconf 83' lang='lat' dir='ltr'>vivens</span> <span class='ocrx_word' id='word_1_241' title='bbox 449 2244 595 2274; x_wconf 88' lang='lat' dir='ltr'>eteadem</span> <span class='ocrx_word' id='word_1_242' title='bbox 601 2243 724 2274; x_wconf 88' lang='lat' dir='ltr'>Aelidis</span> <span class='ocrx_word' id='word_1_243' title='bbox 730 2243 768 2272; x_wconf 88' lang='lat' dir='ltr'>de</span> <span class='ocrx_word' id='word_1_244' title='bbox 775 2242 875 2272; x_wconf 90' lang='lat' dir='ltr'>salute</span> <span class='ocrx_word' id='word_1_245' title='bbox 882 2242 1008 2281; x_wconf 87' lang='lat' dir='ltr'>propria</span> <span class='ocrx_word' id='word_1_246' title='bbox 1015 2241 1190 2279; x_wconf 79' lang='lat' dir='ltr'>cogitantes</span> 
     </span>
     <span class='ocr_line' id='line_1_34' title="bbox 184 2294 1186 2335; baseline -0.006 -7"><span class='ocrx_word' id='word_1_247' title='bbox 184 2308 221 2330; x_wconf 84' lang='lat' dir='ltr'>ac</span> <span class='ocrx_word' id='word_1_248' title='bbox 232 2299 434 2328; x_wconf 82' lang='lat' dir='ltr'>intendentes</span> <span class='ocrx_word' id='word_1_249' title='bbox 445 2299 478 2328; x_wconf 88' lang='lat' dir='ltr'>in</span> <span class='ocrx_word' id='word_1_250' title='bbox 490 2298 549 2328; x_wconf 90' lang='lat' dir='ltr'>hoc</span> <span class='ocrx_word' id='word_1_251' title='bbox 561 2298 627 2327; x_wconf 89' lang='lat' dir='ltr'>Deo</span> <span class='ocrx_word' id='word_1_252' title='bbox 639 2295 831 2335; x_wconf 83' lang='lat' dir='ltr'>acceptabile</span> <span class='ocrx_word' id='word_1_253' title='bbox 844 2295 1010 2325; x_wconf 88' lang='lat' dir='ltr'>servitium</span> <span class='ocrx_word' id='word_1_254' title='bbox 1025 2294 1186 2329; x_wconf 82' lang='lat' dir='ltr'>exhibere,</span> 
     </span>
     <span class='ocr_line' id='line_1_35' title="bbox 186 2348 1188 2392; baseline -0.006 -10"><span class='ocrx_word' id='word_1_255' title='bbox 186 2352 344 2392; x_wconf 84' lang='lat' dir='ltr'>quoddam</span> <span class='ocrx_word' id='word_1_256' title='bbox 372 2351 602 2381; x_wconf 87' lang='lat' dir='ltr'>monasterium</span> <span class='ocrx_word' id='word_1_257' title='bbox 630 2351 663 2380; x_wconf 90' lang='lat' dir='ltr'>in</span> <span class='ocrx_word' id='word_1_258' title='bbox 688 2350 774 2387; x_wconf 89' lang='lat' dir='ltr'>loco,</span> <span class='ocrx_word' id='word_1_259' title='bbox 798 2349 851 2379; x_wconf 90' lang='lat' dir='ltr'>ubi</span> <span class='ocrx_word' id='word_1_260' title='bbox 877 2357 964 2378; x_wconf 90' lang='lat' dir='ltr'>nunc</span> <span class='ocrx_word' id='word_1_261' title='bbox 986 2348 1122 2386; x_wconf 78' lang='lat' dir='ltr'>degitis,</span> <span class='ocrx_word' id='word_1_262' title='bbox 1154 2348 1188 2376; x_wconf 87' lang='lat' dir='ltr'>in</span> 
     </span>
     <span class='ocr_line' id='line_1_36' title="bbox 184 2403 1189 2444; baseline -0.006 -8"><span class='ocrx_word' id='word_1_263' title='bbox 184 2407 284 2437; x_wconf 79' lang='lat' dir='ltr'>fundo</span> <span class='ocrx_word' id='word_1_264' title='bbox 301 2405 447 2435; x_wconf 88' lang='lat' dir='ltr'>videlicet</span> <span class='ocrx_word' id='word_1_265' title='bbox 462 2405 598 2444; x_wconf 86' lang='lat' dir='ltr'>proprio,</span> <span class='ocrx_word' id='word_1_266' title='bbox 617 2404 654 2434; x_wconf 90' lang='lat' dir='ltr'>de</span> <span class='ocrx_word' id='word_1_267' title='bbox 670 2404 830 2434; x_wconf 81' lang='lat' dir='ltr'>diocesani</span> <span class='ocrx_word' id='word_1_268' title='bbox 848 2403 907 2433; x_wconf 88' lang='lat' dir='ltr'>loci</span> <span class='ocrx_word' id='word_1_269' title='bbox 924 2410 1094 2439; x_wconf 87' lang='lat' dir='ltr'>consensu,</span> <span class='ocrx_word' id='word_1_270' title='bbox 1114 2409 1189 2440; x_wconf 87' lang='lat' dir='ltr'>pro—</span> 
     </span>
     <span class='ocr_line' id='line_1_37' title="bbox 184 2454 1188 2499; baseline -0.006 -10"><span class='ocrx_word' id='word_1_271' title='bbox 184 2460 263 2499; x_wconf 90' lang='lat' dir='ltr'>priis</span> <span class='ocrx_word' id='word_1_272' title='bbox 285 2462 528 2489; x_wconf 80' lang='lat' dir='ltr'>construxerant</span> <span class='ocrx_word' id='word_1_273' title='bbox 548 2457 744 2497; x_wconf 87' lang='lat' dir='ltr'>sumptibus,</span> <span class='ocrx_word' id='word_1_274' title='bbox 765 2457 947 2486; x_wconf 82' lang='lat' dir='ltr'>affectantes</span> <span class='ocrx_word' id='word_1_275' title='bbox 963 2455 1132 2485; x_wconf 85' lang='lat' dir='ltr'>salubriter</span> <span class='ocrx_word' id='word_1_276' title='bbox 1154 2454 1188 2483; x_wconf 93' lang='lat' dir='ltr'>in</span> 
     </span>
     <span class='ocr_line' id='line_1_38' title="bbox 185 2508 1188 2548; baseline -0.006 -5"><span class='ocrx_word' id='word_1_277' title='bbox 185 2513 296 2544; x_wconf 89' lang='lat' dir='ltr'>eodem</span> <span class='ocrx_word' id='word_1_278' title='bbox 311 2512 503 2543; x_wconf 89' lang='lat' dir='ltr'>monasterio</span> <span class='ocrx_word' id='word_1_279' title='bbox 520 2511 635 2541; x_wconf 88' lang='lat' dir='ltr'>decens</span> <span class='ocrx_word' id='word_1_280' title='bbox 652 2520 719 2540; x_wconf 90' lang='lat' dir='ltr'>esse</span> <span class='ocrx_word' id='word_1_281' title='bbox 736 2509 907 2548; x_wconf 84' lang='lat' dir='ltr'>collegium</span> <span class='ocrx_word' id='word_1_282' title='bbox 921 2508 1111 2539; x_wconf 87' lang='lat' dir='ltr'>monialium</span> <span class='ocrx_word' id='word_1_283' title='bbox 1123 2508 1188 2538; x_wconf 94' lang='lat' dir='ltr'>Do-</span> 
     </span>
     <span class='ocr_line' id='line_1_39' title="bbox 184 2560 1188 2605; baseline -0.006 -9"><span class='ocrx_word' id='word_1_284' title='bbox 184 2568 274 2596; x_wconf 87' lang='lat' dir='ltr'>mino</span> <span class='ocrx_word' id='word_1_285' title='bbox 301 2570 451 2605; x_wconf 88' lang='lat' dir='ltr'>perpetuo</span> <span class='ocrx_word' id='word_1_286' title='bbox 477 2564 705 2594; x_wconf 81' lang='lat' dir='ltr'>famulantium</span> <span class='ocrx_word' id='word_1_287' title='bbox 734 2563 792 2592; x_wconf 89' lang='lat' dir='ltr'>snb</span> <span class='ocrx_word' id='word_1_288' title='bbox 821 2561 1022 2592; x_wconf 86' lang='lat' dir='ltr'>observantia</span> <span class='ocrx_word' id='word_1_289' title='bbox 1056 2560 1165 2599; x_wconf 86' lang='lat' dir='ltr'>regule</span> <span class='ocrx_word' id='word_1_290' title='bbox 1180 2583 1188 2598; x_wconf 95' lang='lat'>,</span> 
     </span>
     <span class='ocr_line' id='line_1_40' title="bbox 187 2615 1189 2658; baseline -0.006 -8"><span class='ocrx_word' id='word_1_291' title='bbox 187 2629 282 2658; x_wconf 82' lang='lat' dir='ltr'>quam</span> <span class='ocrx_word' id='word_1_292' title='bbox 293 2627 415 2649; x_wconf 87' lang='lat' dir='ltr'>sorores</span> <span class='ocrx_word' id='word_1_293' title='bbox 424 2618 611 2649; x_wconf 87' lang='lat' dir='ltr'>monasterii</span> <span class='ocrx_word' id='word_1_294' title='bbox 622 2616 822 2647; x_wconf 85' lang='lat' dir='ltr'>Humilitatis</span> <span class='ocrx_word' id='word_1_295' title='bbox 832 2616 927 2646; x_wconf 86' lang='lat' dir='ltr'>Beate</span> <span class='ocrx_word' id='word_1_296' title='bbox 939 2615 1039 2645; x_wconf 86' lang='lat' dir='ltr'>Marie</span> <span class='ocrx_word' id='word_1_297' title='bbox 1052 2615 1189 2653; x_wconf 88' lang='lat' dir='ltr'>virginis</span> 
     </span>
     <span class='ocr_line' id='line_1_41' title="bbox 186 2667 1189 2711; baseline -0.005 -9"><span class='ocrx_word' id='word_1_298' title='bbox 186 2672 238 2703; x_wconf 87' lang='lat' dir='ltr'>siti</span> <span class='ocrx_word' id='word_1_299' title='bbox 257 2673 346 2711; x_wconf 83' lang='lat' dir='ltr'>juxta</span> <span class='ocrx_word' id='word_1_300' title='bbox 370 2671 514 2701; x_wconf 82' lang='lat' dir='ltr'>Parisios</span> <span class='ocrx_word' id='word_1_301' title='bbox 543 2679 668 2700; x_wconf 89' lang='lat' dir='ltr'>servare</span> <span class='ocrx_word' id='word_1_302' title='bbox 689 2674 882 2706; x_wconf 88' lang='lat' dir='ltr'>noscuntur,</span> <span class='ocrx_word' id='word_1_303' title='bbox 905 2677 1065 2708; x_wconf 89' lang='lat' dir='ltr'>quamque</span> <span class='ocrx_word' id='word_1_304' title='bbox 1086 2667 1189 2698; x_wconf 86' lang='lat' dir='ltr'>dictus</span> 
     </span>
     <span class='ocr_line' id='line_1_42' title="bbox 184 2721 1190 2764; baseline -0.005 -9"><span class='ocrx_word' id='word_1_305' title='bbox 184 2726 401 2764; x_wconf 85' lang='lat' dir='ltr'>predecessor,</span> <span class='ocrx_word' id='word_1_306' title='bbox 424 2725 500 2755; x_wconf 90' lang='lat' dir='ltr'>dum</span> <span class='ocrx_word' id='word_1_307' title='bbox 514 2729 596 2755; x_wconf 86' lang='lat' dir='ltr'>esset</span> <span class='ocrx_word' id='word_1_308' title='bbox 611 2725 645 2754; x_wconf 91' lang='lat' dir='ltr'>in</span> <span class='ocrx_word' id='word_1_309' title='bbox 661 2724 777 2754; x_wconf 89' lang='lat' dir='ltr'>minori</span> <span class='ocrx_word' id='word_1_310' title='bbox 794 2723 898 2753; x_wconf 87' lang='lat' dir='ltr'>officio</span> <span class='ocrx_word' id='word_1_311' title='bbox 915 2723 1122 2758; x_wconf 85' lang='lat' dir='ltr'>constitutus,</span> <span class='ocrx_word' id='word_1_312' title='bbox 1151 2721 1190 2751; x_wconf 88' lang='lat' dir='ltr'>de</span> 
     </span>
     <span class='ocr_line' id='line_1_43' title="bbox 185 2775 1189 2817; baseline -0.004 -9"><span class='ocrx_word' id='word_1_313' title='bbox 185 2779 335 2809; x_wconf 84' lang='lat' dir='ltr'>mandato</span> <span class='ocrx_word' id='word_1_314' title='bbox 346 2779 513 2817; x_wconf 85' lang='lat' dir='ltr'>apostolico</span> <span class='ocrx_word' id='word_1_315' title='bbox 525 2778 658 2808; x_wconf 76' lang='lat' dir='ltr'>duxerat</span> <span class='ocrx_word' id='word_1_316' title='bbox 667 2777 901 2815; x_wconf 85' lang='lat' dir='ltr'>corrigendam,</span> <span class='ocrx_word' id='word_1_317' title='bbox 914 2780 944 2806; x_wconf 90' lang='lat' dir='ltr'>et</span> <span class='ocrx_word' id='word_1_318' title='bbox 954 2775 1038 2815; x_wconf 88' lang='lat' dir='ltr'>quod</span> <span class='ocrx_word' id='word_1_319' title='bbox 1046 2783 1101 2814; x_wconf 91' lang='lat' dir='ltr'>pro</span> <span class='ocrx_word' id='word_1_320' title='bbox 1110 2775 1189 2805; x_wconf 86' lang='lat' dir='ltr'>sub-</span> 
     </span>
     <span class='ocr_line' id='line_1_44' title="bbox 187 2828 1189 2868; baseline -0.004 -6"><span class='ocrx_word' id='word_1_321' title='bbox 187 2833 375 2863; x_wconf 85' lang='lat' dir='ltr'>stentatione</span> <span class='ocrx_word' id='word_1_322' title='bbox 385 2833 541 2862; x_wconf 83' lang='lat' dir='ltr'>dictarum</span> <span class='ocrx_word' id='word_1_323' title='bbox 552 2831 742 2861; x_wconf 87' lang='lat' dir='ltr'>monialium</span> <span class='ocrx_word' id='word_1_324' title='bbox 752 2831 791 2861; x_wconf 91' lang='lat' dir='ltr'>de</span> <span class='ocrx_word' id='word_1_325' title='bbox 800 2831 892 2861; x_wconf 89' lang='lat' dir='ltr'>bonis</span> <span class='ocrx_word' id='word_1_326' title='bbox 902 2829 1038 2868; x_wconf 89' lang='lat' dir='ltr'>propriis</span> <span class='ocrx_word' id='word_1_327' title='bbox 1047 2828 1189 2858; x_wconf 88' lang='lat' dir='ltr'>redditus</span> 
     </span>
     <span class='ocr_line' id='line_1_45' title="bbox 185 2880 1189 2924; baseline -0.005 -8"><span class='ocrx_word' id='word_1_328' title='bbox 185 2895 310 2917; x_wconf 86' lang='lat' dir='ltr'>annuos</span> <span class='ocrx_word' id='word_1_329' title='bbox 336 2894 435 2924; x_wconf 87' lang='lat' dir='ltr'>usque</span> <span class='ocrx_word' id='word_1_330' title='bbox 451 2884 489 2914; x_wconf 87' lang='lat' dir='ltr'>ad</span> <span class='ocrx_word' id='word_1_331' title='bbox 506 2884 645 2914; x_wconf 85' lang='lat' dir='ltr'>valorem</span> <span class='ocrx_word' id='word_1_332' title='bbox 666 2880 759 2914; x_wconf 75' lang='lat' dir='ltr'>&#39;mille</span> <span class='ocrx_word' id='word_1_333' title='bbox 780 2883 936 2914; x_wconf 88' lang='lat' dir='ltr'>librarum</span> <span class='ocrx_word' id='word_1_334' title='bbox 952 2882 1189 2912; x_wconf 89' lang='lat' dir='ltr'>Turonensium</span> 
     </span>
     <span class='ocr_line' id='line_1_46' title="bbox 185 2935 1190 2977; baseline -0.003 -8"><span class='ocrx_word' id='word_1_335' title='bbox 185 2939 374 2970; x_wconf 83' lang='lat' dir='ltr'>liberalitate</span> <span class='ocrx_word' id='word_1_336' title='bbox 394 2939 444 2977; x_wconf 90' lang='lat' dir='ltr'>pia</span> <span class='ocrx_word' id='word_1_337' title='bbox 461 2943 490 2968; x_wconf 90' lang='lat' dir='ltr'>et</span> <span class='ocrx_word' id='word_1_338' title='bbox 508 2938 636 2977; x_wconf 85' lang='lat' dir='ltr'>provida</span> <span class='ocrx_word' id='word_1_339' title='bbox 651 2938 869 2975; x_wconf 79' lang='lat' dir='ltr'>assignarant,</span> <span class='ocrx_word' id='word_1_340' title='bbox 887 2940 916 2966; x_wconf 84' lang='lat' dir='ltr'>et</span> <span class='ocrx_word' id='word_1_341' title='bbox 931 2937 965 2966; x_wconf 94' lang='lat' dir='ltr'>in</span> <span class='ocrx_word' id='word_1_342' title='bbox 989 2935 1190 2966; x_wconf 84' lang='lat' dir='ltr'>edificatione</span> 
     </span>
     <span class='ocr_line' id='line_1_47' title="bbox 185 2987 1188 3030; baseline -0.005 -9"><span class='ocrx_word' id='word_1_343' title='bbox 185 2992 285 3030; x_wconf 89' lang='lat' dir='ltr'>ipsius</span> <span class='ocrx_word' id='word_1_344' title='bbox 301 2990 483 3020; x_wconf 86' lang='lat' dir='ltr'>monasterii</span> <span class='ocrx_word' id='word_1_345' title='bbox 501 2994 530 3019; x_wconf 89' lang='lat' dir='ltr'>et</span> <span class='ocrx_word' id='word_1_346' title='bbox 545 2990 745 3019; x_wconf 86' lang='lat' dir='ltr'>officinarum</span> <span class='ocrx_word' id='word_1_347' title='bbox 761 2990 828 3027; x_wconf 87' lang='lat' dir='ltr'>ejus</span> <span class='ocrx_word' id='word_1_348' title='bbox 845 2987 1017 3027; x_wconf 88' lang='lat' dir='ltr'>quamdam</span> <span class='ocrx_word' id='word_1_349' title='bbox 1037 2995 1101 3017; x_wconf 89' lang='lat' dir='ltr'>non</span> <span class='ocrx_word' id='word_1_350' title='bbox 1116 2995 1188 3017; x_wconf 90' lang='lat' dir='ltr'>mo-</span> 
     </span>
     <span class='ocr_line' id='line_1_48' title="bbox 185 3040 1189 3083; baseline -0.005 -9"><span class='ocrx_word' id='word_1_351' title='bbox 185 3045 287 3075; x_wconf 80' lang='lat' dir='ltr'>dicam</span> <span class='ocrx_word' id='word_1_352' title='bbox 309 3043 517 3083; x_wconf 79' lang='lat' dir='ltr'>quantitatem</span> <span class='ocrx_word' id='word_1_353' title='bbox 542 3042 675 3081; x_wconf 87' lang='lat' dir='ltr'>pecunie</span> <span class='ocrx_word' id='word_1_354' title='bbox 697 3042 853 3071; x_wconf 89' lang='lat' dir='ltr'>duxerant</span> <span class='ocrx_word' id='word_1_355' title='bbox 875 3040 1134 3079; x_wconf 83' lang='lat' dir='ltr'>expendendam,</span> <span class='ocrx_word' id='word_1_356' title='bbox 1153 3048 1189 3070; x_wconf 89' lang='lat' dir='ltr'>ac</span> 
     </span>
    </p>
   </div>
   <div class='ocr_carea' id='block_1_6' title="bbox 1270 430 2282 3080">
    <p class='ocr_par' dir='ltr' id='par_1_7' title="bbox 1270 430 2282 3080">
     <span class='ocr_line' id='line_1_49' title="bbox 1271 430 2273 471; baseline -0.004 -9"><span class='ocrx_word' id='word_1_357' title='bbox 1271 432 1436 462; x_wconf 88' lang='lat' dir='ltr'>humiliter</span> <span class='ocrx_word' id='word_1_358' title='bbox 1450 437 1479 462; x_wconf 88' lang='lat' dir='ltr'>et</span> <span class='ocrx_word' id='word_1_359' title='bbox 1492 433 1647 462; x_wconf 82' lang='lat' dir='ltr'>instanter</span> <span class='ocrx_word' id='word_1_360' title='bbox 1662 432 1702 462; x_wconf 91' lang='lat' dir='ltr'>ab</span> <span class='ocrx_word' id='word_1_361' title='bbox 1715 431 1823 462; x_wconf 83' lang='lat' dir='ltr'>eodem</span> <span class='ocrx_word' id='word_1_362' title='bbox 1839 432 2056 471; x_wconf 82' lang='lat' dir='ltr'>predecessore</span> <span class='ocrx_word' id='word_1_363' title='bbox 2073 436 2161 470; x_wconf 67' lang='lat' dir='ltr'>poton</span> <span class='ocrx_word' id='word_1_364' title='bbox 2169 430 2251 459; x_wconf 89' lang='lat' dir='ltr'>tibus</span> <span class='ocrx_word' id='word_1_365' title='bbox 2265 452 2273 465; x_wconf 88' lang='lat'>‚</span> 
     </span>
     <span class='ocr_line' id='line_1_50' title="bbox 1273 483 2275 524; baseline -0.003 -9"><span class='ocrx_word' id='word_1_366' title='bbox 1273 489 1307 515; x_wconf 93' lang='lat' dir='ltr'>nt</span> <span class='ocrx_word' id='word_1_367' title='bbox 1323 486 1524 524; x_wconf 85' lang='lat' dir='ltr'>predecessor</span> <span class='ocrx_word' id='word_1_368' title='bbox 1539 486 1606 524; x_wconf 83' lang='lat' dir='ltr'>ipse</span> <span class='ocrx_word' id='word_1_369' title='bbox 1620 485 1654 514; x_wconf 92' lang='lat' dir='ltr'>iu</span> <span class='ocrx_word' id='word_1_370' title='bbox 1666 484 1846 523; x_wconf 85' lang='lat' dir='ltr'>supradicto</span> <span class='ocrx_word' id='word_1_371' title='bbox 1863 485 2054 515; x_wconf 86' lang='lat' dir='ltr'>monasterio</span> <span class='ocrx_word' id='word_1_372' title='bbox 2071 485 2109 514; x_wconf 90' lang='lat' dir='ltr'>de</span> <span class='ocrx_word' id='word_1_373' title='bbox 2124 483 2275 514; x_wconf 87' lang='lat' dir='ltr'>Custodia</span> 
     </span>
     <span class='ocr_line' id='line_1_51' title="bbox 1272 537 2273 576; baseline -0.002 -9"><span class='ocrx_word' id='word_1_374' title='bbox 1272 538 1372 576; x_wconf 89' lang='lat' dir='ltr'>ipsius</span> <span class='ocrx_word' id='word_1_375' title='bbox 1388 538 1523 576; x_wconf 81' lang='lat' dir='ltr'>virginis</span> <span class='ocrx_word' id='word_1_376' title='bbox 1540 538 1675 576; x_wconf 86' lang='lat' dir='ltr'>gloriose</span> <span class='ocrx_word' id='word_1_377' title='bbox 1696 538 1786 576; x_wconf 78' lang='lat' dir='ltr'>Juxta</span> <span class='ocrx_word' id='word_1_378' title='bbox 1803 537 1887 576; x_wconf 83' lang='lat' dir='ltr'>piam</span> <span class='ocrx_word' id='word_1_379' title='bbox 1909 539 2121 569; x_wconf 87' lang='lat' dir='ltr'>intentionem</span> <span class='ocrx_word' id='word_1_380' title='bbox 2148 544 2273 566; x_wconf 76' lang='lat' dir='ltr'>corum-</span> 
     </span>
     <span class='ocr_line' id='line_1_52' title="bbox 1271 587 2274 629; baseline -0.002 -9"><span class='ocrx_word' id='word_1_381' title='bbox 1271 590 1343 620; x_wconf 87' lang='lat' dir='ltr'>dem</span> <span class='ocrx_word' id='word_1_382' title='bbox 1359 591 1518 621; x_wconf 82' lang='lat' dir='ltr'>Johannis</span> <span class='ocrx_word' id='word_1_383' title='bbox 1532 597 1561 621; x_wconf 83' lang='lat' dir='ltr'>et</span> <span class='ocrx_word' id='word_1_384' title='bbox 1578 591 1699 621; x_wconf 65' lang='lat' dir='ltr'>Aelidis</span> <span class='ocrx_word' id='word_1_385' title='bbox 1716 590 1899 629; x_wconf 83' lang='lat' dir='ltr'>hujusmodi</span> <span class='ocrx_word' id='word_1_386' title='bbox 1916 591 2028 621; x_wconf 87' lang='lat' dir='ltr'>decens</span> <span class='ocrx_word' id='word_1_387' title='bbox 2045 599 2188 621; x_wconf 87' lang='lat' dir='ltr'>sororum</span> <span class='ocrx_word' id='word_1_388' title='bbox 2211 587 2274 618; x_wconf 89' lang='lat' dir='ltr'>col-</span> 
     </span>
     <span class='ocr_line' id='line_1_53' title="bbox 1271 641 2274 682; baseline -0.002 -9"><span class='ocrx_word' id='word_1_389' title='bbox 1271 643 1392 682; x_wconf 85' lang='lat' dir='ltr'>legium</span> <span class='ocrx_word' id='word_1_390' title='bbox 1409 645 1580 681; x_wconf 84' lang='lat' dir='ltr'>ordinans,</span> <span class='ocrx_word' id='word_1_391' title='bbox 1601 643 1828 673; x_wconf 85' lang='lat' dir='ltr'>monasterium</span> <span class='ocrx_word' id='word_1_392' title='bbox 1846 643 1948 682; x_wconf 88' lang='lat' dir='ltr'>ipsum</span> <span class='ocrx_word' id='word_1_393' title='bbox 1967 644 2010 673; x_wconf 87' lang='lat' dir='ltr'>sic</span> <span class='ocrx_word' id='word_1_394' title='bbox 2023 644 2174 677; x_wconf 79' lang='lat' dir='ltr'>eximere,</span> <span class='ocrx_word' id='word_1_395' title='bbox 2189 641 2274 680; x_wconf 80' lang='lat' dir='ltr'>quod</span> 
     </span>
     <span class='ocr_line' id='line_1_54' title="bbox 1270 696 2273 736; baseline -0.002 -10"><span class='ocrx_word' id='word_1_396' title='bbox 1270 696 1366 727; x_wconf 89' lang='lat' dir='ltr'>alicui</span> <span class='ocrx_word' id='word_1_397' title='bbox 1383 697 1458 734; x_wconf 88' lang='lat' dir='ltr'>alii,</span> <span class='ocrx_word' id='word_1_398' title='bbox 1477 699 1536 727; x_wconf 90' lang='lat' dir='ltr'>nisi</span> <span class='ocrx_word' id='word_1_399' title='bbox 1556 699 1699 728; x_wconf 82' lang='lat' dir='ltr'>Romano</span> <span class='ocrx_word' id='word_1_400' title='bbox 1715 697 1874 736; x_wconf 84' lang='lat' dir='ltr'>pontifici,</span> <span class='ocrx_word' id='word_1_401' title='bbox 1892 706 1954 727; x_wconf 87' lang='lat' dir='ltr'>non</span> <span class='ocrx_word' id='word_1_402' title='bbox 1971 697 2130 732; x_wconf 76' lang='lat' dir='ltr'>subesset3</span> <span class='ocrx_word' id='word_1_403' title='bbox 2149 703 2273 725; x_wconf 81' lang='lat' dir='ltr'>necnon</span> 
     </span>
     <span class='ocr_line' id='line_1_55' title="bbox 1272 749 2273 790; baseline -0.002 -11"><span class='ocrx_word' id='word_1_404' title='bbox 1272 750 1390 779; x_wconf 89' lang='lat' dir='ltr'>eisdem</span> <span class='ocrx_word' id='word_1_405' title='bbox 1411 751 1571 781; x_wconf 85' lang='lat' dir='ltr'>sororibus</span> <span class='ocrx_word' id='word_1_406' title='bbox 1588 751 1740 790; x_wconf 73' lang='lat' dir='ltr'>prefatam</span> <span class='ocrx_word' id='word_1_407' title='bbox 1760 750 1902 787; x_wconf 81' lang='lat' dir='ltr'>regulam</span> <span class='ocrx_word' id='word_1_408' title='bbox 1929 750 2049 780; x_wconf 87' lang='lat' dir='ltr'>tradere</span> <span class='ocrx_word' id='word_1_409' title='bbox 2067 750 2104 780; x_wconf 88' lang='lat' dir='ltr'>de</span> <span class='ocrx_word' id='word_1_410' title='bbox 2124 749 2273 787; x_wconf 84' lang='lat' dir='ltr'>benigni-</span> 
     </span>
     <span class='ocr_line' id='line_1_56' title="bbox 1273 802 2275 842; baseline -0.002 -10"><span class='ocrx_word' id='word_1_411' title='bbox 1273 807 1332 832; x_wconf 84' lang='lat' dir='ltr'>tate</span> <span class='ocrx_word' id='word_1_412' title='bbox 1355 803 1525 842; x_wconf 81' lang='lat' dir='ltr'>apostolica</span> <span class='ocrx_word' id='word_1_413' title='bbox 1540 804 1738 842; x_wconf 70' lang='lat' dir='ltr'>dignaretur.</span> <span class='ocrx_word' id='word_1_414' title='bbox 1765 804 1854 833; x_wconf 86' lang='lat' dir='ltr'>Idem</span> <span class='ocrx_word' id='word_1_415' title='bbox 1878 802 2078 842; x_wconf 85' lang='lat' dir='ltr'>predecessor</span> <span class='ocrx_word' id='word_1_416' title='bbox 2093 803 2131 833; x_wconf 83' lang='lat' dir='ltr'>de</span> <span class='ocrx_word' id='word_1_417' title='bbox 2148 802 2275 841; x_wconf 87' lang='lat' dir='ltr'>probata</span> 
     </span>
     <span class='ocr_line' id='line_1_57' title="bbox 1270 855 2275 894; baseline -0.002 -8"><span class='ocrx_word' id='word_1_418' title='bbox 1270 857 1428 887; x_wconf 89' lang='lat' dir='ltr'>industria</span> <span class='ocrx_word' id='word_1_419' title='bbox 1444 857 1549 887; x_wconf 88' lang='lat' dir='ltr'>dilecti</span> <span class='ocrx_word' id='word_1_420' title='bbox 1569 857 1627 887; x_wconf 79' lang='lat' dir='ltr'>filii</span> <span class='ocrx_word' id='word_1_421' title='bbox 1646 857 1747 887; x_wconf 87' lang='lat' dir='ltr'>nostri</span> <span class='ocrx_word' id='word_1_422' title='bbox 1767 857 1797 886; x_wconf 87' lang='lat' dir='ltr'>J.</span> <span class='ocrx_word' id='word_1_423' title='bbox 1819 856 1900 885; x_wconf 89' lang='lat' dir='ltr'>tituli</span> <span class='ocrx_word' id='word_1_424' title='bbox 1926 856 2039 886; x_wconf 82' lang='lat' dir='ltr'>Sancte</span> <span class='ocrx_word' id='word_1_425' title='bbox 2061 855 2171 886; x_wconf 87' lang='lat' dir='ltr'>Cicilie</span> <span class='ocrx_word' id='word_1_426' title='bbox 2190 863 2275 894; x_wconf 89' lang='lat' dir='ltr'>pres-</span> 
     </span>
     <span class='ocr_line' id='line_1_58' title="bbox 1270 908 2276 950; baseline -0.001 -11"><span class='ocrx_word' id='word_1_427' title='bbox 1270 910 1374 949; x_wconf 83' lang='lat' dir='ltr'>byteri</span> <span class='ocrx_word' id='word_1_428' title='bbox 1391 910 1578 947; x_wconf 76' lang='lat' dir='ltr'>cardinalis,</span> <span class='ocrx_word' id='word_1_429' title='bbox 1596 910 1764 950; x_wconf 85' lang='lat' dir='ltr'>apostolice</span> <span class='ocrx_word' id='word_1_430' title='bbox 1786 910 1869 939; x_wconf 79' lang='lat' dir='ltr'>sedis</span> <span class='ocrx_word' id='word_1_431' title='bbox 1885 909 1996 947; x_wconf 85' lang='lat' dir='ltr'>legati,</span> <span class='ocrx_word' id='word_1_432' title='bbox 2020 909 2146 948; x_wconf 88' lang='lat' dir='ltr'>plenam</span> <span class='ocrx_word' id='word_1_433' title='bbox 2163 909 2194 938; x_wconf 91' lang='lat' dir='ltr'>in</span> <span class='ocrx_word' id='word_1_434' title='bbox 2217 908 2276 938; x_wconf 88' lang='lat' dir='ltr'>Do-</span> 
     </span>
     <span class='ocr_line' id='line_1_59' title="bbox 1272 961 2276 1001; baseline -0.001 -9"><span class='ocrx_word' id='word_1_435' title='bbox 1272 963 1360 993; x_wconf 90' lang='lat' dir='ltr'>mino</span> <span class='ocrx_word' id='word_1_436' title='bbox 1379 963 1527 993; x_wconf 87' lang='lat' dir='ltr'>fiduciam</span> <span class='ocrx_word' id='word_1_437' title='bbox 1544 964 1708 1001; x_wconf 88' lang='lat' dir='ltr'>obtinens,</span> <span class='ocrx_word' id='word_1_438' title='bbox 1726 964 1829 994; x_wconf 89' lang='lat' dir='ltr'>eidem</span> <span class='ocrx_word' id='word_1_439' title='bbox 1852 963 1955 1001; x_wconf 87' lang='lat' dir='ltr'>legato</span> <span class='ocrx_word' id='word_1_440' title='bbox 1973 963 2038 992; x_wconf 88' lang='lat' dir='ltr'>suis</span> <span class='ocrx_word' id='word_1_441' title='bbox 2058 962 2144 992; x_wconf 88' lang='lat' dir='ltr'>dedit</span> <span class='ocrx_word' id='word_1_442' title='bbox 2160 961 2276 992; x_wconf 87' lang='lat' dir='ltr'>litteris</span> 
     </span>
     <span class='ocr_line' id='line_1_60' title="bbox 1271 1012 2276 1055; baseline -0.001 -12"><span class='ocrx_word' id='word_1_443' title='bbox 1271 1014 1303 1044; x_wconf 93' lang='lat' dir='ltr'>in</span> <span class='ocrx_word' id='word_1_444' title='bbox 1318 1014 1486 1051; x_wconf 85' lang='lat' dir='ltr'>mandatis,</span> <span class='ocrx_word' id='word_1_445' title='bbox 1505 1020 1539 1045; x_wconf 87' lang='lat' dir='ltr'>ut</span> <span class='ocrx_word' id='word_1_446' title='bbox 1553 1015 1709 1046; x_wconf 77' lang='lat' dir='ltr'>satisfacto</span> <span class='ocrx_word' id='word_1_447' title='bbox 1722 1016 1870 1055; x_wconf 89' lang='lat' dir='ltr'>primitus</span> <span class='ocrx_word' id='word_1_448' title='bbox 1887 1014 2018 1044; x_wconf 83' lang='lat' dir='ltr'>ecclesie</span> <span class='ocrx_word' id='word_1_449' title='bbox 2031 1013 2220 1044; x_wconf 88' lang='lat' dir='ltr'>Carnotensi</span> <span class='ocrx_word' id='word_1_450' title='bbox 2236 1012 2276 1042; x_wconf 85' lang='lat' dir='ltr'>de</span> 
     </span>
     <span class='ocr_line' id='line_1_61' title="bbox 1273 1067 2277 1107; baseline -0.001 -10"><span class='ocrx_word' id='word_1_451' title='bbox 1273 1067 1435 1106; x_wconf 84' lang='lat' dir='ltr'>temporali</span> <span class='ocrx_word' id='word_1_452' title='bbox 1453 1068 1630 1104; x_wconf 90' lang='lat' dir='ltr'>commodo,</span> <span class='ocrx_word' id='word_1_453' title='bbox 1645 1068 1740 1107; x_wconf 89' lang='lat' dir='ltr'>quod,</span> <span class='ocrx_word' id='word_1_454' title='bbox 1756 1069 1781 1098; x_wconf 88' lang='lat' dir='ltr'>si</span> <span class='ocrx_word' id='word_1_455' title='bbox 1795 1068 1915 1098; x_wconf 87' lang='lat' dir='ltr'>dictum</span> <span class='ocrx_word' id='word_1_456' title='bbox 1929 1067 2158 1097; x_wconf 88' lang='lat' dir='ltr'>monasterium</span> <span class='ocrx_word' id='word_1_457' title='bbox 2178 1074 2277 1096; x_wconf 84' lang='lat' dir='ltr'>rema-</span> 
     </span>
     <span class='ocr_line' id='line_1_62' title="bbox 1272 1119 2275 1161; baseline -0.003 -10"><span class='ocrx_word' id='word_1_458' title='bbox 1272 1127 1362 1151; x_wconf 87' lang='lat' dir='ltr'>neret</span> <span class='ocrx_word' id='word_1_459' title='bbox 1379 1121 1510 1152; x_wconf 81' lang='lat' dir='ltr'>ecclesie</span> <span class='ocrx_word' id='word_1_460' title='bbox 1525 1123 1592 1161; x_wconf 85' lang='lat' dir='ltr'>jam</span> <span class='ocrx_word' id='word_1_461' title='bbox 1609 1122 1690 1153; x_wconf 87' lang='lat' dir='ltr'>dicte</span> <span class='ocrx_word' id='word_1_462' title='bbox 1705 1122 1904 1160; x_wconf 71' lang='lat' dir='ltr'>subjectum,</span> <span class='ocrx_word' id='word_1_463' title='bbox 1928 1121 2030 1151; x_wconf 86' lang='lat' dir='ltr'>eidem</span> <span class='ocrx_word' id='word_1_464' title='bbox 2057 1119 2187 1150; x_wconf 84' lang='lat' dir='ltr'>ecclesie</span> <span class='ocrx_word' id='word_1_465' title='bbox 2204 1127 2275 1158; x_wconf 91' lang='lat' dir='ltr'>pro-</span> 
     </span>
     <span class='ocr_line' id='line_1_63' title="bbox 1271 1172 2278 1214; baseline -0.003 -10"><span class='ocrx_word' id='word_1_466' title='bbox 1271 1175 1415 1211; x_wconf 86' lang='lat' dir='ltr'>veniret,</span> <span class='ocrx_word' id='word_1_467' title='bbox 1438 1175 1665 1205; x_wconf 88' lang='lat' dir='ltr'>monasterium</span> <span class='ocrx_word' id='word_1_468' title='bbox 1693 1175 1797 1214; x_wconf 88' lang='lat' dir='ltr'>ipsum</span> <span class='ocrx_word' id='word_1_469' title='bbox 1820 1184 1893 1204; x_wconf 89' lang='lat' dir='ltr'>cum</span> <span class='ocrx_word' id='word_1_470' title='bbox 1916 1173 2081 1213; x_wconf 85' lang='lat' dir='ltr'>personis,</span> <span class='ocrx_word' id='word_1_471' title='bbox 2100 1172 2227 1211; x_wconf 84' lang='lat' dir='ltr'>juribus</span> <span class='ocrx_word' id='word_1_472' title='bbox 2247 1175 2278 1201; x_wconf 82' lang='lat' dir='ltr'>et.</span> 
     </span>
     <span class='ocr_line' id='line_1_64' title="bbox 1271 1225 2278 1267; baseline -0.001 -11"><span class='ocrx_word' id='word_1_473' title='bbox 1271 1228 1475 1266; x_wconf 89' lang='lat' dir='ltr'>pertinentiis</span> <span class='ocrx_word' id='word_1_474' title='bbox 1491 1228 1555 1258; x_wconf 89' lang='lat' dir='ltr'>suis</span> <span class='ocrx_word' id='word_1_475' title='bbox 1572 1229 1603 1258; x_wconf 91' lang='lat' dir='ltr'>in</span> <span class='ocrx_word' id='word_1_476' title='bbox 1618 1229 1671 1267; x_wconf 78' lang='lat' dir='ltr'>jus</span> <span class='ocrx_word' id='word_1_477' title='bbox 1687 1233 1717 1257; x_wconf 92' lang='lat' dir='ltr'>et</span> <span class='ocrx_word' id='word_1_478' title='bbox 1732 1228 1955 1267; x_wconf 83' lang='lat' dir='ltr'>proprietatem</span> <span class='ocrx_word' id='word_1_479' title='bbox 1972 1226 2054 1256; x_wconf 83' lang='lat' dir='ltr'>beati</span> <span class='ocrx_word' id='word_1_480' title='bbox 2071 1225 2158 1255; x_wconf 89' lang='lat' dir='ltr'>Petri</span> <span class='ocrx_word' id='word_1_481' title='bbox 2174 1229 2278 1256; x_wconf 86' lang='lat' dir='ltr'>aucto·</span> 
     </span>
     <span class='ocr_line' id='line_1_65' title="bbox 1271 1278 2278 1320; baseline -0.002 -10"><span class='ocrx_word' id='word_1_482' title='bbox 1271 1281 1361 1311; x_wconf 84' lang='lat' dir='ltr'>ritate</span> <span class='ocrx_word' id='word_1_483' title='bbox 1388 1281 1558 1320; x_wconf 82' lang='lat' dir='ltr'>apostolica</span> <span class='ocrx_word' id='word_1_484' title='bbox 1586 1281 1758 1320; x_wconf 85' lang='lat' dir='ltr'>recipiens,</span> <span class='ocrx_word' id='word_1_485' title='bbox 1788 1280 1868 1311; x_wconf 88' lang='lat' dir='ltr'>illud</span> <span class='ocrx_word' id='word_1_486' title='bbox 1893 1281 1932 1310; x_wconf 83' lang='lat' dir='ltr'>ab</span> <span class='ocrx_word' id='word_1_487' title='bbox 1961 1280 2048 1310; x_wconf 86' lang='lat' dir='ltr'>omni</span> <span class='ocrx_word' id='word_1_488' title='bbox 2080 1278 2278 1318; x_wconf 86' lang='lat' dir='ltr'>subjectione</span> 
     </span>
     <span class='ocr_line' id='line_1_66' title="bbox 1272 1331 2276 1372; baseline -0.002 -9"><span class='ocrx_word' id='word_1_489' title='bbox 1272 1334 1744 1372; x_wconf 86' lang='lat' dir='ltr'>quorumlibetordinariorum,</span> <span class='ocrx_word' id='word_1_490' title='bbox 1764 1340 1796 1363; x_wconf 88' lang='lat' dir='ltr'>ut</span> <span class='ocrx_word' id='word_1_491' title='bbox 1811 1333 1912 1370; x_wconf 82' lang='lat' dir='ltr'>nulli,</span> <span class='ocrx_word' id='word_1_492' title='bbox 1932 1333 1994 1362; x_wconf 90' lang='lat' dir='ltr'>nisi</span> <span class='ocrx_word' id='word_1_493' title='bbox 2010 1331 2180 1371; x_wconf 85' lang='lat' dir='ltr'>apostolice</span> <span class='ocrx_word' id='word_1_494' title='bbox 2197 1331 2276 1369; x_wconf 86' lang='lat' dir='ltr'>sedi,</span> 
     </span>
     <span class='ocr_line' id='line_1_67' title="bbox 1272 1385 2278 1425; baseline -0.002 -9"><span class='ocrx_word' id='word_1_495' title='bbox 1272 1386 1460 1425; x_wconf 69' lang='lat' dir='ltr'>subJaceiet,</span> <span class='ocrx_word' id='word_1_496' title='bbox 1477 1387 1630 1417; x_wconf 77' lang='lat' dir='ltr'>eximeret</span> <span class='ocrx_word' id='word_1_497' title='bbox 1646 1387 1829 1417; x_wconf 90' lang='lat' dir='ltr'>auctoritate</span> <span class='ocrx_word' id='word_1_498' title='bbox 1849 1387 2013 1425; x_wconf 87' lang='lat' dir='ltr'>premissa,</span> <span class='ocrx_word' id='word_1_499' title='bbox 2033 1385 2200 1416; x_wconf 87' lang='lat' dir='ltr'>statuendo</span> <span class='ocrx_word' id='word_1_500' title='bbox 2211 1394 2278 1415; x_wconf 86' lang='lat' dir='ltr'>cer-</span> 
     </span>
     <span class='ocr_line' id='line_1_68' title="bbox 1274 1436 2281 1478; baseline -0.002 -9"><span class='ocrx_word' id='word_1_501' title='bbox 1274 1443 1340 1469; x_wconf 92' lang='lat' dir='ltr'>tum</span> <span class='ocrx_word' id='word_1_502' title='bbox 1352 1436 1484 1469; x_wconf 83' lang='lat' dir='ltr'>censum</span> <span class='ocrx_word' id='word_1_503' title='bbox 1498 1449 1516 1469; x_wconf 87' lang='lat' dir='ltr'>a</span> <span class='ocrx_word' id='word_1_504' title='bbox 1531 1440 1722 1469; x_wconf 84' lang='lat' dir='ltr'>monasterio</span> <span class='ocrx_word' id='word_1_505' title='bbox 1734 1439 1802 1478; x_wconf 87' lang='lat' dir='ltr'>ipso</span> <span class='ocrx_word' id='word_1_506' title='bbox 1813 1448 1867 1469; x_wconf 89' lang='lat' dir='ltr'>sen</span> <span class='ocrx_word' id='word_1_507' title='bbox 1879 1439 2023 1478; x_wconf 88' lang='lat' dir='ltr'>personis</span> <span class='ocrx_word' id='word_1_508' title='bbox 2037 1438 2181 1478; x_wconf 86' lang='lat' dir='ltr'>ejusdem</span> <span class='ocrx_word' id='word_1_509' title='bbox 2194 1441 2281 1468; x_wconf 89' lang='lat' dir='ltr'>certo</span> 
     </span>
     <span class='ocr_line' id='line_1_69' title="bbox 1274 1491 2279 1532; baseline -0.002 -10"><span class='ocrx_word' id='word_1_510' title='bbox 1274 1493 1410 1522; x_wconf 89' lang='lat' dir='ltr'>termino</span> <span class='ocrx_word' id='word_1_511' title='bbox 1424 1493 1487 1532; x_wconf 86' lang='lat' dir='ltr'>ipsi</span> <span class='ocrx_word' id='word_1_512' title='bbox 1501 1493 1567 1523; x_wconf 87' lang='lat' dir='ltr'>sedi</span> <span class='ocrx_word' id='word_1_513' title='bbox 1584 1492 1770 1522; x_wconf 86' lang='lat' dir='ltr'>solvendum</span> <span class='ocrx_word' id='word_1_514' title='bbox 1787 1492 1880 1521; x_wconf 89' lang='lat' dir='ltr'>annis</span> <span class='ocrx_word' id='word_1_515' title='bbox 1897 1492 2044 1530; x_wconf 87' lang='lat' dir='ltr'>singulis,</span> <span class='ocrx_word' id='word_1_516' title='bbox 2065 1491 2103 1521; x_wconf 93' lang='lat' dir='ltr'>ad</span> <span class='ocrx_word' id='word_1_517' title='bbox 2120 1491 2279 1521; x_wconf 87' lang='lat' dir='ltr'>indicium</span> 
     </span>
     <span class='ocr_line' id='line_1_70' title="bbox 1274 1544 2279 1585; baseline -0.002 -9"><span class='ocrx_word' id='word_1_518' title='bbox 1274 1545 1459 1585; x_wconf 89' lang='lat' dir='ltr'>hujusmodi</span> <span class='ocrx_word' id='word_1_519' title='bbox 1473 1545 1639 1583; x_wconf 86' lang='lat' dir='ltr'>libertatis,</span> <span class='ocrx_word' id='word_1_520' title='bbox 1658 1546 1739 1575; x_wconf 88' lang='lat' dir='ltr'>sicut</span> <span class='ocrx_word' id='word_1_521' title='bbox 1754 1544 1902 1583; x_wconf 83' lang='lat' dir='ltr'>expedire</span> <span class='ocrx_word' id='word_1_522' title='bbox 1914 1545 2085 1582; x_wconf 86' lang='lat' dir='ltr'>videretur,</span> <span class='ocrx_word' id='word_1_523' title='bbox 2097 1552 2279 1582; x_wconf 87' lang='lat' dir='ltr'>congruum</span> 
     </span>
     <span class='ocr_line' id='line_1_71' title="bbox 1273 1597 2280 1639; baseline -0.003 -10"><span class='ocrx_word' id='word_1_524' title='bbox 1273 1608 1399 1639; x_wconf 87' lang='lat' dir='ltr'>quoque</span> <span class='ocrx_word' id='word_1_525' title='bbox 1414 1607 1559 1630; x_wconf 88' lang='lat' dir='ltr'>sororum</span> <span class='ocrx_word' id='word_1_526' title='bbox 1577 1598 1747 1637; x_wconf 88' lang='lat' dir='ltr'>collegium</span> <span class='ocrx_word' id='word_1_527' title='bbox 1766 1598 1845 1627; x_wconf 90' lang='lat' dir='ltr'>inibi</span> <span class='ocrx_word' id='word_1_528' title='bbox 1870 1598 2052 1634; x_wconf 83' lang='lat' dir='ltr'>ordinaret,</span> <span class='ocrx_word' id='word_1_529' title='bbox 2073 1606 2109 1627; x_wconf 87' lang='lat' dir='ltr'>ac</span> <span class='ocrx_word' id='word_1_530' title='bbox 2125 1597 2280 1636; x_wconf 81' lang='lat' dir='ltr'>prefatam</span> 
     </span>
     <span class='ocr_line' id='line_1_72' title="bbox 1273 1650 2275 1691; baseline -0.002 -9"><span class='ocrx_word' id='word_1_531' title='bbox 1273 1653 1417 1691; x_wconf 86' lang='lat' dir='ltr'>regulam</span> <span class='ocrx_word' id='word_1_532' title='bbox 1433 1653 1594 1683; x_wconf 87' lang='lat' dir='ltr'>sororibus</span> <span class='ocrx_word' id='word_1_533' title='bbox 1608 1653 1685 1691; x_wconf 89' lang='lat' dir='ltr'>ipsis</span> <span class='ocrx_word' id='word_1_534' title='bbox 1703 1651 1839 1682; x_wconf 87' lang='lat' dir='ltr'>traderet</span> <span class='ocrx_word' id='word_1_535' title='bbox 1855 1655 1918 1681; x_wconf 88' lang='lat' dir='ltr'>tam</span> <span class='ocrx_word' id='word_1_536' title='bbox 1933 1651 1973 1681; x_wconf 83' lang='lat' dir='ltr'>ab</span> <span class='ocrx_word' id='word_1_537' title='bbox 1987 1650 2032 1680; x_wconf 90' lang='lat' dir='ltr'>eis</span> <span class='ocrx_word' id='word_1_538' title='bbox 2048 1659 2145 1689; x_wconf 85' lang='lat' dir='ltr'>quam</span> <span class='ocrx_word' id='word_1_539' title='bbox 2160 1650 2200 1681; x_wconf 89' lang='lat' dir='ltr'>ab</span> <span class='ocrx_word' id='word_1_540' title='bbox 2214 1658 2275 1680; x_wconf 89' lang='lat' dir='ltr'>om-</span> 
     </span>
     <span class='ocr_line' id='line_1_73' title="bbox 1274 1703 2280 1745; baseline -0.002 -10"><span class='ocrx_word' id='word_1_541' title='bbox 1274 1706 1368 1736; x_wconf 89' lang='lat' dir='ltr'>nibus</span> <span class='ocrx_word' id='word_1_542' title='bbox 1384 1706 1472 1743; x_wconf 84' lang='lat' dir='ltr'>aliis,</span> <span class='ocrx_word' id='word_1_543' title='bbox 1490 1715 1552 1745; x_wconf 89' lang='lat' dir='ltr'>que</span> <span class='ocrx_word' id='word_1_544' title='bbox 1567 1706 1601 1735; x_wconf 92' lang='lat' dir='ltr'>in</span> <span class='ocrx_word' id='word_1_545' title='bbox 1618 1706 1729 1736; x_wconf 85' lang='lat' dir='ltr'>eodem</span> <span class='ocrx_word' id='word_1_546' title='bbox 1746 1705 1939 1735; x_wconf 88' lang='lat' dir='ltr'>monasterio</span> <span class='ocrx_word' id='word_1_547' title='bbox 1956 1704 2000 1733; x_wconf 85' lang='lat' dir='ltr'>eis</span> <span class='ocrx_word' id='word_1_548' title='bbox 2022 1703 2228 1734; x_wconf 88' lang='lat' dir='ltr'>succederent</span> <span class='ocrx_word' id='word_1_549' title='bbox 2244 1704 2280 1734; x_wconf 87' lang='lat' dir='ltr'>in</span> 
     </span>
     <span class='ocr_line' id='line_1_74' title="bbox 1271 1757 2281 1798; baseline -0.004 -8"><span class='ocrx_word' id='word_1_550' title='bbox 1271 1764 1460 1798; x_wconf 87' lang='lat' dir='ltr'>perpetuum</span> <span class='ocrx_word' id='word_1_551' title='bbox 1476 1759 1723 1795; x_wconf 79' lang='lat' dir='ltr'>observandam,</span> <span class='ocrx_word' id='word_1_552' title='bbox 1747 1762 1776 1788; x_wconf 88' lang='lat' dir='ltr'>et</span> <span class='ocrx_word' id='word_1_553' title='bbox 1794 1758 1946 1797; x_wconf 85' lang='lat' dir='ltr'>quicquid</span> <span class='ocrx_word' id='word_1_554' title='bbox 1962 1766 2057 1796; x_wconf 88' lang='lat' dir='ltr'>super</span> <span class='ocrx_word' id='word_1_555' title='bbox 2072 1757 2132 1787; x_wconf 91' lang='lat' dir='ltr'>hoc</span> <span class='ocrx_word' id='word_1_556' title='bbox 2147 1757 2281 1788; x_wconf 87' lang='lat' dir='ltr'>duceret</span> 
     </span>
     <span class='ocr_line' id='line_1_75' title="bbox 1273 1810 2280 1852; baseline -0.003 -10"><span class='ocrx_word' id='word_1_557' title='bbox 1273 1813 1455 1844; x_wconf 84' lang='lat' dir='ltr'>faciendum</span> <span class='ocrx_word' id='word_1_558' title='bbox 1470 1837 1476 1850; x_wconf 91' lang='lat'>,</span> <span class='ocrx_word' id='word_1_559' title='bbox 1496 1813 1600 1843; x_wconf 90' lang='lat' dir='ltr'>eidem</span> <span class='ocrx_word' id='word_1_560' title='bbox 1616 1811 1831 1852; x_wconf 87' lang='lat' dir='ltr'>predecessori</span> <span class='ocrx_word' id='word_1_561' title='bbox 1846 1820 1901 1850; x_wconf 90' lang='lat' dir='ltr'>per</span> <span class='ocrx_word' id='word_1_562' title='bbox 1917 1820 1989 1841; x_wconf 82' lang='lat' dir='ltr'>suas</span> <span class='ocrx_word' id='word_1_563' title='bbox 2009 1810 2129 1840; x_wconf 87' lang='lat' dir='ltr'>litteras</span> <span class='ocrx_word' id='word_1_564' title='bbox 2145 1810 2280 1840; x_wconf 89' lang='lat' dir='ltr'>intima-</span> 
     </span>
     <span class='ocr_line' id='line_1_76' title="bbox 1272 1862 2280 1904; baseline -0.005 -7"><span class='ocrx_word' id='word_1_565' title='bbox 1272 1871 1331 1897; x_wconf 87' lang='lat' dir='ltr'>ret.</span> <span class='ocrx_word' id='word_1_566' title='bbox 1349 1867 1459 1896; x_wconf 87' lang='lat' dir='ltr'>Dictus</span> <span class='ocrx_word' id='word_1_567' title='bbox 1475 1871 1583 1896; x_wconf 88' lang='lat' dir='ltr'>autem</span> <span class='ocrx_word' id='word_1_568' title='bbox 1597 1865 1722 1904; x_wconf 87' lang='lat' dir='ltr'>legatus</span> <span class='ocrx_word' id='word_1_569' title='bbox 1738 1865 1848 1895; x_wconf 90' lang='lat' dir='ltr'>volens</span> <span class='ocrx_word' id='word_1_570' title='bbox 1867 1863 2055 1893; x_wconf 85' lang='lat' dir='ltr'>mandatnm</span> <span class='ocrx_word' id='word_1_571' title='bbox 2070 1862 2280 1902; x_wconf 86' lang='lat' dir='ltr'>apostolicum</span> 
     </span>
     <span class='ocr_line' id='line_1_77' title="bbox 1273 1917 2278 1960; baseline -0.005 -10"><span class='ocrx_word' id='word_1_572' title='bbox 1273 1921 1387 1960; x_wconf 84' lang='lat' dir='ltr'>exequi</span> <span class='ocrx_word' id='word_1_573' title='bbox 1403 1924 1587 1950; x_wconf 86' lang='lat' dir='ltr'>reverenter</span> <span class='ocrx_word' id='word_1_574' title='bbox 1598 1944 1605 1955; x_wconf 83' lang='lat'>‚</span> <span class='ocrx_word' id='word_1_575' title='bbox 1635 1923 1699 1949; x_wconf 89' lang='lat' dir='ltr'>tam</span> <span class='ocrx_word' id='word_1_576' title='bbox 1717 1917 1936 1948; x_wconf 87' lang='lat' dir='ltr'>venerabilem</span> <span class='ocrx_word' id='word_1_577' title='bbox 1953 1917 2086 1947; x_wconf 81' lang='lat' dir='ltr'>fratrem</span> <span class='ocrx_word' id='word_1_578' title='bbox 2107 1920 2278 1946; x_wconf 89' lang='lat' dir='ltr'>nostrum..</span> 
     </span>
     <span class='ocr_line' id='line_1_78' title="bbox 1273 1968 2282 2013; baseline -0.006 -9"><span class='ocrx_word' id='word_1_579' title='bbox 1273 1975 1455 2013; x_wconf 86' lang='lat' dir='ltr'>episcopum</span> <span class='ocrx_word' id='word_1_580' title='bbox 1470 1979 1499 2004; x_wconf 90' lang='lat' dir='ltr'>et</span> <span class='ocrx_word' id='word_1_581' title='bbox 1517 1973 1648 2003; x_wconf 88' lang='lat' dir='ltr'>dilectos</span> <span class='ocrx_word' id='word_1_582' title='bbox 1667 1972 1773 2002; x_wconf 89' lang='lat' dir='ltr'>filios..</span> <span class='ocrx_word' id='word_1_583' title='bbox 1792 1972 1950 2001; x_wconf 83' lang='lat' dir='ltr'>decanum</span> <span class='ocrx_word' id='word_1_584' title='bbox 1968 1974 1998 2000; x_wconf 89' lang='lat' dir='ltr'>et</span> <span class='ocrx_word' id='word_1_585' title='bbox 2015 1969 2188 2009; x_wconf 88' lang='lat' dir='ltr'>capitulum</span> <span class='ocrx_word' id='word_1_586' title='bbox 2207 1968 2282 1999; x_wconf 86' lang='lat' dir='ltr'>Car-</span> 
     </span>
     <span class='ocr_line' id='line_1_79' title="bbox 1274 2023 2281 2066; baseline -0.006 -9"><span class='ocrx_word' id='word_1_587' title='bbox 1274 2032 1442 2063; x_wconf 81' lang='lat' dir='ltr'>notenseS,</span> <span class='ocrx_word' id='word_1_588' title='bbox 1461 2035 1539 2066; x_wconf 90' lang='lat' dir='ltr'>quos</span> <span class='ocrx_word' id='word_1_589' title='bbox 1554 2025 1739 2066; x_wconf 89' lang='lat' dir='ltr'>hujusmodi</span> <span class='ocrx_word' id='word_1_590' title='bbox 1758 2025 1923 2063; x_wconf 85' lang='lat' dir='ltr'>negotium</span> <span class='ocrx_word' id='word_1_591' title='bbox 1939 2023 2164 2061; x_wconf 87' lang='lat' dir='ltr'>contingebat,</span> <span class='ocrx_word' id='word_1_592' title='bbox 2184 2030 2281 2062; x_wconf 89' lang='lat' dir='ltr'>quam</span> 
     </span>
     <span class='ocr_line' id='line_1_80' title="bbox 1272 2075 2281 2120; baseline -0.007 -9"><span class='ocrx_word' id='word_1_593' title='bbox 1272 2081 1428 2120; x_wconf 89' lang='lat' dir='ltr'>predictas</span> <span class='ocrx_word' id='word_1_594' title='bbox 1450 2080 1627 2110; x_wconf 81' lang='lat' dir='ltr'>comitissas</span> <span class='ocrx_word' id='word_1_595' title='bbox 1646 2079 1732 2109; x_wconf 88' lang='lat' dir='ltr'>idem</span> <span class='ocrx_word' id='word_1_596' title='bbox 1751 2077 1914 2116; x_wconf 84' lang='lat' dir='ltr'>negotium</span> <span class='ocrx_word' id='word_1_597' title='bbox 1934 2081 2178 2116; x_wconf 82' lang='lat' dir='ltr'>prosequentes.</span> <span class='ocrx_word' id='word_1_598' title='bbox 2198 2075 2281 2105; x_wconf 86' lang='lat' dir='ltr'>dicto</span> 
     </span>
     <span class='ocr_line' id='line_1_81' title="bbox 1272 2129 2281 2174; baseline -0.008 -9"><span class='ocrx_word' id='word_1_599' title='bbox 1272 2135 1493 2174; x_wconf 88' lang='lat' dir='ltr'>predecessore</span> <span class='ocrx_word' id='word_1_600' title='bbox 1509 2134 1635 2163; x_wconf 87' lang='lat' dir='ltr'>vivente</span> <span class='ocrx_word' id='word_1_601' title='bbox 1651 2157 1658 2170; x_wconf 80' lang='lat'>‚</span> <span class='ocrx_word' id='word_1_602' title='bbox 1677 2131 1717 2162; x_wconf 80' lang='lat' dir='ltr'>acl</span> <span class='ocrx_word' id='word_1_603' title='bbox 1735 2140 1826 2161; x_wconf 88' lang='lat' dir='ltr'>suam</span> <span class='ocrx_word' id='word_1_604' title='bbox 1842 2135 1969 2169; x_wconf 88' lang='lat' dir='ltr'>propter</span> <span class='ocrx_word' id='word_1_605' title='bbox 1986 2130 2045 2159; x_wconf 93' lang='lat' dir='ltr'>hoc</span> <span class='ocrx_word' id='word_1_606' title='bbox 2059 2129 2133 2159; x_wconf 87' lang='lat' dir='ltr'>fecit</span> <span class='ocrx_word' id='word_1_607' title='bbox 2147 2136 2281 2167; x_wconf 88' lang='lat' dir='ltr'>presen-</span> 
     </span>
     <span class='ocr_line' id='line_1_82' title="bbox 1274 2182 2280 2225; baseline -0.009 -7"><span class='ocrx_word' id='word_1_608' title='bbox 1274 2189 1350 2218; x_wconf 88' lang='lat' dir='ltr'>tiam</span> <span class='ocrx_word' id='word_1_609' title='bbox 1367 2188 1501 2217; x_wconf 88' lang='lat' dir='ltr'>evocari.</span> <span class='ocrx_word' id='word_1_610' title='bbox 1525 2185 1790 2225; x_wconf 88' lang='lat' dir='ltr'>Comparentibus</span> <span class='ocrx_word' id='word_1_611' title='bbox 1808 2185 1914 2222; x_wconf 87' lang='lat' dir='ltr'>itaque</span> <span class='ocrx_word' id='word_1_612' title='bbox 1933 2182 2189 2222; x_wconf 87' lang='lat' dir='ltr'>procuratoribus</span> <span class='ocrx_word' id='word_1_613' title='bbox 2207 2189 2280 2219; x_wconf 89' lang='lat' dir='ltr'>par-</span> 
     </span>
     <span class='ocr_line' id='line_1_83' title="bbox 1274 2233 2281 2278; baseline -0.008 -7"><span class='ocrx_word' id='word_1_614' title='bbox 1274 2242 1353 2271; x_wconf 90' lang='lat' dir='ltr'>tium</span> <span class='ocrx_word' id='word_1_615' title='bbox 1369 2249 1475 2271; x_wconf 87' lang='lat' dir='ltr'>coram</span> <span class='ocrx_word' id='word_1_616' title='bbox 1491 2240 1594 2278; x_wconf 84' lang='lat' dir='ltr'>legato</span> <span class='ocrx_word' id='word_1_617' title='bbox 1610 2239 1766 2278; x_wconf 90' lang='lat' dir='ltr'>predicto,</span> <span class='ocrx_word' id='word_1_618' title='bbox 1789 2246 1825 2267; x_wconf 83' lang='lat' dir='ltr'>ac</span> <span class='ocrx_word' id='word_1_619' title='bbox 1841 2236 2024 2267; x_wconf 87' lang='lat' dir='ltr'>memoratis</span> <span class='ocrx_word' id='word_1_620' title='bbox 2042 2235 2204 2274; x_wconf 88' lang='lat' dir='ltr'>episcopo,</span> <span class='ocrx_word' id='word_1_621' title='bbox 2224 2233 2281 2264; x_wconf 85' lang='lat' dir='ltr'>de-</span> 
     </span>
     <span class='ocr_line' id='line_1_84' title="bbox 1272 2287 2279 2333; baseline -0.009 -8"><span class='ocrx_word' id='word_1_622' title='bbox 1272 2303 1351 2325; x_wconf 87' lang='lat' dir='ltr'>cano</span> <span class='ocrx_word' id='word_1_623' title='bbox 1369 2299 1400 2324; x_wconf 90' lang='lat' dir='ltr'>et</span> <span class='ocrx_word' id='word_1_624' title='bbox 1414 2293 1550 2333; x_wconf 88' lang='lat' dir='ltr'>capitulo</span> <span class='ocrx_word' id='word_1_625' title='bbox 1566 2292 1759 2331; x_wconf 84' lang='lat' dir='ltr'>exemptioni</span> <span class='ocrx_word' id='word_1_626' title='bbox 1775 2289 1960 2329; x_wconf 85' lang='lat' dir='ltr'>hujusmodi</span> <span class='ocrx_word' id='word_1_627' title='bbox 1979 2298 2011 2319; x_wconf 89' lang='lat' dir='ltr'>se</span> <span class='ocrx_word' id='word_1_628' title='bbox 2032 2287 2279 2327; x_wconf 87' lang='lat' dir='ltr'>opponentibus,</span> 
     </span>
     <span class='ocr_line' id='line_1_85' title="bbox 1272 2344 2279 2385; baseline -0.009 -7"><span class='ocrx_word' id='word_1_629' title='bbox 1272 2349 1404 2378; x_wconf 89' lang='lat' dir='ltr'>demum</span> <span class='ocrx_word' id='word_1_630' title='bbox 1422 2348 1508 2377; x_wconf 87' lang='lat' dir='ltr'>idem</span> <span class='ocrx_word' id='word_1_631' title='bbox 1527 2347 1649 2385; x_wconf 88' lang='lat' dir='ltr'>legatus</span> <span class='ocrx_word' id='word_1_632' title='bbox 1665 2349 1733 2385; x_wconf 89' lang='lat' dir='ltr'>post</span> <span class='ocrx_word' id='word_1_633' title='bbox 1746 2344 1848 2374; x_wconf 85' lang='lat' dir='ltr'>varios</span> <span class='ocrx_word' id='word_1_634' title='bbox 1865 2351 2029 2382; x_wconf 88' lang='lat' dir='ltr'>processus</span> <span class='ocrx_word' id='word_1_635' title='bbox 2044 2350 2151 2372; x_wconf 88' lang='lat' dir='ltr'>coram</span> <span class='ocrx_word' id='word_1_636' title='bbox 2168 2348 2204 2371; x_wconf 84' lang='lat' dir='ltr'>eo</span> <span class='ocrx_word' id='word_1_637' title='bbox 2223 2349 2279 2370; x_wconf 87' lang='lat' dir='ltr'>su-</span> 
     </span>
     <span class='ocr_line' id='line_1_86' title="bbox 1273 2394 2281 2440; baseline -0.009 -9"><span class='ocrx_word' id='word_1_638' title='bbox 1273 2410 1328 2440; x_wconf 89' lang='lat' dir='ltr'>per</span> <span class='ocrx_word' id='word_1_639' title='bbox 1344 2401 1403 2431; x_wconf 86' lang='lat' dir='ltr'>hoc</span> <span class='ocrx_word' id='word_1_640' title='bbox 1418 2401 1543 2430; x_wconf 90' lang='lat' dir='ltr'>habitos</span> <span class='ocrx_word' id='word_1_641' title='bbox 1558 2401 1642 2430; x_wconf 86' lang='lat' dir='ltr'>inter</span> <span class='ocrx_word' id='word_1_642' title='bbox 1659 2403 1760 2438; x_wconf 88' lang='lat' dir='ltr'>partes</span> <span class='ocrx_word' id='word_1_643' title='bbox 1776 2396 2013 2437; x_wconf 84' lang='lat' dir='ltr'>pronuntiavit,</span> <span class='ocrx_word' id='word_1_644' title='bbox 2038 2394 2192 2425; x_wconf 87' lang='lat' dir='ltr'>suadente</span> <span class='ocrx_word' id='word_1_645' title='bbox 2206 2394 2281 2432; x_wconf 87' lang='lat' dir='ltr'>jus-</span> 
     </span>
     <span class='ocr_line' id='line_1_87' title="bbox 1273 2446 2282 2494; baseline -0.009 -9"><span class='ocrx_word' id='word_1_646' title='bbox 1273 2455 1360 2492; x_wconf 88' lang='lat' dir='ltr'>titia,</span> <span class='ocrx_word' id='word_1_647' title='bbox 1378 2455 1416 2484; x_wconf 91' lang='lat' dir='ltr'>de</span> <span class='ocrx_word' id='word_1_648' title='bbox 1435 2454 1630 2494; x_wconf 84' lang='lat' dir='ltr'>sapientium</span> <span class='ocrx_word' id='word_1_649' title='bbox 1646 2451 1779 2483; x_wconf 90' lang='lat' dir='ltr'>consilio</span> <span class='ocrx_word' id='word_1_650' title='bbox 1792 2475 1800 2488; x_wconf 91' lang='lat'>‚</span> <span class='ocrx_word' id='word_1_651' title='bbox 1820 2459 1884 2481; x_wconf 91' lang='lat' dir='ltr'>non</span> <span class='ocrx_word' id='word_1_652' title='bbox 1900 2448 2099 2480; x_wconf 87' lang='lat' dir='ltr'>obstantibus</span> <span class='ocrx_word' id='word_1_653' title='bbox 2115 2446 2282 2486; x_wconf 86' lang='lat' dir='ltr'>allegatio-</span> 
     </span>
     <span class='ocr_line' id='line_1_88' title="bbox 1273 2502 2280 2547; baseline -0.008 -9"><span class='ocrx_word' id='word_1_654' title='bbox 1273 2509 1367 2538; x_wconf 89' lang='lat' dir='ltr'>nibus</span> <span class='ocrx_word' id='word_1_655' title='bbox 1392 2508 1548 2547; x_wconf 88' lang='lat' dir='ltr'>episcopi,</span> <span class='ocrx_word' id='word_1_656' title='bbox 1575 2506 1688 2537; x_wconf 86' lang='lat' dir='ltr'>decani</span> <span class='ocrx_word' id='word_1_657' title='bbox 1717 2509 1747 2535; x_wconf 89' lang='lat' dir='ltr'>et</span> <span class='ocrx_word' id='word_1_658' title='bbox 1772 2504 1903 2543; x_wconf 88' lang='lat' dir='ltr'>capituli</span> <span class='ocrx_word' id='word_1_659' title='bbox 1929 2502 2143 2542; x_wconf 88' lang='lat' dir='ltr'>predictorum</span> <span class='ocrx_word' id='word_1_660' title='bbox 2165 2524 2172 2537; x_wconf 83' lang='lat'>,</span> <span class='ocrx_word' id='word_1_661' title='bbox 2199 2508 2280 2539; x_wconf 86' lang='lat' dir='ltr'>quas</span> 
     </span>
     <span class='ocr_line' id='line_1_89' title="bbox 1272 2556 2281 2599; baseline -0.008 -8"><span class='ocrx_word' id='word_1_662' title='bbox 1272 2561 1401 2592; x_wconf 80' lang='lat' dir='ltr'>frivolas</span> <span class='ocrx_word' id='word_1_663' title='bbox 1427 2562 1539 2591; x_wconf 88' lang='lat' dir='ltr'>merito</span> <span class='ocrx_word' id='word_1_664' title='bbox 1559 2559 1736 2599; x_wconf 88' lang='lat' dir='ltr'>reputavit,</span> <span class='ocrx_word' id='word_1_665' title='bbox 1759 2559 1823 2588; x_wconf 84' lang='lat' dir='ltr'>sore</span> <span class='ocrx_word' id='word_1_666' title='bbox 1847 2558 1887 2587; x_wconf 88' lang='lat' dir='ltr'>ad</span> <span class='ocrx_word' id='word_1_667' title='bbox 1909 2556 2142 2595; x_wconf 85' lang='lat' dir='ltr'>exemptionem</span> <span class='ocrx_word' id='word_1_668' title='bbox 2166 2562 2281 2593; x_wconf 83' lang='lat' dir='ltr'>proce-</span> 
     </span>
     <span class='ocr_line' id='line_1_90' title="bbox 1273 2605 2281 2654; baseline -0.009 -9"><span class='ocrx_word' id='word_1_669' title='bbox 1273 2615 1413 2645; x_wconf 90' lang='lat' dir='ltr'>dendum</span> <span class='ocrx_word' id='word_1_670' title='bbox 1430 2614 1603 2654; x_wconf 86' lang='lat' dir='ltr'>predictam</span> <span class='ocrx_word' id='word_1_671' title='bbox 1614 2638 1622 2653; x_wconf 96' lang='lat'>,</span> <span class='ocrx_word' id='word_1_672' title='bbox 1639 2612 1796 2643; x_wconf 80' lang='lat' dir='ltr'>satisfacto</span> <span class='ocrx_word' id='word_1_673' title='bbox 1812 2611 1959 2650; x_wconf 87' lang='lat' dir='ltr'>primitus</span> <span class='ocrx_word' id='word_1_674' title='bbox 1974 2609 2078 2640; x_wconf 87' lang='lat' dir='ltr'>eidem</span> <span class='ocrx_word' id='word_1_675' title='bbox 2092 2606 2225 2649; x_wconf 80' lang='lat' dir='ltr'>ecclesie</span> <span class='ocrx_word' id='word_1_676' title='bbox 2241 2605 2281 2637; x_wconf 88' lang='lat' dir='ltr'>de</span> 
     </span>
     <span class='ocr_line' id='line_1_91' title="bbox 1273 2659 2279 2708; baseline -0.009 -10"><span class='ocrx_word' id='word_1_677' title='bbox 1273 2667 1412 2708; x_wconf 88' lang='lat' dir='ltr'>predicto</span> <span class='ocrx_word' id='word_1_678' title='bbox 1433 2667 1597 2698; x_wconf 89' lang='lat' dir='ltr'>commodo</span> <span class='ocrx_word' id='word_1_679' title='bbox 1620 2664 1797 2705; x_wconf 88' lang='lat' dir='ltr'>temporali.</span> <span class='ocrx_word' id='word_1_680' title='bbox 1818 2665 1856 2694; x_wconf 87' lang='lat' dir='ltr'>Et</span> <span class='ocrx_word' id='word_1_681' title='bbox 1871 2662 1986 2694; x_wconf 86' lang='lat' dir='ltr'>deinde</span> <span class='ocrx_word' id='word_1_682' title='bbox 2007 2662 2111 2692; x_wconf 90' lang='lat' dir='ltr'>dictus</span> <span class='ocrx_word' id='word_1_683' title='bbox 2128 2659 2253 2698; x_wconf 85' lang='lat' dir='ltr'>legatus</span> <span class='ocrx_word' id='word_1_684' title='bbox 2271 2683 2279 2697; x_wconf 88' lang='lat'>,</span> 
     </span>
     <span class='ocr_line' id='line_1_92' title="bbox 1272 2712 2282 2760; baseline -0.009 -9"><span class='ocrx_word' id='word_1_685' title='bbox 1272 2721 1348 2760; x_wconf 85' lang='lat' dir='ltr'>quia</span> <span class='ocrx_word' id='word_1_686' title='bbox 1370 2721 1430 2751; x_wconf 87' lang='lat' dir='ltr'>sibi</span> <span class='ocrx_word' id='word_1_687' title='bbox 1454 2720 1548 2759; x_wconf 90' lang='lat' dir='ltr'>plene</span> <span class='ocrx_word' id='word_1_688' title='bbox 1572 2719 1712 2750; x_wconf 90' lang='lat' dir='ltr'>constitit</span> <span class='ocrx_word' id='word_1_689' title='bbox 1734 2718 1795 2757; x_wconf 89' lang='lat' dir='ltr'>ipsi</span> <span class='ocrx_word' id='word_1_690' title='bbox 1821 2717 1951 2748; x_wconf 87' lang='lat' dir='ltr'>ecclesie</span> <span class='ocrx_word' id='word_1_691' title='bbox 1978 2716 2076 2746; x_wconf 87' lang='lat' dir='ltr'>fuisse</span> <span class='ocrx_word' id='word_1_692' title='bbox 2098 2714 2138 2744; x_wconf 88' lang='lat' dir='ltr'>de</span> <span class='ocrx_word' id='word_1_693' title='bbox 2160 2712 2282 2752; x_wconf 83' lang='lat' dir='ltr'>prefato</span> 
     </span>
     <span class='ocr_line' id='line_1_93' title="bbox 1273 2767 2282 2814; baseline -0.01 -9"><span class='ocrx_word' id='word_1_694' title='bbox 1273 2774 1438 2814; x_wconf 86' lang='lat' dir='ltr'>temporali</span> <span class='ocrx_word' id='word_1_695' title='bbox 1457 2773 1622 2804; x_wconf 89' lang='lat' dir='ltr'>commodo</span> <span class='ocrx_word' id='word_1_696' title='bbox 1646 2772 1860 2809; x_wconf 74' lang='lat' dir='ltr'>satisfactum,</span> <span class='ocrx_word' id='word_1_697' title='bbox 1878 2779 1914 2801; x_wconf 83' lang='lat' dir='ltr'>ac</span> <span class='ocrx_word' id='word_1_698' title='bbox 1932 2768 2070 2800; x_wconf 86' lang='lat' dir='ltr'>eundem</span> <span class='ocrx_word' id='word_1_699' title='bbox 2094 2767 2282 2806; x_wconf 85' lang='lat' dir='ltr'>episcopum</span> 
     </span>
     <span class='ocr_line' id='line_1_94' title="bbox 1273 2818 2281 2866; baseline -0.011 -8"><span class='ocrx_word' id='word_1_700' title='bbox 1273 2827 1520 2858; x_wconf 86' lang='lat' dir='ltr'>satisfactionem</span> <span class='ocrx_word' id='word_1_701' title='bbox 1536 2826 1721 2866; x_wconf 88' lang='lat' dir='ltr'>hujusmodi</span> <span class='ocrx_word' id='word_1_702' title='bbox 1739 2829 1933 2864; x_wconf 86' lang='lat' dir='ltr'>acceptasse,</span> <span class='ocrx_word' id='word_1_703' title='bbox 1951 2821 2137 2853; x_wconf 85' lang='lat' dir='ltr'>auctoritate</span> <span class='ocrx_word' id='word_1_704' title='bbox 2152 2818 2281 2859; x_wconf 88' lang='lat' dir='ltr'>predic-</span> 
     </span>
     <span class='ocr_line' id='line_1_95' title="bbox 1273 2872 2279 2919; baseline -0.011 -8"><span class='ocrx_word' id='word_1_705' title='bbox 1273 2885 1378 2911; x_wconf 83' lang='lat' dir='ltr'>tarum</span> <span class='ocrx_word' id='word_1_706' title='bbox 1398 2881 1576 2910; x_wconf 88' lang='lat' dir='ltr'>litterarum</span> <span class='ocrx_word' id='word_1_707' title='bbox 1600 2879 1844 2919; x_wconf 85' lang='lat' dir='ltr'>apostolicarum</span> <span class='ocrx_word' id='word_1_708' title='bbox 1867 2876 2024 2916; x_wconf 79' lang='lat' dir='ltr'>prefatum</span> <span class='ocrx_word' id='word_1_709' title='bbox 2047 2872 2279 2904; x_wconf 86' lang='lat' dir='ltr'>monasterium</span> 
     </span>
     <span class='ocr_line' id='line_1_96' title="bbox 1271 2923 2282 2973; baseline -0.012 -8"><span class='ocrx_word' id='word_1_710' title='bbox 1271 2939 1413 2965; x_wconf 88' lang='lat' dir='ltr'>vestrum</span> <span class='ocrx_word' id='word_1_711' title='bbox 1432 2943 1505 2964; x_wconf 90' lang='lat' dir='ltr'>cum</span> <span class='ocrx_word' id='word_1_712' title='bbox 1519 2933 1679 2972; x_wconf 87' lang='lat' dir='ltr'>personis,</span> <span class='ocrx_word' id='word_1_713' title='bbox 1696 2933 1823 2973; x_wconf 86' lang='lat' dir='ltr'>juribus</span> <span class='ocrx_word' id='word_1_714' title='bbox 1841 2935 1870 2961; x_wconf 84' lang='lat' dir='ltr'>et</span> <span class='ocrx_word' id='word_1_715' title='bbox 1887 2927 2088 2969; x_wconf 84' lang='lat' dir='ltr'>pertinentiis</span> <span class='ocrx_word' id='word_1_716' title='bbox 2103 2926 2171 2956; x_wconf 87' lang='lat' dir='ltr'>suis</span> <span class='ocrx_word' id='word_1_717' title='bbox 2184 2923 2282 2963; x_wconf 83' lang='lat' dir='ltr'>injus</span> 
     </span>
     <span class='ocr_line' id='line_1_97' title="bbox 1272 2977 2281 3028; baseline -0.011 -10"><span class='ocrx_word' id='word_1_718' title='bbox 1272 2993 1302 3018; x_wconf 87' lang='lat' dir='ltr'>et</span> <span class='ocrx_word' id='word_1_719' title='bbox 1312 2988 1535 3028; x_wconf 86' lang='lat' dir='ltr'>proprietatem</span> <span class='ocrx_word' id='word_1_720' title='bbox 1548 2987 1680 3018; x_wconf 84' lang='lat' dir='ltr'>ecclesie</span> <span class='ocrx_word' id='word_1_721' title='bbox 1693 2995 1824 3017; x_wconf 84' lang='lat' dir='ltr'>romane</span> <span class='ocrx_word' id='word_1_722' title='bbox 1833 2984 1966 3023; x_wconf 81' lang='lat' dir='ltr'>recepit;</span> <span class='ocrx_word' id='word_1_723' title='bbox 1982 2982 2126 3020; x_wconf 84' lang='lat' dir='ltr'>illudque</span> <span class='ocrx_word' id='word_1_724' title='bbox 2139 2979 2179 3010; x_wconf 86' lang='lat' dir='ltr'>ab</span> <span class='ocrx_word' id='word_1_725' title='bbox 2191 2977 2281 3009; x_wconf 89' lang='lat' dir='ltr'>omni</span> 
     </span>
     <span class='ocr_line' id='line_1_98' title="bbox 1272 3030 2282 3080; baseline -0.012 -9"><span class='ocrx_word' id='word_1_726' title='bbox 1272 3041 1469 3080; x_wconf 83' lang='lat' dir='ltr'>subjectione</span> <span class='ocrx_word' id='word_1_727' title='bbox 1495 3041 1734 3072; x_wconf 86' lang='lat' dir='ltr'>ordinariorum</span> <span class='ocrx_word' id='word_1_728' title='bbox 1761 3037 1997 3078; x_wconf 86' lang='lat' dir='ltr'>quorumlibet,</span> <span class='ocrx_word' id='word_1_729' title='bbox 2025 3039 2059 3065; x_wconf 88' lang='lat' dir='ltr'>ut</span> <span class='ocrx_word' id='word_1_730' title='bbox 2085 3032 2185 3068; x_wconf 76' lang='lat' dir='ltr'>nulli,</span> <span class='ocrx_word' id='word_1_731' title='bbox 2218 3030 2282 3060; x_wconf 87' lang='lat' dir='ltr'>nisi</span> 
     </span>
    </p>
   </div>
   <div class='ocr_carea' id='block_1_7' title="bbox 2411 0 2477 3637">
    <p class='ocr_par' dir='ltr' id='par_1_8' title="bbox 2411 0 2477 3637">
     <span class='ocr_line' id='line_1_99' title="bbox 2411 0 2477 3637; baseline 0 0"><span class='ocrx_word' id='word_1_732' title='bbox 2411 0 2477 3637; x_wconf 95' lang='lat' dir='ltr'> </span> 
     </span>
    </p>
   </div>
  </div>
 </body>
</html>
