2342 3652
942 352 1175 391 Τ601516Μ6
1191 352 1348 391 ΑΝΝΕΕ.
2136 361 2189 390 501

697 428 824 458 Orvieto,
840 428 854 455 6
871 429 938 454 3061
953 428 1029 454 1290.

138 494 176 523 In
200 502 227 522 e.
251 501 293 522 m.
320 491 452 521 eisdem.
477 490 619 519 Eandem
639 490 874 528 indulgentiam
894 491 1040 520 concedit
1058 491 1103 520 eis

98 547 156 586 qui
168 545 333 576 ecclesiam
347 545 385 574 de
400 544 555 573 Masereto
569 552 662 582 prope
676 543 883 579 Mediciuum,
900 544 1104 581 Agennensis

99 600 269 636 dioecesis,
290 598 324 627 iu
349 597 486 635 singulis
507 596 539 626 S.
566 597 720 626 Honentii
740 603 770 626 et
793 602 919 627 sanctae
938 597 1102 635 Brigidae,

99 653 133 684 in
149 660 285 691 quorum
303 651 456 681 honorem
475 650 584 679 eadem
600 649 732 679 ecclesia
747 655 926 680 constructa
944 655 1000 687 est,
1022 651 1105 680 festi-

100 705 249 736 vitatibus
265 709 295 734 et
310 713 365 742 per
380 707 449 733 octo
464 704 531 732 dies
547 707 715 742 sequentes
732 703 944 733 visitaverint.

141 771 154 786 α
166 759 240 788 Vite
252 758 435 797 perempnis
446 756 586 794 gloria...
599 773 637 778 —
650 757 721 786 Dat.
735 757 817 794 apud
833 757 1104 788 Urbemveterem.

101 821 157 842 vni
173 811 243 841 idus
259 810 401 848 augusti,
418 819 504 840 anno
520 810 620 839 tertio.
643 822 657 836 »

694 903 824 933 Orvieto,
843 904 857 930 5
874 905 941 930 aot'it
960 904 1035 931 1290.

142 970 179 999 In
197 977 224 998 e.
250 977 291 997 m.
319 967 451 997 eisdem.
475 966 618 996 Eandem
640 966 875 1004 indulgentiam
897 967 1042 996 concedit
1062 967 1108 996 eis

103 1025 157 1064 qui
174 1022 342 1053 ecclesiam
357 1022 464 1052 Sancti
477 1021 632 1060 Stephani
649 1023 890 1060 protomartyris
907 1022 944 1051 de
956 1022 1106 1059 Goriano,

105 1077 296 1108 Lodovensis
311 1076 481 1111 dioecesis,
498 1076 531 1104 in
549 1074 687 1112 singulis
704 1075 735 1104 S.
754 1075 911 1113 Stephani
931 1076 1108 1105 festivitati-

101 1132 175 1168 bus,
192 1139 247 1169 per
261 1135 330 1160 octo
346 1129 414 1159 dies
431 1132 599 1167 sequentes
615 1132 645 1158 et
661 1129 693 1157 in
714 1129 935 1158 anniversario
951 1129 1002 1159 die
1019 1129 1108 1159 dedi-

101 1184 232 1215 cationis
249 1183 393 1223 ejusdem
412 1182 563 1212 ecclesiae
581 1182 792 1212 visitaverint.

142 1237 241 1267 «Vite
257 1236 438 1275 perempnis
452 1235 591 1273 gloria...
606 1252 643 1255 —
661 1235 730 1264 Dat.
747 1235 830 1273 apud
846 1235 1109 1265 Urbemveterem

102 1291 195 1322 nonis
212 1290 351 1328 augusti,
370 1298 456 1318 anno
473 1288 575 1318 tertio.
597 1300 610 1314 »

682 1374 810 1407 Orvieto,
832 1375 860 1401 16
877 1377 944 1402 30111
963 1375 1038 1402 1290.

144 1440 180 1469 In
200 1448 226 1469 e.
253 1448 295 1468 m.
313 1438 446 1468 eisdem.
468 1437 611 1467 Eandem
636 1437 873 1475 indulgentiam
898 1438 1043 1468 concedit
1066 1439 1111 1468 eis

102 1494 158 1533 qui
172 1492 337 1523 ecclesiam
355 1492 488 1521 Sanctae
506 1490 626 1520 Mariae
639 1490 677 1519 de
695 1490 783 1519 Valle
799 1490 905 1523 Olleti,
927 1491 1111 1521 Patentinae

102 1546 271 1583 dioecesis,
289 1545 323 1575 in
340 1545 449 1574 beatae
465 1544 584 1573 Mariae
606 1547 635 1573 et
651 1548 832 1573 sanctorum
851 1545 1006 1574 Antonini
1025 1554 1110 1574 mar-

105 1601 184 1640 tyris
209 1604 239 1629 et
265 1599 417 1629 Ildefonsi
445 1598 636 1628 confessoris
663 1598 886 1627 festivitatibus
913 1603 943 1627 et
965 1608 1020 1636 per
1043 1604 1111 1629 octo

105 1653 171 1683 dies
187 1656 355 1692 sequentes
372 1652 584 1681 visitaverint.

82 1702 83 1705 ¹
146 1721 158 1733 «ι
178 1707 250 1737 Vite
263 1706 446 1745 perempnis
457 1705 595 1743 gloria...
607 1723 645 1726 —
656 1705 726 1734 Dat.
741 1705 824 1743 apud
836 1705 1111 1742 Urbemveterem,

107 1770 171 1791 xvn
187 1760 340 1790 kalendas
357 1759 556 1798 septembris,
574 1768 660 1788 anno
677 1760 778 1789 tertio.
798 1771 813 1791 η

686 1851 814 1886 orvieto,
833 1853 864 1880 16
880 1855 948 1879 aont
965 1854 1040 1881 1290.

146 1917 185 1946 In
210 1926 236 1946 e.
261 1925 303 1945 m.
327 1915 458 1945 eisdem.
481 1914 623 1944 Eandem
646 1914 882 1951 indulgentiam
905 1916 1049 1945 concedit
1070 1916 1114 1945 eis

105 1971 160 2010 qui
170 1969 336 1999 ecclesiam
347 1968 454 1998 Sancti
467 1967 630 1997 Michaelis
642 1967 842 1997 Palentiuam
857 1968 888 1996 in
903 1969 933 1999 S.
950 1968 1115 1998 Michaelis

106 2027 137 2053 et
148 2026 330 2052 sanctorum
344 2021 559 2060 apostolorum
573 2020 716 2058 Philippi
730 2025 758 2049 et
768 2018 876 2051 ι1660111
894 2022 1115 2052 festivitatibus

106 2081 137 2107 et
152 2085 205 2115 per
219 2080 287 2106 octo
301 2076 367 2105 dies
383 2079 553 2113 sequentes
571 2074 782 2105 visitaverint.

147 2143 161 2158 «
176 2131 249 2160 Vite
266 2129 449 2169 perempnis
465 2128 606 2166 gloria...
624 2145 660 2150 —
679 2129 748 2158 Dat.
768 2133 802 2158 ut
817 2138 921 2168 supra.
943 2142 955 2156 n

687 2222 815 2254 Orvieto‚
832 2223 866 2250 23
883 2225 950 2250 aout
970 2224 1045 2250 1290.

149 2287 186 2316 ln
209 2295 236 2315 e.
258 2295 302 2316 m.
327 2285 460 2315 eisdem.
484 2284 627 2314 Eandem
648 2284 883 2322 indulgentiam
906 2286 1051 2315 concedit
1074 2287 1118 2316 eis

109 2340 165 2380 qui
181 2339 347 2369 ecclesiam
371 2361 391 2367 ..
417 2338 586 2376 guardiani
607 2342 637 2367 et
658 2338 792 2367 fratrum
813 2339 975 2369 minorum
998 2339 1036 2369 de
1057 2340 1119 2369 Ve—

111 2393 206 2423 netiis
218 2416 226 2429 ‚
243 2391 442 2422 Castellanae
458 2391 627 2427 dioecesis,
648 2391 682 2420 in
700 2392 838 2429 singulis
855 2393 962 2422 beatae
983 2393 1117 2429 Mariae,

110 2447 145 2477 in
161 2447 252 2485 cujus
268 2446 424 2476 honorem
440 2445 551 2474 eadem
566 2444 699 2475 ecclesia
714 2451 895 2476 constructa
911 2452 967 2480 est.
985 2451 1015 2476 et
1029 2456 1120 2477 sanc-

112 2505 215 2531 torum
232 2499 394 2530 Francisci
412 2503 441 2528 et
457 2499 591 2528 Antonii
606 2499 834 2530 festivitatibus
851 2504 880 2530 et
900 2510 953 2539 per
968 2505 1036 2531 0610
1054 2501 1121 2530 dies

112 2558 280 2593 sequentes
299 2553 509 2583 visitaverint.
527 2553 599 2584 Dat.
616 2553 699 2591 apud
722 2554 1002 2590 Urbemvetereni,
1026 2564 1045 2583 x
1064 2554 1121 2584 ka-

111 2607 224 2638 lendas
243 2607 444 2646 septembris,
461 2615 547 2636 anno
562 2607 653 2636 tertio
671 2608 821 2645 (Poma,
840 2607 959 2646 23370).

691 2700 819 2735 Orvieto,
837 2702 870 2729 ‘2ss
888 2703 955 2728 aout
974 2702 1051 2729 1290.

152 2765 192 2795 In
212 2773 240 2794 e.
264 2773 308 2794 m.
334 2764 469 2794 eisdem.
491 2763 633 2793 Eandem
657 2764 891 2802 indulgentiam
912 2765 1056 2794 concedit
1078 2764 1123 2794 eis

114 2818 170 2856 qui
196 2817 412 2848 cathedralem
437 2816 604 2847 ecclesiam
635 2817 924 2854 Interannensem,
953 2818 986 2846 in
1016 2818 1124 2847 beatae

117 2871 237 2901 Mariae
257 2871 411 2901 honorem
435 2874 666 2905 constructam,
684 2871 715 2899 in
740 2871 876 2909 singulis
899 2871 1124 2900 festivitatibus

118 2924 262 2963 ejusdem
277 2923 412 2962 virginis
425 2928 455 2953 et
465 2924 628 2953 beatorum
641 2923 799 2953 Johanuis
810 2924 954 2962 apostoli,
966 2924 1125 2953 Johannis

121 2976 340 3015 Evangelistae
353 2981 383 3006 et
397 2976 570 3012 Anastasii‚
584 2984 683 3014 quoru
691 2985 719 3005 m
733 2976 810 3006 festa
823 2977 855 3005 in
870 2977 979 3006 eadem
995 2976 1126 3006 66616513

118 3028 305 3059 solemniter
333 3029 554 3063 celebrantur,
584 3037 638 3067 per
661 3033 729 3058 octo
754 3029 822 3058 dies
845 3034 1014 3068 sequentes
1036 3034 1066 3059 et
1091 3029 1125 3058 in

1185 427 1405 457 anniversario
1431 428 1483 457 die
1509 428 1716 458 dedicationis
1741 427 1883 465 ejusdem
1906 426 2058 456 ecclesiae
2083 428 2190 456 visita-

1186 480 1300 510 verint.

1228 545 1240 559 «
1252 534 1350 571 Virga
1364 536 1587 564 venustissima
1603 539 1669 564 et...
1685 551 1723 556 —
1737 535 1808 565 Dat.
1823 534 1905 572 apud
1917 534 2189 564 urbemveterem.

1186 596 1229 616 vn
1246 587 1398 617 kalendas
1414 589 1611 627 septembris,
1630 597 1715 618 3660
1732 588 1833 618 tertio.
1853 600 1865 614 n

1767 668 1893 698 Orvieto,
1913 668 1943 694 14
1961 669 2027 694 aout
2044 668 2121 694 1290.

1229 731 1265 759 In
1283 740 1309 760 e.
1332 740 1375 759 m.
1400 731 1532 760 eisdem.
1558 731 1699 760 Eandem
1724 730 1959 767 indulgentiam
1980 731 2124 760 concedit
2149 731 2194 759 eis

1188 784 1241 822 qui
1257 778 1422 813 ecclesiam
1436 784 1542 814 Sancti
1560 783 1732 813 Salvatoris
1749 782 1787 813 de
1803 783 2036 818 Martillanicis,
2056 784 2194 812 Nemau-

1189 837 1290 866 sensis
1309 837 1478 871 dioecesis,
1496 837 1529 865 in
1548 836 1683 874 singulis
1700 837 1810 866 beatae
1829 836 1948 865 Mariae
1966 841 1995 865 et
2010 836 2109 865 sancti
2129 836 2195 865 Sal-

1189 891 1305 920 vatoris
1323 890 1564 925 festivitatibus,
1583 899 1637 928 per
1652 895 1721 919 octo
1737 890 1803 919 dies
1820 894 1987 927 sequentes
2004 893 2033 918 et
2049 890 2081 918 in
2099 890 2195 918 anni-

1189 944 1329 973 versario
1349 944 1400 973 die
1421 943 1629 972 dedicationis
1650 942 1793 980 ejusdem
1811 942 1960 971 ecclesiae
1982 943 2193 972 visitaverint.

1232 1009 1244 1023 α
1263 997 1333 1025 Vite
1354 996 1537 1035 perempnis
1553 996 1692 1033 gloria...
1714 1011 1754 1017 —
1769 995 1840 1024 Dat.
1859 999 2017 1033 utsupra,
2036 1005 2123 1024 xvnn
2140 995 2195 1024 ka-

1190 1049 1303 1080 lendas
1318 1050 1517 1088 septembris,
1537 1057 1623 1078 anno
1642 1049 1743 1078 tertio.
1764 1062 1775 1073 υ

1743 1128 1870 1158 Orvieto,
1889 1129 1923 1155 ‘28
1936 1129 2030 1162 juillet
2050 1129 2125 1155 1290.

1232 1194 1268 1223 In
1291 1203 1317 1224 e.
1340 1202 1382 1222 m.
1406 1193 1536 1222 eisdem.
1564 1192 1704 1221 Eandem
1728 1190 1965 1228 indulgentiam
1987 1190 2129 1219 concedit
2154 1191 2199 1219 eis

1192 1249 1246 1285 qui
1270 1246 1433 1276 ecclesiam
1461 1245 1568 1275 Sancti
1591 1245 1674 1274 Petri
1699 1244 1830 1283 apostoli
1852 1243 2066 1280 deplexano,
2095 1243 2197 1272 Biter-

1192 1301 1294 1329 rensis
1310 1299 1475 1334 dioecesis,
1490 1299 1523 1327 in
1537 1297 1778 1336 Assumptionis
1791 1297 1898 1326 beatae
1912 1296 2032 1325 Mariae
2049 1301 2077 1325 et
2094 1296 2125 1325 S.
2142 1297 2200 1325 Pe—

1193 1353 1234 1381 tri
1255 1352 1476 1382 festivitatibus
1497 1356 1527 1381 et
1547 1361 1602 1390 per
1622 1355 1690 1380 octo
1712 1351 1778 1380 dies
1802 1354 1972 1388 sequentes
1989 1350 2196 1379 visitaverint

1194 1407 1264 1435 Dat.
1285 1411 1317 1435 ut
1333 1415 1439 1444 supra,
1457 1415 1475 1434 v
1493 1405 1645 1434 kalendas
1662 1405 1800 1442 augusti.
1819 1412 1904 1433 311110
1922 1404 2023 1432 tertio.

1751 1484 1877 1514 Orvieto,
1896 1484 1925 1510 31
1941 1484 2036 1517 juillet
2053 1483 2128 1509 1290.

1235 1550 1272 1578 In
1293 1558 1319 1578 e.
1341 1558 1382 1578 m.
1410 1548 1540 1578 eisdem.
1568 1547 1709 1577 Eandem
1731 1546 1967 1583 indulgentiam
1990 1546 2134 1575 concedit
2156 1546 2200 1574 eis

1194 1602 1250 1641 qui
1267 1602 1432 1631 ecclesiam
1451 1601 1634 1631 monasterii
1650 1600 1759 1630 Sancti
1778 1600 1899 1637 Helyae
1915 1599 2153 1628 Racanatensis.
2167 1599 2199 1627 in

1196 1655 1303 1684 beatae
1322 1655 1441 1684 Mariae
1459 1654 1666 1691 Magdalenae
1683 1653 1850 1683 festivitate
1867 1658 1897 1682 et
1913 1662 1967 1690 per
1982 1657 2050 1682 octo
2069 1653 2136 1682 dies
2153 1662 2200 1681 se-

1195 1713 1330 1747 quentes
1348 1708 1557 1737 visitaverint.
1580 1708 1647 1736 ltat.
1669 1712 1700 1736 ut
1718 1716 1828 1745 supra,
1846 1716 1867 1735 11
1886 1706 2039 1736 kalendas
2058 1706 2199 1744 augusti,

1195 1771 1281 1791 anno
1303 1763 1402 1791 tertio.

1777 1813 1905 1847 Orvieto‚
1924 1813 1955 1839 18
1970 1814 2037 1839 aont
2056 1812 2130 1840 1290.

1238 1879 1274 1907 In
1299 1887 1325 1907 e.
1346 1887 1389 1907 m.
1415 1877 1546 1907 eisdem.
1573 1878 1715 1907 Eandem
1738 1876 1972 1914 indulgentiam
1995 1875 2138 1906 concedit
2160 1876 2204 1904 eis

1198 1932 1251 1969 qui
1279 1931 1443 1961 ecclesiam
1467 1955 1486 1960 ..
1513 1931 1690 1961 abbatissae
1711 1936 1740 1959 et
1761 1934 1937 1959 conventus
1959 1929 2143 1959 monasterii
2167 1929 2205 1957 de

1198 1987 1371 2022 Avenayo,
1394 1984 1519 2013 ordinis
1538 1984 1570 2014 S.
1597 1983 1779 2018 Benedicti,
1800 1983 1967 2012 [lemensis
1986 1982 2149 2017 dioecesis,
2171 1981 2204 2009 in

1199 2039 1351 2069 honorem
1369 2038 1400 2067 S.
1417 2038 1504 2068 Petri
1517 2037 1648 2076 apostoli
1665 2042 1695 2067 et
1711 2041 1836 2066 sanctae
1855 2037 1965 2066 Bertae
1980 2040 2205 2071 constructam,

1198 2093 1232 2121 in
1251 2093 1359 2121 beatae
1376 2091 1495 2120 Mariae
1519 2091 1656 2128 virginis
1678 2096 1707 2120 et
1727 2095 1908 2120 sanctorum
1935 2090 2021 2119 Petri
2042 2094 2072 2118 et
2095 2089 2207 2119 Bertae

1199 2144 1422 2174 festivitatibus
1438 2149 1468 2173 et
1483 2153 1537 2182 per
1552 2148 1620 2173 octo
1636 2143 1702 2173 dies
1719 2147 1887 2181 sequentes
1904 2143 2114 2171 visitaverint.
2136 2142 2205 2171 Dat.

1201 2203 1355 2237 utsupra,
1372 2207 1412 2227 xv
1428 2197 1581 2227 kalendas
1598 2197 1796 2235 septembris,
1816 2205 1900 2226 anno
1919 2197 2019 2226 tertio.

1778 2277 1905 2309 Orvieto‚
1927 2278 1956 2304 18
1973 2278 2040 2303 aout
2059 2277 2134 2304 1290.

1242 2344 1280 2373 In
1297 2352 1324 2372 e.
1339 2351 1381 2371 m.
1398 2341 1529 2376 eisdem,
1544 2350 1598 2379 pro
1613 2340 1746 2371 ecclesia
1761 2364 1780 2371 ..
1799 2341 1976 2370 abbatissae
1993 2345 2021 2370 et
2035 2345 2209 2370 conventus

1203 2396 1388 2426 monasterii
1401 2395 1438 2424 de
1453 2397 1682 2430 Aureomonte‚
1695 2394 1816 2424 ordinis
1829 2394 1862 2424 S.
1879 2394 2025 2430 Victoris,
2042 2393 2210 2423 Remensis

1203 2450 1368 2480 dioecesis.
1388 2449 1459 2478 Dat.
1481 2453 1634 2487 utsupra.

1798 2499 1929 2530 Orvieto‚
1948 2500 1962 2527 9
1978 2501 2045 2526 aout
2065 2500 2137 2526 1290.

1244 2567 1282 2596 In
1294 2575 1322 2595 e.
1337 2574 1380 2594 m.
1397 2565 1527 2594 eisdem.
1542 2564 1781 2602 indulgentiam
1792 2568 1919 2592 centum
1932 2563 2055 2592 dierum
2068 2561 2211 2592 concedit

1206 2629 1261 2659 pro
1282 2619 1414 2649 ecclesia
1435 2618 1543 2648 Sancti
1562 2617 1665 2656 Egidii
1683 2618 1721 2647 de
1738 2617 1880 2652 Wilton,
1900 2615 2105 2646 Eboracensis
2123 2615 2211 2644 dioe-

1205 2672 1298 2703 cesis.

1247 2737 1262 2752 «
1279 2724 1362 2754 Cum
1377 2724 1416 2754 ad
1433 2724 1681 2763 premerenda...
1696 2739 1737 2746 —
1752 2724 1822 2752 Dat.
1837 2722 1919 2761 apud
1937 2722 2210 2758 Urbeinveterem‚

1207 2788 1225 2808 v
1242 2778 1313 2808 idus
1330 2778 1468 2815 augusti,
1485 2786 1570 2807 anno
1592 2777 1694 2811 tertio.
1716 2790 1730 2803 »
1750 2776 1807 2815 (En
1825 2775 1955 2813 Ιηιανφς.)

1807 2855 1933 2884 Orvieto,
1951 2855 1966 2881 9
1982 2856 2048 2881 aout
2066 2854 2143 2881 1290.

1250 2922 1287 2951 In
1299 2931 1326 2951 e.
1339 2930 1381 2950 m.
1396 2920 1527 2950 eisdem.
1543 2919 1783 2957 Indulgentiam
1798 2918 1894 2947 nnius
1905 2917 1982 2946 anni
2000 2921 2029 2946 et
2040 2926 2077 2946 XL
2090 2916 2214 2946 dierum

1209 2974 1353 3005 concedit
1365 2983 1419 3013 pro
1431 2974 1562 3004 ecclesia
1577 2974 1690 3003 domus
1705 2973 1835 3001 fratrum
1855 2971 2015 2999 minorum
2032 2970 2071 2999 de
2081 2969 2215 3005 Oxonia,

1211 3027 1447 3058 Lineolniensis
1464 3027 1627 3058 dioecesis.
1650 3026 1719 3055 Dat.
1741 3029 1773 3055 ut
1789 3033 1883 3063 supra
1900 3023 2011 3062 (thid).
