2477 3637
182 366 198 394 4
930 362 1164 396 REGISTRES
1187 366 1241 396 DE
1262 366 1446 398 NICOLAS
1469 368 1523 397 IV.

181 441 260 471 quas
284 431 385 461 eterni
408 431 504 469 Regis
524 425 691 460 insistatur
707 429 874 466 laudibus,
895 431 1056 469 perpetuis
1071 431 1182 462 usibus

181 485 349 524 deputare,
377 484 520 514 maneria
543 488 573 513 et
601 487 726 522 pratum
750 483 889 522 predicta
914 483 948 512 in
971 489 1183 521 augmentum

180 537 284 568 cultus
300 537 401 566 divini
420 536 507 566 dedit
528 535 702 565 liberaliter
718 540 748 565 et
767 535 940 575 concessit,
958 535 1138 566 ordinando
1153 541 1184 566 et

181 589 380 620 decernendo
405 594 438 618 ut
460 589 494 618 in
513 589 590 627 ipsis
611 588 776 618 ordinetur
794 587 1049 625 monasterium,
1070 590 1103 619 in
1120 598 1184 628 quo

181 652 302 673 sorores
332 644 472 672 minores
502 642 624 672 ordinis
656 642 770 671 Sancte
800 641 913 678 Clare,
949 642 1093 672 viventes
1124 643 1184 673 sub

180 695 382 726 observantia
411 694 519 732 regule
550 704 611 733 que
643 699 785 724 servatur
813 695 846 724 in
877 696 1072 726 monasterio
1111 696 1182 726 Hu-

180 748 324 778 militatis
356 748 451 778 Beate
484 747 603 784 Marie,
638 756 731 787 prope
764 747 917 778 Sanctum
949 748 1176 784 Clodoaldum,

179 801 372 831 Parisiensis
403 800 554 835 diocesis,
587 800 782 831 collocentur
802 812 808 838 ;
843 801 992 841 clareque
1026 803 1183 833 memorie

179 853 359 893 Phylippus
379 863 432 884 rex
457 854 608 891 Francie,
633 855 759 892 genitor
785 854 859 885 dicti
882 856 984 894 regis,
1009 860 1072 885 tam
1093 856 1183 895 pium

177 916 257 946 opus
277 908 381 937 favore
398 915 590 946 prosequens
605 912 778 946 oportuno,
803 908 838 938 in
854 909 1183 947 recompensationem

178 969 353 997 censuum,
396 961 453 998 qui
488 969 524 989 ex
555 960 675 990 eisdem
709 962 861 991 maneriis
895 966 925 992 et
954 967 1042 1001 prato
1075 962 1183 992 Sancti

178 1013 321 1043 Marcelli
351 1017 380 1043 et
409 1013 523 1043 Sancte
554 1012 715 1044 Genovefe
749 1015 941 1045 Parisiensis
973 1011 1116 1045 ecclesiis
1146 1024 1182 1045 ac

178 1066 335 1105 Hospitali
353 1056 613 1097 Jerosolimitano
637 1071 732 1097 antea
754 1067 978 1105 solvebantur,
1005 1078 1023 1098 a
1044 1077 1181 1108 quorum

177 1120 370 1158 prestatione
386 1119 525 1158 predicta
541 1120 685 1150 maneria
701 1125 732 1150 et
751 1125 875 1159 pratum
897 1130 952 1161 per
975 1122 1181 1152 ecclesiarum

177 1176 208 1201 et
220 1171 385 1211 hospitalis
402 1172 615 1211 predictorum
633 1181 785 1211 personas
799 1178 925 1212 propter
938 1174 1008 1211 hoc,
1026 1175 1065 1204 ad
1082 1175 1182 1214 ipsius

178 1225 375 1262 instantiam,
395 1225 538 1256 absoluta
556 1226 702 1263 fuerunt,
720 1231 820 1256 certos
836 1232 866 1257 et
880 1232 1094 1266 competentes
1111 1228 1181 1258 red-

178 1278 262 1308 ditus
283 1278 320 1308 de
347 1279 438 1308 bonis
461 1279 557 1317 regiis
580 1279 765 1317 assignavit.
792 1280 897 1316 Quare
923 1289 978 1319 pro
1001 1285 1087 1319 parte
1105 1281 1181 1311 dicti

177 1332 262 1369 regis
290 1335 321 1361 et
345 1332 440 1361 etiam
464 1332 703 1362 carissimarum
727 1333 761 1362 in
784 1332 913 1363 Christo
938 1334 1078 1364 filiarum
1106 1343 1181 1364 nos-

177 1389 299 1414 trarum
324 1385 515 1423 Margarete,
546 1385 646 1415 Marie
676 1389 706 1415 et
732 1386 897 1424 Johanne,
929 1387 1106 1417 illustrium
1132 1397 1182 1418 re-

176 1438 325 1476 ginarum
348 1438 497 1474 Francia,
514 1437 574 1467 fuit
596 1438 687 1468 nobis
711 1438 880 1469 humiliter
899 1440 1131 1479 supplicatum,
1150 1444 1184 1470 ut

175 1491 390 1530 predictorum
410 1492 493 1529 regis
515 1495 544 1521 et
566 1492 710 1529 magistri
727 1492 854 1523 Galieni
875 1494 960 1532 piam
978 1495 1137 1525 actionem
1153 1498 1183 1525 et

174 1543 333 1574 laudabile
349 1544 545 1574 desiderium
561 1545 595 1574 in
612 1545 671 1575 hac
688 1550 776 1584 parte
792 1546 954 1585 apostolici
975 1547 1089 1578 favoris
1110 1557 1182 1586 pre-

174 1597 256 1628 sidio
270 1597 409 1635 benigne
423 1599 571 1637 prosequi
588 1608 783 1629 curaremus.
802 1600 867 1630 Nos
883 1600 981 1638 igitur
996 1601 1182 1640 hujusmodi

174 1651 270 1689 regiis
282 1652 426 1690 precibus
439 1661 583 1682 annuere
596 1653 811 1683 favorabiliter
823 1653 1039 1692 intendentes,
1054 1659 1084 1685 et
1097 1655 1182 1694 quod

174 1713 269 1744 super
284 1705 448 1744 premissis
470 1715 525 1744 per
542 1705 677 1744 prefatos
697 1715 806 1744 regem
827 1711 857 1736 et
872 1707 1044 1738 Galienum
1063 1709 1180 1739 factum

175 1762 232 1796 est,
249 1763 354 1788 ratum
370 1762 399 1788 et
416 1763 542 1796 gratum
560 1759 723 1796 habentes,
743 1760 839 1799 idque
856 1762 1041 1792 auctoritate
1056 1766 1179 1801 aposto-

174 1812 234 1842 lica
251 1812 495 1849 confirmantes,
523 1817 668 1850 gerentes
691 1821 818 1852 quoque
834 1814 872 1844 de
895 1815 1180 1854 circumspectione

175 1869 229 1895 tua
243 1866 278 1894 in
296 1866 434 1895 Domino
449 1865 599 1895 fiduciam
615 1866 803 1905 pleniorem,
821 1869 1018 1907 presentium
1036 1870 1091 1900 tibi
1106 1879 1180 1901 auc-

175 1919 297 1949 toritate
313 1918 543 1948 committimus
559 1923 589 1948 et
604 1919 806 1957 mandamus,
824 1926 1000 1959 quatenus,
1018 1923 1182 1961 premissis

174 1971 258 2001 veris
279 1971 505 2008 existentibus,
520 1972 611 2010 juxta
633 1972 807 2011 predictam
823 1974 1059 2005 ordinationem
1080 1976 1181 2015 ipsius

174 2024 318 2063 magistri
335 2024 461 2077 §alieni
477 2025 648 2063 concedas,
666 2026 799 2056 mandes
819 2031 849 2057 et
868 2027 965 2058 facias
982 2038 1037 2067 per
1060 2035 1109 2067 te,
1130 2030 1180 2061 vel

174 2087 230 2117 per
244 2077 343 2108 alium
361 2082 416 2107 aut
434 2077 512 2108 alios
522 2100 530 2115 ‚
547 2078 581 2107 in
601 2078 694 2109 dictis
714 2080 867 2110 maneriis
883 2083 1111 2113 monasterium
1126 2092 1179 2114 or·

175 2131 280 2160 (linari
291 2155 298 2167 ,
316 2135 345 2160 et
359 2131 546 2170 hujusmodi
562 2140 685 2162 sorores
700 2134 886 2164 auctoritate
903 2140 1010 2165 nostra
1031 2136 1180 2168 instituas

175 2189 206 2214 et
231 2184 363 2214 colloces
390 2185 424 2214 in
449 2185 578 2222 eodem,
606 2191 639 2215 ut
662 2186 782 2216 ibidem
806 2189 966 2226 perpetuis
986 2191 1180 2228 temporibus

175 2237 284 2267 vivant
300 2237 358 2267 sub
380 2238 580 2268 observantia
597 2239 706 2277 regule
722 2241 916 2279 supradicte,
934 2243 1075 2282 ipsisque
1093 2253 1180 2274 soro-

176 2290 281 2327 ribus,
301 2295 466 2329 postquam
482 2291 601 2321 ibidem
620 2292 732 2323 collate
748 2293 886 2331 fuerint,
909 2295 1020 2325 eadem
1042 2298 1181 2327 auctori-

176 2347 237 2373 tate
252 2343 406 2373 concedas
419 2348 453 2373 ut
466 2345 588 2382 possint
600 2346 634 2374 in
648 2345 780 2376 ecclesia
793 2347 874 2377 inibi
888 2353 1068 2379 constructa
1080 2349 1180 2381 libere

175 2396 334 2427 celebrare
350 2397 470 2433 divina,
487 2398 575 2428 etuti
587 2398 775 2438 privilegiis,
790 2401 1013 2440 indulgentiis,
1028 2402 1181 2434 libertati-

175 2450 235 2480 bus
249 2459 285 2480 ac
302 2450 575 2488 immunitatibus,
593 2461 656 2491 que
674 2454 833 2484 sororibus
851 2455 983 2494 predicti
999 2457 1121 2487 ordinis
1136 2457 1181 2497 (1)

174 2513 192 2533 a
216 2504 289 2534 sede
311 2504 480 2543 apostolica
507 2510 582 2535 sunt
605 2515 764 2537 concessa.
792 2507 1085 2540 ContradictoreS...
1108 2511 1178 2541 Dat.

177 2558 344 2593 Laterani,
378 2567 413 2587 111
440 2566 541 2588 nonas
572 2559 697 2596 martii,
732 2561 935 2599 pontificatus
968 2564 1067 2593 nostri
1095 2573 1180 2595 anno

176 2611 287 2648 primo.
309 2624 320 2637 n

249 2769 271 2796 7
770 2772 887 2805 Latran,
905 2775 920 2801 5
936 2783 1012 2802 mars
1032 2776 1108 2804 1288.

212 2830 396 2864 Dispensatio
412 2840 498 2866 super
513 2833 626 2860 defectu
643 2834 791 2861 natalium.
810 2834 893 2868 (Rea.
911 2836 955 2870 44,
971 2845 997 2863 e.
1015 2838 1040 2871 4,
1059 2838 1077 2864 f.
1098 2838 1114 2865 2
1131 2839 1182 2873 vo.)

219 2932 325 2961 Dilecto
356 2932 420 2968 lilio
448 2933 604 2963 Francisco
635 2935 798 2970 Dominici,
831 2938 942 2967 scolari
973 2939 1179 2970 Ulioebonenst.

211 3037 242 3067 (1)
261 3036 330 3060 Dans
346 3038 368 3061 le
386 3044 435 3061 ins.
452 3038 594 3062 ordinibus.

1265 431 1347 462 Cum
1370 441 1405 463 eo
1429 433 1589 473 dispensat
1621 438 1654 464 ut
1678 442 1742 464 non
1775 435 1918 466 obstante
1941 436 2066 467 defectu
2091 436 2245 468 natalium
2262 462 2270 475 ,

1265 494 1362 524 quem
1387 487 1425 516 de
1447 487 1570 518 Judaeo
1591 488 1760 526 conjugato
1778 492 1808 518 et
1829 488 1945 527 soluta,
1974 495 2048 520 tuuc
2074 490 2269 528 Sarracena,

1267 547 1353 569 nunc
1371 540 1562 577 Christiana,
1579 542 1706 578 genitus
1725 542 1852 579 patitur,
1869 542 1908 572 ad
1923 551 2034 573 omnes
2050 544 2178 574 ordines
2197 553 2270 582 pro-

1266 593 1388 622 moveri
1413 597 1444 623 et
1467 593 1715 624 ecclesiasticum
1739 594 1930 625 beneficium
1947 619 1955 633 ,
1982 597 2079 626 etiam
2105 597 2131 626 si
2159 605 2270 627 curam

1266 645 1379 676 habeat
1393 647 1576 677 animarum
1588 670 1596 684 ‚
1614 648 1757 678 obtinere
1774 648 1880 686 possit.
2079 679 2083 687 ,

1308 711 1322 726 ιι
1339 699 1536 730 Constitutus
1552 701 1585 730 in
1599 701 1792 739 presentia...
1807 718 1845 722 —
1861 701 1932 731 Dat.
1948 702 2108 741 Laterani,
2121 713 2155 733 111
2169 711 2270 734 nonas

1267 752 1389 789 martii,
1409 761 1494 783 anno
1511 754 1625 792 primo.
1646 766 1659 781 n

1337 924 1440 953 8-10
1862 926 1979 958 Latran,
1997 927 2012 955 8
2028 935 2104 955 mars
2120 927 2198 956 1288.

1302 986 1423 1014 Litterae
1438 988 1472 1014 dc
1487 989 1630 1015 solutione
1645 991 1690 1023 cuj
1698 989 1797 1016 usdam
1814 989 1951 1016 decimae.
1970 989 2052 1023 (Rso.
2072 991 2114 1021 44,
2132 998 2158 1017 c.
2176 992 2200 1022 5,
2217 991 2236 1017 f.
2253 991 2269 1018 2

1265 1035 1320 1069 vo.)

1312 1139 1478 1168 Venerabili
1499 1141 1615 1176 fratri..
1643 1142 1775 1179 episcopo
1797 1142 1963 1179 Cajactensi
1975 1165 1983 1178 ‚
2003 1142 2054 1171 cui
2071 1141 2213 1173 collectio
2235 1142 2272 1172 in

1265 1191 1428 1230 aliquibus
1443 1193 1534 1230 regni
1552 1192 1679 1224 Siciliae
1694 1194 1836 1232 partibus
1851 1199 1898 1224 est
1915 1195 2102 1232 commissa,
2118 1195 2270 1233 mandat,

1267 1244 1402 1274 ..abbate
1420 1250 1451 1275 et
1472 1249 1631 1276 conventu
1645 1248 1829 1277 monasterii
1845 1247 2037 1283 Casamarii,
2053 1247 2272 1278 Cistersiensis

1265 1298 1399 1335 ordinis,
1414 1299 1597 1329 Verulanae
1613 1299 1777 1337 dioecesis,
1789 1302 2006 1331 asserentibus
2024 1313 2036 1328 α
2051 1301 2112 1331 sibi
2131 1310 2199 1332 esse
2210 1301 2271 1332 dif-

1266 1351 1349 1381 ficile
1374 1352 1516 1390 singulos
1539 1357 1725 1391 proventus,
1758 1354 1802 1384 de⁴
1828 1355 1944 1394 quibus
1975 1356 2008 1385 in
2036 1363 2135 1393 regno
2161 1354 2273 1386 Sicilie

1267 1408 1416 1435 tenentur
1433 1405 1555 1443 solvere
1575 1406 1748 1444 decimam,
1781 1407 1986 1445 singulariter
2007 1409 2170 1445 estimare,
2191 1421 2204 1436 ι
2239 1413 2274 1439 ut

1265 1457 1332 1496 ipse
1348 1458 1386 1488 de
1403 1459 1591 1498 supradictis
1608 1460 1812 1499 proventibus
1828 1457 1985 1499 pro'totali
2001 1462 2158 1493 solutione
2173 1462 2274 1502 ipsius

1264 1511 1407 1542 decimae
1422 1516 1541 1542 certam
1560 1513 1606 1543 eis
1621 1514 1832 1552 quantitatem
1850 1514 2002 1553 imponat.

1307 1577 1319 1592 (ι
1339 1565 1453 1596 Dilecti
1469 1565 1690 1597 filii..ahbas...
1704 1583 1742 1589 -
1757 1567 1828 1597 Dat.
1847 1568 2005 1602 Laterani,
2023 1578 2080 1598 vm
2096 1569 2168 1600 idus
2185 1578 2272 1600 mar-

1266 1618 1321 1655 tii,
1339 1627 1424 1649 anno
1442 1619 1554 1658 primo.
1574 1630 1587 1646 »

1751 1699 1962 1733 Saint-Pierre,
1982 1700 2014 1728 12
2031 1709 2106 1728 mars
2123 1701 2200 1729 1288.

1306 1760 1344 1790 In
1362 1770 1388 1790 e.
1405 1770 1449 1791 m.
1468 1761 1570 1791 eidem
1587 1762 1731 1801 episcopo
1746 1771 1825 1801 pro..
1845 1762 1957 1792 abbate
1979 1767 2010 1792 et
2029 1767 2188 1794 conventu
2206 1771 2271 1794 mo-

1266 1815 1397 1845 nasterii
1413 1815 1527 1846 Fossae
1542 1815 1668 1854 Novae,
1695 1816 1936 1846 Terracinensis
1959 1816 2121 1847 dioecesis.
2142 1834 2182 1839 -
2197 1817 2269 1848 Dat.

1265 1868 1386 1898 Romae
1403 1869 1487 1907 apud
1503 1869 1535 1899 S.
1553 1869 1704 1909 Petrum,
1725 1879 1773 1898 1111
1790 1869 1861 1899 idus
1877 1870 2003 1908 martii,
2019 1879 2105 1901 anno
2123 1870 2235 1910 primo.

1305 1921 1344 1951 In
1360 1931 1386 1952 e.
1409 1931 1453 1951 m.
1472 1922 1650 1965 venerabili
1674 1922 1789 1952 fratri..
1804 1923 1961 1961 ,episcopo
1978 1922 2169 1961 Ferentino,
2190 1931 2270 1963 pro..

1264 1975 1376 2005 abbate
1391 1979 1422 2005 et
1436 1980 1594 2006 conventu
1609 1975 1794 2006 monasterii
1811 1975 1945 2006 Sanctae
1964 1976 2084 2006 Mariae
2099 1975 2139 2007 de
2158 1976 2271 2008 Palae-

1263 2028 1366 2066 ziolis,
1383 2028 1604 2059 Cisterciensis
1621 2028 1760 2065 ordinis,
1779 2028 1975 2059 Albanensis
1991 2029 2154 2060 dioecesis,

1336 2190 1379 2214 11
1748 2187 1962 2219 Saint-Pierre,
1981 2189 2012 2216 18
2028 2197 2105 2215 mars
2122 2188 2198 2216 1288.

1300 2250 1450 2278 Mathaeus
1459 2250 1554 2278 dictus
1564 2250 1698 2277 Veneriis
1711 2251 1814 2277 citatur
1825 2258 1920 2277 coram
1932 2250 2001 2277 sede
2009 2251 2175 2286 apostolica.
2187 2250 2269 2284 (Rau.

1265 2299 1308 2330 44,
1326 2307 1350 2325 c.
1369 2300 1393 2330 6,
1412 2299 1430 2326 f.
1449 2299 1463 2326 3
1480 2302 1529 2331 vo.)

1305 2402 1414 2431 Dilecto
1428 2402 1517 2439 filio..
1535 2402 1635 2440 prio-ri
1650 2402 1683 2431 de
1705 2402 1810 2430 Vansio
1828 2400 1986 2436 Paduam,
2003 2400 2121 2430 ordinis
2134 2399 2166 2430 S.
2184 2400 2272 2430 Bene-

1265 2455 1347 2492 dicct,
1366 2455 1497 2485 mandat
1514 2459 1670 2494 quatenns
1684 2454 1868 2485 Mathaeum
1880 2453 2001 2483 dictum
2015 2453 2177 2488 Veneriis,
2191 2452 2271 2484 Cre-

1266 2512 1388 2538 tensem
1405 2508 1614 2545 canonicum,
1637 2508 1710 2538 citet
1733 2511 1768 2537 ut
1788 2507 1873 2537 infra
1896 2506 2017 2544 vigenti
2043 2506 2187 2545 quinque
2203 2505 2271 2536 dies

1264 2566 1333 2601 post
1350 2562 1550 2598 citationem,
1576 2562 1602 2591 si
1627 2569 1685 2591 sua
1709 2560 1880 2590 crediderit
1894 2560 2070 2596 interesse,
2090 2563 2272 2598 compareat

1264 2623 1372 2646 coram
1388 2615 1462 2645 sede
1476 2614 1654 2653 apostolica.
1670 2614 1686 2644 -J
1692 2622 1743 2643 am
1758 2613 1893 2644 eandem
1908 2613 2091 2643 citationem
2103 2611 2271 2643 ordinave-

1265 2673 1313 2698 rat
1329 2668 1490 2698 Honorius
1501 2676 1580 2707 papa
1591 2676 1646 2707 per
1659 2667 1780 2697 litteras
1794 2675 1931 2706 quarum
1945 2671 2034 2696 tenor
2046 2665 2200 2704 sequitur,
2216 2665 2272 2695 sed

1265 2721 1332 2751 dies
1350 2721 1477 2751 termini
1495 2721 1534 2751 ad
1550 2721 1609 2751 hoc
1625 2722 1733 2751 statuti
1749 2721 1783 2750 in
1802 2721 1887 2751 diem
1904 2720 2014 2750 mortis
2031 2727 2128 2757 papae
2143 2718 2268 2749 incidit.

1307 2787 1321 2802 α
1348 2775 1511 2805 Honorius
1534 2775 1699 2814 episcopus
1723 2766 1833 2805 servus
1859 2782 2023 2805 servorum
2049 2772 2118 2802 Dei.
2148 2771 2271 2803 Dilecto

1267 2840 1280 2855 n
1299 2828 1388 2859 filio..
1412 2829 1506 2867 priori
1531 2829 1621 2858 beate
1643 2829 1742 2858 Marie
1758 2828 1796 2859 de
1816 2827 1936 2858 Vancio
1953 2826 2123 2862 Paduano,
2147 2824 2270 2856 ordinis

1267 2892 1280 2907 n
1299 2880 1407 2911 Sancti
1418 2881 1595 2918 Benedicti,
1604 2881 1739 2911 salutem
1750 2885 1780 2911 et
1789 2879 1992 2920 apostolicam
2001 2878 2268 2909 benedictionem.

1268 2945 1281 2961 ι
1297 2934 1346 2964 Ad
1362 2934 1576 2973 provisionem
1593 2934 1836 2965 ecclesiarum...
1855 2933 1939 2964 Sane
1955 2931 2062 2962 dilecti
2078 2930 2138 2961 filii
2151 2931 2270 2970 capitu-

1267 2999 1280 3014 »
1298 2987 1366 3017 lum
1375 2987 1536 3018 Cretensis
1547 2988 1678 3019 ecclesie
1688 2988 1779 3019 nobis
1790 2987 1939 3017 intimare
1950 2989 2104 3015 curarunt
2115 2984 2199 3023 quod
2211 2984 2271 3024 pri-

1265 3053 1277 3066 »
1298 3040 1382 3078 deni,
1400 3041 1532 3071 ecclesia
1547 3042 1615 3081 ipsa
1633 3051 1688 3081 per
1702 3042 1825 3073 obitum
1841 3040 1922 3071 bone
1938 3038 2091 3069 memorie
2113 3037 2270 3069 Leonardi
