2342 3652
878 364 1097 406 PREMIERE
1118 363 1275 403 ANNE'E.
2081 371 2118 403 93

41 454 237 486 Pictavensis
251 452 343 482 nohis
362 450 502 481 exhibita
519 447 700 478 continebat
714 444 810 484 quod,
826 443 901 473 licet
922 441 1032 472 electio

41 508 151 540 decani
177 506 307 537 ecclesie
336 503 550 537 pictavensis,
580 500 726 540 quotiens
752 506 822 528 eam
845 496 901 525 illo
927 503 1033 525 carere

41 561 196 599 contigit,
228 559 267 590 ad
309 559 414 597 ipsum
444 561 474 586 et
509 554 681 595 capitulum
721 551 863 591 ejusdem
904 548 1033 579 ecclesie

41 614 252 646 communiter
274 611 433 650 pertinere
449 613 613 644 noscatur,
638 614 738 644 nuper
759 604 910 634 decanatu
934 599 1032 630 eccle-

41 669 86 699 sie
109 667 226 707 prefate
258 669 408 701 vacante,
436 662 591 693 Geraldus
614 658 757 695 Roberti‚
784 655 959 695 prepositus
984 654 1032 691 ip—

42 722 107 752 sius
138 719 267 750 ecclesie
296 716 514 752 Pictavensis,
544 714 728 744 decanatum
760 710 864 749 ipsum
889 711 1034 746 potenter

45 773 217 804 temeritate
238 779 407 810 occupans,
424 778 498 799 eum
517 767 636 797 detinet
651 767 835 802 occupatum
847 784 856 798 ,
875 759 1031 789 adminis-

42 826 169 857 trationi
185 826 342 855 honorum
359 827 388 853 et
401 823 522 862 J'urium
535 820 609 849 dicti
623 819 802 852 decanatu5‚
819 819 969 852 tanquam
986 821 1034 842 ec-

41 879 137 910 clesie
161 879 279 918 prefate
302 878 457 913 decanus,
483 884 515 905 se
540 878 655 903 temere
679 868 865 907 ingerendo.
896 867 967 896 Dat.
1001 870 1034 895 ut

42 941 146 971 supra.
163 944 175 959 ι

111 1106 198 1133 485
351 1097 695 1132 Sainte-Marie-Majeure,
710 1096 742 1123 19
754 1096 866 1130 janviei·
882 1094 958 1121 1289.

78 1167 283 1202 Indulgentiae.
301 1165 381 1200 (Rae.
398 1164 440 1196 44,
455 1171 480 1189 c.
498 1161 556 1192 315,
572 1160 592 1186 f.
609 1159 638 1186 71
656 1158 705 1192 vo.)

86 1291 104 1297 ..
124 1267 374 1306 archipresbytero
390 1270 414 1294 et
429 1262 556 1300 capitulo
571 1262 684 1290 ecclesie
699 1259 810 1289 Sancte
828 1260 922 1288 Marte
935 1259 968 1287 cle
983 1258 1033 1287 Pi-

46 1325 106 1358 leo,
133 1321 292 1358 Amyntae
320 1319 449 1348 diocesis.
474 1314 709 1352 Indulgentiam
739 1312 881 1342 concedit
905 1315 1034 1341 centum

45 1375 168 1405 dierum
192 1373 338 1403 omnibus
353 1379 425 1401 vere
443 1367 675 1408 poenitentibus
694 1370 724 1396 et
738 1365 891 1396 confessis
909 1365 965 1403 qui
981 1373 1033 1394 ec—

47 1427 176 1458 clesiam
197 1426 328 1456 Sanctae
344 1424 460 1453 Mariae
475 1422 512 1451 de
529 1420 633 1457 Pileo,
651 1420 843 1457 Anagninae
863 1418 1032 1454 dioecesis,

50 1481 86 1510 in
100 1480 150 1510 die
167 1477 406 1510 consecrationis
421 1475 563 1515 ejusdem
585 1478 615 1504 et
632 1472 768 1511 singulis
785 1472 885 1510 ipsius
901 1471 1036 1509 virginis

49 1531 268 1563 festivitatibus
282 1534 312 1560 et
325 1538 421 1568 usque
435 1528 473 1558 ad
488 1527 611 1557 octabas
627 1525 812 1556 earumdem
828 1525 1036 1555 festivitatum

50 1586 159 1616 devote
174 1583 376 1614 visitaverint.

91 1651 104 1664 u
128 1637 285 1668 Gloriosus
308 1636 392 1666 Deus
409 1635 480 1665 in...
507 1652 545 1655 -
568 1634 639 1663 Dat.
663 1634 763 1663 Rome
781 1632 864 1671 apud
887 1631 1037 1661 Sanctam

54 1691 184 1721 Mariam
201 1690 362 1728 Maj0rem,
376 1698 443 1718 xx111
454 1687 603 1718 kalendas
618 1687 783 1722 februarii,
797 1693 882 1715 anno
893 1685 1007 1723 primo.
1019 1696 1031 1710 n

116 1861 201 1891 486

83 1924 284 1959 Indulgentiae.
300 1923 381 1958 (Rae.
398 1923 446 1956 44,
468 1931 492 1950 c.
510 1923 574 1954 316,
594 1923 613 1950 f.
637 1922 667 1948 71
690 1928 738 1951 v⁰-,
758 1921 823 1948 Lu).
840 1930 875 1948 nu
890 1921 991 1952 Tuum,
1009 1920 1036 1954 Ι,

51 1973 81 1999 71
99 1974 149 2005 νο.)

346 1860 696 1894 Sainte-Marie-Majeure,
714 1859 745 1886 '19
759 1858 870 1893 janviei·
887 1858 964 1885 1289.

91 2075 198 2103 Detecto
212 2074 274 2111 filio
297 2096 316 2102 ..
334 2074 430 2103 abbati
446 2079 472 2103 et
488 2075 619 2112 capitulo
641 2075 786 2103 secularis
804 2074 919 2103 ecclesie
934 2073 1039 2102 Sancti

50 2128 197 2157 Johanm's
211 2127 244 2156 de
257 2127 345 2163 Pileo,
358 2128 515 2166 Anagniae
527 2127 656 2157 diocesis.
675 2126 913 2165 Indulgentiam
928 2134 1039 2156 couce-

50 2180 95 2210 dit
110 2184 236 2210 centum
254 2179 375 2210 dierum
396 2181 541 2211 omnihus
564 2190 638 2211 vere
661 2181 895 2220 poenitentibus
916 2184 946 2210 et
966 2182 1039 2210 cou2

51 2232 140 2263 fessis
158 2232 212 2271 qui
233 2232 395 2262 ecclesiam
416 2233 523 2263 Sancti
545 2233 704 2263 Johannis
719 2233 757 2263 de
773 2233 871 2269 Pileo,
889 2233 1038 2271 Anagni-

51 2294 111 2315 nae
127 2285 294 2322 dioecesis,
310 2285 344 2315 in
363 2285 413 2316 die
429 2287 671 2318 consecrationis
686 2287 829 2326 ejusdem
845 2291 875 2317 et
889 2287 923 2316 in
939 2286 1039 2316 sancti

51 2338 211 2369 Johannis
229 2338 385 2378 Baptistae
405 2343 435 2369 et
453 2340 550 2370 sancti
563 2340 720 2370 Johannis
737 2340 958 2378 Evangelistae
974 2340 1037 2370 fes-

52 2391 239 2428 tivitatibuS‚
259 2395 289 2421 et
303 2400 402 2430 usque
421 2392 460 2422 ad
475 2393 596 2423 octabas
613 2393 795 2423 earumdem
817 2394 1037 2430 festivitatum,

49 2444 158 2474 devote
174 2445 382 2475 visitaverint.

89 2509 102 2523 α
121 2497 201 2527 Loca
219 2501 399 2528 sanctorum
415 2498 592 2530 omnium...
609 2517 647 2522 —
665 2500 734 2530 Dat.
752 2505 787 2530 ut
803 2509 908 2540 supra.
929 2513 942 2528 n

117 2671 201 2698 482

83 2731 219 2758 Albertus
231 2732 369 2758 ecclesiae
382 2731 534 2767 Yporiensi
545 2735 702 2768 praeficitur
712 2737 740 2763 in
753 2737 885 2764 electum.
898 2737 980 2771 (Rue.
995 2738 1038 2772 44,

49 2788 74 2807 c.
91 2780 188 2811 3121.
205 2780 237 2806 72
254 2783 298 2812 ro.)

359 2669 706 2707 Sainte-Marie-Majeure,
722 2675 754 2701 12
769 2675 872 2701 fevi-ier
888 2674 966 2701 1289.

88 2882 195 2912 Dilecto
214 2883 278 2919 filio
299 2883 434 2919 Alberw,
461 2884 546 2913 electo
570 2885 728 2921 yporiensi.
760 2887 841 2917 Eum
868 2887 1041 2926 Yporiensi

49 2934 216 2973 ecclesiae,
241 2944 295 2974 per
308 2935 550 2966 translationem
575 2937 749 2976 Frederici,
771 2940 861 2970 electi
879 2945 909 2970 et
924 2941 1039 2971 confir-

50 2988 125 3017 mati
141 2988 282 3026 eJ’usdem
302 2989 470 3026 ecclesiae,
495 2989 535 3019 ad
555 2990 718 3021 ecclesiam
734 2993 968 3024 Ferrariensem
983 3003 1039 3023 va-

49 3041 143 3078 canti,
160 3041 195 3070 in
212 3042 393 3081 episcopum
410 3043 562 3082 praeficit.

1157 451 1170 466 α
1196 440 1283 469 Licet
1303 440 1488 470 continuata
1511 438 1843 478 supervenientium...
1861 454 1900 460 —
1925 438 1994 467 Dat.
2017 438 2119 468 Rome

1114 494 1197 532 apud
1213 493 1361 524 Sanctam
1379 494 1513 524 Mariam
1530 493 1698 531 MaJorem,
1717 502 1739 521 11
1755 491 1827 521 idus
1842 491 2014 528 februarii,
2031 499 2119 522 anno

1116 547 1229 586 primo.
1251 558 1264 574 »

1185 721 1272 749 488

1152 780 1335 816 Dispensatio
1353 790 1441 816 super
1460 782 1650 808 matrimonio.
1668 781 1749 815 (Rs-20.
1775 781 1816 812 44,
1841 790 1867 807 c.
1893 781 1952 812 318,
1977 781 1996 806 f.
2022 781 2055 807 72
2076 787 2117 813 1·⁰;

1117 843 1235 877 Porffl„
1254 844 1361 877 22879.)

1437 719 1782 753 Sainte-Marie-Majeure,
1802 719 1833 746 16
1849 719 1952 745 fevi-ier
1969 718 2046 745 1289.

1157 946 1280 975 Dilectis
1294 946 1370 982 filiis
1391 967 1411 974 ..
1427 946 1526 983 priori
1539 946 1765 983 predicatorum
1781 954 1814 974 ac
1836 968 1854 974 ..
1871 946 2044 982 1ᾳυανάῖαηο
2060 946 2121 974 mi-

1118 1007 1231 1027 norum
1253 998 1391 1037 fratrum
1414 999 1560 1027 ordinum
1580 999 1790 1027 Brtoeiensibus
1809 997 1940 1027 mandat
1965 1000 2122 1036 quatenus

1118 1060 1191 1081 cum
1211 1052 1313 1082 nobili
1328 1053 1397 1082 viro
1412 1052 1534 1082 Parisio
1551 1052 1635 1082 dicto
1649 1052 1874 1088 Maniavaccis,
1889 1051 1928 1081 de
1944 1051 2077 1088 Niarda,
2093 1055 2124 1081 et

1119 1105 1219 1134 nobili
1235 1105 1370 1135 muliere
1382 1105 1536 1142 Beatrice,
1552 1114 1646 1135 uxore
1663 1106 1742 1143 ejus,
1762 1105 1939 1134 Brixiensis
1957 1104 2121 1140 dioecesis,

1120 1158 1175 1196 qui
1186 1159 1226 1188 ad
1239 1158 1465 1189 dioecesanum
1479 1167 1584 1195 suum,
1594 1154 1719 1197 propter
1730 1158 1902 1193 inimicias,
1914 1166 1977 1188 non
1991 1161 2124 1196 possunt

1120 1212 1236 1242 habere
1252 1221 1435 1250 recursum,
1453 1212 1655 1251 dispensent,
1671 1216 1708 1241 ut
1724 1211 1758 1240 in
1775 1211 1980 1241 matrimonio
1994 1210 2070 1240 olim
2086 1210 2124 1240 ab

1120 1265 1209 1304 ipsis,
1223 1266 1448 1303 ignorantibus
1462 1275 1494 1295 se
1506 1270 1619 1304 quarto
1634 1265 1924 1303 consanguinitatis
1937 1264 2037 1302 gradu
2048 1272 2123 1294 con-

1117 1319 1246 1357 junctos
1262 1328 1340 1356 esse,
1357 1323 1526 1356 contracto,
1551 1327 1717 1348 remanere
1733 1318 1869 1348 valcant.

1162 1384 1175 1398 (ι
1192 1372 1276 1402 Cum
1294 1382 1440 1402 summus
1462 1372 1641 1411 pontifex...
1662 1389 1700 1393 —
1716 1372 1786 1401 Dat.
1806 1372 1908 1401 Rome
1928 1371 2011 1410 apud
2027 1371 2123 1401 Sanc-

1122 1430 1186 1455 tam
1217 1426 1352 1456 Mariam
1384 1427 1539 1465 Maj0rem
1554 1450 1560 1463 ‚
1592 1435 1661 1455 xnn
1690 1425 1844 1455 kalendas
1878 1426 1984 1454 martii
2000 1449 2006 1461 ‚
2038 1433 2124 1455 auno

1120 1487 1233 1518 primo.
1255 1491 1268 1505 »

1191 1653 1278 1681 489

1156 1715 1341 1750 Dispensatio
1363 1723 1449 1749 super
1469 1715 1660 1741 matrimonio.
1679 1714 1760 1747 (Res.
1788 1715 1835 1745 44,
1860 1722 1886 1741 c.
1908 1714 1971 1745 319,
1996 1714 2014 1739 f.
2032 1713 2123 1745 7¹21·⁰;

1122 1764 1238 1795 Poma„
1255 1764 1364 1796 22880)

1445 1652 1799 1686 Sainte-Mai-ie-Majeu1·e‚
1814 1652 1845 1678 ’16
1857 1652 1961 1678 fevi-ier
1976 1652 2052 1678 1289.

1162 1867 1280 1896 Eisdem
1302 1866 1433 1896 mandat
1452 1870 1611 1905 quatenus
1634 1875 1707 1896 cum
1731 1865 1833 1896 nobili
1849 1865 1918 1895 viro
1936 1865 2029 1895 Petro
2045 1864 2129 1894 dicto

1123 1919 1348 1955 Mauiavaccis,
1360 1919 1398 1949 de
1408 1920 1538 1957 Niarda,
1555 1924 1585 1950 et
1596 1920 1695 1950 nobili
1707 1919 1845 1949 muliere
1855 1919 2016 1956 Adelasia,
2031 1927 2130 1949 uxore

1122 1974 1201 2012 eJus,
1225 1973 1404 2003 Brixiensis
1432 1973 1597 2010 dioecesis,
1618 1973 1675 2011 qui
1703 1973 1743 2002 ad
1769 1972 1993 2002 dioecesanum
2019 1981 2128 2010 suum,

1122 2031 1248 2066 propter
1262 2027 1467 2064 inimicitias,
1492 2035 1556 2057 non
1573 2031 1705 2066 possunt
1722 2026 1840 2056 habere
1857 2035 2023 2056 recursum
2034 2048 2042 2062 ,
2063 2025 2127 2055 dis-

1121 2085 1268 2118 pensent,
1285 2084 1319 2110 ut
1334 2080 1368 2109 in
1385 2080 1591 2110 matrimonio
1607 2079 1687 2110 olim
1698 2080 1738 2110 ab
1752 2080 1831 2118 ipsis
1845 2083 2016 2116 contracto,
2034 2079 2128 2117 iguo-

1121 2134 1269 2164 rantihus
1285 2133 1555 2173 impedimentum
1570 2133 1706 2164 existere
1722 2143 1758 2163 ex
1776 2142 1811 2164 eo
1827 2133 1911 2172 quod
1923 2132 2034 2163 eadem
2048 2132 2129 2162 Ade-

1121 2186 1218 2221 lasia,
1244 2191 1320 2217 tunc
1344 2187 1515 2217 constituta
1536 2187 1571 2216 in
1592 2187 1733 2226 juvenili
1755 2191 1871 2224 aetate,
1894 2196 1949 2225 per
1972 2186 2068 2216 verba
2090 2185 2129 2215 de

1121 2241 1282 2279 praesenti
1303 2240 1416 2270 tradita
1436 2241 1496 2270 fuit
1519 2250 1537 2270 a
1560 2241 1627 2271 suis
1652 2241 1836 2279 parentibus
1856 2241 1890 2270 in
1907 2249 2039 2270 uxorem
2064 2240 2129 2269 cui-

1121 2294 1194 2323 dam
1211 2295 1265 2333 qui
1286 2294 1346 2333 ipsi
1363 2294 1457 2324 Petro
1476 2295 1509 2323 in
1526 2298 1637 2332 quarta
1655 2294 1941 2332 consanguinitatis
1955 2293 2041 2323 linea
2058 2293 2129 2322 atti-

1121 2348 1228 2384 nebat,
1243 2348 1362 2386 quique
1378 2352 1549 2386 antequam
1565 2347 1632 2377 ulla
1644 2338 1845 2387 interipsum
1862 2352 1892 2377 et
1905 2356 1975 2377 eam
1989 2346 2128 2377 carnalis

1121 2401 1233 2440 copula
1251 2401 1419 2432 subsecuta
1443 2406 1542 2438 esset,
1559 2405 1705 2431 mortuus
1720 2406 1781 2438 est,
1801 2410 1969 2431 remanere
1987 2400 2124 2431 valeant.

1122 2463 1297 2493 eorumque
1312 2454 1373 2484 filii
1389 2458 1418 2484 et
1434 2454 1519 2484 filiae
1536 2455 1600 2484 sint
1617 2454 1765 2493 legitimi.

1163 2519 1176 2534 <c
1204 2508 1351 2546 Exposita
1366 2516 1472 2538 coram
1488 2508 1618 2538 nohis...
1636 2525 1674 2530 —
1690 2508 1761 2538 Dat.
1780 2512 1814 2538 ut
1829 2517 1934 2547 supra.
1955 2520 1967 2534 ¹>

1193 2674 1281 2702 490

1157 2735 1343 2770 Dispensatio
1369 2744 1419 2771 pro
1440 2736 1632 2763 matrimonio.
1656 2736 1739 2768 (Rue.
1764 2736 1808 2769 44,
1834 2744 1859 2762 c.
1886 2735 1952 2769 320,
1979 2735 1998 2762 f.
2024 2735 2057 2762 72
2078 2742 2123 2766 νῦ,

1123 2784 1240 2818 Portu„
1257 2784 1364 2816 22878.)

1442 2673 1802 2708 Saime-Ma1·ie—MaJeu1·e,
1818 2673 1849 2699 15
1860 2673 1964 2699 fevriei·
1976 2672 2052 2700 1289.

1165 2910 1184 2916 ..
1200 2889 1301 2924 priori
1314 2886 1540 2925 predicatorum
1554 2892 1578 2915 et
1593 2909 1613 2916 ..
1630 2887 1802 2924 guardiam
1818 2887 1975 2916 minorum
1989 2887 2126 2923 fratrum

1124 2943 1268 2970 ordinum
1283 2940 1580 2970 Halberstadensibas
1596 2940 1726 2970 mandat
1745 2944 1903 2978 quatenus
1929 2948 2001 2970 cum
2024 2939 2123 2970 nobili

1124 2995 1192 3024 viro
1211 2994 1352 3030 Siffrido,
1371 2998 1444 3024 nato
1460 2994 1606 3031 Henrici,
1628 2994 1752 3024 comitis
1767 2993 1805 3023 de
1824 2993 2076 3031 Blanhenburgi,
2097 2998 2126 3023 et

1125 3047 1294 3085 Lutgarde‚
1306 3047 1374 3076 filia
1390 3047 1506 3077 nobilis
1522 3048 1583 3077 viri
1598 3047 1748 3085 Conradi‚
1760 3048 1883 3078 comitis
1897 3047 1935 3077 de
1950 3047 2123 3085 Weringe-
