2477 3637
299 404 352 433 12?
1044 397 1278 428 REGISTRES
1300 398 1353 428 DE
1377 395 1558 427 NICOLAS
1582 396 1637 425 IV.

340 483 351 495 a
371 469 406 500 Si
418 468 618 499 subditorum
639 466 837 496 temeritas...
856 481 893 486 —
910 464 981 494 Dat.
1004 464 1112 501 Reate,
1135 474 1181 494 nn
1200 472 1300 494 nonas

293 522 387 562 julii,
405 530 491 552 anno
510 521 623 560 primo.
646 532 658 545 »

334 756 477 790 Philippo,
503 756 563 789 regi
589 753 780 784 Francorum,
801 754 852 787 qui
879 753 1053 779 decimarum
1078 752 1242 779 subsidium
1266 752 1300 779 ad

297 806 443 839 negotium
470 805 550 838 regni
575 803 738 837 Aragoniae
762 802 992 837 prosequendum
1017 803 1110 836 petiit,
1137 802 1255 828 remittit
1274 806 1302 828 et

820 690 906 722 Rieti,
927 691 953 716 ll
972 690 1134 724 septembre
1154 689 1228 717 1288.

295 856 427 883 concedit
444 864 493 890 pter
509 855 666 887 biennium,
684 854 738 880 snb
755 853 848 880 modis
864 857 891 879 et
907 853 1121 879 conditionibus
1137 853 1302 888 infrascrip-

297 906 344 937 tis.
361 905 500 931 decimam
522 904 550 930 in
567 912 655 937 regno
681 903 814 929 Franciae
830 910 880 937 pro
899 902 1062 936 Aragouiae
1078 907 1105 928 et
1120 901 1234 928 Siciliae
1250 910 1301 928 ne-

295 955 374 990 gotio
398 954 572 988 impositam.
594 952 676 986 (Ri-zc.
695 952 726 978 44
740 973 747 985 ‚
771 959 796 978 c.
822 951 873 979 46.
898 951 917 978 f.
938 951 971 978 96
993 956 1036 981 r⁰·,
1061 950 1125 977 [ΛΡ.
1144 960 1177 978 nu
1193 950 1298 982 Tacit,

296 1003 319 1037 1,
339 1003 408 1033 ¹59.l

338 1106 502 1135 Carissimo
521 1106 551 1134 in
567 1103 681 1134 Christo
695 1104 759 1140 silio
773 1103 926 1140 Philippo,
945 1104 1008 1140 reyi
1027 1103 1155 1132 Francie
1172 1103 1299 1132 illustri.

299 1171 312 1186 ι
332 1159 431 1197 Regie
446 1157 649 1188 celsitudinis
668 1156 804 1192 litteras,
823 1165 901 1195 quas
921 1156 1010 1186 nobis
1025 1155 1134 1185 dilecti
1155 1155 1214 1185 filii
1230 1164 1301 1185 ma—

296 1212 387 1251 gistri
414 1211 537 1250 Symon
564 1211 666 1240 dictus
694 1209 834 1245 Matisas,
859 1208 1103 1239 archidiaconus
1136 1209 1170 1237 in
1200 1208 1300 1238 eecle-

297 1266 343 1295 sia
362 1265 530 1298 Remensi,
550 1268 578 1293 et
603 1263 759 1292 Robertus
780 1262 818 1291 de
835 1262 999 1298 Aricuria,
1022 1262 1194 1291 canonicus
1211 1261 1301 1291 Pari-

296 1318 432 1353 siensis,
452 1315 608 1356 capellani
636 1316 750 1350 nostri,
773 1324 809 1344 ac
831 1314 927 1344 frater
942 1314 1151 1353 Arnulphus,
1179 1315 1302 1345 ordinis

296 1371 411 1401 militie
427 1369 552 1408 Templi
567 1368 837 1404 Jerosolimitani,
858 1367 903 1397 tui
922 1368 1046 1404 nuntii,
1065 1372 1301 1406 presentarunt,

296 1430 426 1464 paterne
440 1422 648 1460 benignitatis
666 1422 778 1451 affectu
798 1421 991 1459 recepimus,
1010 1425 1039 1450 et
1056 1425 1118 1451 tam
1135 1431 1196 1460 que
1213 1421 1246 1451 in
1263 1421 1303 1451 il-

296 1477 335 1507 lis
361 1476 517 1507 contineri
546 1475 765 1514 perspeximus
791 1483 888 1513 quam
915 1483 977 1513 que
1000 1474 1098 1504 iidem
1129 1475 1235 1504 nuntii
1264 1483 1302 1504 ex

295 1534 383 1571 parte
408 1529 494 1567 regia
514 1537 620 1559 coram
643 1529 735 1558 nobis
758 1533 789 1557 et
813 1528 962 1558 fratribus
987 1528 1104 1558 nostris
1127 1536 1302 1566 proponere

295 1583 466 1613 voluerunt
490 1581 708 1612 intelleximus
726 1581 910 1619 diligenter.
934 1581 1035 1617 Saue,
1054 1581 1097 1611 fili
1119 1581 1302 1618 carissime,

295 1636 485 1667 nuntiorum
503 1635 644 1674 ipsorum
660 1635 744 1664 inter
758 1639 860 1664 cetera
878 1634 1048 1674 propositio
1067 1634 1179 1665 habuit
1195 1635 1300 1673 quod,

296 1689 335 1720 ad
355 1689 520 1728 negotium
540 1688 701 1726 Aragonie
724 1688 981 1726 prosequendum
996 1711 1005 1726 ,
1027 1688 1083 1718 tibi
1105 1688 1303 1719 decimarum

297 1741 476 1773 subsidium
489 1741 628 1779 benigne
639 1740 811 1771 concedere
822 1740 1041 1779 dignaremur.
1056 1741 1121 1772 Nos
1132 1751 1207 1772 vero
1220 1742 1303 1773 circa

296 1796 481 1836 petitionem
506 1794 690 1833 hujusmodi
709 1803 772 1824 una
794 1803 867 1824 cum
890 1794 980 1824 dictis
1002 1795 1153 1825 fratribus
1179 1795 1300 1826 discus-

297 1849 397 1879 sionis
425 1853 530 1878 exacte
562 1847 704 1878 studium
738 1847 890 1878 duximus
915 1848 1147 1879 adhibendum.
1180 1850 1301 1880 Verum

297 1912 391 1934 cause
407 1901 620 1941 multiplices,
637 1911 715 1941 que,
736 1900 911 1932 multorum
924 1902 1063 1941 judicio,
1082 1903 1215 1933 rationis
1231 1913 1302 1934 mu—

298 1956 424 1987 nimine
439 1954 660 1992 confoventur,
675 1964 707 1985 se
718 1964 753 1985 su
758 1964 812 1994 per
823 1955 882 1985 hoc
893 1955 1026 1986 sollicite
1037 1957 1303 1988 considerationis

298 2009 437 2041 examini
454 2008 655 2045 obtulerunt,
671 2014 793 2038 certum
806 2008 846 2038 ad
862 2017 990 2048 presens
1003 2009 1037 2039 in
1056 2010 1116 2041 hac
1131 2015 1218 2049 parte
1239 2011 1302 2041 dif-

299 2062 468 2094 {erendum
498 2062 565 2093 fore
597 2070 787 2101 responsum
824 2071 886 2092 non
919 2062 1080 2093 immerito
1110 2064 1280 2095 suadentes
1294 2090 1301 2103 ,

298 2124 435 2156 quarum
450 2115 587 2155 aliquas,
608 2115 720 2145 ceteris
746 2124 808 2145 non
830 2115 1005 2146 levioribus
1021 2117 1099 2147 sorte
1115 2117 1238 2147 silentii
1256 2123 1302 2148 ta-

298 2169 481 2200 citurnitate
496 2167 665 2206 conclusis,
692 2169 892 2207 presentibus
919 2169 1068 2200 duximus
1088 2171 1276 2201 inserendas
1295 2182 1301 2201 :

300 2226 467 2254 tractatum
482 2221 640 2259 videlicet,
661 2230 724 2252 non
743 2222 811 2252 sine
827 2223 916 2260 gravi
932 2223 1079 2253 laborum
1095 2225 1232 2264 sarcina,
1247 2234 1302 2255 cu-

300 2275 346 2306 ris
361 2274 561 2305 multimodis
576 2275 796 2313 sumptibusve
812 2283 875 2305 non
889 2276 1022 2306 modieis
1038 2276 1195 2315 habitum,
1210 2287 1305 2317 super

300 2328 491 2359 liberatione
510 2328 669 2357 carissimi
688 2329 722 2357 in
741 2327 867 2359 Christo
890 2329 949 2359 filii
974 2331 1072 2360 nostri
1091 2331 1212 2368 Caroli,
1238 2333 1303 2371 pri-

301 2382 454 2420 mogeniti
486 2381 570 2411 clare
597 2383 750 2411 memorie
773 2381 823 2416 C..
851 2383 935 2420 regis
963 2383 1088 2421 Sicilie,
1115 2385 1305 2424 specialibus

301 2440 427 2476 propter
447 2436 505 2466 hoc
528 2435 568 2465 ab
589 2435 666 2465 olim
688 2435 726 2465 ad
750 2440 852 2474 partes
875 2436 947 2466 illas
969 2437 1199 2477 sollempnibus
1222 2440 1305 2469 sedis

301 2488 469 2530 apostolice
494 2488 616 2518 nuntiis
632 2488 812 2525 destinatis,
830 2489 896 2528 qui,
920 2491 1000 2520 sicut
1021 2491 1165 2521 notitiam
1183 2492 1303 2530 regiam

302 2542 399 2573 latere
429 2550 490 2572 non
521 2541 681 2572 credimus
700 2565 707 2578 ,
737 2542 841 2573 adhuc
877 2548 1039 2581 propterea
1070 2544 1150 2573 inibi
1181 2553 1305 2581 moram

302 2595 446 2632 trahunt,
465 2596 555 2633 cujus
575 2599 723 2625 tractatus
746 2601 878 2626 eventus
902 2600 1083 2635 expectatur
1104 2599 1136 2628 in
1162 2599 1305 2637 proximo

301 2648 469 2681 certitudo:
487 2648 658 2686 grandium
675 2657 800 2687 quoque
816 2658 851 2679 ac
873 2650 1124 2688 importabilium
1151 2651 1216 2682 fere
1232 2661 1304 2690 gra-

302 2702 471 2731 vaminum
488 2710 605 2738 onera,
625 2711 686 2740 que
706 2703 772 2740 jam
794 2712 848 2741 per
863 2702 1038 2733 multorum
1057 2713 1217 2734 annorum
1233 2713 1304 2735 cur-

302 2754 404 2784 ricula
418 2755 458 2784 ob
472 2754 670 2785 decimarum
689 2757 866 2786 exactiones
882 2761 912 2786 et
928 2756 1103 2794 legatorum
1121 2766 1156 2787 ac
1174 2759 1306 2789 nuntio-

303 2816 375 2837 rum
412 2807 451 2837 ad
488 2808 740 2838 ultramontanas
780 2814 883 2848 partes
918 2811 1081 2841 occasione
1120 2811 1305 2850 hujusmodi

303 2860 566 2891 transmissorum
589 2862 824 2900 procurationes
847 2863 1022 2902 exhibitas,
1045 2873 1231 2904 quanquam
1247 2865 1306 2896 sub

304 2913 455 2952 patientia
479 2913 658 2952 laudanda,
685 2915 795 2946 devote
819 2917 950 2955 pertulit
976 2917 1109 2948 ecclesia
1136 2918 1303 2956 gallicana.

306 2965 368 2996 Sed
390 2966 466 3004 quia
486 2976 653 3005 personam
676 2974 778 3005 tuam,
804 2971 895 3007 cujus
916 2979 1078 3010 prosperos
1101 2971 1306 3012 salubresque

305 3028 471 3058 processus
489 3021 675 3058 appetimus,
688 3022 721 3051 in
739 3023 861 3052 intimis
877 3024 1019 3061 gerimus
1035 3034 1089 3063 per
1102 3025 1262 3063 affectum,
1277 3030 1306 3055 et

307 3072 444 3102 libenter
463 3082 519 3103 nos
539 3074 618 3103 votis
637 3075 732 3112 regiis
757 3076 945 3107 favorabiles
961 3082 991 3107 et
1013 3077 1169 3116 benignos
1183 3101 1190 3115 ‚
1216 3083 1307 3117 prout

1382 471 1562 502 possumus,
1586 461 1790 497 exhibemus,
1811 460 1867 491 tibi
1883 470 1978 500 super
1993 461 2115 491 decime
2133 461 2227 500 petite
2245 462 2386 495 subsidio

1382 521 1466 547 certe
1494 515 1710 554 responsionis
1739 514 1904 545 oraculum
1936 515 2076 553 benigne
2104 515 2385 554 impresentiarum

1382 569 1532 601 duximus
1553 568 1799 604 remittendum,
1820 567 1966 598 videlicet
1987 568 2071 607 quod
2095 568 2252 598 decimam
2286 569 2384 608 ipsam

1382 623 1414 653 in
1433 627 1485 652 tuo
1502 630 1599 660 regno
1612 622 1842 657 tantummodo,
1861 621 1920 651 snb
1933 621 2035 651 modis
2047 625 2078 651 et
2092 621 2328 652 conditionibus
2338 623 2386 654 iu—

1382 676 1570 715 frascriptiS,
1604 676 1764 714 Aragonie
1796 674 1967 714 Sicilieque
1995 675 2144 713 negotio,
2175 675 2259 714 quod
2287 684 2386 708 unum

1383 729 1618 768 quodaminodo
1634 733 1833 767 reputamus,
1858 733 1888 757 et
1910 727 1974 758 hiis
1993 728 2089 758 etiam
2114 737 2176 767 que
2200 728 2282 758 illud
2310 737 2384 760 con-¹

1384 783 1506 820 tingere
1528 783 1750 818 dinoscuntur,
1774 790 1829 820 per
1849 781 2018 811 biennium
2039 781 2078 811 de
2093 782 2308 821 predictorum
2323 782 2387 813 fra·
2400 782 2420 815 ὲ·

1384 839 1467 865 trum
1483 835 1616 866 consilio
1632 835 1781 864 duximus
1797 834 2051 871 concedendam,
2069 835 2124 865 sed
2144 835 2213 874 ejus
2228 835 2393 875 impositio:

1383 889 1547 919 differetur
1572 897 1673 927 usque
1699 889 1737 918 ad
1768 888 1883 918 festum
1912 887 2096 918 Nativitstis
2125 888 2209 918 beati
2229 878 2398 922 Johanninf

1386 941 1525 980 Baptiste
1542 942 1685 980 proximo
1699 946 1893 971 secuturum.

1424 995 1492 1025 Fiet
1513 999 1619 1025 autem
1645 995 1746 1033 ipsius
1774 994 1916 1024 collectio
1937 994 2060 1025 decime
2085 1003 2139 1034 per
2161 994 2387 1026 ecclesiasticas
2407 989 2419 1010 ’·

1385 1057 1534 1087 personas
1562 1057 1580 1078 a
1609 1048 1682 1078 sede
1709 1047 1881 1087 apostolica
1907 1047 2122 1086 deputandas,
2149 1052 2179 1078 et
2203 1048 2294 1087 juxta
2322 1037 2421 1079 mo-'t

1384 1100 1462 1131 dum
1484 1110 1580 1139 quem
1610 1101 1693 1131 sedis
1720 1101 1864 1140 ejusdem
1893 1101 2095 1140 providentia
2114 1101 2284 1131 ordinabit.
2311 1100 2411 1133 Fra·.

1385 1157 1446 1184 tres
1462 1163 1538 1184 sane
1557 1159 1680 1185 nostros
1696 1163 1827 1185 romane
1845 1154 1976 1184 ecclesie
1991 1153 2186 1192 cardinales,
2205 1154 2262 1193 qui
2276 1153 2393 1186 mundi*
2413 1156 2419 1162 ”

1385 1207 1552 1238 nobiscum
1582 1208 1708 1245 negotia
1740 1208 1905 1247 perferunt
1935 1212 1965 1237 et
1995 1216 2093 1238 onera
2123 1207 2282 1238 cotidiana
2315 1216 2389 1248 sup-
2416 1214 2418 1220 ’

1384 1264 1531 1299 portant,
1558 1261 1598 1290 ab
1624 1261 1724 1300 ipsius
1755 1262 1944 1300 prestatione
1976 1261 2099 1291 decime
2128 1269 2257 1301 prorsus
2289 1260 2391 1302 excipi

1385 1313 1535 1344 volumus
1565 1318 1595 1344 et
1624 1314 1787 1344 immunes
1818 1314 1939 1344 haberi.
1969 1314 2108 1345 Clericos
2139 1319 2281 1353 preterea
2310 1312 2394 1354 quo-¹

1384 1375 1457 1396 rum
1476 1366 1621 1397 redditus
1646 1371 1677 1397 et
1700 1371 1871 1406 proventus
1895 1368 1928 1397 in
1954 1367 2064 1397 eodem
2087 1375 2185 1405 regno
2207 1358 2402 1406 quindecim-²

1384 1418 1543 1449 librarum
1571 1420 1792 1450 turonensium
1812 1429 1984 1460 parvorum
2006 1420 2148 1451 valorem
2165 1428 2312 1450 annuum
2328 1428 2394 1452 nc·>

1386 1473 1545 1503 excedunt
1566 1473 1690 1504 includi
1713 1473 1864 1504 nolumus
1891 1474 1925 1503 in
1941 1474 2066 1504 decima
2089 1473 2280 1513 supradicta.
2297 1474 2398 1505 Tem-'-

1385 1526 1479 1565 plarii
1508 1535 1636 1566 quoque
1665 1536 1701 1557 ac
1728 1527 1944 1566 Hospitalarii‚
1973 1527 2029 1566 qui
2057 1533 2168 1558 contra
2189 1527 2294 1558 hostes
2315 1527 2391 1559 fidei

1385 1580 1558 1611 orthodoxe
1581 1590 1614 1610 se
1634 1589 1670 1611 ac
1696 1581 1803 1611 suain
1829 1580 2047 1611 ultramarinis
2069 1589 2226 1621 exponere
2252 1580 2398 1620 partibus,
2443 1598 2446 1604 ·

1385 1643 1450 1665 non
1466 1635 1661 1674 formidant,
1681 1635 1830 1674 quodque
1854 1639 1979 1674 propter
1999 1635 2214 1665 dissentiones
2236 1634 2335 1665 seculi
2357 1634 2382 1666 i·
2402 1653 2406 1658 ·

1385 1688 1519 1718 diversis
1541 1688 1655 1718 mundi
1674 1688 1815 1727 partibus
1834 1688 1973 1728 dampna
1990 1688 2101 1727 gravia
2117 1688 2335 1727 pertulerunt,
2353 1687 2392 1720 ab
2420 1687 2422 1691 '

1384 1741 1486 1780 ipsius
1499 1742 1692 1780 prestatione
1707 1742 1831 1772 decime
1843 1741 2119 1772 conservabuntur
2133 1742 2307 1771 immunes.
2323 1740 2401 1773 Illis-

1384 1795 1518 1834 insuper
1542 1795 1691 1825 omuibus
1713 1795 1752 1825 ab
1774 1796 1874 1834 ipsius
1899 1795 2090 1834 prestatione
2116 1794 2241 1825 decime
2265 1802 2406 1834 prorsus·v
2432 1790 2435 1794 ’

1386 1849 1523 1887 exceptis
1546 1857 1626 1887 quos
1644 1848 1724 1878 alias
1750 1848 1891 1879 confecte
1910 1850 1976 1887 jam
1995 1848 2118 1878 dudum
2136 1857 2231 1888 super
2251 1852 2403 1891 prestari-‘1

1385 1901 1433 1931 dis
1451 1901 1584 1932 decimis
1600 1901 1835 1932 declarationes
1852 1901 1983 1932 ecclesie
1999 1905 2201 1940 exceperunt.
2218 1901 2265 1931 De
2282 1902 2395 1932 eistat-⁴⁴

1385 1955 1548 1985 ciensibus
1565 1960 1692 1992 autem,
1710 1956 1764 1994 qni
1784 1955 1822 1985 de
1847 1964 2003 1985 manuum
2026 1963 2158 1985 suarum
2179 1954 2340 1986 laboribus
2363 1954 2399 1986 et?
2438 1954 2439 1959 ’

1386 2009 1523 2049 propriis
1542 2013 1698 2039 terrarum
1714 2009 1853 2040 cultibus
1873 2013 2102 2045 sustentantur,
2120 2017 2261 2048 quosque
2276 2007 2409 2048 apres-¹
2424 2048 2427 2049 ⁷

1387 2063 1506 2093 tatione
1525 2063 1625 2101 ipsius
1642 2062 1765 2093 decime
1783 2070 1848 2093 non
1873 2062 2066 2098 eximimus,
2090 2069 2130 2091 ne
2150 2060 2317 2100 religionis
2337 2060 2398 2093 oli-2
2436 2079 2438 2082 >

1387 2117 1566 2152 servantia,
1586 2125 1647 2155 que
1669 2116 1703 2145 in
1727 2124 1837 2146 eorum
1857 2115 1970 2145 ordine
1994 2114 2198 2145 laudabiliter
2220 2113 2328 2153 vigere
2344 2113 2427 2145 dt·-

1388 2170 1539 2207 noscitnr‚
1566 2169 1786 2208 perturbetur,
1813 2173 1843 2199 et
1867 2169 1989 2206 divina,
2008 2178 2069 2207 que
2090 2167 2174 2198 inibi
2198 2167 2356 2199 ferventib
2392 2171 2409 2192 l*

1388 2224 1502 2253 studiis
1519 2227 1718 2259 exercentur,
1742 2223 1895 2261 obsequia
1917 2222 2085 2261 dispendia
2102 2222 2326 2252 diminutionis
2340 2221 2375 2252 in

1388 2281 1534 2314 currant,
1551 2277 1752 2307 intendimus
1774 2276 1814 2306 de
1831 2276 1926 2306 modo
1948 2280 1979 2306 et
1993 2276 2169 2315 quantitate
2190 2285 2246 2314 per
2260 2284 2312 2306 eos
2331 2273 2398 2306 sol
2423 2296 2425 2298 -

1389 2331 1491 2361 venda
1508 2339 1562 2369 pro
1578 2331 1646 2369 ipsa
1663 2330 1805 2366 decima,
1825 2335 1917 2368 prout
1932 2330 2079 2368 expedire
2096 2329 2270 2360 viderimus
2283 2353 2290 2366 ,
2313 2323 2399 2361 ordi.
2420 2333 2426 2355 ι’

1389 2393 1474 2414 nare.
1498 2384 1644 2421 Erogatio
1659 2393 1733 2414 vero
1749 2384 1874 2413 decime
1891 2383 2071 2422 supradicte
2087 2383 2127 2413 ad
2142 2383 2353 2422 prosecution·
2370 2396 2383 2407 ιι

1389 2438 1499 2477 prefati
1516 2438 1633 2476 negotii
1648 2438 1738 2477 juxta
1755 2437 1991 2476 beneplacitum
2009 2442 2038 2466 et
2055 2436 2291 2467 ordinationem
2305 2443 2363 2476 apo
2383 2462 2386 2464 ,

1389 2490 1481 2521 tolice
1494 2490 1578 2521 sedis
1592 2490 1656 2520 fiet.
1675 2490 1707 2520 Si
1723 2499 1796 2520 vero
1813 2490 1943 2519 interim
1961 2490 2046 2529 pacis
2062 2489 2168 2519 federa
2181 2489 2368 2529 proveniren
2390 2520 2392 2523 ,

1389 2544 1439 2574 vel
1454 2544 1533 2574 forte
1548 2553 1566 2574 a
1583 2544 1803 2583 prosecutione
1816 2543 2002 2583 hujusmodi
2018 2543 2171 2573 abstineri
2186 2542 2370 2581 contingere
2383 2551 2396 2576 ·,
2435 2536 2437 2538 ’

1388 2596 1438 2627 vel
1454 2601 1564 2628 contra
1587 2597 1823 2628 ordinationem
1850 2597 1934 2627 sedis
1959 2597 2102 2636 ejusdem
2125 2595 2346 2636 procederetur
2362 2589 2402 2628 ”·-,’

1388 2659 1425 2681 ea
1439 2675 1444 2688 ,
1463 2650 1543 2680 illud
1562 2650 1645 2689 quod
1660 2651 1720 2681 erit
1737 2660 1792 2680 seu
1807 2651 1965 2690 supererit
1981 2650 2020 2680 de
2036 2649 2161 2681 decima
2174 2651 2349 2679 memorata
2362 2647 2395 2673 ἰι
2418 2668 2424 2679 .

1388 2703 1607 2743 dispositione,
1626 2704 1826 2734 ordinatione
1841 2712 1877 2734 ac
1890 2703 2054 2734 voluntate
2071 2703 2170 2733 libera
2181 2702 2265 2733 sedis
2275 2709 2350 2742 apos
2369 2714 2372 2725 ·

1388 2757 1448 2788 lice
1473 2757 1665 2787 remanebit.
1693 2757 1730 2787 Et
1754 2757 1780 2787 si
1802 2766 1897 2797 super
1920 2757 2083 2797 premissis
2107 2755 2325 2795 interpretatio
2356 2756 2393 2778 ·1'·

1389 2811 1560 2841 declaratio
1577 2810 1685 2850 aliqua
1696 2811 1869 2841 occurrerit
1880 2811 2036 2847 facienda,
2051 2810 2189 2850 predicte
2202 2809 2286 2840 sedis
2299 2808 2370 2840 ben
2393 2821 2407 2829 ι»
2420 2812 2423 2814 ’

1389 2864 1503 2903 placito
1522 2864 1733 2903 relinquetur.
1754 2865 1858 2903 Ipsius
1874 2869 1981 2895 autem
1998 2864 2160 2894 concessio
2180 2862 2304 2893 decime
2321 2865 2332 2892 t
2362 2874 2398 2892 ·-.

1389 2927 1484 2948 suum
1500 2917 1651 2948 sortietur
1669 2918 1818 2948 eflectum
1837 2922 1867 2948 et
1887 2917 2031 2956 ejusdem
2050 2915 2212 2955 impositio
2233 2919 2309 2946 tuuc
2325 2923 2344 2954 p
2378 2911 2382 2921 ¹

1389 2971 1490 3008 cedet,
1508 2979 1582 3000 cum
1595 2971 1793 3001 conditiones
1809 2971 1966 3010 predictas
1982 2970 2135 3000 serenitas
2152 2969 2238 3007 regia
2254 2974 2371 3007 expree
2392 2974 2410 2994 ῑ,

1389 3033 1424 3053 ac
1439 3024 1582 3054 districte
1603 3023 1728 3054 duxerit
1745 3024 1968 3063 acceptandas,
1993 3022 2146 3054 conlectis
2168 3014 2356 3052 nichilomiu
2392 3013 2417 3049 .'

1390 3086 1484 3116 super
1495 3078 1710 3116 acceptatione
1726 3078 1913 3117 hujusmodi
1929 3077 2027 3116 regiis
2043 3075 2224 3115 patentibus
2238 3073 2352 3104 litteris
2365 3064 2410 3116 σᾷ(
