2477 3637
230 376 287 408 310

230 455 244 470 ι
269 443 480 473 electionibus
496 435 714 481 sollempniter
731 443 908 480 publicatis,
926 449 1060 482 utraque
1077 444 1231 482 predicta-

229 508 243 523 »
268 505 340 526 rum
355 496 525 526 electarum
540 496 687 526 electioni
699 496 738 525 de
755 505 788 525 se
802 496 882 526 facte
898 497 1070 526 consensit.
1086 496 1233 535 Cumque

229 562 243 576 ι·
268 549 467 588 postmodum
497 549 711 587 predictarum
739 549 962 588 appellationis
989 554 1018 578 et
1041 549 1232 579 electionum

230 615 244 629 »
269 603 433 640 negotium
459 603 659 632 sanctissimo
678 603 759 641 patri
780 607 811 632 et
829 603 959 633 domino
981 608 1087 633 nostro
1102 603 1233 633 domino

228 667 241 682 ι
267 655 419 691 Nicolao,
450 656 561 685 divina
590 655 789 695 providentia
816 661 1013 686 sacrosancte
1044 665 1173 686 romane
1203 661 1233 685 et

227 720 240 736 »
266 709 457 738 universalis
473 708 604 738 ecclesie
626 718 752 740 summo
771 710 913 748 pontifici
938 710 969 739 in
994 709 1088 748 pleno
1110 709 1232 739 consis-

227 773 241 788 »
267 763 347 792 torio
375 763 487 792 fuisset
502 764 697 801 expositum,
717 763 801 793 idem
826 772 972 793 summus
993 764 1131 802 pontifex
1157 772 1231 793 cau-

227 827 240 841 »
265 824 332 845 sam
351 816 572 854 appellationis
590 815 619 846 et
636 817 756 855 negotii
773 817 958 856 principalis
979 817 1135 846 dictarum
1151 816 1231 846 elec-

227 880 240 894 »
267 869 390 898 tionum
429 869 531 906 nobis,
564 870 702 905 ¹Iacobo,
734 870 940 900 miseratione
977 870 1086 899 divina
1115 870 1231 898 Sancte

227 933 240 947 n
265 921 366 951 Marie
383 922 416 951 in
437 922 495 952 Via
510 922 572 952 lata
589 923 721 953 diacono
744 923 910 960 cardinali,
927 924 1120 953 audiendam
1144 931 1230 952 com-

226 986 240 1001 »
263 975 353 1005 misit
371 976 499 1006 oraculo
516 977 586 1006 vive
605 977 700 1007 vocis.
719 977 985 1016 Comparentibus
1003 978 1108 1015 itaque
1123 985 1228 1005 coram

223 1039 239 1055 n
263 1028 354 1058 nobis
377 1029 415 1058 ad
440 1030 576 1068 primam
600 1031 759 1060 citationis
784 1031 863 1061 facte
889 1032 921 1060 in
948 1030 1031 1060 dicto
1053 1031 1178 1068 negotio
1196 1030 1228 1059 in

225 1093 239 1107 ¹»
264 1082 426 1112 audientia
451 1083 577 1122 publica
607 1084 691 1114 diem
721 1085 871 1114 ,Johanne
901 1085 939 1114 de
969 1086 1118 1117 Ancona,
1146 1083 1229 1113 dicte

224 1147 247 1161 »4
264 1135 436 1173 Margarite
461 1137 676 1173 thesaurarie,
705 1142 734 1167 et
760 1138 930 1175 Margarite
954 1138 992 1167 de
1017 1137 1226 1172 Gemilliaco,

225 1201 236 1213 n
263 1189 436 1226 Margarite
451 1190 652 1229 Lapollicene
671 1196 701 1220 et
715 1192 849 1229 Agnetis
863 1191 902 1220 de
919 1194 1011 1221 Sacro
1025 1191 1134 1226 Portu,
1150 1190 1228 1219 elec-

223 1254 238 1268 »
263 1243 379 1272 tricum
408 1244 550 1282 ejtlsdem
583 1245 755 1283 Margarite
792 1245 1009 1280 thesaurarie,
1038 1250 1067 1273 et
1107 1244 1227 1273 Mathia

222 1306 237 1321 »
261 1296 430 1333 Theatina,
451 1297 594 1335 ejusdem
614 1298 766 1327 Beati-icis
783 1299 1055 1336 p1·ocnratoril]uS‚
1073 1302 1103 1326 et
1118 1305 1226 1326 eorum

223 1360 236 1375 »
260 1350 421 1379 mandatis
438 1351 600 1387 exhibitis,
620 1351 703 1380 idem
724 1351 872 1387 Matthias,
886 1352 1073 1389 priusquam
1087 1350 1226 1388 amplius

221 1413 234 1428 ιι
258 1402 293 1431 in
307 1411 401 1432 causa
417 1404 483 1442 ipsa
499 1404 694 1442 procederet,
714 1414 748 1433 ex
769 1404 962 1443 quibusdam
982 1403 1226 1434 rationabilibus

218 1468 230 1482 ›
259 1456 363 1486 causis
387 1458 584 1487 renuntiavit
606 1459 820 1497 procurationi
846 1459 984 1497 predicte
1011 1459 1072 1488 sibi
1098 1468 1115 1488 a
1143 1458 1226 1488 dicta

221 1520 235 1535 »
260 1509 405 1539 Beatrice
420 1511 603 1547 commisse,
617 1512 708 1550 cujus
718 1512 1004 1548 renuntiationem,
1019 1517 1086 1550 post
1101 1512 1225 1541 exhibi-

220 1574 234 1588 »
260 1566 327 1592 tum
349 1563 388 1593 ab
411 1572 446 1593 eo
469 1565 648 1603 supradicte
672 1565 893 1604 appellationis
916 1565 1081 1604 publicum
1105 1566 1225 1595 instru-

220 1626 233 1641 ι
258 1620 421 1651 mentum,
443 1627 479 1647 ex
496 1618 600 1648 causis
621 1619 770 1657 predictis
795 1619 947 1650 duximus
966 1619 1222 1655 admittendum3

220 1680 234 1694 ι
260 1669 362 1699 citatis
381 1670 488 1709 itaque
511 1671 548 1701 ad
571 1680 699 1702 causam
721 1673 894 1711 predictam
918 1674 951 1702 in
977 1674 1139 1703 audientia
1164 1682 1224 1712 pu-

221 1734 233 1748 »
258 1722 339 1752 blica
354 1724 469 1762 primo,
488 1725 638 1763 secundo,
659 1726 760 1762 tertio,
774 1730 804 1756 et
816 1732 939 1766 quarto,
952 1728 1173 1766 peremptorie,
1190 1731 1225 1758 ut

220 1786 234 1802 x>
258 1780 305 1806 est
331 1778 448 1813 moris,
471 1779 613 1809 Beatrice
638 1780 778 1818 predicta
802 1785 831 1810 et
857 1780 1057 1812 electricibus
1083 1783 1169 1819 suis,
1195 1786 1225 1812 et

220 1841 233 1855 ι)
257 1830 408 1860 omnibus
426 1831 482 1870 qui
498 1841 555 1862 sna
571 1833 736 1863 crederent
751 1834 904 1864 interesse
916 1858 924 1871 ,
942 1839 971 1866 et
987 1836 1022 1865 in
1039 1836 1148 1866 eadem
1165 1845 1223 1866 au-

220 1894 232 1908 »
257 1883 378 1913 dientia
396 1885 557 1916 notificata
573 1887 812 1917 renuntiatione
831 1889 989 1927 predicta,
1008 1894 1039 1919 et
1054 1890 1093 1920 ad
1111 1900 1222 1930 qnem-

220 1948 233 1962 π
258 1937 335 1967 libet
352 1944 457 1968 actum
475 1940 508 1969 in
526 1941 635 1971 eadem
652 1942 814 1972 audientia
835 1945 1045 1982 peremptorie
1062 1945 1222 1975 citationi-

220 2001 232 2015 »
256 1990 317 2020 bus
330 1992 518 2030 subsecutis,
533 1994 618 2024 idem
633 1995 799 2026 Johauues
815 1996 854 2026 de
867 1997 1014 2034 Ancona,
1029 2005 1221 2037 procurator,

219 2055 232 2070 2>
257 2044 295 2073 ad
315 2045 515 2083 probandum
541 2048 624 2086 quod
651 2057 744 2078 causa
768 2050 908 2088 predicta
936 2056 1018 2081 esset
1040 2053 1079 2082 ad
1101 2055 1223 2084 curiam

218 2108 231 2123 »
257 2097 415 2136 devoluta,
434 2099 573 2137 litteras,
592 2102 808 2132 instrumenta
823 2108 853 2133 et
869 2109 934 2134 acta
951 2106 1111 2144 produxit,
1132 2113 1223 2140 utens

218 2163 232 2177 »
257 2157 413 2190 quantum
427 2154 466 2182 ad
484 2154 569 2184 hunc
585 2156 755 2186 articulum
770 2157 985 2189 instrumento
1001 2161 1223 2199 appellationis

218 2216 231 2230 n
256 2206 394 2243 prefate,
418 2211 447 2236 et
469 2207 578 2237 dicens
597 2209 681 2247 quod
701 2215 858 2248 quantum
881 2212 920 2241 ad
942 2212 1001 2242 hoc
1024 2214 1222 2252 probandum

218 2269 230 2284 n
256 2258 323 2296 ipse
350 2268 404 2298 pro
430 2265 516 2298 parte
539 2271 596 2292 sua
619 2262 700 2293 illud
722 2264 915 2302 producebat
937 2271 967 2296 et
993 2276 1048 2306 pro
1071 2270 1222 2308 producto

218 2323 232 2337 n
257 2311 366 2342 haberi
386 2314 530 2350 volebat,
555 2325 589 2345 ac
608 2315 754 2347 libellum
779 2319 811 2348 in
836 2327 931 2350 causa
953 2321 1066 2351 obtulit
1084 2328 1114 2353 et
1136 2324 1223 2354 dedit

218 2377 231 2392 »
255 2366 452 2397 continentie
467 2368 536 2397 talis
557 2379 562 2399 :

256 2432 271 2447 »
296 2421 333 2450 In
351 2423 481 2452 nomine
499 2423 639 2454 Domini.
659 2425 775 2455 Amen.
792 2426 905 2457 Coram
924 2429 1029 2467 vobis,
1048 2434 1221 2465 reverendo

218 2486 231 2500 r»
255 2478 342 2513 patre
359 2475 489 2505 domino
502 2476 632 2514 «Iacobo,
644 2478 757 2508 Sancte
772 2480 874 2510 Mai-ie
887 2481 920 2511 in
935 2482 995 2512 Via
1010 2483 1071 2514 lata
1087 2485 1221 2518 diacono

218 2539 231 2554 n
255 2528 425 2564 cardinali,
445 2530 477 2558 in
497 2531 622 2568 negotio
638 2532 841 2572 infrascripto
857 2543 875 2564 a
890 2535 1020 2567 domino
1036 2547 1115 2577 papa
1130 2542 1221 2571 audi-

215 2594 226 2608 =
257 2587 323 2612 tore
347 2591 514 2620 concesso,
534 2585 609 2623 petit
627 2585 792 2616 Johannes
812 2587 850 2616 de
869 2589 1015 2624 Ancona,
1036 2597 1126 2630 prout
1146 2593 1219 2623 reli-

219 2648 231 2662 »
256 2637 417 2674 giosarum
440 2637 613 2667 mulierum
639 2638 771 2669 domine
791 2640 962 2678 Margarite
983 2643 1022 2673 de
1039 2645 1219 2684 Montibus,

218 2703 230 2717 n
256 2690 406 2720 monialis
429 2695 459 2720 et
481 2691 676 2721 thesaurarie
702 2695 887 2724 monasterii
911 2696 1074 2735 Farensis,
1098 2700 1221 2730 ordinis

216 2757 227 2770 ›
255 2745 362 2774 Sancti
382 2745 567 2781 Benedicti,
587 2745 760 2776 Meldensis
778 2747 931 2785 diocesiS,
950 2750 1046 2781 electe
1067 2753 1101 2782 in
1124 2754 1221 2784 abba-

219 2812 230 2824 η
257 2798 368 2827 tissam
392 2798 535 2837 ejusdem
557 2800 760 2837 monasterii,
777 2805 808 2830 et
826 2810 970 2832 sororum
989 2804 1161 2843 Margarite
1183 2808 1222 2838 de

218 2864 230 2878 n
255 2851 460 2887 Gemilliaco,
496 2853 666 2890 Margarite
694 2854 939 2893 Lappollichene
967 2862 996 2887 et
1022 2861 1157 2897 Agnetis
1184 2861 1221 2891 de

218 2917 231 2930 η
257 2905 352 2934 Sacro
370 2905 486 2942 Portu,
506 2906 694 2936 monialium
721 2908 863 2946 ejusdem
886 2913 1091 2950 monasterii,
1109 2918 1139 2944 et
1163 2914 1221 2945 eli-

217 2969 230 2984 »
256 2958 399 2995 gentium
428 2959 545 2988 dictam
572 2959 738 2990 dominam
765 2961 970 3000 Margaritam
997 2964 1035 2995 de
1061 2966 1222 2997 Montibus

218 3022 230 3036 n
257 3012 470 3048 procuratorio
494 3013 643 3050 nomine,
670 3014 811 3052 ipsarum
836 3015 1022 3048 electionem
1049 3020 1221 3058 predictam

218 3075 231 3090 n
255 3064 441 3093 auctoritate
459 3066 627 3103 apostolica
646 3068 844 3105 confirmari,
862 3078 934 3099 cum
957 3071 998 3109 sit
1019 3074 1173 3104 canonica
1194 3079 1223 3104 et

976 377 1212 408 REGISTRES
1235 378 1288 407 DE
1311 377 1494 408 NICOLAS
1518 379 1573 408 IV.

1318 456 1332 471 ι)
1357 444 1396 474 de
1418 453 1551 483 persona
1574 445 1699 484 ydonea
1722 446 1818 476 fuerit
1838 449 1990 477 canonice
2013 448 2184 486 celebrata,
2202 455 2231 480 et
2254 451 2319 490 ipsa

1319 509 1331 523 »ι
1357 497 1455 527 electa
1476 498 1615 536 predicte
1633 498 1781 529 electioni
1804 500 1843 530 de
1866 510 1899 530 se
1923 501 2001 531 facte
2024 503 2222 533 consenserit
2237 504 2319 535 infra

1319 562 1331 577 ι·
1358 555 1481 590 tempus
1498 561 1516 582 a
1539 553 1613 591 jure
1633 557 1803 590 statutum,
1824 559 1854 584 et
1870 554 2058 586 electionem
2078 557 2109 587 in
2129 557 2319 589 abbatissam

1319 616 1332 629 υ
1357 605 1503 642 ejusdem
1526 606 1711 636 monasterii
1727 606 1766 636 de
1785 607 1864 637 sacto
1883 612 2096 647 attemptatam
2124 609 2162 639 de
2180 610 2318 642 Beatrice

1319 669 1331 683 ι)
1356 657 1395 687 de
1423 658 1555 694 Atiaco,
1575 668 1637 697 que
1660 668 1693 689 se
1718 659 1797 689 dicit
1818 660 1991 691 monialem
2018 662 2092 691 dicti
2116 664 2318 702 monasterii,

1318 721 1330 737 ι)
1357 716 1507 750 tanquam
1525 712 1634 742 minus
1649 714 1835 743 canonicam
1853 718 1883 743 et
1899 715 2007 745 minus
2021 716 2174 746 canonice
2188 721 2320 757 attemp-

1320 776 1331 790 υ
1358 770 1461 799 tatani,
1477 770 1507 795 et
1523 766 1560 795 de
1579 775 1714 804 persona
1729 767 1866 797 inhabili
1882 773 1912 797 et
1927 769 2072 807 indigna,
2089 770 2197 800 eadem
2213 775 2319 803 aucto-

1318 828 1330 844 »
1356 819 1446 847 ritate
1462 820 1578 849 cassari
1591 825 1621 849 et
1633 820 1764 858 irritari,
1778 830 1832 850 seu
1845 830 1967 851 cassam
1981 827 2011 852 et
2026 823 2149 852 irritam
2165 824 2317 862 nuntiari,

1318 882 1330 897 n
1355 875 1385 900 et
1402 873 1541 903 maxime
1563 874 1639 912 petit
1654 874 1769 904 dictam
1788 875 1823 904 Β.
1846 876 2043 913 pronuntiari
2063 877 2215 915 privatam
2231 878 2320 909 omni

1317 937 1330 952 ιι
1350 926 1438 963 jure,
1457 926 1481 955 si
1500 926 1583 965 quod
1599 927 1661 956 sibi
1678 927 1840 965 quesitum
1859 928 1918 957 fuit
1937 938 1972 958 ex
1992 929 2146 960 electione
2165 930 2316 969 predicta,

1316 991 1330 1005 n
1354 988 1426 1009 cum
1444 988 1506 1010 non
1525 983 1698 1011 servaverit
1714 981 1984 1013 constitutionem.
2000 982 2207 1022 Cupientes...
2226 983 2320 1019 Salvo

1315 1045 1328 1060 n
1350 1035 1423 1072 jure
1443 1038 1502 1064 etc.

1355 1099 1368 1113 »
1398 1087 1500 1117 Factis
1524 1091 1630 1117 autem
1657 1088 1860 1118 citationibus
1885 1089 1919 1118 in
1945 1089 2109 1119 audientia
2134 1090 2255 1129 prefata
2279 1090 2319 1122 ad

1314 1152 1328 1167 ν)
1353 1141 1524 1170 dicendum
1550 1145 1580 1170 et
1601 1141 1827 1180 opponendum
1847 1147 1956 1172 contra
1978 1142 2114 1179 litteras,
2133 1147 2201 1173 acta
2219 1147 2249 1173 et
2266 1143 2317 1173 in·
2366 1143 2373 1178 J

1316 1206 1327 1221 »
1352 1198 1529 1224 strumenta
1547 1195 1702 1233 predicta,
1721 1200 1752 1225 et
1771 1196 1809 1225 ad
1831 1196 1973 1226 dandum
1993 1205 2105 1226 omnes
2121 1197 2318 1236 exceptiones

1312 1260 1327 1275 »
1352 1249 1512 1278 di]atorias
1536 1254 1566 1278 et
1588 1249 1812 1279 declaratorias
1833 1250 1964 1288 judicii,
1987 1251 2062 1289 quia
2087 1259 2142 1290 per
2166 1251 2319 1290 prefatam

1312 1314 1326 1329 »
1349 1302 1595 1341 appellationem
1612 1308 1642 1332 et
1656 1303 1886 1339 instrumenta,
1908 1303 2028 1334 litteras
2046 1308 2076 1334 et
2093 1309 2162 1334 acta
2179 1304 2319 1344 predicta
2360 1303 2381 1331 ἰ-

1314 1368 1326 1382 »
1351 1355 1493 1385 constitit
1527 1355 1618 1386 uobis
1650 1365 1778 1386 cansam
1813 1357 1947 1386 eandem
1984 1358 2048 1387 sore
2082 1358 2121 1388 ad
2153 1366 2318 1389 romanam
2368 1372 2378 1396 ,-

1313 1422 1325 1436 ι»
1349 1410 1471 1439 curiam
1488 1409 1685 1443 devolutam,
1706 1415 1736 1440 et
1751 1411 1785 1440 in
1802 1420 1837 1440 ea
1854 1411 2067 1446 tractandam,
2086 1416 2116 1441 et
2132 1411 2196 1442 fine
2213 1411 2319 1443 debito

1311 1473 1326 1493 )›
1351 1464 1586 1493 terminandam
1602 1464 1634 1493 iu
1650 1464 1884 1494 contumaciam
1900 1469 2073 1495 memorate
2087 1465 2244 1504 partis,ad
2261 1465 2318 1497 hoc

1308 1529 1320 1543 n
1348 1517 1381 1546 in
1403 1516 1567 1546 audientia
1589 1517 1727 1555 predicta
1750 1519 1958 1556 peremptorie
1980 1518 2071 1548 citate
2095 1518 2134 1548 ad
2153 1518 2218 1548 litis
2241 1527 2318 1549 con—

1311 1582 1325 1597 »
1350 1570 1566 1608 testationem,
1585 1574 1742 1609 quantum
1760 1580 1832 1600 cum
1853 1571 1936 1601 dicto
1953 1571 2102 1602 Johanne
2116 1576 2318 1611 procuratore

1310 1638 1323 1653 »
1350 1628 1495 1664 presente
1524 1624 1706 1663 potuimus,
1729 1624 1943 1663 processimus
1969 1629 1999 1654 et
2023 1625 2113 1655 litem
2144 1625 2317 1656 habuimus

1310 1692 1323 1707 »
1349 1688 1404 1718 pro
1420 1682 1592 1709 contestata
1608 1687 1702 1716 super
1718 1677 1825 1708 libello
1842 1678 1874 1707 in
1896 1679 2021 1716 negotio
2037 1678 2236 1718 supradictis.
2248 1679 2316 1710 Lite

1310 1746 1323 1761 »
1347 1733 1446 1771 igitur
1469 1732 1572 1762 taliter
1592 1732 1626 1761 in
1647 1731 1730 1761 dicto
1750 1732 1876 1769 negotio
1897 1735 2085 1769 contestata,
2103 1736 2133 1762 et
2151 1732 2185 1762 in
2205 1736 2314 1763 contu-

1309 1800 1322 1815 »
1347 1786 1479 1817 matiam
1501 1786 1583 1816 dicte
1604 1785 1703 1824 partis
1718 1785 1757 1814 ad
1774 1785 1950 1824 quemlibet
1968 1785 2246 1825 infrascriptorum
2264 1794 2314 1817 ac-

1309 1854 1322 1868 »
1350 1846 1437 1870 tuum
1461 1840 1553 1869 citate
1569 1838 1722 1878 legitime,
1737 1839 1921 1877 juramento
1941 1838 1979 1868 de
1997 1839 2130 1869 veritate
2147 1838 2282 1869 dicenda
2297 1847 2316 1870 a

1310 1907 1322 1922 n
1348 1894 1431 1924 dicto
1450 1894 1600 1924 Johanne
1623 1897 1823 1931 procuratore
1847 1893 1991 1930 prestito,
2009 1900 2044 1922 ac
2065 1892 2146 1922 datis
2167 1901 2222 1931 per
2241 1901 2315 1923 eum

1310 1961 1323 1976 n
1347 1948 1509 1984 articulis,
1528 1951 1559 1976 et
1583 1955 1677 1985 super
1695 1946 1772 1985 ipsis
1789 1945 1932 1975 articulis
1955 1946 2086 1976 testibus
2109 1946 2268 1985 productis
2287 1950 2317 1977 et

1310 2015 1322 2029 »
1347 2001 1555 2037 examinatis,
1581 2004 1611 2030 et
1638 1999 1789 2029 exhibitis
1817 1999 2058 2036 instrumentis,
2085 1999 2314 2037 munimentis,

1308 2068 1322 2083 n
1347 2056 1423 2085 actis
1446 2059 1475 2085 et
1498 2054 1613 2083 litteris
1630 2062 1684 2092 per
1699 2052 1837 2082 eundem
1854 2052 2051 2088 Johannem,
2069 2053 2108 2082 de
2124 2053 2199 2090 vita,
2217 2053 2315 2083 mori-

1309 2122 1322 2137 »
1346 2110 1405 2140 bus
1430 2113 1461 2138 et
1487 2108 1571 2137 sama
1595 2106 1677 2136 dicte
1701 2105 1874 2144 Margarite
1901 2106 1995 2135 etiam
2019 2115 2055 2135 ex
2080 2106 2184 2136 officio
2210 2110 2315 2136 nostro

1309 2176 1321 2191 n
1347 2162 1546 2202 quesivimus
1562 2159 1743 2197 diligenter.
1761 2159 1799 2188 Et
1810 2158 1938 2194 deinde,
1956 2158 2123 2198 publicatis
2140 2159 2270 2190 testibus
2285 2163 2316 2190 et

1309 2230 1322 2245 1>
1349 2215 1494 2246 terminis
1527 2212 1747 2252 peremptoriis
1778 2212 1816 2241 ad
1848 2211 2019 2242 dicendum
2051 2216 2081 2242 et
2109 2212 2314 2243 obiciendum

1311 2284 1322 2298 »ι
1347 2275 1455 2301 contra
1483 2275 1633 2307 personas
1661 2271 1691 2296 et
1720 2266 1802 2295 dicta
1833 2266 1960 2295 testium
1986 2275 2021 2296 ac
2037 2270 2123 2302 acta,
2141 2266 2261 2296 litteras
2284 2270 2315 2297 et

1308 2337 1321 2353 »
1347 2325 1560 2354 instrumenta
1592 2320 1732 2359 predicta
1761 2320 1793 2348 in
1825 2319 1963 2358 sepefata
1995 2319 2159 2349 audientia
2189 2318 2314 2358 prefixis

1308 2391 1322 2406 »
1347 2378 1427 2418 parti
1459 2375 1615 2415 predicte,
1647 2383 1709 2412 que
1741 2378 1849 2403 contra
1880 2373 1964 2411 ipsos
1996 2377 2087 2403 testes
2118 2375 2148 2403 et
2175 2372 2314 2412 predicta.

1309 2447 1320 2458 a
1345 2433 1574 2465 instrumenta,
1605 2432 1673 2457 acta
1704 2431 1734 2456 et
1765 2426 1888 2456 litteras
1923 2425 2024 2456 nichil
2057 2425 2185 2465 penitus
2213 2425 2312 2464 dixit,

1307 2498 1321 2515 »
1344 2484 1460 2524 obJ'ecit
1500 2491 1555 2513 seu
1597 2481 1766 2519 allegavit,
1808 2480 1925 2519 prefixo
1963 2479 2057 2509 etiam
2096 2479 2199 2509 eidem
2233 2479 2312 2518 parti

1307 2552 1320 2567 »
1346 2537 1483 2569 termino
1501 2536 1535 2565 in
1551 2534 1661 2565 eadem
1677 2533 1841 2563 audientia
1859 2533 1899 2563 ad
1920 2532 2160 2571 producendum
2175 2535 2207 2562 et
2223 2531 2312 2562 exhi—

1306 2606 1319 2621 »
1344 2591 1484 2623 bendum
1513 2590 1548 2619 in
1577 2597 1673 2618 causa
1702 2588 1770 2627 ipsa
1796 2586 1934 2623 litteras,
1958 2591 2045 2623 acta,
2065 2586 2267 2616 munimenta
2282 2589 2312 2616 et

1307 2659 1319 2673 n
1344 2644 1453 2676 omnia
1471 2643 1697 2677 instrumenta,
1718 2640 1849 2670 demum
1867 2639 1901 2669 in
1916 2639 2027 2669 eadem
2042 2647 2139 2669 cansa
2150 2639 2182 2668 in
2198 2642 2308 2669 contu-

1307 2712 1320 2727 »
1345 2698 1476 2728 matiam
1502 2695 1583 2725 dicte
1604 2694 1701 2733 partis
1724 2693 1764 2723 ad
1781 2693 1838 2723 hoc
1861 2693 2005 2731 legitime
2021 2693 2114 2722 citate
2133 2700 2206 2722 cum
2229 2691 2312 2722 dicto

1306 2766 1319 2781 n
1343 2753 1493 2783 JOltassne
1508 2750 1546 2779 de
1563 2750 1697 2778 Ancona
1713 2751 1915 2786 procuratore
1934 2750 2078 2786 presente
2095 2745 2310 2776 conclusimus

1305 2820 1316 2834 ι
1342 2811 1372 2837 et
1387 2805 1557 2835 habuimus
1574 2811 1628 2842 pro
1644 2801 1803 2832 concluso.
1822 2801 1887 2831 Nos
1908 2801 2032 2838 itaque,
2050 2798 2222 2830 cardinalis
2241 2806 2309 2838 pre-

1306 2873 1320 2888 n
1340 2860 1461 2896 dietus,
1489 2857 1573 2888 ›etita
1589 2858 1617 2885 et
1632 2855 1759 2885 obtenta
1775 2863 1869 2893 super
1885 2853 2013 2892 prefatis
2029 2861 2123 2883 causa
2139 2856 2170 2883 et
2187 2851 2310 2890 negotio

1306 2926 1320 2941 π»
1345 2922 1362 2943 a
1383 2914 1557 2942 memorato
1575 2909 1706 2939 domino
1726 2912 1832 2938 nostro
1851 2915 1976 2937 summo
1999 2906 2146 2945 pontifice
2164 2911 2308 2945 pronun-

1307 2980 1320 2995 »
1346 2965 1446 2996 tiandi
1467 2963 1614 2998 licentia,
1634 2962 1709 2991 visis
1727 2965 1757 2991 et
1777 2960 1871 3000 plene
1893 2960 2045 2989 discussis
2068 2956 2199 2996 litteris„
2214 2956 2306 2993 actis,

1306 3034 1320 3049 n
1345 3017 1568 3050 instrumentis
1584 3020 1614 3046 et
1630 3015 1761 3046 testibus
1778 3014 1811 3043 in
1827 3022 1922 3043 causa
1939 3012 2076 3052 predicta
2092 3011 2264 3051 productis,
2278 3010 2308 3040 et

1307 3087 1320 3102 »
1343 3078 1424 3104 statu
1441 3080 1476 3102 ac
1499 3072 1575 3100 actis
1590 3070 1690 3108 ipsius
1704 3076 1796 3098 cause
1812 3071 1842 3097 et
1859 3075 2001 3106 processu
2019 3073 2126 3095 coram
2142 3063 2234 3095 nobis
2249 3062 2307 3093 ha-

2365 1334 2374 1368 i

2350 1722 2382 2216 ξ

2345 2220 2374 2561 t
