2477 3637
299 369 356 398 ⁴98
1047 370 1282 400 REGISTRES
1306 371 1359 400 DE
1382 370 1565 401 NICOLAS
1589 373 1644 402 IV.

299 439 452 463 ventuum
478 440 602 471 negotio
625 435 714 471 regui
737 434 864 463 Siciliae¹
887 435 1068 473 deputatam
1089 445 1106 465 a
1128 436 1201 465 sede
1221 437 1304 475 epis-

298 487 414 526 copali,
444 487 645 517 monasteriis
671 487 718 516 vel
739 487 881 517 ecclesiis
908 488 938 517 in
965 488 1119 519 Gaietano
1147 490 1304 520 territorio

298 542 475 571 constitutis
494 549 554 570 uon
575 541 689 577 exigat.
707 556 746 562 —
766 541 838 569 Jam
862 541 945 570 idem
964 542 1150 573 mandatum
1174 544 1202 573 ei
1226 552 1304 582 papa

298 594 392 627 misit,
412 594 465 622 sed
482 593 558 631 quia
581 594 612 622 in
631 594 697 622 suis
715 593 825 623 litteris
841 594 879 623 de
897 595 1040 634 episcopo
1056 596 1221 634 Caietano,
1235 598 1303 636 jam

298 652 371 676 tuuc
396 647 543 681 duc-esso,
569 650 595 675 et
621 647 812 685 quibusdam
832 649 1036 678 monasteriis
1059 653 1088 679 et
1106 649 1249 679 ecclesiis
1270 651 1303 679 in

297 699 455 729 territorio
478 699 632 729 Gaietauo
648 700 901 730 consistentibus
920 702 1116 732 mentionem
1134 711 1197 733 non
1214 704 1301 738 fecit,

296 752 350 782 ille
375 753 530 781 decimani
561 753 661 790 ipsam
687 753 794 791 exigit.
822 754 902 783 Cum
930 764 1003 785 vero
1034 757 1248 794 possessiones
1274 762 1304 787 et

296 806 375 835 bona
395 805 493 841 sedis,
515 807 779 836 monasteriorum
799 811 828 836 et
844 807 1050 838 ecclesiarum
1068 809 1303 848 praedictorum

294 869 312 889 a
329 860 464 896 ι11100110,
484 860 550 890 11110
568 861 728 899 quondam
747 863 830 899 regis
851 864 1049 901 Aragonnm,
1071 869 1101 894 et
1116 866 1304 904 sequacibus

295 915 364 952 ejus
388 914 537 953 dissipata
556 916 694 952 graviter
717 920 747 945 et
770 915 930 947 destructa
953 917 1089 953 suerint,
1110 919 1303 957 praedictam

294 968 526 1005 exemptionem
543 968 722 997 coufirmat.

336 1032 348 1046 α
371 1020 501 1049 pridem
526 1020 648 1050 labores
671 1021 898 1054 innumeros...
919 1041 955 1045 -
980 1024 1048 1053 Dat.
1074 1025 1194 1061 Rome,
1220 1026 1304 1065 apud

294 1072 442 1103 Sanctam
458 1074 590 1103 Mariam
607 1075 834 1112 Δ1111101·0111,11111
848 1076 1066 1115 idusaugnsti,
1076 1087 1161 1109 anno
1175 1080 1302 1110 tertio.»

365 1232 479 1261 302³?
1026 1238 1040 1263 ῗ
1058 1246 1134 1264 mars
1151 1238 1228 1266 1290.

330 1294 456 1320 Licentia
473 1296 594 1322 habenti
611 1297 697 1323 altare
713 1298 854 1331 portatile.
874 1298 955 1330 (Rea.
974 1300 1024 1333 45,
1043 1309 1067 1326 c.
1087 1300 1159 1334 3302,
1175 1301 1195 1328 f.
1217 1301 1249 1329 63
1266 1310 1301 1334 τῦ,

293 1351 324 1369 en
342 1352 432 1376 muron
448 1346 456 1376 )

648 1233 1008 1269 Salute-Marie-Majeure‚

332 1446 472 1475 Nicolaus
488 1452 540 1476 etc.
559 1448 666 1477 Dilecte
679 1448 711 1478 in
724 1449 842 1479 Christo
858 1451 920 1487 filie
935 1452 1029 1480 nobili
1042 1451 1168 1482 mulieri
1185 1454 1301 1491 Blance,

292 1500 355 1535 filie
370 1501 450 1529 clare
468 1503 609 1530 memorie
625 1503 763 1532 Lodovsci
780 1505 858 1540 reglis
876 1505 1075 1543 Francorum,
1093 1507 1193 1536 relicte
1209 1517 1304 1546 quon-

293 1553 363 1581 dam
390 1554 557 1588 Ferrandi,
583 1556 783 1594 primoqeniti
809 1558 891 1586 clare
915 1560 1058 1588 memorie
1082 1561 1200 1597 Alfonsi
1225 1564 1304 1599 reglis

293 1606 428 1642 Castelle‚
449 1608 546 1637 ridue.

334 1672 347 1686 α
367 1660 550 1691 Devotionis
568 1665 618 1691 tue
634 1663 818 1701 precibus...
832 1682 870 1687 —
888 1665 957 1695 Dat.
976 1667 1088 1704 Rome,
1106 1668 1187 1706 apud
1206 1668 1302 1699 Sanc-

292 1716 355 1742 tam
374 1714 509 1743 Mariam
527 1715 695 1753 Majorem,
714 1718 806 1747 nouis
824 1719 942 1756 martii,
961 1729 1046 1750 anno
1065 1722 1166 1751 tertio.
1188 1734 1200 1748 n

363 1866 483 1895 3028
876 1871 1003 1903 OrvietO,
1020 1874 1054 1900 ‘20
1067 1875 1131 1909 juin
1151 1874 1228 1902 1290.

330 1927 460 1955 Facultas
477 1930 676 1957 reconciliandi
695 1940 744 1966 per
759 1933 845 1959 alium
860 1934 998 1961 ecclesias
1013 1940 1038 1962 ct
1056 1938 1226 1963 coemeteria
1240 1938 1301 1964 vio-

290 1976 354 2003 lata.
373 1976 456 2009 (Risu.
478 1978 520 2009 45,
539 1987 563 2005 c.
583 1979 641 2010 331,
661 1980 679 2006 f.
698 1981 730 2007 63
749 1982 798 2014 vu.)

331 2079 468 2117 Βεναῑιίο,
485 2082 706 2120 archiepiscopo
723 2085 928 2121 Luqdzmensz'.

333 2145 346 2158 ιι
374 2134 469 2163 Sacra
497 2134 579 2164 Petri
607 2136 733 2166 sedes...
754 2155 789 2158 —-
820 2138 889 2168 Dat.
913 2139 995 2177 apud
1016 2141 1300 2180 Urhemveterem,

292 2194 333 2214 xii
352 2186 502 2217 kalendas
515 2188 603 2227 julii,
620 2198 705 2220 anno
723 2191 823 2222 tertio.
847 2204 859 2218 ι

362 2339 478 2368 3023
869 2344 1001 2377 Orvieto.
1020 2346 1052 2374 ΞΟ
1067 2349 1132 2382 juin
1150 2349 1228 2377 1290.

327 2400 357 2427 [11
376 2404 532 2429 monachos
549 2404 732 2432 simoniacos.
750 2406 832 2440 (Rae.
851 2408 893 2438 45.
912 2417 936 2435 c.
955 2409 1029 2444 3312,
1046 2411 1065 2437 f.
1082 2412 1115 2438 63
1133 2419 1184 2446 νῦ.)

329 2505 433 2534 Eidem
455 2506 585 2536 mandat
601 2512 759 2546 quatenus
776 2518 828 2540 eos
844 2512 901 2550 qui
918 2521 973 2550 per
992 2514 1164 2545 simoniam
1182 2516 1215 2545 111
1233 2526 1301 2548 1110-

291 2558 438 2587 nastei·iis
465 2559 692 2597 Lugdunensis
717 2562 871 2594 dioecesis
892 2567 1009 2605 recepti
1034 2568 1153 2598 suerint
1177 2570 1216 2599 ad
1239 2570 1302 2601 alia

291 2612 483 2641 monasteria
501 2613 643 2650 eJusdem
662 2615 785 2645 ordinis
802 2618 981 2655 transferat,
1000 2620 1145 2659 injuncta
1161 2623 1207 2652 eis
1227 2632 1300 2662 poe-

293 2663 425 2692 nitentia
442 2667 646 2703 competenti.
669 2668 760 2703 Quod
786 2669 811 2698 si
836 2670 913 2700 sorte
932 2672 1069 2702 aliorum
1091 2677 1301 2707 monasterio—

290 2723 360 2743 rum
383 2715 428 2744 eis
451 2716 589 2746 difficilis
611 2719 761 2750 reddatur
782 2721 964 2759 ingressus,
988 2725 1071 2763 ipsos
1091 2727 1124 2755 111
1145 2727 1212 2757 suis
1230 2737 1300 2759 mo-

291 2769 437 2798 nasteriis
453 2770 668 2809 dispensative
689 2773 727 2803 de
748 2783 828 2805 novo
847 2777 945 2816 recipi
962 2778 1071 2816 faciat,
1091 2780 1137 2810 eis
1152 2781 1187 2810 in
1204 2781 1300 2813 choro

293 2825 322 2850 et
336 2823 500 2853 refectorio
511 2823 588 2854 locis
600 2825 720 2856 ultimis
733 2828 904 2867 assignatis
916 2842 922 2868 ;
938 2833 1064 2870 proviso
1076 2839 1110 2863 ut
1123 2834 1206 2865 bona
1219 2845 1301 2875 quae

292 2875 356 2903 suis
374 2878 576 2907 monasteriis
596 2880 791 2911 contulerint
812 2889 1039 2915 convertantur
1061 2888 1092 2916 in
1116 2889 1181 2926 pios
1204 2899 1298 2928 usuS,

292 2928 338 2956 vel
353 2929 389 2957 ad
405 2938 456 2958 eos
474 2931 729 2971 substentandos,
745 2936 770 2964 si
784 2936 822 2965 ad
838 2937 899 2967 alia
914 2941 1106 2970 monasteria
1124 2946 1298 2980 transeant⁷

291 2979 492 3019 deputentur.

332 3044 345 3058 ι
366 3034 406 3062 Ex
429 3041 512 3073 parte
530 3041 618 3067 tua...
638 3056 675 3061 —
692 3040 762 3071 Dat.
784 3046 938 3082 utsupra.
958 3058 971 3072 ι

1458 437 1579 466 3030

1424 497 1609 533 Dispensatio
1633 508 1720 534 super
1736 501 1848 527 defectu
1867 501 2003 528 natalium
2021 506 2049 528 et
2067 502 2227 537 pluralitate
2243 504 2397 534 beneficio-

1387 555 1460 573 rum.
1479 547 1560 579 (Reo.
1578 548 1621 579 45,
1638 556 1664 575 c.
1682 548 1743 582 33³2,
1762 549 1780 575 s.
1797 550 1831 576 63
1849 553 1902 582 νο.)

1943 440 2069 474 Orvieto,
2087 441 2120 468 ‘20
2135 442 2231 475 juillet
2250 443 2324 470 1290.

1428 650 1551 679 Ger-aldo
1576 651 1611 680 de
1633 651 1758 688 Lz’sona,
1781 653 1928 682 canonico
1943 653 2060 682 ecclesie
2077 653 2240 691 olm-ensis,
2260 663 2397 693 quocum

1384 703 1450 741 jam
1467 703 1687 742 dispensatum
1706 709 1753 734 est
1770 710 1820 740 ut,
1847 714 1910 735 non
1928 705 2074 736 obstante
2096 706 2219 737 defectu
2244 707 2397 738 natalium

1386 765 1481 795 quem
1507 757 1641 796 patitur,
1660 768 1676 787 e
1699 758 1801 788 soluto
1821 759 1949 796 genitus
1975 764 2005 789 et
2030 759 2147 795 soluta,
2169 760 2208 790 ad
2224 769 2334 791 omnes
2351 769 2398 792 01·-

1387 810 1478 840 dines
1490 812 1671 849 promoveri
1687 816 1716 841 et
1732 821 1834 842 unum
1849 812 2099 843 ecclesiasticum
2116 813 2308 844 beneficium
2321 815 2398 845 reci-

1389 872 1461 901 pere
1473 863 1602 900 valeret,
1616 864 1764 902 indulget
1778 868 1810 895 ut
1821 864 1912 895 aliud
1929 865 2121 896 beneficium
2135 866 2275 905 recipere
2291 868 2396 906 possit.

1432 929 1444 943 ‹
1459 918 1583 947 Meritis
1599 923 1649 948 tue
1663 918 1879 949 devotionis...
1892 935 1930 942 —
1943 920 2014 949 Dat.
2026 920 2108 958 apud
2125 920 2396 959 Urbemveterem,

1387 979 1440 999 xni
1459 970 1612 1001 kalendas
1627 973 1766 1010 augusti,
1784 982 1871 1003 anno
1889 974 1990 1004 tertio.
2009 985 2021 1000 ι

1458 1124 1546 1154 303
1551 1126 1571 1154 Ι

1422 1187 1608 1223 Dispensatio
1620 1197 1708 1224 super
1719 1189 1897 1216 deformitate
1909 1189 1995 1216 oculi.
2012 1189 2094 1221 (Rani
2107 1190 2150 1223 45,
2161 1198 2186 1216 c.
2200 1189 2261 1221 333,
2273 1190 2292 1216 s.
2305 1189 2338 1217 64
2350 1191 2396 1224 νῦ.)

1964 1126 2092 1160 Orvieto,
2110 1127 2149 1153 10¹·
2164 1128 2231 1154 aodt
2249 1126 2327 1154 1290.

1426 1291 1549 1328 Huqoni
1575 1292 1654 1321 dicto
1678 1292 1802 1329 Gazam,
1824 1293 2009 1330 presbytero,
2034 1293 2145 1322 rectori
2162 1291 2279 1322 ecclesie
2299 1293 2332 1322 de
2349 1293 2397 1323 Lo-

1386 1345 1471 1382 berye
1485 1344 1546 1384 (1),
1574 1345 1753 1375 illorinensis
1775 1347 1914 1382 diocesis,
1939 1346 1994 1384 qui
2015 1354 2033 1374 a
2055 1346 2230 1375 Morinensi
2254 1346 2397 1385 episcopo

1386 1398 1636 1428 subdiaconatus
1655 1403 1685 1429 et
1703 1399 1892 1429 diaconatus
1913 1400 2056 1436 ordines,
2078 1403 2107 1429 et
2121 1400 2161 1429 ab
2176 1400 2394 1438 Atrebatensi,

1387 1452 1583 1481 Moriuensis
1600 1453 1737 1491 episcopi
1752 1452 1893 1490 licentia,
1912 1454 2151 1492 presbyteratus
2165 1453 2310 1484 ordinem
2328 1462 2396 1484 sus·

1386 1506 1482 1545 cepit,
1502 1506 1649 1544 indulget
1674 1510 1725 1543 ut,
1751 1516 1814 1537 11011
1836 1507 1981 1538 obstante
1999 1507 2199 1537 deformitate
2220 1507 2253 1536 in
2270 1507 2398 1538 sinistro

1384 1559 1497 1596 oculo,
1524 1568 1605 1597 qnae
1634 1568 1705 1589 eum
1733 1570 1750 1589 a
1778 1560 1903 1590 lumine
1931 1560 2028 1599 liujus
2056 1560 2141 1590 oculi
2170 1568 2233 1590 non
2261 1559 2397 1590 totaliter

1385 1613 1498 1651 privat,
1516 1613 1548 1642 in
1568 1613 1722 1651 susceptis
1738 1613 1905 1643 ordinibus
1922 1614 2106 1643 ministrare
2121 1613 2226 1652 possit.

1426 1678 1440 1693 «
1469 1666 1584 1696 Petitio
1613 1670 1665 1695 tua
1693 1666 1820 1696 uobis...
1844 1683 1883 1688 —
1902 1667 1974 1696 Dat.
1998 1667 2081 1705 apud
2113 1667 2392 1703 Urbemveterem,
2432 1692 2435 1693 γ

1384 1720 1531 1750 kalendis
1546 1720 1686 1758 augusti,
1704 1729 1790 1750 anno
1808 1721 1910 1750 tei-tio.
1933 1733 1945 1746 ι»

1455 1873 1572 1902 3033

1421 1935 1606 1970 Dispensatio
1624 1936 1808 1962 matrimonii.
1825 1936 1909 1969 (Rea.
1929 1936 1972 1970 45,
1990 1944 2017 1962 c.
2035 1935 2100 1970 334,
2117 1936 2136 1964 f.
2152 1937 2185 1963 64
2202 1944 2236 1963 r⁰.

1945 1873 2073 1908 Orvieto,
2090 1873 2123 1900 28
2135 1874 2231 1908 juillet
2249 1873 2324 1902 1290.

1433 2039 1600 2068 Venerabili
1623 2039 1719 2074 fratri
1749 2061 1768 2067 ..
1798 2040 1933 2076 episcopo
1957 2037 2101 2068 Scarensi
2124 2039 2295 2069 committit
2318 2047 2394 2079 qua-

1385 2096 1477 2121 tenus
1493 2100 1565 2121 cum
1584 2091 1682 2121 nobili
1705 2092 1772 2121 viro
1798 2092 1927 2128 Boi-ico,
1952 2096 2026 2122 nato
2044 2092 2164 2122 nobilis
2187 2093 2249 2122 viri
2272 2092 2393 2131 Algoti,

1385 2145 1548 2176 Scarensis
1562 2145 1726 2180 dioecesis,
1740 2149 1769 2174 et
1785 2144 1887 2175 nobili
1901 2145 2037 2175 muliere
2051 2146 2196 2184 Birgitta‚
2210 2151 2282 2176 nata
2297 2154 2395 2186 quon-

1384 2199 1457 2228 dam
1477 2198 1645 2237 phylippi,
1669 2198 1913 2236 Sti-egniuensis
1933 2199 2105 2236 dioecesis,
2127 2199 2291 2239 dispenset
2313 2199 2394 2230 utin

1383 2253 1591 2282 matrimonio
1607 2253 1691 2290 quod
1707 2251 1802 2289 olim,
1820 2252 2006 2290 ignorantes
2023 2262 2056 2282 se
2072 2257 2189 2294 quarto*
2202 2253 2394 2292 consangui-

1384 2306 1495 2335 nitatis
1516 2305 1615 2343 gradu
1641 2306 1843 2344 conjunctos,
1867 2310 2095 2336 contraxerunt
2118 2311 2148 2344 et
2170 2307 2203 2336 in
2231 2315 2295 2346 quo
2317 2306 2394 2337 duas

1383 2359 1466 2389 filias
1483 2363 1691 2398 procrearunt
1707 2368 1875 2389 remanere
1892 2359 2030 2389 valeant.

1426 2426 1438 2440 α
1465 2413 1579 2443 Petitio
1601 2412 1708 2442 dilecti
1732 2412 1827 2444 filii...
1853 2430 1890 2434 —
1916 2414 1984 2443 Dat.
2011 2413 2094 2452 apud
2117 2413 2390 2450 Urbemveterem‚

1382 2477 1402 2496 v
1420 2466 1574 2496 kalendas
1590 2466 1727 2504 augusti„
1747 2475 1834 2497 anuo
1852 2467 1954 2498 tertio,
1975 2480 1985 2491 „

1455 2620 1577 2649 3033
1968 2619 2097 2651 oi-vieto,
2111 2619 2145 2646 22
2162 2620 2226 2655 Juin
2245 2619 2320 2647 1290.

1421 2682 1554 2709 Facultas
1570 2681 1733 2708 celebrandi
1758 2682 1876 2708 missam
1895 2685 1962 2708 aute
1987 2683 2090 2708 lucem.
2109 2680 2192 2716 (Rso.
2214 2681 2266 2716 45,
2282 2689 2308 2708 c.
2325 2679 2389 2712 335.

1384 2732 1404 2758 f.
1420 2731 1453 2758 04
1470 2732 1517 2763 νο.)

1431 2834 1595 2863 Venerabili
1626 2835 1721 2871 fratrs
1749 2834 1907 2870 Beraldo‚-
1924 2834 2147 2872 archiepiscopo
2179 2834 2388 2871 inydunemi,

1383 2887 1532 2925 indulget
1555 2892 1588 2916 ut
1611 2887 1743 2917 missam
1767 2891 1840 2917 ante
1865 2887 1969 2917 lucem
1995 2896 2047 2926 per
2072 2886 2274 2926 capellanum
2297 2893 2388 2916 suum

1383 2940 1534 2971 celebrari
1552 2940 1656 2970 facere
1672 2941 1781 2980 possit.

1414 3060 1447 3090 (l)
1464 3060 1546 3084 Aussi
1563 3060 1630 3084 ecrit
1648 3062 1796 3091 Loberyhe.
