2477 3637
287 445 344 476 190
1031 435 1267 466 REGISTRES
1290 435 1343 465 DE
1365 431 1548 464 NICOLAS
1572 431 1626 461 IV.

1443 499 1528 528 882

1410 559 1616 593 Indulgentiae.
1633 557 1716 592 (Rae.
1730 557 1776 589 44,
1789 564 1814 582 c.
1835 556 1897 588 159,
1916 556 1933 582 f.
1953 556 1999 582 144
2016 562 2057 590 r⁰;
2077 556 2144 583 ΕΑ».
2163 565 2197 583 nu
2212 555 2314 587 Tuan„
2331 556 2376 588 ΙΙ,

1374 610 1421 643 '17;
1440 609 1543 636 Porrn.
1561 607 1668 641 22947.)

288 510 517 542 monasterium
545 509 649 546 ipsum
681 506 775 535 situm
807 513 874 533 esse
900 502 1093 537 dinoscitur,
1123 502 1160 531 ad
1191 501 1290 531 alium
1333 505 1337 521 ¹

290 565 407 601 locum,
424 563 463 592 ab
479 562 597 591 eisdem
621 559 794 593 nobilibus,
815 557 880 586 zelo
904 556 1081 586 devotionis
1102 560 1131 585 et
1153 556 1292 585 caritatis

289 618 442 650 accensis,
461 615 654 653 acquisitum
671 621 706 641 ac
731 614 933 649 procuratum
961 609 1120 646 legitime,
1137 617 1171 638 ac
1194 608 1291 637 abba-

290 670 364 699 tisse
389 674 417 697 et
442 667 601 697 sororibus
628 665 755 704 prefatis
782 663 885 701 magis
908 662 1113 692 accomodum
1141 666 1171 691 et
1198 661 1293 690 etiam

290 726 538 759 congruentem.
568 720 697 757 cupiant
725 726 757 746 se
787 717 979 746 transferre.
1010 716 1140 754 predicti
1170 714 1294 744 nobiles

292 775 381 805 nobis
411 773 578 803 humiliter
605 771 825 810 supplicarunt
848 774 881 799 ut
901 769 1057 798 abbatisse
1080 777 1115 798 ac
1134 767 1295 798 sororibus

291 828 464 857 nominatis
491 825 704 856 transterendi
730 833 763 853 se
785 824 823 853 ad
847 823 983 852 eundem
1003 822 1107 852 lorum
1131 821 1294 850 licentiam

291 881 465 911 concedere
483 880 702 917 dignaremur.
725 878 789 907 Nos
807 877 916 914 igitur.
937 875 1121 905 eorumdem
1140 873 1296 904 nobilium

292 934 414 963 devotis
439 932 723 971 supplicationibus
746 930 908 962 inclinati,
926 928 1204 959 commoditatibus
1227 936 1295 966 pre-

293 987 449 1016 dictarum
480 986 636 1015 abbatisse
667 994 701 1014 ac
731 992 873 1014 sororum
905 984 936 1012 in
964 983 1021 1012 hav
1048 986 1133 1020 parte
1158 981 1298 1015 benigno

294 1041 398 1070 lavore
418 1041 594 1079 prospicere
612 1040 774 1077 cupientes
787 1062 793 1069 .
812 1036 999 1066 fraternitati
1025 1041 1075 1065 tue
1097 1044 1151 1073 per
1173 1038 1298 1073 aposto—

294 1094 355 1123 lira
371 1094 485 1132 scripta
503 1093 694 1122 mandamus
711 1096 867 1130 qnatenus
886 1089 1012 1128 prefatis
1029 1088 1185 1117 abbatisse
1201 1095 1237 1116 ac
1252 1095 1299 1116 so-

295 1147 417 1177 roribus
436 1146 647 1175 transt'erendi
664 1154 696 1173 se
712 1145 750 1173 dc
767 1144 877 1173 eodem
900 1142 1091 1172 monasterio
1114 1141 1151 1169 ad
1176 1140 1298 1178 predic-

296 1205 363 1230 tum
383 1201 484 1229 locum
503 1200 686 1229 auctoritate
705 1203 827 1234 nostra,
847 1198 871 1225 si
890 1197 919 1225 id
938 1197 982 1225 eis
1000 1195 1174 1225 secundnm
1196 1195 1297 1222 Deum

295 1254 442 1292 expedire
457 1253 654 1289 cognoveris,
668 1253 736 1281 sine
751 1250 924 1290 pri-*jndicio
940 1249 1036 1278 alieni
1052 1248 1146 1287 juris,
1165 1247 1298 1276 liberam

296 1307 456 1336 licentiam
484 1305 646 1340 largiaris,
670 1305 741 1342 jure
770 1312 806 1332 ac
829 1303 1016 1341 proprietate
1047 1302 1078 1330 in
1108 1300 1299 1330 monasterio

296 1362 414 1398 prelato
439 1368 473 1389 ac
499 1360 565 1397 ejus
594 1359 702 1393 terris,
728 1356 1000 1394 possessionibus,
1022 1355 1149 1393 juribus
1174 1358 1203 1382 et
1227 1352 1300 1381 aliis

296 1415 386 1444 bonis
410 1413 476 1441 suis
494 1413 539 1441 eis
556 1411 807 1450 competentibus
824 1409 944 1439 eisdem
963 1409 1120 1438 abbatisse
1136 1416 1171 1436 ac
1187 1406 1300 1436 sorori-

297 1468 354 1496 bus
371 1467 512 1505 plenarie
531 1465 708 1494 reservatis.
726 1465 795 1493 Dat.
818 1463 933 1497 Rome,
951 1461 1034 1500 apud
1057 1462 1205 1491 Sanctam
1230 1460 1299 1488 Ma-

297 1521 376 1549 riam
397 1519 546 1556 Major-em
561 1541 568 1554 ‚
585 1527 605 1547 v
624 1526 724 1547 nouas
742 1516 835 1552 maii,
853 1524 938 1545 anno
955 1514 1105 1545 secundo.
1127 1527 1138 1539 υ

370 1721 457 1748 865

337 1783 518 1816 Dispensatio
530 1789 617 1815 super
629 1780 787 1814 pluralitate
799 1779 1015 1805 beneficiorum.
1029 1772 1110 1811 (R‘m.
1125 1777 1157 1803 44
1168 1798 1175 1806 .
1196 1785 1221 1803 c.
1238 1777 1300 1807 157,

300 1832 318 1856 1.
341 1832 387 1856 143
404 1833 453 1860 vo.)

653 1716 1010 1749 Sainte-Marie-MaJeure,
1032 1715 1061 1742 18
1078 1723 1155 1741 mars
1171 1714 1247 1741 1‘289.

341 1940 534 1976 Emerehont,
551 1939 705 1968 scolastico
722 1939 837 1967 ecclesie
853 1938 1046 1974 Mammtine,
1064 1937 1218 1974 capellano
1234 1944 1304 1965 vnos-

301 1999 356 2022 lro.
375 1993 455 2022 Cum
467 2001 503 2023 eo
517 1993 688 2029 dispensat,
708 1996 739 2021 ut
754 1992 1002 2030 praeposituram
1015 1989 1165 2020 ecclesiae
1177 1989 1211 2018 in
1229 1990 1304 2018 Dor-

301 2047 364 2082 lan.
385 2045 614 2084 parrochialem
628 2045 793 2074 ecclesiam
811 2045 843 2074 in
858 2044 992 2078 Wizele,
1003 2053 1111 2073 curam
1121 2044 1302 2072 animarum

302 2100 490 2135 habetneiii,
515 2108 593 2137 quas
616 2108 670 2137 per
694 2085 933 2137 quatuordecim
955 2096 1303 2133 annos,etscolatriam

301 2153 452 2182 eccle-siae
478 2152 706 2189 Maguntinae.
725 2152 794 2180 sine
817 2160 892 2180 cura
915 2150 1113 2187 animarum,
1137 2160 1232 2189 quam
1251 2160 1306 2189 per

303 2207 481 2240 biennium,
493 2207 563 2235 sine
573 2205 744 2244 apostolica
760 2204 1008 2243 dispensatione,
1021 2204 1166 2241 retinuit,
1177 2204 1305 2242 aliaque

302 2260 457 2291 beneficia
475 2259 610 2289 retinere
626 2258 738 2287 valeat.

347 2327 359 2340 ‹
385 2313 561 2351 Exposuisti
581 2311 671 2341 nobis
687 2311 808 2349 quod...
829 2328 866 2332 —
885 2311 955 2340 Dat.
977 2311 1094 2347 Rome,
1110 2310 1193 2349 apud
1210 2309 1305 2340 Sanc-

303 2372 365 2397 tam
392 2366 525 2396 Mariam
555 2366 725 2404 Majorem‚
751 2374 789 2394 xv
817 2364 971 2394 kalendas
994 2364 1124 2402 aprilis,
1145 2372 1232 2394 anno
1257 2373 1305 2394 se-

301 2420 416 2450 cundo.
436 2432 449 2446 τ’

373 2621 459 2649 866

340 2683 533 2717 indulgentiae
550 2681 637 2717 (Rea.
655 2682 702 2714 44,
722 2690 747 2708 c.
769 2681 833 2713 158,
852 2681 870 2707 f.
889 2679 938 2707 143
955 2688 996 2711 v⁰;
1016 2680 1119 2708 Porrn.
1133 2681 1252 2714 22963.)

672 2617 1037 2652 Sainte-Marie-Majeure,
1055 2619 1068 2644 4
1086 2618 1141 2644 mai
1158 2618 1235 2646 1289.

346 2809 366 2816 ..
384 2786 497 2815 ruseodi
517 2790 542 2814 et
559 2785 712 2821 fratribus
726 2784 844 2813 ordinis
859 2785 1016 2813 minorum
1035 2783 1139 2813 Sancti
1154 2785 1309 2814 Francisci

305 2841 338 2869 de
356 2841 462 2869 Asisio.
484 2838 720 2876 indulgentiam
739 2838 835 2867 unius
857 2837 936 2866 anni
953 2840 983 2867 et
1001 2847 1037 2867 xr.
1056 2837 1178 2867 dierum
1196 2847 1308 2869 conce-

305 2892 348 2921 dit
368 2892 411 2921 vis
433 2892 485 2930 qui
515 2891 679 2921 ecclesiam
705 2890 936 2929 praedictorum
957 2891 1088 2921 fratrum
1113 2891 1225 2921 diebus
1242 2892 1309 2921 sin-

306 2945 390 2983 gulis
410 2945 617 2974 visitaverint.

351 3010 363 3024 ι
388 2997 530 3026 l'recelsa
546 2997 766 3034 gloriosissimi
783 2997 1009 3027 confessoris...
1037 3013 1075 3018 ——
1100 2998 1171 3027 Dat.
1192 2998 1307 3035 Rome,

305 3051 386 3089 apua]
406 3050 552 3079 Sanctam
580 3051 712 3080 Mariam
736 3051 906 3088 Majorem,
923 3060 968 3080 1111
990 3059 1090 3081 nonas
1113 3051 1207 3088 maii,
1224 3059 1309 3081 anno

307 3103 454 3134 secundo.
477 3115 489 3129 n

1718 494 2073 529 sainte-Marie-Majeure‚
2089 495 2121 522 2⁶2
2139 495 2208 521 avril
2229 494 2304 522 1289.

1419 749 1437 755 ..
1455 725 1599 754 abbatisse
1627 728 1653 752 et
1683 723 1844 751 conventui
1861 730 1999 750 sororum
2022 723 2210 751 inclusarum
2232 726 2376 752 monaste-

1375 781 1419 808 rii
1434 780 1466 807 ‹Ie
1493 777 1639 813 ll'erlct'ne,
1658 776 1776 805 ordinis
1791 775 1897 804 Sam-te
1912 773 2011 809 Clare,
2036 775 2229 804 Tornacensis
2244 775 2376 806 diocesis.

1378 831 1617 869 indulgentiam
1645 834 1774 859 centum
1805 828 1931 857 dierum
1958 827 2103 857 concedit
2130 828 2279 858 omuibus
2307 835 2379 859 vere

1378 884 1612 923 poenitentibus
1637 887 1666 912 et
1689 882 1840 912 confessis
1864 881 1918 920 qui
1944 880 2110 910 ecclesiam
2137 880 2288 920 praedicti
2314 888 2378 912 mo-

1379 938 1525 972 nasterii,
1553 937 1639 975 qnod
1665 935 1788 971 Guido,
1813 944 1918 964 eomes
1944 934 2131 969 Flandriae,
2157 938 2187 963 et
2211 932 2378 972 Ysabetta,

1380 1000 1456 1020 uxor
1473 991 1558 1028 ejus,
1577 990 1614 1019 de
1632 997 1712 1018 novo
1734 989 1767 1017 in
1786 988 1884 1017 l'undo
1901 996 1957 1016 suo
1973 990 2220 1017 construxerunt
2241 990 2272 1015 et
2291 985 2380 1016 dota-

1380 1048 1472 1078 runt,
1492 1043 1523 1072 in
1543 1041 1765 1073 festivitatibus
1782 1042 1812 1070 S.
1834 1040 1995 1070 Francisei
2013 1044 2042 1069 et
2058 1040 2090 1070 S.
2108 1040 2242 1070 Antonii
2258 1048 2294 1069 ae
2309 1039 2380 1070 bea·-

1381 1103 1428 1127 tae
1444 1097 1554 1127 Clarae
1571 1096 1780 1125 visitaverint.

1421 1162 1434 1177 «ι
1459 1150 1541 1179 Loca
1565 1154 1746 1179 sanctorum
1775 1147 1961 1178 omnium...
1990 1164 2025 1168 —
2054 1147 2125 1178 Dat.
2153 1147 2274 1184 Rome,
2301 1146 2383 1186 apud

1380 1204 1528 1233 Sanctam
1546 1203 1680 1232 Mariam
1697 1202 1869 1240 Majorem,
1893 1210 1911 1229 x
1934 1199 2087 1230 kalendas
2113 1200 2209 1237 maii,
2228 1207 2313 1229 anno
2334 1207 2383 1230 se·-

1380 1257 1494 1286 cundo.
1516 1269 1528 1282 »

1452 1482 1539 1510 868

1417 1544 1625 1577 Indulgentiae.
1641 1543 1726 1577 (Res.
1744 1544 1792 1574 44,
1810 1552 1835 1570 c.
1856 1543 1920 1574 160,
1939 1543 1958 1569 s.
1984 1543 2031 1569 144
2056 1547 2096 1574 r⁰;
2125 1541 2194 1568 Lar.
2222 1549 2257 1568 nu
2279 1539 2384 1575 Tasta,

1382 1593 1424 1625 11,
1443 1594 1497 1626 73.)

1762 1479 2114 1514 Sainte-ltiarie-MaJeure,
2133 1478 2147 1505 3
2164 1478 2220 1505 mai
2238 1477 2316 1506 1289.

1426 1754 1445 1761 ..
1474 1731 1635 1768 preposito,
1664 1754 1683 1759 ..
1704 1730 1814 1759 decano
1837 1735 1862 1758 et
1885 1729 2017 1766 capitulo
2042 1728 2159 1757 ecclesie
2179 1727 2285 1757 Sancti
2309 1726 2388 1756 Petri

1384 1785 1562 1820 Duacensz's,
1591 1784 1792 1813 Atrebatensz‘s
1824 1783 1954 1811 diocesis.
1990 1780 2229 1818 Indulgentiam
2261 1782 2388 1810 centum

1384 1837 1509 1867 dierum
1530 1836 1675 1867 concedit
1691 1837 1735 1865 eis
1751 1836 1807 1874 qui
1824 1834 1990 1865 ecclesiam
2006 1833 2113 1863 Sancti
2133 1832 2230 1870 Eligii
2247 1832 2387 1862 Duacen-

1385 1901 1471 1927 sem,
1498 1889 1720 1921 Atrebatensis
1741 1889 1915 1924 dioecesis,
1935 1897 2017 1927 quae
2038 1887 2077 1917 ad
2095 1886 2262 1916 ecclesiam
2281 1884 2389 1916 Sancti

1386 1945 1472 1975 Petri
1488 1943 1575 1973 nullo
1591 1943 1698 1973 medio
1716 1942 1871 1982 pertinet,
1889 1946 1918 1970 et
1933 1941 1966 1970 iu
1984 1950 2045 1979 qua
2055 1940 2094 1970 ob
2114 1940 2146 1970 S.
2165 1939 2260 1977 Eligit
2277 1938 2390 1969 merita

1385 1998 1485 2028 multa
1507 2000 1730 2036 perpetrantur
1749 1994 1920 2031 miracula,
1947 1995 1977 2023 in
2003 1993 2229 2023 festivitatibus
2247 1991 2388 2032 ejusdem

1386 2051 1417 2081 S.
1438 2050 1544 2087 Eligit,
1563 2055 1592 2079 et
1609 2058 1663 2088 per
1677 2054 1746 2079 octo
1765 2049 1831 2078 dies
1850 2052 2030 2087 sequentes,
2050 2046 2263 2076 visitaverint.

1427 2117 1441 2131 «
1473 2104 1662 2134 Sanctorum
1688 2102 1810 2132 meritis
1832 2101 1978 2131 inclita...
2006 2118 2043 2121 —
2070 2100 2140 2129 Dat.
2169 2099 2288 2136 Rome,
2308 2097 2390 2138 apud

1386 2158 1534 2189 Sanctam
1544 2157 1677 2186 Mariam
1690 2156 1855 2194 Major-cm,
1864 2164 1883 2184 v
1896 2162 1995 2184 nonas
2008 2153 2095 2190 maii,
2105 2161 2192 2183 anno
2204 2151 2354 2183 secundo.
2371 2161 2386 2179 a

1459 2383 1546 2413 869

1425 2446 1610 2479 Privilegium
1624 2445 1825 2471 claustralibus
1841 2444 1990 2470 sororibus
2006 2443 2040 2469 de
2056 2442 2250 2477 Cantimprato
2270 2447 2390 2468 conoes-

1389 2503 1455 2522 sum
1471 2495 1554 2529 (Reo.
1572 2493 1619 2525 44,
1636 2502 1662 2520 c.
1681 2494 1745 2524 161,
1763 2493 1782 2519 f.
1802 2492 1851 2519 144
1869 2499 1909 2523 r⁰;
1927 2491 1993 2519 Lar.
2010 2500 2045 2519 nu
2060 2491 2166 2525 Tul-3112,
2181 2489 2225 2524 11,
2244 2489 2300 2524 79.)

1729 2379 2090 2415 Sainte—Marie-Majeure,
2106 2379 2139 2406 22
2155 2379 2226 2406 avril
2243 2378 2321 2407 1289.

1432 2648 1452 2655 ..
1473 2626 1617 2664 mayistre
1634 2628 1660 2653 et
1682 2624 1797 2661 beyinis
1814 2623 1942 2652 claustri
1956 2623 1990 2651 de
2008 2621 2221 2660 Cantimprato
2231 2627 2326 2658 prope
2337 2619 2388 2650 Ga-

1390 2688 1539 2709 merae-um
1552 2677 1698 2715 indulget
1714 2682 1758 2714 ut,
1776 2677 1803 2706 si
1819 2676 1978 2706 civitatem
1991 2675 2040 2706 vel
2057 2674 2230 2706 dioecesim
2244 2673 2390 2704 Camera-

1391 2741 1517 2763 censen]
1535 2731 1746 2762 ecclesiastico
1767 2729 1935 2760 interdicto
1960 2728 2095 2768 supponi
2116 2727 2305 2766 contigerit,
2324 2725 2389 2765 ipso

1391 2790 1529 2823 tempore
1545 2785 1577 2814 in
1592 2784 1724 2814 ecelesia
1740 2783 1848 2814 Sancti
1868 2782 2052 2819 Salvatoris,
2070 2783 2104 2812 in
2120 2781 2211 2820 cujus
2227 2777 2389 2820 parrochia

1390 2838 1563 2869 claustrum
1582 2838 1677 2867 situm
1700 2841 1762 2873 est,
1789 2845 1851 2867 nou
1875 2835 2006 2875 pulsatis
2025 2834 2201 2873 campanis,
2218 2831 2334 2863 clausis
2343 2830 2389 2870 jn-

1391 2893 1483 2928 nuis,
1501 2891 1784 2920 excommunicatis
1800 2894 1830 2920 et
1848 2888 2030 2919 interdictis
2048 2887 2203 2925 exclusis,
2220 2883 2388 2917 summissa

1390 2953 1476 2980 voce,
1503 2954 1557 2983 per
1581 2948 1733 2973 rectorem
1756 2943 1898 2980 ejusdem
1921 2941 2092 2978 ecclesiae,
2112 2949 2168 2971 seu
2188 2939 2288 2970 alium
2303 2944 2388 2977 pres-

1390 2997 1550 3036 byterum,
1571 2997 1676 3027 officia
1693 2997 1794 3027 facere
1807 2995 1962 3027 celebrari
1979 2994 2114 3034 possint.

1433 3063 1445 3078 u
1465 3051 1526 3081 Pro
1543 3051 1677 3089 puritate
1696 3053 1835 3080 vestre...
1851 3065 1891 3072 —
1910 3050 1981 3080 Dat.
2001 3048 2117 3084 Rome,
2137 3046 2222 3086 apud
2243 3045 2387 3076 Sanctam

1393 3104 1525 3134 Mariam
1545 3104 1709 3143 Majorem,
1726 3113 1744 3134 x
1760 3102 1914 3133 kalendas
1931 3101 2018 3139 maii,
2035 3109 2123 3131 anno
2135 3104 2256 3139 quarto.
2277 3109 2291 3125 ι
