2342 3652
34 3410 51 3652 —Q--e>—‘—-

924 353 1147 393 PREMlnnn
1168 355 1322 392 ANNEE.

88 437 189 467 dictus
205 433 376 464 Renaudus
386 432 478 462 nobis
494 431 660 461 humiliter
672 429 861 469 supplicavit
874 434 909 460 ut
922 430 1087 468 providere

89 490 148 520 sibi
171 496 265 526 super
286 486 345 516 hoc
362 490 493 524 paterna
515 484 729 514 sollicitudine
756 484 975 521 dignaremur.
1000 484 1086 519 Quo-

90 543 170 572 circa
191 539 377 570 discretioni
404 543 453 568 tue
477 538 515 568 de
539 539 703 576 utriusque
728 538 824 575 partis
847 540 1086 575 procuratorum

88 602 216 625 assensu
231 601 286 630 per
299 591 468 629 apostolica
480 591 595 629 scripta
612 590 802 620 mandamus
815 594 983 628 quatenus,
1000 597 1088 619 voca-

89 647 128 677 tis
145 645 200 684 qui
220 645 338 674 fuerint
355 644 518 680 evocandi,
542 643 651 673 audias
668 643 743 672 hinc
763 642 838 672 inde
856 643 1028 681 proposita,
1046 646 1087 677 et,

89 700 116 730 si
133 698 185 728 tihi
201 697 377 728 constiterit
391 697 435 726 ita
449 706 516 726 esse
531 696 682 734 aliudque
700 696 893 725 canonicum
911 703 974 724 nou
993 695 1091 724 obsis-

91 756 146 786 tat,
162 750 332 780 denunties
351 749 456 787 ipsum
478 749 668 779 Renaudum
684 752 812 786 propter
828 748 887 777 hoc
904 756 1088 777 excommu-

92 804 257 836 nicationis
273 804 464 833 sentent-iam
480 803 615 832 minime
632 802 808 832 incurrisse
826 801 983 840 dictisque
999 802 1089 839 penis

91 856 270 888 nullatenus
303 855 483 893 subjacere3
510 855 666 884 decanum
695 862 768 883 vero
794 858 823 883 et
850 853 1025 892 capitulum
1055 863 1090 883 ac

91 909 168 941 alios
186 908 393 947 supradictos,
418 908 502 946 quod
521 908 627 946 ipsum
653 907 692 936 ad
719 910 867 936 tractatus
886 911 915 936 et
939 906 1001 936 alia
1017 907 1091 946 jura

92 962 226 1003 predicta
238 961 405 990 admittant
424 960 515 999 eique
528 961 690 999 portiones
708 959 746 988 de
763 960 873 995 terris,
890 960 1043 989 fructibus
1059 965 1089 990 et

91 1015 292 1056 proventibus
307 1013 490 1053 hujusmodi
508 1013 569 1042 sibi
584 1013 704 1042 debitas
720 1013 898 1050 exhibeant,
915 1017 945 1042 et
962 1013 998 1042 de
1016 1003 1090 1043 sub-

93 1069 194 1099 tractis
221 1067 282 1097 sibi
308 1067 423 1096 exinde
450 1066 606 1096 fructibus
631 1066 847 1103 satisfaciant,
872 1071 905 1096 ut
931 1072 1089 1103 tenentur,

92 1121 264 1152 monitione
276 1120 439 1159 premissa,
453 1129 508 1158 per
525 1128 695 1149 censuram
715 1119 971 1158 ecclesiasticam,
984 1119 1092 1158 appel-

92 1174 207 1205 latione
228 1176 363 1211 remota,
388 1174 497 1212 previa
521 1173 656 1208 ratione,
677 1173 860 1212 compellas.
886 1174 955 1203 Dat.
975 1174 1092 1212 Reate,

93 1228 184 1259 nonis
198 1227 349 1262 octobris,
364 1236 449 1256 anno
465 1227 578 1265 primo.
600 1239 611 1253 n

161 1401 241 1429 551

132 1462 284 1490 Licentiam
307 1462 439 1489 concedit
460 1462 596 1489 fratribus
617 1462 814 1489 Poenitentiae
835 1462 907 1489 Jesu
931 1462 1037 1489 Christi
1059 1462 1093 1488 de

95 1511 221 1539 Venetiis
243 1511 383 1538 alienandi
404 1511 533 1546 ipsorum
557 1512 775 1554 possessiones..
795 1511 875 1546 (Rsc.
902 1512 952 1544 44,
974 1520 1001 1537 0.
1023 1510 1083 1544 357,

97 1560 113 1587 l'.
130 1559 162 1588 82
177 1561 228 1593 vo.)

723 1400 814 1434 Rieu,
833 1400 847 1426 8
860 1401 922 1435 juin
944 1400 1019 1427 1288.

139 1676 300 1706 Venerabili
314 1676 408 1712 fratri
426 1697 446 1704 ..
463 1677 595 1713 episcopo
611 1675 784 1704 Castellano
798 1675 927 1704 mandat
938 1679 1094 1713 quatenus

97 1726 242 1758 fratribus
265 1728 486 1758 poenitentiae
509 1728 586 1757 Jesu
610 1727 731 1757 Christi
758 1727 920 1757 licentiam
945 1727 1095 1757 concedat

96 1781 250 1813 vendendi
263 1781 405 1812 Johanni
422 1781 504 1811 dicto
523 1781 643 1811 Blanco
658 1781 697 1811 de
716 1781 872 1817 Venetiis,
889 1781 981 1817 laico,
998 1781 1095 1811 eccle-

98 1834 174 1872 5135,
200 1834 305 1864 domos
329 1839 360 1864 et
383 1834 488 1864 locum
508 1843 590 1873 quae
615 1834 735 1864 habent
760 1834 923 1868 Venetus,
954 1842 1017 1864 non
1038 1834 1094 1863 ob-

97 1891 194 1918 stante
211 1887 293 1926 quod
311 1887 483 1925 Gregorius
503 1897 581 1926 papa
602 1888 635 1916 in
654 1887 797 1925 generali
814 1887 948 1917 concilio
970 1887 1095 1925 Lugdu-

97 1941 186 1972 nensi
200 1941 306 1970 statuit
321 1944 353 1970 ut
369 1941 562 1979 professores
577 1941 719 1979 ejusdem
734 1941 867 1973 ordinis,
884 1949 943 1970 nec
960 1941 998 1970 de
1016 1949 1096 1970 novo

98 1993 222 2024 domum
249 1997 303 2023 aut
335 1992 474 2031 aliquem
504 1993 610 2023 1000111
629 1993 809 2030 acquirere,
832 2001 890 2022 nec
911 1992 1021 2022 domos
1040 2001 1095 2022 seu

59 2077 64 2080 ,
97 2046 161 2077 1003
177 2055 255 2086 quae
269 2046 428 2076 habebant
443 2046 587 2075 alienare
603 2045 758 2075 valerent.

137 2111 150 2127 ι
167 2099 311 2130 Porrecta
329 2100 419 2129 nohis
436 2099 584 2129 dilecti...
599 2116 637 2120 --
653 2099 725 2128 Dat.
745 2099 852 2135 Reate,
868 2109 897 2128 VI
912 2099 983 2129 idus
996 2099 1094 2137 Junii,

99 2161 179 2184 anno
195 2153 307 2192 primo.
331 2165 344 2180 n

165 2332 249 2360 552

116 2398 118 2401 ’
132 2392 300 2429 Maynardus
312 2415 318 2425 ,
342 2393 399 2420 dux
422 2393 562 2421 Carintiae
579 2399 605 2421 et
622 2403 720 2421 comes
735 2394 910 2429 Tyrolensis‚
927 2395 1096 2429 complices-

100 2449 153 2477 que
174 2443 237 2477 ejus
261 2450 356 2470 coram
371 2442 438 2469 sede
471 2443 626 2478 apostolica
646 2444 779 2470 citantur.
806 2443 888 2477 (Rea.
911 2444 961 2477 44,
979 2452 1003 2470 0.
1033 2444 1095 2476 358,

99 2489 119 2518 f.
136 2490 168 2518 83
183 2492 230 2524 r0.)

390 2330 754 2366 Sainte-Marie-Majeure‚
774 2332 812 2357 1Η
827 2332 929 2358 fcvrier
946 2332 1023 2358 1289.

137 2605 255 2637 Dilectis
268 2607 343 2644 filiis
360 2630 379 2636 ..
398 2608 495 2636 abbaci
512 2609 689 2637 monasterii
704 2607 810 2637 Sancte
825 2608 942 2637 Justz'ne
960 2612 984 2636 et
1003 2631 1024 2637 ..
1043 2617 1096 2636 αι·-

100 2658 312 2697 chipresbytero
327 2660 441 2689 ecclesie
457 2668 490 2688 ac
509 2681 528 2688 ..
548 2661 664 2690 vicario
680 2661 858 2690 venerabilis
873 2661 983 2696 fralris
999 2661 1096 2689 nostri

102 2733 122 2740 ..
147 2712 271 2750 episcopi
298 2713 449 2742 Paduani.
480 2711 560 2742 Cum
576 2713 784 2751 Maynardus,
815 2713 877 2743 dux
908 2712 1095 2743 Carinthiae

101 2767 131 2793 et
155 2772 257 2795 comes
281 2765 479 2804 Tyrolensis,
499 2766 567 2804 Jam
596 2765 646 2795 bis
668 2766 709 2795 H.
724 2788 732 2802 ‚
753 2766 934 2805 episcopum
959 2766 1095 2795 Triden-

101 2816 218 2856 tinum,
242 2821 309 2848 tum
338 2827 393 2857 per
424 2841 442 2848 ..
474 2817 700 2848 marescalcum
731 2827 841 2855 suum,
869 2823 938 2848 tum
964 2827 1020 2857 per
1045 2827 1094 2848 sa-

101 2868 212 2900 tellites
242 2862 314 2901 5005
343 2875 486 2909 captum,
511 2871 545 2899 in
574 2879 698 2900 carcere
725 2871 932 2908 detinuisset,
963 2876 993 2901 et
1022 2879 1095 2901 cum

101 2921 303 2953 multitudine
329 2927 523 2953 armatorum
546 2923 705 2952 civitatem
735 2923 957 2953 Tridentinam
979 2928 1009 2954 et
1031 2924 1096 2954 alia

101 2973 168 3005 1003
196 2976 234 3005 ad
263 2976 472 3015 episcopalem
502 2976 609 3006 sedem
638 2976 687 3006 vel
716 2977 784 3015 ejus
813 2977 965 3007 vassallos
998 2978 1095 3016 perti-

102 3029 208 3059 nentia
230 3030 459 3069 occupavisset,
484 3031 550 3068 ipse
571 3029 733 3068 episcopus
764 3031 923 3060 civitatem
949 3035 979 3061 et
1007 3031 1093 3061 dioe-

2117 362 2171 391 107

1169 429 1267 458 cesim
1293 430 1455 467 supposuit
1485 428 1673 464 interdict03
1705 436 1815 458 verum
1842 427 2046 463 Gotscalcus‚
2078 427 2171 457 deca-

1170 490 1249 519 nus,
1280 482 1488 521 Adelprectus
1502 506 1509 519 ,
1532 482 1693 521 quondam
1716 482 1850 520 scriptor
1871 481 1946 510 dicti
1967 480 2113 517 comitis,
2145 485 2175 510 et

1169 534 1306 564 Jacobus
1330 535 1431 564 dictus
1458 534 1582 571 Comes,
1610 534 1757 564 canonici
1781 533 1931 563 ecclesiae
1953 533 2172 570 Tridentinae,

1171 596 1206 617 ac
1228 588 1416 627 Rudolphus
1439 588 1541 618 dictus
1565 588 1716 626 Magister
1738 587 1776 617 de
1797 587 1921 623 Misna,
1946 586 2094 629 clericus,
2118 586 2175 624 qui

1172 649 1204 670 50
1220 641 1300 678 gerit
1316 650 1370 679 pro
1386 641 1538 670 canonico
1554 641 1704 670 ecclesiae
1721 640 1937 675 Tridentinae,
1955 640 1988 668 in
2005 639 2088 669 dicta
2100 639 2174 669 civi-

1174 698 1233 723 tate
1251 698 1281 723 et
1293 694 1428 723 dioecesi
1447 694 1556 723 diviua
1572 694 1676 723 officia
1690 694 1814 732 publice
1831 693 2048 729 celebrarunt,
2066 697 2095 722 et
2111 696 2175 721 tam

1173 747 1271 776 iidem
1289 747 1428 777 decanus
1444 753 1473 776 et
1491 747 1637 777 canonici
1654 752 1684 776 et
1702 734 1810 776 clerici
1824 756 1920 785 quam
1937 746 2099 785 quondam
2117 746 2175 776 Bo-

1174 800 1310 830 nifacius
1327 805 1357 829 et
1373 801 1535 838 quondam
1552 800 1739 830 Fredericus
1756 809 1791 830 30
1810 799 1996 829 VVillelmus
2012 800 2123 829 fratres
2137 799 2176 829 de

1173 854 1391 884 Castelbartho
1405 878 1411 889 ,
1431 854 1590 883 Henricus
1605 854 1644 882 de
1660 853 1818 891 Rotburg,
1837 854 1987 891 magister
2002 854 2108 882 curiae
2124 861 2175 882 co-

1174 907 1277 943 mitis,
1305 912 1335 936 et
1357 907 1522 937 Geremias
1547 906 1707 944 quondam
1731 906 1888 944 Aprovini
1913 906 1952 935 de
1974 905 2174 942 Castelnovo‚

1174 959 1258 995 laici⁷
1279 960 1318 989 ad
1335 960 1418 989 hanc
1440 959 1680 997 occupationem
1705 958 1864 988 auxilium
1891 959 2121 996 praebuerunt,
2148 962 2178 988 et

1176 1021 1262 1042 nunc
1279 1017 1340 1042 tam
1357 1021 1462 1042 comes
1478 1021 1574 1050 quam
1596 1012 1656 1041 filii
1674 1011 1828 1041 Bonifatii
1851 1016 1881 1041 et
1895 1011 2055 1041 Frederici
2073 1015 2102 1040 et
2121 1011 2177 1040 alii

1176 1066 1347 1104 supradicti
1371 1065 1551 1103 supradicta
1576 1065 1643 1094 loca
1660 1069 1824 1103 occupant.
1840 1064 1943 1100 Quare
1961 1073 2040 1103 papa
2056 1064 2176 1103 praesa-

1176 1118 1216 1148 tis
1238 1119 1359 1154 abbati,
1380 1118 1655 1156 archipresbytero
1677 1122 1707 1147 et
1734 1117 1852 1147 vicario
1869 1117 1999 1147 mandat
2020 1121 2177 1156 quatenus

1178 1171 1391 1210 Maynardum
1410 1176 1440 1201 et
1459 1171 1631 1210 complices
1654 1172 1738 1209 ejus,
1764 1170 1847 1200 clero
1868 1174 1898 1199 et
1915 1170 2029 1209 populo
2045 1179 2177 1208 congre·

1176 1225 1272 1262 gatis,
1296 1224 1421 1263 publice
1440 1224 1539 1254 citent
1556 1229 1590 1253 ut
1613 1224 1696 1253 infra
1719 1223 1798 1253 duos
1814 1232 1939 1253 menses
1960 1223 2127 1262 apostolico
2146 1232 2179 1253 50

1176 1279 1357 1316 conspectui
1374 1282 1587 1316 praesentent.

1219 1344 1230 1357 a
1260 1332 1449 1361 Detestande
1471 1331 1718 1370 presumptionis
1734 1339 1916 1361 excessus...
1936 1348 1972 1352 —-
1989 1331 2059 1360 Dat.
2078 1331 2178 1361 Rome

1176 1385 1259 1423 apud
1284 1385 1433 1415 Sanctam
1464 1385 1598 1414 Mariam
1629 1385 1801 1423 Majorem,
1831 1383 1976 1413 kalendis
2005 1384 2178 1421 februarii,

1175 1438 1377 1476 pontificatus
1391 1437 1492 1467 nostri
1508 1446 1593 1467 anno
1610 1438 1723 1476 primo.
1741 1449 1753 1464 ›

1212 1598 1405 1626 553-55'2

1213 1660 1366 1687 Munaldus
1391 1660 1529 1686 ecclesiae
1554 1660 1735 1686 Auximanae
1760 1659 1923 1693 praeficitur
1948 1658 1974 1684 in
2000 1659 2177 1693 episcopum.

1180 1710 1259 1741 (Rea.
1279 1710 1321 1741 44,
1338 1717 1362 1735 c.
1380 1709 1441 1739 359,
1458 1709 1477 1735 f.
1494 1708 1526 1735 83
1543 1715 1587 1739 v0;
1605 1708 1721 1738 Perre„
1739 1707 1862 1739 22868·*.)

1516 1596 1874 1630 sainte-ltlme-Majeure,
1893 1595 2049 1630 31janvier
2068 1595 2142 1622 1289.

1218 1806 1326 1834 Dilecto
1353 1805 1417 1841 filio
1442 1804 1602 1839 Δ1111001110,
1630 1804 1761 1842 episcopo
1787 1803 1971 1831 Aumimano.
1997 1802 2181 1831 Auximana

1178 1857 1309 1887 ecclesia
1338 1866 1394 1895 per
1423 1856 1665 1886 translationem
1698 1856 1734 1885 B.
1764 1855 1804 1885 ad
1836 1855 2057 1884 Penestrinam
2080 1853 2180 1884 eccle-

1178 1912 1257 1940 siam
1286 1912 1434 1947 vacante,
1468 1919 1540 1940 cum
1571 1909 1747 1948 capitulum
1775 1908 1877 1938 eidem
1915 1908 1950 1938 Β.
1982 1907 2181 1937 unanimiter

1178 1968 1361 2003 potestatem
1386 1964 1539 1994 concessit
1562 1963 1751 2002 providendi
1774 1962 1950 2001 praedictae
1972 1961 2120 1991 ecclesiae
2143 1961 2181 1991 de

1178 2023 1317 2058 pastore,
1343 2018 1395 2047 hic
1421 2017 1522 2055 primo
1539 2017 1597 2051 M.,
1621 2017 1757 2055 priorem
1784 2016 1916 2046 Sanctae
1938 2014 2048 2045 Crucis
2073 2015 2180 2044 Fontis

1178 2071 1363 2106 Avellanae,
1380 2075 1410 2100 et
1427 2071 1570 2109 demum,
1589 2070 1698 2099 eodem
1718 2070 1762 2098 M.
1782 2072 1956 2104 recusante,
1978 2067 2178 2103 Munaldum,

1179 2124 1408 2154 subdiaconum
1433 2132 1542 2162 papae,
1573 2127 1647 2152 tunc
1671 2122 1863 2151 canonicum
1889 2120 2129 2156 Carnotensem‚
2146 2119 2180 2148 in

1179 2178 1359 2217 episcopum
1373 2177 1591 2206 Auximauum
1613 2175 1708 2213 elegit
1722 2186 1728 2211 3
1745 2183 1841 2213 quam
1856 2173 2041 2203 electionem
2058 2182 2113 2211 per
2127 2173 2179 2207 B„

1180 2231 1388 2260 Portuensem
1414 2229 1615 2267 episcopum,
1641 2233 1670 2257 et
1694 2228 1750 2263 H„
1781 2227 1863 2257 tituli
1886 2227 2020 2256 Sanctae
2043 2225 2180 2255 Sabinae

1180 2283 1415 2322 presbyterum,
1439 2286 1468 2312 et
1491 2282 1545 2318 R,
1572 2281 1680 2311 Sancti
1704 2280 1867 2310 Eustachii
1891 2279 2061 2309 diaconum
2077 2279 2180 2308 cardi-

1180 2336 1279 2373 nales,
1298 2336 1524 2371 examinatam,
1541 2335 1709 2364 confirmat
1725 2342 1814 2372 papa.

1221 2402 1233 2417 «
1259 2390 1347 2419 Inter
1366 2388 1576 2418 insidentium
1591 2387 1716 2418 cordi...
1732 2403 1772 2409 -
1786 2387 1848 2416 Dat
1867 2387 1966 2416 Rome
1981 2385 2064 2424 apud
2080 2385 2179 2415 Sanc-

1180 2447 1243 2473 tam
1260 2443 1396 2472 Mariam
1412 2443 1577 2481 Majorem,
1594 2451 1614 2470 11
1632 2440 1783 2470 kalendas
1801 2439 1963 2475 februarii,
1978 2438 2180 2477 pontificatus

1180 2497 1281 2527 nostri
1296 2505 1381 2526 anno
1400 2496 1513 2535 primo.
1536 2508 1548 2521 υ

1218 2550 1256 2578 In
1273 2558 1300 2579 e.
1319 2558 1364 2578 m.
1382 2547 1519 2587 capitulo
1539 2547 1722 2577 Auximano
1744 2545 1874 2575 mandat
1896 2548 2052 2583 quatenus
2074 2543 2180 2573 eidem

1179 2603 1322 2642 episcopo
1337 2601 1476 2631 debitam
1492 2601 1638 2640 praebeat
1655 2599 1884 2630 obedientiam.

1219 2657 1257 2686 In
1273 2665 1300 2685 e.
1321 2664 1363 2684 m.
1385 2654 1467 2685 clero
1483 2654 1620 2684 civitatis
1637 2658 1667 2683 et
1685 2653 1837 2682 dioecesis
1853 2651 2065 2681 Auximanae.

1217 2710 1257 2739 In
1274 2717 1300 2738 e.
1316 2717 1358 2737 m.
1377 2707 1490 2746 populo
1507 2707 1644 2737 civitatis
1659 2710 1691 2736 et
1706 2706 1859 2735 dioecesis
1872 2705 2085 2735 Auximanae.

1218 2765 1256 2793 In
1272 2773 1299 2794 e.
1317 2772 1359 2793 m.
1378 2763 1538 2793 universis
1558 2761 1701 2792 vassallis
1718 2760 1870 2791 ecclesiae
1886 2760 2097 2790 Auximanae.

1248 2923 1335 2951 558

1212 2984 1351 3012 Fundatio
1376 2984 1526 3018 hospitalis
1554 2990 1713 3018 pauperum
1744 2990 1831 3017 prope
1862 2985 1988 3008 castrum
2010 2980 2178 3015 Montispul-

1176 3035 1258 3066 ziani,
1275 3032 1409 3060 Clusinae
1425 3032 1576 3059 dioecesis.
1594 3031 1677 3065 (Rae.
1697 3031 1741 3065 44,
1758 3039 1783 3058 c.
1801 3030 1861 3064 360,
1878 3030 1898 3056 f.
1916 3030 1949 3057 83
1965 3032 2014 3061 vo.)

1488 2919 1846 2955 Sainte-Marie-Majeure,
1864 2919 1898 2946 20
1914 2919 2016 2945 fevi-ier
2034 2918 2108 2946 1289.
