2477 3637
205 357 262 388 376
955 345 1192 378 REGISTRES
1214 346 1269 376 DE
1291 345 1475 376 NICOLAS
1499 345 1554 375 1v.

206 423 331 453 heretice
352 420 516 459 pravitatis
541 420 570 447 in
595 416 782 452 Arelatensi,
800 415 933 453 Aquensi
958 419 983 444 e!
1007 414 1213 443 Ebrednnensz'

202 476 370 515 provintiis
388 482 439 511 per
455 473 551 501 sedem
568 470 763 507 apostolicam
790 469 964 498 constitutis
983 467 1114 497 mandat
1133 475 1211 506 qua-

208 535 300 560 tenus
317 531 427 558 contra
445 534 497 555 eos
513 525 566 563 qui
588 523 627 553 ad
639 523 806 561 judaicum
822 521 921 551 ritum
938 525 1125 556 recurrunt,
1147 532 1159 546 ει
1179 520 1210 549 in

207 589 369 621 synagoga
389 579 560 618 judeorum
585 575 747 614 lampades
771 578 800 604 et
822 574 971 604 candelas
995 578 1137 603 tenentes
1160 582 1212 602 ac—

206 643 316 665 censas
332 637 359 662 ct
379 631 556 661 oblationes
571 630 652 659 inihi
670 629 839 665 facientes,
857 627 982 665 vigilias
996 636 1138 666 quoque,
1161 627 1213 657 die

206 687 353 727 precipue
369 684 504 721 sabbati,
522 682 724 722 protrahunt,
742 682 911 711 utinfirmi
929 685 1116 720 recuperent
1131 681 1215 710 sani-

207 744 315 776 tatem,
336 738 563 775 naufragantes
577 735 617 765 ad
632 740 758 774 portum
774 734 886 764 salutis
903 734 1088 773 perveniant
1103 757 1109 770 ,
1127 733 1212 763 exis-

206 797 308 823 tentes
332 793 363 821 in
389 795 478 830 partu
500 790 618 829 absque
633 788 774 828 periculo
791 788 916 828 pariant
931 791 960 817 et
980 786 1102 817 steriles
1116 785 1214 826 prolis

206 845 400 876 fecunditate
415 843 565 879 letentur,
584 842 629 872 ibi
646 850 701 881 pro
716 841 780 871 hiis
795 846 825 871 et
842 840 917 870 aliis
933 840 1085 877 suffragia
1099 839 1214 878 implo-

205 904 332 935 rantes,
361 897 436 927 dicti
458 897 538 927 ritus
561 895 680 932 rotulo,
709 895 799 934 quasi
824 903 880 933 per
902 893 1059 933 ydolatrie
1082 892 1212 922 modum

206 953 411 992 nepharium,
428 951 604 981 devotionis
622 954 653 979 et
667 949 845 979 reverentie
861 948 952 986 signa
968 947 1106 985 patentia
1121 945 1214 976 exhi-

205 1006 331 1042 bendo,
360 1017 374 1032 »
404 1010 555 1043 tanquam
580 1007 691 1034 eontra
715 1001 864 1032 idolatras
889 1005 919 1031 et
944 1000 1118 1030 haereticos
1142 1007 1214 1038 pro-

207 1059 330 1090 cedant.

248 1125 263 1140 «
290 1112 340 1142 Ad
366 1116 575 1149 augmentum
604 1109 795 1140 catholice...
821 1125 860 1130 —
886 1108 957 1137 Dat.
985 1107 1105 1143 Rome,
1130 1105 1213 1144 apud

207 1166 356 1198 Sanctam
373 1165 509 1194 Mariam
530 1165 699 1203 Majorem,
718 1172 736 1192 x
751 1161 906 1192 kalendas
922 1161 1047 1197 martii,
1064 1167 1150 1189 anno
1165 1168 1213 1189 se-

207 1219 322 1250 cundo.
342 1230 355 1245 n

247 1273 285 1302 In
299 1281 326 1302 e.
343 1281 385 1301 m.
403 1271 648 1310 inquisitoribus
664 1269 832 1300 comitatus
852 1267 1042 1307 Venaysini.

277 1416 396 1446 2126
517 1413 876 1448 Sainte-Marie-MaJeure,
897 1413 924 1439 ll
943 1412 1045 1439 sevrier
1062 1412 1140 1439 1290.

240 1479 284 1506 De
299 1479 514 1506 constructione
535 1478 686 1513 hospitalis
705 1478 733 1504 in
756 1476 820 1502 villa
835 1475 869 1502 de
886 1475 1044 1510 Graneeyo.
1062 1475 1145 1508 (Res.
1162 1475 1211 1510 44,

206 1536 230 1555 c.
247 1527 308 1559 849,
327 1528 344 1554 f,
364 1528 414 1555 ς294
432 1529 484 1560 v0.)

251 1629 419 1659 Venerabili
440 1630 534 1665 fratri
552 1652 571 1659 ..
591 1629 723 1667 episcopo
748 1628 930 1665 Lz'nyonenst·
950 1626 1080 1656 mandat
1102 1629 1213 1664 quate-

205 1690 278 1717 nus,
294 1682 321 1711 si
334 1682 376 1711 ita
385 1681 532 1720 expedire
547 1681 671 1716 viderit,
688 1680 787 1711 nobili
799 1680 866 1710 viro
879 1679 1066 1715 Guillelmo,
1081 1678 1214 1710 domino

206 1735 245 1765 de
262 1734 447 1774 Granceyo,
470 1740 499 1765 et
522 1735 621 1766 nobili
648 1734 776 1765 mulieri
796 1733 984 1770 Ysabellae,
1009 1733 1100 1764 uxori
1120 1733 1188 1771 ejus
1203 1755 1211 1769 ,

206 1788 420 1826 Lingonensis
435 1789 601 1825 dioecesis,
619 1789 718 1827 quiin
737 1787 811 1817 villa
823 1788 861 1817 de
869 1787 1037 1825 Grauceyo
1053 1786 1212 1825 quoddam

207 1841 360 1880 hospitale
385 1842 421 1871 ad
446 1850 525 1881 opus
547 1851 726 1880 pauperum
748 1841 953 1871 infirmorum
972 1840 1011 1870 de
1031 1840 1123 1870 honis
1141 1848 1213 1879 pro-

206 1894 285 1934 priis
308 1898 490 1924 construere
513 1895 702 1933 inceperunt
720 1898 750 1924 et
772 1893 940 1929 dotarunt,
964 1893 1151 1931 postulatam
1173 1892 1212 1921 li-

206 1948 345 1979 centiam
365 1948 570 1978 construendi
588 1947 743 1987 capellam
765 1948 831 1977 sive
849 1947 1022 1977 oratorium
1043 1947 1077 1976 in
1101 1947 1213 1977 eodem

206 2001 368 2041 hospitali,
385 2001 586 2041 capellanum
602 2001 766 2040 proprium
783 2000 921 2031 habendi
943 2005 973 2030 et
988 2000 1213 2030 coemeterium

203 2057 295 2095 juxta
315 2055 485 2094 capellam,
502 2055 541 2085 ad
558 2065 636 2094 opus
659 2055 813 2092 fratrum,
831 2064 1006 2094 pauperum
1023 2058 1052 2084 et
1067 2055 1213 2084 infirmo-

206 2119 281 2140 rum
299 2109 481 2148 hospitalis,
500 2109 713 2139 benedicendi
731 2108 893 2139 concedat.

249 2174 264 2190 «
279 2163 324 2192 Ex
344 2167 430 2201 parte
445 2162 589 2192 dilecti...
610 2180 645 2184 -
663 2162 733 2192 Dat.
754 2162 864 2197 Rome,
880 2161 964 2201 apud
982 2161 1131 2191 Sanctam
1149 2160 1215 2190 Ma-

206 2216 289 2246 riam
307 2215 472 2254 MaJorem,
490 2225 522 2245 ιιι
541 2215 613 2245 idus
629 2215 798 2250 februarii,
816 2223 901 2245 anno
918 2214 1069 2244 seeundo.
1089 2225 1103 2241 n

281 2361 398 2390 2122

245 2423 373 2451 Licentia
391 2424 513 2451 habendi
529 2424 615 2450 altare
632 2424 772 2459 portatile.
791 2422 874 2456 (Rea.
889 2423 932 2456 44,
944 2431 970 2449 c.
982 2423 1056 2458 8⁴92,
1067 2423 1086 2450 f.
1099 2423 1150 2450 294
1163 2424 1214 2456 νυ.)

515 2360 876 2395 Sainte-Marie—Majeure,
899 2362 924 2387 ll
943 2360 1047 2387 sevrier
1064 2359 1142 2387 1290.

248 2515 358 2544 Dilecto
375 2514 439 2551 filio
456 2514 552 2543 nobili
569 2515 634 2543 viro
654 2511 831 2548 Guillelmo,
851 2513 974 2542 domino
993 2513 1027 2542 de
1041 2512 1192 2550 Granceyo
1207 2535 1214 2549 ,

209 2572 234 2596 et
257 2568 360 2597 dilecte
384 2569 415 2596 ιή
438 2566 557 2596 Christo
581 2567 645 2604 filie
672 2567 768 2596 nobili
797 2566 922 2595 mulieri
952 2565 1098 2600 Ysabelle‚
1123 2566 1215 2594 uxori

209 2621 285 2657 ejus,
306 2621 503 2657 Linyonensis
520 2620 656 2656 diocesis,
677 2619 823 2657 indulget
842 2623 876 2648 ut
897 2618 1081 2657 capellanus
1103 2626 1214 2648 eorum

209 2673 306 2704 altare
322 2673 467 2712 portatile
480 2673 597 2703 habere
613 2674 718 2712 possit.

252 2739 265 2753 α
286 2727 469 2757 Devotionis
485 2730 587 2757 vestre
604 2726 785 2766 precihus...
803 2743 841 2748 —
858 2726 928 2756 Dat.
948 2730 1099 2765 utsupra.
1118 2737 1132 2752 »

281 2879 400 2908 2128
517 2878 878 2913 Sainte-Mai·ie-MaJeure,
898 2879 927 2904 17
944 2878 1047 2905 sevi-ier
1064 2877 1141 2906 1290.

249 2941 379 2968 Facultus
393 2942 556 2969 conserendi
574 2942 722 2969 beneficia.
740 2941 822 2975 (Rae.
840 2942 882 2973 44,
899 2949 924 2968 c.
941 2941 1002 2972 850,
1019 2941 1101 2968 ἰ.294
1118 2942 1169 2974 νο.)

260 3029 424 3058 Venerabili
438 3031 532 3066 fratri
549 3031 698 3067 Roderico,
722 3031 942 3068 archiepiscopo
961 3029 1212 3069 Compostellano‚

1295 411 1475 441 facultatem
1497 410 1641 441 concedit
1665 410 1851 449 providendi
1875 412 2017 450 personis
2039 412 2164 443 idoneis
2183 412 2223 443 de
2244 422 2295 444 ec-

1294 465 1479 495 clesiasticis
1495 464 1659 494 beneficiis
1673 464 1712 494 ad
1728 464 1930 495 collationem
1945 464 1996 494 vel
2012 466 2296 504 praesentationem

1294 523 1516 557 exemplorum
1536 525 1600 547 non
1619 517 1871 556 pertinentibus,
1887 517 1984 548 etiam
2001 518 2027 547 si
2046 522 2232 557 personatus
2249 518 2297 550 vel

1294 570 1467 608 dignitates
1483 570 1565 607 sint,
1583 579 1664 609 quae
1685 571 1718 599 in
1737 579 1794 600 sua
1803 570 1939 601 dioecesi
1955 574 2040 601 tanto
2057 575 2196 610 tempore
2206 580 2297 603 vaca-

1295 623 1400 653 verint
1422 622 1505 661 quod
1524 631 1634 652 eorum
1659 622 1785 653 collatio
1806 623 1844 653 ad
1863 623 1970 653 sedem
1989 623 2191 662 apostolicam
2210 625 2298 664 juxta
2332 614 2357 646 Ι·

1296 677 1518 707 Later-ailensis
1534 676 1663 706 concilii
1681 681 1796 707 statuta
1813 676 1960 707 devoluta
1976 677 2026 706 sit.
2334 669 2343 681 '

2463 633 2477 710 ΕΔΒ

1337 743 1351 757 α
1370 731 1411 761 Ut
1429 729 1686 760 benevolentiam
1702 729 1906 768 spetialem...
1925 747 1963 752 —
1985 730 2054 760 Dat.
2076 730 2174 760 Rome
2188 755 2195 767 ‚
2217 731 2299 771 apud
2327 744 2337 756 ·‘
2360 766 2362 771 Ι

1296 783 1447 813 Sanctam
1470 783 1606 813 Mariam
1630 783 1784 822 Maiorem
1799 806 1805 819 ,
1823 792 1877 812 xm
1895 782 2050 813 kalendas
2066 783 2191 819 martii,
2215 792 2299 816 anno
2334 774 2345 808 l*

1295 837 1446 868 secundo.
1467 849 1481 864 n

2462 734 2477 771 ἐξ(

2459 1009 2477 1031 ἓ
2460 786 2477 978 Ε’-ἙΑΞ

1369 1037 1486 1066 2129

1332 1099 1468 1127 Facultas
1490 1098 1658 1126 absolvendi
1681 1099 1803 1125 clericos
1817 1098 2005 1126 concubinos.
2023 1098 2105 1133 (Rso.
2122 1099 2174 1131 44.
2189 1107 2216 1128 c.
2231 1099 2298 1134 85¹,
2334 1120 2339 1124 -
2386 1112 2389 1114 ·

1294 1150 1314 1176 f.
1332 1149 1383 1177 295
1400 1150 1447 1182 νο.)

1606 1035 1970 1071 Sainte-Marie-Majeure,
1988 1037 2018 1063 Π
2034 1036 2138 1063 fevi-ier
2154 1036 2232 1066 ¹290.

1334 1266 1439 1295 Eidem
1461 1265 1606 1295 concedit
1631 1269 1664 1294 ut
1679 1264 1810 1295 clericos
1826 1273 1902 1294 suae
1919 1264 2071 1295 dioecesis
2086 1265 2300 1304 concubinos,
2330 1286 2334 1288 v
2372 1267 2373 1271 ’

1295 1319 1350 1357 qui
1378 1318 1473 1348 latam
1499 1327 1517 1347 a
1536 1318 1638 1348 bonae
1661 1318 1834 1348 memoriae
1860 1317 2024 1354 Johanne,
2049 1318 2194 1357 episcopo
2211 1317 2301 1350 Sabi·
2325 1343 2328 1345 -

1296 1372 1408 1407 nensi',
1428 1375 1504 1401 tunc
1518 1371 1551 1400 in
1569 1370 1633 1400 illis
1653 1371 1793 1410 partibus
1808 1370 1996 1409 apostolicae
2013 1370 2099 1401 sedis
2116 1370 2231 1410 legato,
2245 1380 2300 1407 εις
2314 1391 2321 1395 -

1295 1424 1597 1454 communicationis
1608 1425 1798 1454 sententiam
1809 1424 2016 1460 incurrerint,
2028 1424 2166 1464 exceptis
2174 1423 2303 1466 illisqui

1294 1483 1404 1508 contra
1421 1477 1683 1507 constitutionem
1701 1477 1844 1517 ejusdem
1856 1477 1951 1516 legati
1967 1477 2237 1516 conspirationem
2253 1475 2305 1510 vel?

1293 1531 1538 1570 appellationem
1562 1531 1711 1568 feceriut,
1732 1531 1878 1569 injuncta
1902 1531 1949 1561 eis
1968 1530 2182 1569 poenitentia,
2207 1530 2311 1562 dum-2

1294 1583 1389 1614 modo
1407 1583 1622 1613 sufficientem
1649 1584 1830 1613 cautionem
1854 1584 1892 1614 de
1914 1584 2101 1614 concubinis
2123 1592 2188 1615 non
2212 1572 2328 1616 Γθειι-Ῑ·
2384 1592 2390 1604 ·

1295 1637 1422 1667 mendis
1447 1637 1637 1674 exhibeant,
1661 1636 1840 1674 absolvere,
1865 1646 1940 1667 cum
1956 1637 2002 1667 eis
2020 1637 2092 1676 qui,
2119 1637 2168 1668 sie
2186 1624 2329 1676 legaliff«

1293 1691 1368 1721 facti
1393 1691 1599 1721 immemores
1616 1689 1665 1720 vel
1680 1690 1763 1729 juris
1780 1690 1908 1728 ignari,
1932 1699 2021 1720 sacra
2037 1689 2142 1721 officia
2161 1687 2319 1721 celebra-1

1294 1745 1361 1774 rint
1379 1744 1429 1774 vel
1454 1753 1559 1774 sacros
1577 1744 1708 1774 ordines
1722 1744 1909 1783 receperint
1929 1743 2131 1783 dispensare;
2159 1752 2232 1774 oum
2260 1756 2302 1769 21.

1294 1807 1368 1828 vero
1386 1798 1440 1838 qui
1453 1798 1601 1834 scienter,
1619 1806 1682 1827 non
1697 1802 1801 1827 tamen
1818 1797 1852 1827 in
1867 1801 2050 1835 contemptu
2063 1796 2214 1835 clavium,
2227 1792 2311 1828 talia⁴
2347 1811 2351 1815 ·

1294 1851 1586 1891 praesumpserint,
1607 1855 1674 1889 post
1692 1850 1818 1883 biennii
1838 1850 2101 1889 suspensionem,
2118 1849 2301 1889 dispensat-d

1294 1905 1403 1944 possit.

1337 1970 1350 1985 ι
1369 1958 1484 1988 Petitio
1500 1961 1553 1988 tua
1568 1957 1700 1988 nohis...
1724 1974 1762 1979 —-
1779 1957 1851 1987 Dat.
1871 1961 1906 1987 ut
1922 1965 2028 1997 supra.
2047 1969 2062 1986 »

1366 2159 1617 2190 2130-2131

1331 2225 1376 2251 Ad
1386 2223 1560 2251 solutionem
1569 2222 1731 2250 debitorum
1741 2221 1990 2258 compostellanae
2000 2221 2150 2250 ecclesiae.
2161 2220 2244 2256 (Rae.
2255 2219 2305 2255 fl}

1295 2282 1321 2301 c.
1338 2273 1399 2304 852,
1417 2273 1436 2300 f.
1450 2273 1502 2300 295
1517 2273 1565 2306 ro.)

1676 2157 2038 2193 Sainte-Marie-Majeure,
2056 2157 2088 2185 ¹3
2105 2157 2210 2185 fevi-ier
2222 2155 2301 2186 129οι

1336 2390 1441 2419 Eidem
1457 2387 1637 2418 facultatem
1650 2387 1795 2418 concedit
1805 2386 2002 2426 percipiendi
2013 2386 2146 2423 fructus,
2158 2384 2301 2416 redditus

1296 2447 1326 2473 et
1342 2447 1512 2482 proventus
1530 2441 1627 2480 primi
1642 2441 1721 2470 anni
1736 2440 1883 2471 omnium
1898 2439 2130 2470 beneficiorum
2143 2438 2300 2470 ecclesian*
2315 2454 2317 2458 Α

1298 2497 1450 2531 ticorum,
1473 2495 1512 2524 ad
1536 2494 1740 2524 collationem
1762 2493 1812 2524 vel
1834 2493 2124 2533 praesentationem
2141 2484 2318 2532 exemptot'.

1294 2559 1367 2579 rum
1390 2557 1453 2580 non
1475 2548 1726 2588 pertinentium,
1747 2556 1828 2587 quae
1850 2547 1886 2577 in
1911 2555 1968 2577 sua
1989 2545 2126 2577 dioecesi
2146 2553 2248 2586 usque
2259 2533 2317 2575 adt*

1295 2602 1557 2643 quinquennium
1574 2601 1772 2637 vacaverint,
1793 2600 1827 2630 in
1842 2599 2036 2630 solutionem
2053 2598 2234 2629 debitorum
2248 2604 2301 2628 ec·
2319 2609 2321 2613 ·

1295 2655 1410 2686 clesiae
1425 2653 1701 2694 Compostellanae
1715 2652 1959 2684 convertendos.

1337 2721 1352 2736 «ι
1375 2708 1457 2739 Cum
1483 2707 1690 2738 ecclesiarum
1714 2707 1901 2737 omnium...
1925 2721 1966 2729 —
1990 2706 2063 2736 Dat.
2085 2706 2197 2742 Rome,
2216 2700 2302 2743 apud*

1297 2762 1446 2793 Sanctam
1465 2761 1599 2791 Mariam
1622 2761 1796 2800 Majorem,
1818 2760 1926 2790 idibus
1948 2759 2122 2796 februarii,
2150 2764 2236 2788 anno
2249 2763 2302 2787 εον

1295 2815 1411 2846 cundo.
1429 2826 1444 2842 ι»

1336 2869 1373 2898 lu
1392 2877 1420 2898 e.
1438 2877 1482 2898 m.
1501 2889 1521 2897 ..
1539 2867 1685 2906 episcopo
1704 2866 1904 2905 Segoffiensi,
1925 2888 1946 2897 ..
1963 2865 2083 2896 decano
2097 2864 2270 2895 Zamorren

1295 2925 1326 2951 et
1350 2945 1369 2951 ..
1397 2920 1622 2951 archidiacono
1644 2920 1683 2950 de
1711 2919 1844 2950 Medina
1865 2921 1900 2950 in
1928 2918 2061 2950 ecclesia
2082 2916 2233 2949 Salamara
2247 2914 2310 2939 “··»

1295 2975 1426 3005 mandat
1441 2977 1598 3013 quatenus
1615 2973 1791 3013 praedictos
1809 2973 1942 3009 fructus,
1961 2971 2103 3002 redditus
2118 2973 2149 3001 et
2163 2974 2280 3009 proven
2290 2992 2307 3001 .,

1294 3031 1346 3058 tus
1363 3028 1468 3058 eidem
1483 3027 1721 3066 archiepiscopo
1739 3026 1918 3056 ministrari
1932 3025 2062 3056 faciant.
