2477 3637
244 392 303 422 5¹.)ss
992 380 1228 412 REGISTRES
1250 380 1305 410 DE
1327 378 1511 409 NICOLAS
1534 378 1591 408 IV.

245 463 274 486 et
294 455 393 486 nobili
414 453 546 483 muliere
563 454 658 482 Anna
676 450 839 490 quondam
860 449 1003 483 Martini,
1023 447 1148 478 civibus
1164 446 1250 476 Can-

246 509 436 543 tireusibus,
467 511 500 536 ut
530 506 562 535 in
594 504 798 534 matrimonio
827 502 910 542 qnod
941 501 1037 536 olim,
1066 501 1251 538 ignorantes

247 567 358 602 quarto
381 558 667 597 consanguinitatis
691 556 790 595 gradu
815 564 848 586 se
873 556 1061 594 coujunctos
1077 562 1155 589 esse,
1173 561 1249 583 con-

249 619 412 645 traxerunt
425 618 454 643 et
467 613 500 641 in
514 620 575 650 quo
587 610 706 649 prolem
720 612 1102 649 procrearuntremauere
1111 605 1249 636 valeant.

287 682 299 694 u
324 668 437 697 Petitio
458 665 563 695 dilecti
589 664 686 693 filii...
710 680 749 686 -
769 663 842 692 Dat.
866 661 949 701 apud
974 660 1251 696 Urbemveterem,

244 731 282 751 xv
299 720 451 750 kalendas
468 717 630 751 februarii,
649 725 734 746 anno
752 716 854 746 tertio.
875 727 890 740 »ν

314 864 566 894 4031-4034
778 861 905 892 Ort-icto,
923 860 957 887 23
970 860 1085 894 janvier
1102 858 1179 886 1291.

281 929 390 955 Ducem
411 927 573 954 Carinthiae
594 929 621 952 et
641 925 775 952 comitem
798 923 925 950 Goritiae
950 923 1079 949 hortatur
1101 925 1133 948 ut
1155 920 1253 948 Brixi-

245 978 326 1005 nensi
343 978 479 1012 episcopo
494 976 569 1002 bona
586 973 766 1001 Brixinensis
781 973 920 1000 ccclesiae
936 972 1097 998 restituant.
1110 969 1194 1003 (Rae.
1207 970 1251 1003 45,

245 1035 269 1054 c.
287 1027 348 1061 671,
365 1026 383 1052 s.
404 1025 450 1052 136
468 1024 513 1058 ro.)

284 1116 384 1144 Nobili
407 1116 469 1144 rii-0
491 1115 547 1149 M.‚
569 1113 639 1142 duci
665 1111 823 1141 Cat-inthie
839 1115 864 1139 et
883 1109 984 1139 comiti
1006 1109 1172 1144 Tirolensi,
1187 1107 1252 1146 spi-

244 1171 339 1199 ritum
362 1167 484 1197 consilii
503 1168 646 1196 sanioris.
675 1165 813 1194 Vacante
834 1163 1017 1194 Brixineusi
1044 1161 1178 1192 ecclesia
1198 1169 1253 1200 per

244 1223 365 1252 obitum
385 1222 434 1255 B.,
453 1219 626 1259 capitulum
645 1219 810 1253 Octonem,
829 1216 973 1256 ejusdem
990 1215 1141 1246 ecclesiae
1159 1222 1252 1244 cano-

245 1276 365 1309 nicum,
379 1274 560 1312 episcopum
573 1271 756 1310 postulavit;
773 1270 828 1300 sed
841 1268 1027 1309 hujusmodi
1039 1267 1251 1307 postulatione

245 1337 349 1358 coram
375 1327 448 1357 sede
472 1324 641 1365 apostolica
664 1324 841 1363 pendente,
866 1322 952 1352 idem
972 1321 1147 1360 capitulum
1172 1320 1251 1350 duas

247 1381 429 1415 electiones,
445 1379 565 1409 scilicet
577 1387 674 1408 unam
688 1378 727 1407 de
740 1377 889 1410 Henrico‚
907 1380 983 1405 tunc
999 1374 1152 1405 ecclesiae
1164 1382 1252 1412 prae-

247 1435 325 1464 fatae
342 1434 477 1470 decano,
496 1432 628 1462 alteram
644 1432 682 1460 de
700 1430 948 1466 Bonoiucontro,
972 1428 1252 1467 archipresbytero

246 1487 434 1523 Veronensi,
451 1487 484 1515 in
498 1485 656 1516 discordia
670 1484 857 1520 celebravit,
875 1492 947 1513 cum
962 1491 1036 1513 vero
1049 1486 1080 1512 et
1092 1481 1251 1520 praefatus

244 1540 499 1579 archipresbyter
514 1538 581 1578 Juri
599 1538 661 1568 sibi
684 1547 719 1567 ex
739 1537 894 1567 electione
910 1536 1064 1575 acquisito
1083 1534 1251 1565 renuntia-

245 1594 336 1624 verit,
353 1602 410 1623 nec
424 1593 501 1623 Octo
518 1591 763 1631 postulationem
780 1591 819 1621 de
835 1599 869 1621 se
884 1590 998 1620 factam
1015 1597 1073 1620 nec
1090 1589 1251 1619 Henricus

249 1647 435 1677 electionem
453 1655 542 1676 suam
561 1645 718 1685 prosecuti
736 1645 818 1681 sint,
835 1645 936 1674 immo
955 1643 1115 1673 Henricus
1132 1643 1252 1682 suppli-

246 1700 366 1730 caverit
393 1705 425 1729 ut
447 1699 616 1738 postulatio
634 1698 794 1738 praedicta
811 1697 1045 1734 admitteretur,
1067 1706 1145 1736 papa
1160 1705 1253 1735 prae-

246 1753 349 1783 dictae
360 1753 511 1783 ecclesiae
523 1752 660 1782 eundem
675 1752 852 1782 Henricum
862 1751 1027 1791 praefecit,
1043 1750 1252 1790 quamobrem

246 1806 442 1845 praedictum
463 1806 576 1836 ducem
590 1806 735 1835 hort-atur
751 1810 786 1835 ut
799 1809 902 1834 castra
919 1809 948 1834 et
964 1804 1028 1834 alia
1050 1804 1253 1834 Brixinensis

248 1859 398 1890 ecclesiae
425 1859 610 1899 temporalia
635 1860 718 1889 bona
737 1867 818 1898 quae
839 1859 962 1889 detinet
984 1859 1087 1888 eidem
1111 1858 1252 1888 Henrico

246 1913 397 1951 assignet.

289 1978 301 1993 α
320 1966 399 1996 Cum
421 1966 522 1996 nichil
544 1966 683 1996 valeat...
711 1983 749 1988 —
773 1966 844 1996 Dat.
867 1966 950 2005 apud
973 1967 1250 2003 Uxbemveterem,

247 2029 264 2048 x
281 2019 433 2049 kalendas
449 2019 613 2055 februarii,
630 2028 716 2049 anno
737 2020 837 2049 tertio.
858 2032 872 2046 »

289 2073 325 2101 In
342 2081 370 2102 e.
387 2081 431 2102 m.
450 2072 630 2109 Alhertum,
646 2073 795 2103 comitem
811 2072 963 2110 Goritiae,
981 2078 1072 2111 rogat
1087 2078 1131 2110 nt,
1149 2075 1175 2104 si
1191 2083 1254 2113 qna

248 2125 286 2155 de
302 2126 393 2156 bonis
409 2126 610 2156 brixinensis
627 2126 778 2156 ecclesiae
792 2127 944 2164 detineat,
962 2136 999 2157 ea
1015 2128 1154 2158 Henrico
1170 2129 1254 2167 epis-

248 2187 323 2217 copo
341 2179 496 2210 restituat.

291 2244 303 2258 a
323 2232 560 2262 Providentiam
580 2232 755 2263 nobilitatis
772 2237 861 2263 tue...
879 2250 917 2255 -
934 2234 1005 2264 Dat.
1024 2238 1178 2274 utsupra.
1198 2248 1212 2263 n

291 2285 327 2314 In
344 2294 370 2315 e.
391 2294 435 2315 m.
453 2285 637 2322 Alhertum,
661 2286 775 2316 ducem
798 2287 964 2323 Austriae,
988 2293 1077 2326 rogat
1100 2293 1133 2318 ut
1157 2298 1255 2328 penes

251 2338 308 2373 M.‚
335 2337 448 2368 ducem
474 2338 675 2376 Carinthiae,
703 2348 847 2370 socerum
873 2349 986 2378 suum,
1012 2347 1042 2371 et
1067 2342 1253 2379 Alhertum,

250 2391 399 2421 comitem
415 2391 567 2429 Goritiae,
580 2402 613 2423 se
625 2393 814 2432 interponat,
830 2398 864 2423 ut
878 2394 924 2424 illi
938 2398 1039 2425 castra
1055 2400 1084 2425 et
1097 2395 1160 2426 alia
1174 2396 1257 2427 bona

251 2443 453 2474 Brixineusis
468 2445 620 2475 ecclesiae
637 2447 775 2477 Heni-ico
791 2447 936 2486 episcopo
951 2448 1134 2479 restituant.

292 2497 328 2525 ln
338 2506 366 2528 e.
378 2506 422 2526 m.
440 2506 580 2536 ..regem
593 2499 811 2529 Romanorum
824 2505 913 2539 rogat
926 2505 960 2531 ut
972 2502 1056 2540 apud
1069 2502 1127 2539 M.‚
1142 2503 1257 2533 ducem

251 2549 455 2588 Carintbiae,
481 2554 512 2580 et
534 2552 593 2589 A.‚
617 2553 766 2582 comitem
789 2552 946 2591 Goritiae‚
971 2555 1097 2585 insistat
1119 2560 1155 2586 ut
1174 2555 1257 2587 bona

254 2602 455 2633 Brixinensis
471 2603 620 2634 ecclesiae
636 2605 777 2636 Henrico
793 2607 938 2646 episcopo
954 2609 1135 2639 restituant.

295 2667 306 2681 α
326 2656 366 2686 Ut
384 2657 452 2694 regi
466 2666 614 2696 regum...
629 2676 667 2680 ——
685 2659 756 2689 Dat.
776 2665 932 2699 utsupra.
951 2673 966 2687 »

321 2801 573 2831 4035-40315
779 2805 905 2842 Orvieto,
926 2807 957 2835 18
974 2809 1088 2843 Janvier
1108 2809 1185 2838 1291.

291 2863 450 2898 Nepotibus
471 2865 606 2892 haeretici
623 2867 774 2901 cujusdam
796 2868 925 2903 indulget
943 2874 973 2897 ut
993 2871 1028 2898 ad
1050 2872 1183 2908 ordines,
1203 2874 1258 2901 ho-

257 2919 350 2943 nores,
367 2913 522 2947 dignitates
537 2918 563 2940 et
580 2915 717 2942 beneficia
732 2917 928 2945 ecclesiastica
947 2919 1004 2955 apti
1021 2921 1089 2949 sint.
1106 2921 1189 2953 (Rea.
1206 2923 1239 2950 45
1251 2946 1257 2956 .

254 2967 280 2985 c.
295 2960 360 2991 672,
377 2961 395 2988 f.
416 2962 463 2989 13ss
480 2966 529 2994 νο.)

297 3048 402 3078 Dilecto
421 3050 485 3086 filio
511 3052 620 3081 Ysarno
639 3053 788 3091 Marione,
806 3057 1066 3097 archipresbytero
1086 3061 1119 3090 in
1136 3062 1258 3092 ecclesia

1333 445 1566 475 Carcassonensi
1578 467 1584 478 ,
1602 441 1750 480 indulget
1772 445 1807 471 ut
1823 440 1864 471 ad
1888 449 2001 471 omnes
2021 439 2167 476 ordines,
2190 439 2343 479 honores,

1331 498 1488 528 beneficia
1514 496 1745 532 ecclesiastica,
1769 494 1891 531 officia,
1907 494 2098 532 dignitates,
2122 493 2219 524 etiam
2237 493 2344 532 digui-

1333 555 1428 581 tatem
1447 549 1658 590 episcopalem
1680 548 1730 578 vel
1748 547 2051 587 archiepiscopalem
2077 547 2153 586 eligi
2176 547 2292 585 possit,
2315 551 2346 579 et

1333 608 1367 634 ut
1389 602 1737 641 archipresbyteratum
1762 610 1859 640 quem
1884 601 1919 630 in
1945 600 2080 631 ecclesia
2099 600 2345 632 Carcassonensi

1332 657 1471 693 obtinet,
1496 656 1547 685 cui
1573 654 1783 694 parrochialis
1806 653 1940 684 ecclesia
1961 653 2001 684 de
2022 653 2190 690 Monzano,
2217 652 2347 684 Carcas-
2394 652 2400 662 “

1333 709 1480 740 senensis
1498 708 1665 744 dioecesis,
1683 717 1808 738 annexa
1823 711 1887 743 est,
1906 711 1935 737 et
1953 706 2043 737 aliud
2061 706 2221 746 quoddam
2247 706 2346 738 bene·
2387 723 2391 733 .

1333 762 1445 793 ficium
1461 761 1724 800 ecclesiasticum,
1740 761 1810 791 sine
1825 769 1912 798 cura,
1931 759 2074 799 ejusdem
2087 759 2256 796 dioecesis,
2272 767 2346 790 cum

1333 815 1488 845 fructibus
1513 814 1670 853 perceptis
1693 823 1730 844 ex
1755 814 1818 851 eis,
1843 814 1985 844 retinere
2010 813 2134 850 valeat3
2161 820 2347 852 quanquam

1332 868 1494 908 quondam
1514 868 1644 898 Eleazar
1664 868 1703 898 de
1720 867 1842 905 Grava,
1862 867 1954 897 miles
1973 867 2013 896 de
2035 866 2180 896 Petriaeo
2193 890 2200 902 ,
2221 865 2345 897 Narbo—

1333 922 1444 951 nensis
1464 921 1630 959 dioecesis,
1654 922 1725 960 ejus
1749 930 1828 951 avus
1850 924 2025 956 maternus,
2043 920 2083 949 ab
2098 918 2347 958 inquisitoribus

1333 984 1388 1014 per
1403 974 1612 1004 diffinitivam
1634 975 1829 1004 sententiam
1850 974 1910 1004 fuit
1935 973 2208 1012 condempnatus,
2229 974 2261 1002 et
2277 974 2354 1017 post·
2368 991 2375 998 -

1332 1028 1512 1067 abjuratam
1529 1027 1691 1058 haeresim
1708 1027 1886 1058 haereticos
1909 1026 1990 1056 vidit
2012 1035 2067 1056 seu
2090 1025 2242 1063 visitavit,
2261 1028 2294 1055 et
2309 1024 2348 1056 de
2393 1014 2400 1042 ἓ

1332 1090 1459 1113 carcere
1473 1082 1508 1111 in
1525 1090 1588 1121 quo
1606 1090 1661 1121 pro
1677 1081 1804 1112 haeresi
1821 1085 1932 1120 captus
1946 1080 2150 1111 detinebatur
2165 1078 2301 1118 aufugit,
2317 1082 2349 1110 et

1332 1135 1481 1171 demum,
1498 1135 1589 1165 omni
1605 1134 1728 1166 haeresi
1744 1135 1873 1174 penitus
1888 1135 2049 1173 abjurata,
2066 1133 2106 1163 ad
2122 1133 2219 1163 fidem
2235 1132 2345 1164 catho-

1332 1188 1428 1219 licam
1453 1188 1550 1219 rediit
1574 1193 1605 1218 et
1630 1189 1671 1219 ab
1697 1188 1945 1227 inquisitoribus
1973 1186 2207 1226 poenitentiam
2235 1186 2347 1216 devoto

1332 1242 1462 1281 recepit,
1481 1241 1536 1272 sed
1552 1250 1617 1272 non
1634 1241 1817 1281 complevit.

1375 1308 1389 1324 «
1408 1296 1531 1326 Meritis
1545 1300 1597 1326 tue
1611 1296 1814 1335 probitatis...
1832 1311 1872 1318 —
1882 1295 1955 1325 Dat.
1970 1294 2055 1334 apud
2068 1294 2344 1332 Urbemveterem,

1332 1358 1372 1380 xv
1388 1349 1543 1393 kalendas
1560 1349 1726 1384 februarii,
1744 1357 1831 1379 anno
1847 1348 1950 1379 tertio.
1971 1361 1982 1374 a

1374 1404 1413 1433 In
1430 1412 1458 1434 e.
1475 1412 1519 1433 111.
1541 1402 1652 1433 Santio
1671 1402 1854 1439 Morlanae‚
1877 1401 1992 1432 rectori
2015 1400 2168 1432 ecclesiae
2189 1400 2228 1431 de
2248 1399 2347 1431 Podio
2394 1439 2397 1441 -

1333 1456 1480 1492 Therico,
1495 1455 1759 1486 Carcassonensis
1772 1455 1937 1493 dioecesis,
1953 1454 2102 1493 indulget
2114 1458 2150 1485 ut
2164 1454 2203 1484 ad
2219 1453 2346 1484 easdem

1333 1510 1507 1548 dignitates
1535 1510 1611 1548 eligi
1634 1514 1665 1540 et
1686 1509 1854 1540 ecclesiam
1880 1509 1919 1540 de
1941 1509 2043 1540 Podio
2062 1508 2209 1544 Therico,
2236 1516 2346 1538 curam
2378 1514 2390 1544 ζ

1333 1564 1520 1594 animorum
1549 1563 1739 1600 habentem,
1768 1562 1983 1601 ecclesiasque
2008 1562 2048 1592 de
2079 1561 2222 1592 Bubanis
2251 1565 2283 1591 et
2307 1560 2347 1592 de

1334 1616 1522 1654 Chabriam,
1545 1625 1682 1656 quarum
1701 1625 1766 1646 una
1784 1616 1943 1655 dependet
1964 1615 2004 1646 ab
2025 1615 2142 1651 altera,
2162 1614 2234 1645 sine
2250 1622 2344 1652 cura,

1334 1680 1407 1702 cuni
1423 1671 1579 1701 fructibus
1594 1671 1750 1709 perceptis
1765 1679 1804 1700 ex
1819 1670 1881 1707 eis,
1900 1669 2042 1700 retinere
2057 1669 2165 1708 possit.

1404 1832 1522 1861 403¹?

1371 1894 1411 1922 Ut
1425 1894 1582 1930 episcopus
1598 1892 1783 1920 Florentinus
1803 1896 1948 1919 summam
1971 1892 2094 1918 duorum
2117 1891 2239 1918 millium
2259 1890 2348 1918 flore-

1875 1829 2004 1860 Orricto,
2021 1829 2054 1856 21
2066 1829 2180 1864 Janvier
2195 1828 2276 1855 1291.

1336 1952 1439 1970 norum
1468 1943 1530 1970 auri
1558 1942 1731 1977 quibusdam
1762 1941 1937 1968 Florentinis
1966 1940 2176 1968 mercatoribus
2204 1940 2346 1968 restituat.
2394 1955 2395 1959 =

1336 1992 1420 2026 (Rau.
1437 1993 1481 2025 45,
1499 2000 1526 2018 e.
1543 1992 1604 2023 673,
1624 1992 1642 2018 f.
1664 1991 1711 2018 137
1727 1992 1776 2024 r⁰.)

1380 2118 1399 2124 ..
1415 2095 1524 2125 Sancte
1543 2094 1704 2123 Trinitatis
1719 2093 1895 2122 Florentine
1913 2097 1939 2121 et
1963 2114 1983 2121 ..
2008 2092 2043 2121 de
2060 2090 2160 2129 Ripole
2175 2100 2264 2129 prope
2280 2091 2348 2121 Flo·
2394 2127 2398 2133 Ι

1337 2150 1481 2185 rentiam,
1496 2149 1616 2177 ordinis
1634 2147 1728 2177 Vallis
1740 2147 1892 2183 umbrose,
1907 2146 2166 2176 monasteriorum
2180 2145 2346 2175 abbatibus.

1337 2202 1420 2233 Cum
1441 2201 1606 2237 Andreas,
1631 2200 1797 2239 episcopus
1818 2199 2040 2235 Florentiuus,
2067 2198 2259 2237 indulgente
2279 2198 2348 2229 Ho-

1338 2255 1431 2286 norio
1446 2255 1547 2290 ΙΙΙΙῑῡ,
1566 2264 1584 2284 a
1602 2255 1688 2284 Dino
1705 2253 1877 2290 Johaunis,
1896 2253 1935 2283 de
1951 2253 2101 2283 societate
2117 2252 2261 2282 Thomae
2276 2250 2348 2291 Spi-

1337 2310 1405 2340 liati
1435 2313 1466 2339 et
1490 2309 1570 2348 Lupi
1597 2309 1743 2346 Hugonis
1770 2308 1906 2347 Spinae,
1933 2307 2055 2338 civium
2083 2311 2114 2337 et
2135 2309 2348 2337 mercatorum

1338 2363 1614 2400 Florentium-um,
1632 2362 1855 2392 commodante
1871 2369 1928 2391 suo
1945 2361 2047 2399 ipsius
2062 2360 2196 2391 nomine
2211 2363 2242 2390 et
2255 2367 2348 2399 prae·
2383 2378 2387 2388 2

1338 2417 1496 2447 dictorum
1520 2416 1661 2446 Thomae
1691 2419 1721 2445 et
1745 2415 1844 2454 Lupi,
1869 2414 2031 2445 Johanuis
2053 2413 2184 2451 Jacobi,
2207 2411 2349 2452 Philippi

1339 2470 1470 2509 Rogerii
1487 2469 1638 2507 Manecti,
1658 2469 1742 2499 Getii
1758 2468 1876 2499 Donati
1890 2471 1920 2498 et
1934 2467 2082 2498 omnium
2098 2466 2238 2498 aliorum
2253 2465 2350 2497 socio-

1339 2533 1412 2554 rum
1434 2524 1474 2554 de
1499 2523 1647 2554 societate
1669 2522 1845 2562 praedicta,
1869 2529 2030 2552 summam
2050 2520 2188 2551 duorum
2211 2518 2348 2550 millium

1340 2578 1535 2609 florenorum
1551 2577 1638 2613 auri,
1660 2576 1781 2607 eisdem
1798 2575 2028 2606 mercatoribus
2044 2574 2138 2604 certis
2153 2573 2222 2605 loco
2241 2577 2273 2603 et
2288 2575 2348 2602 ter-

1340 2632 1430 2662 mino
1440 2630 1724 2666 restituendorum,
1736 2629 1902 2668 receperit,
1915 2627 2078 2658 Honorius
2089 2635 2169 2666 papa
2181 2624 2350 2666 praedictis

1340 2685 1506 2716 abbatibus
1529 2682 1694 2714 mandavit
1718 2686 1752 2713 ut
1776 2681 1940 2713 Andrearn
1964 2691 2020 2712 seu
2045 2681 2114 2721 ejus
2136 2686 2348 2716 successorem

1341 2739 1367 2769 si
1395 2739 1430 2769 in
1456 2738 1581 2768 statutis
1606 2737 1675 2767 loco
1701 2740 1732 2767 et
1757 2736 1895 2766 termino
1921 2734 2152 2765 mercatoribus
2179 2741 2243 2764 non
2269 2734 2371 2774 esset·

1341 2792 1549 2828 satisfactum,
1575 2799 1708 2821 monere
1732 2793 1894 2826 curarent,
1921 2793 1955 2818 ut
1977 2787 2062 2818 inira
2082 2795 2186 2818 unum
2205 2793 2349 2817 mensem
2387 2810 2393 2822 ,

1341 2850 1410 2886 post
1427 2845 1642 2876 monitionem
1668 2842 1854 2883 hujusmodi
1875 2842 1916 2872 de
1939 2841 2022 2871 dicta
2043 2840 2180 2880 pecunia
2193 2848 2268 2871 cum
2283 2846 2349 2870 res-

1342 2900 1521 2930 tauratione
1534 2898 1749 2937 dampnorum
1761 2895 1992 2926 mercatoribus
2006 2894 2220 2931 satisfaciant,
2234 2899 2350 2932 eosque

1340 2953 1380 2985 ad
1405 2953 1437 2983 id
1464 2961 1519 2992 per
1545 2949 1885 2982 excommunicationis
1911 2948 2106 2978 sententiam
2129 2949 2295 2985 cogerent,
2320 2947 2350 2977 et
2380 2982 2383 2986 .

1342 3006 1463 3038 tamdiu
1490 3006 1575 3045 ipsos
1596 3004 1733 3043 singulis
1754 3003 1867 3034 diebus
1887 3000 2058 3032 dominicis
2075 3003 2105 3030 et
2125 2999 2261 3035 festivis,
2278 2995 2349 3037 pul·
2382 3005 2388 3014 ·

1341 3061 1415 3091 satis
1431 3059 1595 3099 campanis
1606 3061 1636 3089 et
1652 3057 1795 3088 candelis
1810 3055 1966 3092 accensis,
1979 3052 2272 3085 excommunicatos
2290 3059 2348 3090 pu·
2395 3093 2397 3099 Ι
