2342 3652
952 354 1171 393 PREMOERE
1193 353 1350 393 ANNEE.
2156 368 2187 397 11

109 435 267 471 quatenus
287 439 359 460 cum
379 430 501 461 Thoma
519 431 557 461 de
579 431 721 461 Multona
740 431 841 461 milite
868 433 898 460 et
920 430 1109 467 Margareta,

108 484 284 524 praedictae
306 483 475 521 dioecesis,
501 484 687 524 dispensare
704 484 816 519 valeat,
840 487 873 513 ut
890 483 924 512 hi
940 483 973 511 in
997 483 1109 512 matri-

108 537 217 567 monio
239 536 323 575 quod
347 536 425 566 olim
448 542 674 567 contraxerunt
690 541 720 567 et
734 537 766 566 in
783 544 845 574 quo
860 535 942 565 filios
963 543 1108 574 procrea-

107 595 200 627 runt,
227 591 413 628 ignorantes
435 603 447 616 ‹
469 591 553 629 quod
577 590 739 629 quondam
761 588 909 618 Ysabella
933 597 1011 618 uxor
1033 588 1108 617 dicti

108 643 239 677 Thome,
260 643 336 672 dum
352 644 483 679 viveret,
512 643 614 673 eidem
645 643 820 679 Margarete
845 641 878 670 in
899 645 1010 679 quarta
1032 649 1107 670 con-

107 695 330 733 sanguinitatis
346 695 431 726 linea
446 697 621 726 attinebat»
641 703 807 725 remanere
821 694 952 732 possint.

147 761 160 775 ιι
178 749 306 778 Intenta
316 748 427 778 salutis
443 750 628 788 operibus...
643 764 683 770 —
698 747 769 777 Dat.
780 747 891 782 Rome,
909 746 991 785 apud
1006 746 1105 776 Sauc-

106 806 174 832 tum
195 802 337 839 Petrum,
354 802 499 832 kalendis
520 802 607 838 maii,
623 809 708 831 anno
724 801 836 839 primo.
859 812 872 826 »

177 989 232 1016 82
593 986 801 1017 Saint-Pierre,
818 987 852 1013 ‘26
868 987 938 1013 avril
956 987 1033 1014 1288.

139 1051 323 1087 Dispensatio
338 1050 518 1078 matrimonii.
539 1049 622 1083 (Rso.
640 1049 684 1082 44,
701 1057 726 1075 0.
743 1048 787 1082 29,
804 1049 824 1075 f.
840 1047 857 1075 8
873 1052 924 1077 vo.)

144 1167 247 1197 Eidem
278 1166 446 1197 committit
477 1168 634 1204 quatenus
657 1173 731 1194 cum
761 1164 912 1194 Jobanne
936 1164 974 1193 de
1004 1164 1104 1194 Bean-

103 1220 225 1250 mundo
240 1224 270 1250 et
282 1220 415 1258 Agnete‚
432 1218 532 1248 dictae
549 1218 712 1255 dioecesis,
731 1218 916 1256 dispensare
935 1217 1049 1255 valeat,
1069 1222 1104 1248 ut

102 1273 137 1302 in
153 1273 355 1302 matrimonio
381 1271 466 1310 quod
481 1270 557 1300 olim
582 1274 810 1301 contraxerunt
826 1274 855 1300 et
879 1271 913 1300 in
937 1279 999 1309 quo
1020 1270 1103 1301 filios

102 1330 317 1366 procrearunt,
335 1334 433 1364 quum
464 1325 650 1362 ignorarent
665 1333 699 1354 se
715 1328 828 1363 quarto
848 1324 948 1362 gradu
965 1333 1103 1354 consan-

101 1379 265 1418 guinitatis
281 1379 464 1416 conjunctos
480 1386 559 1414 esse,
578 1386 746 1407 remanere
762 1378 893 1416 possint.

148 1445 160 1459 ι
175 1432 300 1462 Intenta
314 1431 424 1461 salutis
439 1431 596 1470 operibus.
606 1454 625 1460 ..
639 1448 678 1453 —
692 1432 765 1462 Dat.
778 1432 891 1470 Rome,
903 1433 988 1472 apud
1001 1432 1101 1463 Sanc—

102 1491 170 1516 tum
184 1485 325 1521 Petrum,
341 1493 374 1514 vr
389 1483 542 1514 kalendas
558 1485 647 1522 maii,
665 1493 750 1515 anno
767 1485 880 1524 primo.
901 1498 913 1512 ι,

132 1731 268 1763 Johanni,
285 1732 376 1758 electo
391 1730 546 1765 Perusino,
562 1732 730 1758 conceditur
743 1737 773 1759 ut
787 1733 962 1760 diaconalem
978 1737 1005 1759 et
1019 1742 1101 1768 pres-

98 1780 250 1815 byteralem
266 1779 396 1811 ordines,
419 1782 448 1806 et
463 1780 647 1815 postmodum
662 1781 888 1807 consecrationis
904 1789 1010 1808 munus
1026 1783 1100 1809 reci-

98 1836 164 1864 pere
178 1828 278 1856 valeat.
295 1827 378 1862 (Rae.
395 1829 439 1863 44,
456 1837 481 1855 c.
500 1828 543 1861 30,
560 1829 580 1855 f.
599 1829 614 1856 8
630 1831 683 1861 vo.)

615 1669 826 1704 Saint-Pierre‚
848 1671 863 1697 5
879 1671 934 1697 mai
952 1671 1028 1698 1288.

354 1904 374 1917 ο

137 1935 246 1966 Dilecto
262 1936 326 1974 filio
343 1937 496 1974 Iohanni,
521 1938 608 1967 electo
630 1938 791 1968 Perusino.
817 1950 830 1965 u
855 1938 936 1968 Cum
954 1943 981 1969 te
997 1948 1099 1978 nuper

96 1989 130 2019 in
148 1989 390 2020 subdiaconatus
409 1990 523 2021 ordine
541 1991 749 2021 constitutum
773 1991 904 2022 ecclesie
920 1992 1094 2027 Perusine,

98 2046 174 2072 tunc
193 2047 314 2081 pastore
341 2044 479 2080 carenti,
505 2043 545 2073 de
569 2044 705 2074 fratrum
730 2049 912 2075 nostrorum
939 2054 1098 2076 consensu

97 2095 322 2135 prefecerimus
342 2097 377 2126 in
398 2096 580 2136 episcopum
597 2101 628 2127 et
651 2102 807 2136 pastorem
822 2122 829 2135 ,
845 2098 1005 2128 devotioni
1023 2104 1074 2129 tue
1089 2123 1096 2136 ,

97 2152 132 2178 ut
149 2157 167 2178 a
183 2157 381 2188 quocumque
400 2149 540 2180 volueris
559 2150 714 2181 catholico
731 2151 894 2190 episeopo,
913 2152 1048 2189 gratiam
1068 2157 1099 2183 et

96 2201 353 2231 communionem
368 2202 536 2241 apostolice
556 2203 640 2233 sedis
655 2203 806 2242 habente,
825 2204 858 2233 in
875 2204 1045 2234 diaconum
1067 2209 1099 2235 et

95 2253 317 2292 presbyterum
333 2258 362 2284 te
375 2255 475 2293 possis
490 2256 593 2286 facere
612 2257 737 2286 statutis
752 2257 949 2296 temporibus
968 2267 1096 2296 promo-

95 2306 182 2343 veri3
208 2310 238 2336 et
256 2310 422 2345 postquam
439 2308 478 2337 ad
493 2309 650 2347 predictos
672 2310 800 2340 ordines
824 2310 922 2340 fueris
946 2311 1006 2341 rite
1029 2320 1097 2349 pro-

94 2363 198 2389 motus
212 2381 220 2395 ,
244 2359 350 2397 quivis
369 2359 440 2390 talis
455 2362 634 2401 episcopus,
657 2372 676 2392 a
692 2366 721 2393 te
739 2372 833 2402 super
848 2363 909 2394 1100
930 2364 1096 2394 humiliter

93 2412 284 2451 requisituS,
303 2413 408 2443 ascitis
429 2414 489 2445 sibi
504 2415 626 2446 duobus
647 2416 697 2446 vel
715 2417 814 2447 tribus
837 2417 908 2446 aliis
925 2417 1094 2456 episcopis,

94 2465 341 2494 consecrationis
364 2474 483 2497 munus
514 2468 582 2499 vice
610 2473 718 2500 nostra
750 2470 807 2500 tibi
842 2470 945 2500 valeat
975 2466 1095 2510 imper-

93 2517 159 2552 tiri,
175 2518 360 2548 auctoritate
377 2521 570 2557 presentium
586 2522 736 2553 duximus
751 2523 1002 2554 concedendum.
1021 2524 1094 2555 Dat.

93 2570 216 2607 Rome,
242 2571 325 2610 apud
353 2571 505 2603 Sanctum
526 2574 676 2612 Petrum,
705 2586 741 2606 111
765 2577 860 2607 nonis
886 2577 982 2614 maii,
1010 2586 1096 2609 anno

92 2632 206 2662 pl'lmo.
227 2636 240 2651 ι’

163 2808 220 2836 64
710 2813 802 2846 Rieti,
824 2815 853 2842 13
870 2816 925 2842 mai
945 2815 1021 2843 1288.

128 2869 179 2904 Ut,
198 2879 265 2897 cum
279 2872 422 2905 generalis
438 2872 562 2899 ministri
577 2873 684 2901 ordinis
698 2875 817 2902 fratrum
833 2877 975 2904 minorum
992 2877 1093 2904 electio

88 2918 174 2945 fuerit
195 2919 338 2952 facienda,
363 2920 500 2947 custodes
523 2920 754 2957 uniuscujusque
772 2925 936 2959 provinciae
953 2934 1042 2952 unum
1058 2934 1094 2952 ex

89 2967 162 3002 ipsis
177 2969 368 3000 constituant,
395 2973 423 2996 et
443 2970 470 2996 ei
491 2969 570 2996 vices
585 2978 654 2997 suas
670 2973 862 3004 committant,
888 2974 1041 3009 ipsumque
1057 2974 1092 3001 ad

88 3015 182 3042 locum
208 3017 236 3044 in
260 3026 316 3052 quo
333 3018 433 3045 electio
457 3019 542 3046 fuerit
564 3019 732 3047 celebranda
753 3022 961 3057 transmittant,
987 3023 1091 3058 hicque

1192 438 1277 455 unam
1300 438 1400 456 vocem
1425 430 1572 457 dumtaxat
1594 431 1705 458 habeat.
1739 431 1827 464 (Res.
1854 432 1905 462 44,
1933 441 1958 458 c.
1986 433 2037 460 31.
2064 434 2082 459 f.
2106 434 2120 460 8
2143 442 2189 464 ἐιη

1192 476 1307 509 ΡοττΗ.,
1325 479 1434 512 22705.)

1230 580 1349 608 Dilectis
1375 581 1473 617 filiis..
1499 582 1636 618 generali
1662 586 1687 610 ec
1713 581 1950 619 provincialibus
1978 583 2130 611 ministris
2157 592 2192 612 ac

1190 633 1341 661 unit-ersis
1351 634 1498 668 fratribus
1510 634 1628 662 ordinis
1639 635 1774 669 fratrum
1790 635 1957 662 ulmorum.
1977 647 2026 663 ι...
2042 635 2192 673 Exposuit

1190 684 1349 722 siquidem
1365 685 1456 715 nobis
1474 690 1578 715 vestre
1594 686 1769 716 devotionis
1785 686 1951 716 humilitas
1963 687 2045 725 quod
2062 688 2095 716 in
2108 688 2190 717 beati

1189 737 1351 767 Francisci
1369 739 1477 776 regula
1494 739 1578 768 inter
1599 744 1703 768 cetera
1723 740 1913 770 continetur,
1933 740 2016 778 quod
2033 741 2191 778 generalis

1188 790 1328 820 ministri
1341 792 1462 821 ordinis
1479 792 1621 830 ejusdem
1640 792 1749 822 electio
1766 802 1783 822 a
1794 794 1950 822 ministris
1964 799 1993 822 et
2009 794 2190 824 custodibus

1188 844 1437 882 provincialibus
1452 845 1639 874 celebretur.
1659 846 1805 884 Cumque
1823 846 1863 875 ab
1878 846 1978 885 ipsius
1994 847 2116 876 ordinis
2132 849 2191 878 fra-

1189 896 1290 925 tribus
1306 896 1398 931 olim,
1419 898 1545 927 vivente
1561 897 1665 927 adhuc
1682 898 1782 927 felicis
1797 899 2022 928 recordationis
2038 899 2190 937 Gregorio

1187 958 1266 987 papa
1282 958 1382 986 nono,
1406 950 1626 988 predecessore
1642 956 1766 986 nostro⁷
1789 957 1989 981 revocaretur
2004 952 2039 981 in
2057 953 2190 983 dubium

1186 1006 1295 1032 utrum
1322 1003 1490 1033 universos
1521 1003 1644 1033 ordinis
1676 1005 1843 1034 memorati
1870 1005 2014 1035 custodes
2042 1005 2189 1037 electioni

1187 1056 1374 1095 hujUsmodi
1397 1061 1554 1095 oporteret
1571 1057 1780 1095 personaliter
1798 1058 1970 1094 interesse,
1995 1058 2097 1088 dictus
2120 1069 2188 1098 pre-

1186 1109 1331 1139 decessor
1350 1119 1443 1148 snper
1458 1110 1518 1140 hoc
1539 1111 1577 1140 ab
1600 1111 1720 1140 eisdem
1742 1111 1893 1141 fratribus
1918 1112 2106 1150 requisitus,
2133 1113 2189 1143 de-

1186 1162 1336 1192 clarando
1364 1163 1544 1201 respondit,
1573 1167 1607 1192 ut
1633 1163 1833 1201 singularum
1861 1165 2091 1202 provintiarum
2118 1175 2189 1196 cus-

1186 1216 1272 1245 todes
1301 1225 1401 1245 unum
1430 1225 1465 1245 ex
1500 1225 1532 1245 se
1563 1216 1639 1254 ipsis
1662 1217 1856 1246 constituant
1882 1217 1974 1255 eique
2005 1227 2099 1256 super
2130 1218 2189 1249 hoc

1186 1269 1386 1298 committant
1401 1269 1614 1299 communiter
1629 1270 1713 1300 vices
1732 1279 1824 1306 suas;
1848 1269 1962 1299 similis
1979 1280 2105 1309 qnoque
2123 1281 2188 1301 res-

1185 1322 1350 1360 ponsionis
1371 1322 1554 1359 oraculum,
1581 1331 1598 1351 a
1619 1323 1669 1361 pie
1691 1323 1846 1352 memorie
1868 1323 1999 1353 Nicolao
2022 1333 2098 1362 papa
2121 1324 2186 1361 ΙΙΙ,

1185 1375 1405 1414 predecessore
1422 1379 1548 1410 nostro,
1578 1376 1679 1405 extitit
1697 1376 1731 1405 in
1747 1376 1806 1406 hac
1828 1381 1914 1415 parte
1934 1376 2102 1415 prolatum.
2122 1377 2186 1407 Ve-

1186 1438 1257 1458 rum
1289 1429 1363 1467 quia
1387 1429 1422 1458 in
1450 1429 1593 1467 generali
1618 1429 1739 1459 ordinis
1766 1430 1937 1468 supradicti
1969 1430 2127 1469 capitulo,
2153 1432 2188 1460 in

1186 1481 1465 1520 Montepesulano,
1483 1482 1719 1520 Magalonensis
1735 1482 1867 1512 diocesis
1882 1506 1888 1518 ‚
1907 1484 2091 1521 nuperrime
2110 1483 2186 1514 cele-

1184 1535 1292 1571 brato⁷
1317 1535 1356 1564 de
1379 1535 1567 1573 hujusmodi
1585 1535 1790 1565 dubitationis
1813 1535 1945 1565 articulo
1967 1545 2112 1574 expressa
2126 1560 2134 1573 ‚
2155 1541 2188 1566 nt

1184 1588 1312 1625 dicitnr,
1329 1589 1449 1618 mentio
1466 1588 1547 1618 facta
1560 1589 1639 1625 fuit3
1660 1597 1717 1618 nos
1735 1587 1879 1618 nolentes
1898 1593 1931 1617 ut
1947 1598 2040 1627 super
2056 1588 2114 1619 hoc
2130 1589 2188 1619 ali—

1183 1650 1245 1680 qua
1261 1642 1358 1679 possit
1373 1641 1506 1671 ulterius
1521 1641 1675 1671 dubitatio
1691 1641 1829 1671 suboriri
1843 1665 1848 1670 .
1867 1640 2035 1679 apostolica
2053 1642 2187 1672 auctori-

1186 1699 1246 1724 tate
1267 1694 1457 1724 declarando
1473 1695 1663 1730 statuimus,
1683 1699 1712 1723 et
1734 1694 1900 1724 statuendo
1923 1694 2018 1723 etiam
2043 1694 2185 1724 declara-

1183 1756 1255 1777 mus
1269 1773 1274 1784 ,
1290 1751 1324 1777 ut
1338 1756 1411 1777 cum
1426 1747 1613 1786 hujusmodi
1629 1747 1739 1777 electio
1754 1747 1850 1776 suerit
1864 1747 2024 1783 facienda,
2042 1748 2186 1778 custodes

1184 1801 1436 1839 uniuscujusque
1452 1801 1613 1839 provincie
1637 1809 1738 1830 unum
1763 1809 1799 1830 ex
1823 1809 1855 1830 se
1877 1800 1953 1839 ipsis
1969 1801 2183 1838 constituant,

1183 1858 1212 1884 et
1227 1853 1257 1883 ei
1272 1854 1356 1883 vices
1374 1862 1446 1883 suas
1462 1854 1683 1888 committant,
1705 1854 1875 1891 ipsumque
1890 1853 1927 1882 ad
1952 1853 2055 1883 locum
2075 1854 2107 1882 in
2124 1862 2186 1892 quo

1183 1907 1293 1936 electio
1313 1906 1423 1936 eadem
1442 1911 1514 1936 tunc
1531 1906 1625 1935 fuerit
1641 1905 1829 1935 celebranda
1846 1906 2078 1942 transmittant,
2096 1906 2186 1945 isque

1182 1961 1237 1998 qui
1264 1960 1309 1989 sic
1332 1960 1371 1989 ab
1395 1959 1471 1998 ipsis
1493 1959 1676 1989 custodibus
1699 1960 1890 1989 constitutus
1911 1959 2066 1995 extiterit,
2087 1968 2186 1989 unam

1181 2022 1289 2043 vocem
1306 2012 1470 2042 dumtaxat
1490 2021 1546 2051 pro
1561 2021 1593 2042 se
1610 2017 1639 2042 et
1656 2012 1700 2041 eis
1719 2012 1868 2042 omnibus
1887 2012 2000 2041 babeat
2016 2017 2045 2042 et
2062 2012 2183 2042 intelli-

1180 2070 1273 2104 gatur
1284 2066 1411 2102 habere,
1427 2074 1462 2096 ac
1475 2074 1529 2104 pro
1542 2074 1606 2095 una
1619 2073 1693 2095 voce
1706 2065 1924 2095 tantummodo
1935 2065 1974 2095 ab
1985 2064 2056 2094 aliis
2067 2066 2183 2095 admit-

1182 2123 1284 2155 tatur,
1306 2119 1473 2157 presertim
1496 2127 1569 2148 cum
1598 2118 1657 2148 hoc
1679 2127 1696 2147 a
1721 2118 1834 2156 prefati
1854 2117 2000 2156 Gregorii
2025 2118 2185 2156 predeces-

1180 2172 1260 2202 soris
1287 2176 1426 2210 tempore
1449 2181 1550 2210 usque
1574 2180 1661 2201 nunc
1686 2171 1782 2201 suerit
1804 2171 2024 2207 observatum3
2051 2172 2133 2210 quod
2158 2172 2184 2201 si

1180 2226 1275 2255 etiam
1291 2225 1435 2255 custodes
1450 2224 1540 2254 illius
1555 2225 1719 2263 provincie
1733 2247 1742 2260 ‚
1762 2225 1795 2253 in
1813 2233 1875 2262 qua
1890 2224 2074 2261 hujusmodi
2092 2224 2183 2254 debe-

1179 2279 1232 2309 bat
1255 2278 1365 2309 electio
1391 2278 1563 2314 celebrari,
1581 2281 1742 2316 presentes
1765 2277 1898 2307 aderant
1918 2278 1951 2307 iu
1977 2277 2044 2307 loco
2063 2278 2101 2307 ad
2124 2277 2183 2306 hoc

1180 2337 1255 2362 tunc
1271 2331 1423 2370 temporis
1439 2331 1587 2369 deputato
1600 2353 1608 2367 ,
1628 2338 1691 2360 non
1713 2339 1824 2360 omnes
1841 2330 1881 2359 ad
1898 2330 2031 2360 eandem
2054 2331 2183 2360 fuerunt

1179 2385 1367 2416 electionem
1383 2384 1534 2421 admissi,
1558 2383 1613 2413 sed
1630 2392 1713 2413 unus
1728 2383 1868 2422 ipsorum
1888 2387 1962 2413 tunc
1977 2384 2016 2413 ab
2033 2384 2077 2413 eis
2096 2391 2182 2413 com-

1178 2439 1319 2469 muniter
1335 2438 1540 2474 constituam,
1558 2445 1614 2476 pro
1636 2437 1715 2475 ipsis
1731 2436 1882 2467 omnibus
1899 2437 2056 2466 admissus
2082 2436 2182 2465 extitit

1178 2492 1218 2522 ad
1245 2492 1397 2528 eandem,
1424 2499 1480 2530 pro
1507 2499 1539 2520 se
1565 2499 1600 2520 ac
1624 2490 1670 2519 eis
1700 2498 1799 2519 unam
1826 2498 1935 2519 vocem
1964 2489 2181 2518 tantummodo

1177 2545 1359 2582 habiturus,
1381 2548 1411 2574 et
1427 2544 1471 2574 sic
1487 2543 1634 2573 volumus
1652 2543 1685 2572 in
1712 2547 1872 2581 posterum
1889 2542 2062 2572 observari.
2090 2540 2181 2570 Nulli

1178 2607 1252 2636 ergo
1267 2602 1324 2627 etc.
1347 2598 1462 2627 Nostre
1478 2596 1700 2626 declarationis
1717 2600 1747 2625 et
1763 2596 1870 2625 statuti
1887 2599 1943 2625 etc.

1218 2663 1232 2678 α
1254 2651 1306 2680 Ad
1321 2654 1438 2680 statum
1455 2649 1663 2688 pacificum...
1680 2664 1720 2671 —-
1735 2649 1807 2677 Dat.
1825 2648 1933 2683 Reate,
1951 2656 1986 2677 111
2001 2647 2073 2677 idus
2089 2647 2178 2682 maii,

1176 2713 1262 2734 anno
1277 2704 1391 2743 primo.
1413 2715 1426 2730 n

1247 2863 1304 2890 65
1797 2859 1873 2886 Rieti
1885 2881 1891 2892 ‚
1912 2860 1942 2886 13
1958 2859 2013 2886 mai
2031 2859 2106 2886 1288,

1210 2925 1254 2952 Ne
1270 2925 1379 2951 ordinis
1394 2924 1513 2950 fratrum
1533 2924 1677 2949 minorum
1692 2922 1726 2948 de
1741 2926 1837 2949 cetero
1853 2922 2064 2956 provinciarum
2076 2921 2178 2947 divisio

1174 2976 1219 3001 vel
1235 2982 1374 3001 novarum
1399 2973 1612 3008 provinciarum
1629 2972 1828 3006 multiplicatio
1844 2971 1952 3005 absque
1968 2970 2091 2997 Romani
2108 2978 2178 3005 pon-

1174 3024 1260 3050 tificis
1282 3023 1396 3050 licentia
1418 3022 1475 3049 fiat.
1504 3021 1596 3054 (Rae.
1614 3021 1646 3047 44
1661 3043 1667 3052 ,
1683 3029 1709 3047 c.
1727 3020 1759 3047 32
1773 3043 1779 3052 ,
1804 3020 1822 3046 f.
1839 3020 1854 3047 9
1871 3026 1912 3053 r0;
1930 3019 2045 3050 Porru„
2067 3018 2176 3051 22706.)
