2342 3652
912 369 1165 417 QUATRIEME
1187 367 1344 408 ANNnu.
2116 374 2174 404 659

125 466 138 480 «ι
156 454 286 483 Pridem
302 452 342 482 ad
359 456 538 482 nostram...
558 468 595 473 -
612 451 682 481 Dat.
702 449 784 489 apud
806 448 1067 478 Urbemveterem
1079 468 1086 481 ,

84 515 108 536 11
127 506 199 536 idus
218 506 342 542 martii,
361 513 447 535 anno
465 508 587 543 quarto.
606 516 620 531 ³>

154 676 273 705 4565

120 738 304 773 Dispensatio
320 745 407 772 super
423 737 536 763 defectu
553 737 696 763 natalium.
715 735 797 768 (Rso.
815 735 859 764 46,
871 743 895 760 6,
910 734 951 765 5-2,
966 734 984 759 f.
998 732 1030 758 10
1042 731 1089 763 ro.)

672 673 799 707 Orvieto,
817 674 831 699 5
848 680 923 698 mars
940 670 1018 697 1291.

124 841 252 870 Heni-ico
271 841 303 869 cle
320 840 442 875 Estude,
462 839 584 872 clerico,
610 838 839 867 ll'incloniensis
857 837 989 865 (heresis.
1009 836 1090 865 Cum

85 902 123 924 eo
138 893 303 931 dispensat
320 897 370 928 ut,
391 900 452 921 non
472 892 615 921 obstante
634 891 754 920 defectu
776 890 949 924 natalium,
968 890 1006 919 ad
1022 898 1090 919 om-

85 955 142 976 nes
157 946 284 975 ordines
301 945 479 983 promoveri
495 948 524 973 et
540 943 789 973 ecclesiasticum
807 943 995 972 beneficium
1010 943 1091 972 obti-

84 1008 162 1029 nere
179 998 292 1028 valeat.
313 1016 347 1019 —
364 998 458 1027 Pater
473 998 554 1035 ejus,
571 1005 644 1026 cum
663 996 740 1026 olim
762 996 899 1034 puellam
919 996 1091 1034 quamdam

84 1052 228 1082 nondum
246 1052 285 1081 ad
302 1051 447 1090 copulam
464 1050 664 1089 conjugalem
680 1054 784 1088 aptam
803 1049 942 1079 duxisset
961 1057 1091 1079 uxorem

86 1110 115 1136 et
137 1105 194 1135 illa
215 1105 242 1135 ei
265 1105 407 1135 debitum
430 1104 532 1133 facere
555 1112 619 1133 non
643 1102 778 1138 valeret,
802 1102 898 1132 aliam
923 1102 1091 1131 mulierem

84 1159 233 1197 cognovit
266 1158 437 1188 carnaliter
475 1162 504 1187 et
542 1156 737 1195 praedictum
774 1156 950 1185 Henricum
985 1165 1021 1185 ex
1057 1164 1093 1184 ea

85 1213 208 1252 genuit.

128 1278 141 1293 κ
158 1265 331 1303 Illegitime
347 1265 473 1304 genitos
493 1273 610 1303 qnos...
627 1280 665 1285 —
681 1264 752 1292 Dat.
772 1263 854 1301 apud
883 1263 1092 1292 Urbemvete-

85 1327 169 1356 rem,
187 1328 220 1348 111
238 1327 338 1348 nonas
354 1317 478 1354 martii,
494 1325 580 1346 anno
595 1321 717 1355 quarto.
740 1329 750 1340 n

150 1490 273 1520 45ssss
655 1489 785 1519 Orvieto,
808 1489 836 1514 10
851 1496 927 1514 mars
944 1487 1021 1514 1291.

121 1552 249 1579 Licentia
260 1551 422 1579 celebrandi
433 1552 527 1578 divina
539 1552 629 1578 officia
641 1556 768 1585 tempore
781 1551 922 1585 generalis
938 1550 1091 1577 interdicti.

87 1600 170 1634 (REG.
188 1601 230 1632 46,
248 1609 272 1626 e.
290 1600 332 1633 53,
349 1600 367 1626 f.
388 1600 419 1626 10
433 1600 481 1633 ro.)

127 1725 148 1733 ..
167 1704 267 1741 priori
282 1708 308 1732 et
324 1704 476 1739 fratribus
491 1702 648 1739 hospitalis
665 1703 850 1740 leprosorum
871 1702 903 1731 de
922 1702 1016 1737 Colle,
1038 1702 1092 1730 Pe-

84 1757 192 1786 rusina
209 1757 347 1792 diocesis,
364 1755 510 1793 indulget
527 1760 570 1792 ut,
589 1759 729 1794 tempore
745 1756 903 1796 generalis
920 1756 1091 1793 interdicti,

85 1809 121 1840 in
140 1809 275 1840 ecclesia
289 1809 467 1848 hospitalis,
487 1818 598 1839 eorum
615 1809 781 1848 capellani,
799 1810 876 1848 ipsis
895 1818 930 1839 ac
947 1810 1091 1848 leprosis,

86 1863 249 1893 conversis
266 1863 443 1901 ceterisque
467 1863 679 1893 familiaribus
695 1863 837 1901 ejusdem
860 1863 1026 1901 hospitalis
1043 1873 1093 1893 as-

88 1916 293 1953 sistentibus,
319 1916 427 1946 divina
456 1917 558 1946 officia
584 1916 737 1946 celebrari
767 1920 797 1946 et
820 1917 878 1955 ipsi
907 1917 945 1945 ab
972 1916 1093 1946 eisdem

89 1969 265 2008 capellanis
281 1969 494 1999 ecclesiastica
510 1974 708 1999 sacramenta
724 1970 863 2008 recipere
880 1970 1011 2008 possint.

129 2034 142 2049 «
161 2022 336 2052 Desideriis
354 2023 464 2052 vestris
478 2022 550 2052 in...
568 2040 604 2044 —
621 2023 692 2052 Dat.
710 2023 793 2061 apud
811 2023 1091 2060 Urbemveterem,

85 2085 118 2105 V1
133 2075 205 2105 idus
221 2075 344 2112 martii,
363 2084 448 2105 anno
463 2080 586 2115 quarto.
607 2088 620 2102 »

154 2242 412 2271 4562-45139

121 2303 328 2339 Indulgentiae.
347 2304 430 2337 (Res.
448 2305 490 2336 46,
508 2313 534 2331 c.
551 2305 595 2336 54,
611 2305 630 2331 f.
651 2306 681 2331 10
698 2306 749 2338 νο.)

649 2242 780 2276 Orvieto,
799 2243 830 2269 15
848 2251 923 2269 mars
945 2243 1019 2270 1291.

129 2406 281 2435 Universss
301 2405 415 2435 Christi·
435 2406 575 2443 fidelibus
593 2412 742 2444 presentes
765 2409 880 2436 litteras
903 2408 1091 2445 inspecturis.

85 2459 329 2497 Indulgentiam
344 2459 491 2489 concedit
508 2460 602 2489 unius
613 2461 691 2489 anni
703 2464 777 2490 etxn
791 2461 916 2490 dierum
934 2461 1094 2499 poeniten-

86 2512 172 2542 tibus
201 2517 231 2542 et
258 2512 413 2542 confessis
443 2514 497 2551 qui
525 2513 690 2543 ecclesiam
723 2515 880 2552 prioratus
910 2515 949 2543 de
980 2515 1094 2544 Sancto

86 2565 248 2602 Maxiano,
266 2565 391 2595 ordinis
409 2566 442 2595 S.
463 2566 636 2603 Benedicti,
656 2567 855 2597 Belvacensis
875 2568 1037 2602 dioecesis,
1059 2568 1093 2596 in

87 2618 140 2649 die
159 2618 324 2649 dominica
347 2619 381 2648 in
403 2628 465 2658 qua
488 2625 632 2649 cantatur
652 2632 666 2647 α
685 2621 795 2651 Letare
810 2621 988 2651 Jerusalem
1014 2634 1040 2658 υ,
1060 2621 1093 2650 111

87 2672 225 2710 singulis
247 2673 357 2702 beatae
382 2673 503 2702 Mariae
524 2673 659 2711 virginis
682 2679 712 2703 et
733 2680 915 2704 sanctorum
936 2674 1094 2704 zlobannis

87 2725 259 2764 Baptistae,
281 2726 366 2755 Petri
386 2731 415 2755 et
430 2726 525 2756 Pauli
546 2726 758 2765 apostolorum
783 2728 1022 2764 festivitatibus,
1041 2737 1095 2766 per

87 2781 155 2808 octo
180 2777 247 2807 dies
272 2783 441 2816 sequentes
465 2783 495 2808 et
516 2780 549 2808 in
572 2780 793 2810 anniversario
813 2781 862 2810 die
882 2781 1094 2811 dedicationis

87 2830 231 2869 ejusdem
251 2830 402 2861 ecclesiae
422 2832 635 2862 visitaverint.

129 2895 142 2910 «
169 2884 256 2914 Licet
277 2884 303 2913 is
328 2884 404 2913 de...
429 2901 468 2907 —
492 2885 562 2915 Dat.
582 2886 665 2924 apud
686 2887 962 2924 Urbemveterem,
988 2888 1094 2917 idibus

86 2936 208 2971 martii,
227 2945 313 2966 anno
331 2942 453 2975 quarto.
474 2950 487 2964 n

654 2993 785 3028 Orvieto,
803 2995 841 3020 1εν
856 3002 931 3020 mars
950 2994 1026 3020 1291.

128 3052 165 3082 In
180 3061 206 3082 e.
223 3061 266 3081 m.
284 3052 414 3089 eisdem,
431 3063 486 3092 pro
499 3054 630 3085 ecelesia
645 3056 753 3086 Sancti
769 3056 931 3086 Pancratii
944 3056 1096 3094 martyris

1171 444 1208 474 de
1225 445 1407 481 Aramone,
1428 444 1587 474 Uticensis
1608 442 1774 477 dioecesis,
1794 441 1828 470 in
1848 441 1989 479 ejusdem
2006 441 2174 479 martyris,

1171 498 1271 526 sancti
1284 496 1408 526 Nicolai
1422 496 1557 535 episcopi
1572 498 1601 525 et
1611 494 1802 525 confessoris
1816 497 1846 523 et
1858 494 1967 523 beatae
1978 492 2173 523 Catlierinae

1171 550 1323 588 martyris
1339 550 1576 584 festivitatibus,
1595 557 1649 587 per
1663 551 1732 577 octo
1748 547 1814 576 dies
1830 550 1996 585 sequentes
2014 550 2043 576 et
2063 546 2097 575 in
2114 555 2173 576 an-

1172 603 1347 632 niversario
1363 602 1414 632 die
1428 601 1638 632 dedicationis
1659 600 1802 639 ejusdem
1824 599 1985 629 ecclesiae.
2005 600 2076 630 Dat.
2092 599 2175 638 apud

1173 655 1446 691 Urbemveterem,
1464 655 1610 684 kalendis
1627 654 1745 690 martii,
1763 662 1848 683 anno
1864 657 1987 691 quarto.

1752 739 1879 771 Orvieto,
1897 739 1913 766 ‘3
1929 747 2005 766 mars
2023 739 2102 766 1291.

1212 811 1251 840 In
1272 821 1299 841 e.
1324 821 1366 841 m.
1384 812 1514 848 eisdem,
1534 819 1588 849 pro
1606 810 1737 840 ecclesia
1756 810 1870 839 Beatae
1891 809 2010 838 Mariae
2029 809 2066 838 de
2085 807 2178 838 Valle

1172 865 1281 899 viridi,
1303 865 1533 895 Nemausensis
1551 864 1718 898 dioecesis,
1740 863 1773 892 in
1793 867 1928 901 quatuor
1947 862 2091 900 ejusdem
2111 861 2175 890 vir—

1172 918 1256 955 ginis
1281 922 1311 947 et
1334 918 1364 947 S.
1385 918 1543 947 Johannis
1562 917 1720 955 Baptistae
1741 915 1963 945 festivitatibus
1988 919 2018 944 et
2039 924 2095 953 per
2109 918 2178 944 octo

1173 970 1240 1000 dies
1257 975 1435 1009 sequentes.

1216 1035 1228 1049 ιι
1254 1024 1351 1061 Virga
1370 1022 1596 1052 venustissima
1615 1026 1680 1052 et...
1702 1037 1742 1043 -
1762 1021 1832 1050 Dat.
1857 1020 1939 1059 apud
1968 1020 2176 1050 Urbemvete-

1174 1086 1252 1113 rem,
1270 1086 1300 1106 vi
1321 1085 1420 1106 nonas
1438 1076 1560 1111 martii,
1577 1083 1662 1105 anno
1678 1079 1802 1113 quarto.
1823 1086 1836 1099 »

1244 1269 1303 1297 45
1309 1269 1365 1297 ’ἳθ

1209 1331 1292 1357 Carta
1311 1330 1505 1357 univcrsitatis
1520 1329 1554 1355 de
1570 1329 1700 1356 Graiaco.
1718 1328 1800 1360 (ΗΕΘ.
1815 1327 1857 1359 46,
1871 1335 1897 1353 c.
1915 1327 1957 1360 55,
1974 1326 1993 1352 f.
2011 1326 2042 1353 10
2058 1327 2110 1358 v0.)

1761 1266 1887 1297 Orvieto,
1906 1266 1919 1290 7
1938 1272 2013 1291 mars
2031 1264 2108 1291 1291.

1223 1448 1386 1475 Venerabili
1406 1447 1500 1482 fratri
1521 1469 1539 1474 ..
1560 1446 1778 1481 archiepiscopo
1802 1444 1974 1471 Bitsmztmo.
1999 1454 2012 1468 α
2039 1441 2181 1471 Sollicite

1175 1500 1440 1530 considerationis
1458 1498 1611 1535 indagine
1636 1497 1864 1535 perlustrantes
1884 1495 1965 1533 quod
1988 1504 2042 1533 per
2060 1494 2182 1524 littera-

1176 1564 1246 1584 rum
1272 1554 1396 1589 studia,
1423 1557 1609 1592 cooperante
1636 1551 1690 1581 illo
1709 1560 1726 1580 a
1747 1559 1809 1589 quo
1836 1550 2057 1579 universorum
2082 1548 2182 1578 caris—

1176 1612 1297 1637 matum
1321 1607 1405 1636 dona
1428 1609 1578 1639 manant,
1605 1605 1638 1633 in
1664 1604 1756 1633 terris
1775 1603 1808 1632 in
1831 1602 1948 1641 quibus
1971 1601 2080 1631 haberi
2107 1610 2182 1631 nos-

1176 1666 1291 1691 cuntur
1306 1660 1490 1689 divinorum
1508 1658 1610 1687 cultus
1628 1658 1774 1694 augetur,
1792 1655 1904 1685 crescit
1920 1655 2042 1684 devotio
2058 1658 2088 1683 et
2104 1654 2181 1683 fides

1176 1714 1332 1745 catholica
1354 1712 1537 1747 invalescit,
1553 1721 1588 1741 ac
1609 1720 1719 1741 earum
1737 1709 1840 1739 incole
1859 1709 2012 1738 virtutum
2030 1708 2182 1737 decorau—

1178 1773 1228 1798 tur
1244 1767 1393 1805 insigniis
1410 1767 1533 1804 sibique
1552 1765 1714 1794 thesauros
1729 1763 1859 1792 scientie
1874 1761 2043 1791 vendicant
2058 1761 2184 1790 cunctis

1177 1822 1325 1860 operibus
1337 1818 1560 1859 preferendos,
1578 1817 1683 1847 studia
1706 1817 1773 1855 ipsa
1795 1815 1933 1845 libenter
1948 1815 1981 1844 in
2000 1814 2077 1844 locis
2093 1814 2182 1852 plan—

1177 1880 1280 1905 tamus
1302 1872 1498 1908 accomodis,
1516 1875 1562 1908 et,
1584 1875 1618 1899 ut
1634 1869 1773 1908 plantata
1795 1871 1995 1898 succrescant
2014 1872 2043 1897 et
2062 1867 2182 1905 germi-

1177 1934 1271 1965 nent,
1295 1927 1457 1966 apostolici
1479 1925 1594 1954 favoris
1614 1923 1765 1960 suffragio
1781 1922 1997 1952 confovemus.
2021 1920 2103 1950 Cum
2122 1921 2180 1950 ita-

1176 1992 1252 2022 que,
1277 1982 1358 2011 sicut
1377 1980 1483 2010 dilecti
1505 1978 1564 2007 filii
1582 2001 1602 2008 ..
1624 1977 1733 2006 Sancti
1754 1975 1847 2005 Pauli
1870 1974 2036 2004 Bisuntiui
2058 1978 2125 2002 et..
2146 1973 2184 2002 de

1176 2035 1300 2074 Golya,
1323 2033 1447 2063 ordinis
1469 2032 1499 2061 S.
1527 2029 1721 2068 Augustini,
1748 2037 1783 2058 ac
1806 2027 1946 2057 aliorum
1971 2026 2183 2065 quorumdam

1176 2088 1444 2120 monasteriorum
1474 2086 1601 2115 abbates
1630 2087 1659 2113 et
1686 2082 1886 2121 prioratuum
1916 2080 2036 2119 priores
2063 2088 2098 2109 ac
2129 2079 2183 2108 alii

1176 2144 1375 2173 diversorum
1393 2140 1543 2170 ordinum
1563 2136 1705 2174 religiosi
1720 2140 1750 2165 et
1765 2134 1871 2164 clerici
1888 2133 2058 2168 seculares,
2079 2132 2181 2162 diver-

1176 2205 1283 2226 sarum
1299 2193 1482 2224 facultatum
1497 2190 1641 2228 magistri
1652 2187 1869 2227 quamplures,
1887 2186 2056 2215 Bisuntine
2070 2185 2182 2214 civita-

1176 2251 1215 2280 tis
1229 2254 1258 2279 et
1274 2247 1416 2281 diocesis,
1436 2253 1559 2275 necnon
1576 2248 1606 2273 et
1622 2241 1738 2272 nobilis
1754 2241 1804 2270 vir
1823 2263 1842 2269 ..
1858 2248 1963 2270 comes
1982 2238 2182 2276 Burgundie,

1176 2312 1231 2342 per
1254 2311 1327 2332 suas
1353 2304 1493 2339 patentes
1520 2298 1643 2327 litteras
1671 2303 1845 2332 eorumque
1874 2292 1990 2330 sigillis
2017 2292 2179 2328 munitas,

1176 2357 1268 2387 nobis
1284 2356 1434 2385 intimare
1450 2355 1617 2386 curarunt,
1637 2349 1725 2379 locus
1742 2348 1781 2377 de
1797 2347 1947 2383 Graiaco,
1965 2351 2017 2375 tue
2033 2345 2181 2380 diocesis,

1176 2407 1381 2440 consideratis
1397 2405 1546 2435 attentius
1563 2405 1631 2442 ejus
1645 2400 1895 2431 circumstantiis
1913 2399 2082 2434 universis,
2095 2406 2182 2427 acco-

1177 2463 1289 2493 modus
1309 2466 1339 2491 et
1357 2464 1448 2498 aptus
1463 2456 1741 2497 quamplurimum
1763 2453 1867 2483 studio
1883 2453 2084 2487 dinoscatur,
2107 2460 2182 2486 nos,

1177 2516 1300 2556 publice
1317 2513 1460 2544 utilitatis
1475 2510 1666 2550 profectibus
1679 2507 1827 2546 expedire
1841 2515 1906 2535 non
1922 2505 2083 2535 modicum
2098 2504 2181 2533 arbi-

1178 2575 1295 2600 trantes
1329 2572 1363 2597 ut
1391 2565 1527 2596 cultores
1559 2562 1712 2601 sapientie
1741 2562 2008 2597 augmententur,
2043 2558 2183 2586 fructum

1176 2624 1403 2656 desideratum,
1422 2619 1578 2656 largiente
1596 2613 1967 2646 scientiarum-domino,
1990 2612 2021 2639 in
2045 2615 2184 2648 tempore

1178 2675 1382 2717 producturi,
1404 2676 1550 2710 gerentes
1571 2671 1665 2699 etiam
1688 2668 1726 2697 de
1748 2671 1799 2696 tue
1820 2664 2114 2703 circumspectionis
2131 2663 2183 2691 in-

1177 2730 1297 2760 dustria
1320 2726 1466 2757 fidutiam
1491 2725 1524 2753 iu
1549 2723 1686 2753 Domino
1710 2719 1898 2759 specialem,
1925 2716 2114 2746 fraternitati
2133 2720 2184 2744 tue

1177 2794 1231 2823 per
1257 2781 1426 2821 apostolica
1452 2778 1568 2815 scripta
1593 2774 1784 2804 mandamus
1814 2776 1972 2809 quatenus
1996 2768 2183 2798 auctoritate

1177 2842 1283 2868 nostra
1305 2834 1402 2864 facias
1425 2837 1455 2862 et
1477 2829 1629 2861 concedas
1647 2833 1681 2857 ut
1697 2828 1730 2856 in
1747 2826 1831 2855 dicto
1848 2825 1915 2853 loco
1937 2823 1976 2852 de
1992 2822 2124 2852 Graiaco
2143 2822 2183 2850 sit

1177 2892 1327 2928 deinceps
1351 2886 1492 2917 studium
1514 2881 1680 2921 generale,
1699 2880 1733 2909 in
1757 2887 1819 2917 quo
1837 2876 1982 2914 magistri
2003 2875 2136 2905 doceant
2154 2879 2184 2903 et

1177 2944 1311 2974 scolares
1329 2941 1427 2970 libere
1443 2937 1589 2968 studeant
1603 2939 1632 2964 et
1647 2933 1779 2963 audiant
1793 2932 1826 2959 in
1848 2929 1962 2968 quavis
1977 2928 2065 2958 licita
2083 2926 2183 2956 facul-

1179 3003 1249 3028 tate.
1270 2996 1307 3025 Et
1324 2995 1349 3024 si
1366 2993 1420 3032 qui
1435 2999 1580 3030 processu
1600 2986 1747 3025 temporis
1764 2985 1797 3014 in
1816 2983 1926 3013 eodem
1942 2981 2047 3011 studio
2063 2980 2184 3010 fuerint

1177 3050 1248 3090 qui,
1266 3048 1396 3078 scientie
1412 3044 1558 3075 bravium
1573 3039 1727 3076 assecuti,
1746 3037 1806 3067 sibi
1820 3035 1955 3066 docendi
1969 3033 2134 3064 licentiam
2152 3038 2184 3062 ut
