2342 3652
0 3405 34 3652 ssffiff‚„
26 3370 27 3375 „
26 3328 27 3333 „

921 376 1153 412 TROISIEME
1174 373 1329 412 ANNEE.
2112 388 2166 417 571

84 448 232 487 susceptis
249 447 414 477 ordinibus
432 447 616 477 ministrare
628 471 636 485 ,
653 447 692 477 ad
709 448 887 486 superiores
909 448 1085 486 promoveri

85 507 114 533 et
129 499 375 531 ecclesiasticum
394 499 586 529 beneficium
606 500 765 538 suscipere
782 501 889 539 possit.

125 565 139 581 «ι
162 552 325 583 Αο00110115
346 552 385 582 311
408 553 639 591 presentiam...
657 569 698 575 —
716 553 786 582 Dat.
807 554 890 592 apud
911 554 1086 584 Urbemve-

86 611 194 644 terem,
212 605 306 636 nonis
321 605 509 640 decembris,
531 614 615 635 anno
633 606 734 635 tertio.
755 618 767 632 »

156 790 273 819 3284

122 851 304 887 Dispensatio
320 851 502 878 matrimonii.
521 851 603 883 (Rae.
622 851 664 883 45,
682 860 706 878 c.
725 851 788 882 569,
807 852 825 878 f.
848 852 894 878 114
912 853 962 884 νῦ.)

572 788 698 820 Orvieto,
717 790 755 815 1er
771 789 920 816 decembre
938 790 1013 817 1290.

130 954 296 984 Venerabili
323 954 419 990 fratri
447 976 467 982 ..
496 954 627 991 episcopo
652 952 894 982 Halberstadensi
918 953 1088 983 committit

85 1009 270 1048 potestatem
287 1005 508 1045 dispensandi,
531 1010 598 1044 post
618 1005 803 1044 diligentem
823 1006 1084 1045 inquisitionem,

86 1060 112 1091 si
134 1059 165 1089 ei
188 1059 313 1089 videtur
335 1059 494 1097 expedire,
521 1067 593 1088 cum
616 1058 786 1088 Bertholdo
809 1059 890 1089 dicto
916 1060 1084 1096 Pincerna,

84 1111 198 1150 milite,
215 1116 245 1142 et
259 1112 331 1142 Uda
344 1112 382 1141 de
400 1112 566 1151 Buyzanu,
583 1111 860 1142 Halberstadensis
875 1112 1039 1148 dioecesis,
1055 1116 1088 1142 ut

83 1166 117 1196 in
131 1165 336 1195 matrimonio
350 1174 515 1195 remanere
531 1164 658 1195 valeant
673 1165 756 1204 qnod
772 1165 848 1194 olim
860 1169 1086 1195 contraxerunt

85 1221 114 1249 et
130 1217 165 1248 in
179 1226 241 1256 quo
252 1217 373 1257 prolem
389 1222 607 1257 procrearunt,
623 1218 806 1256 ignorantes
822 1218 1087 1257 impedimentum

83 1271 160 1303 huic
177 1271 381 1302 matrimonio
397 1281 434 1301 ex
449 1280 485 1302 eo
499 1280 566 1301 esse
583 1272 667 1310 quod
682 1272 766 1301 inter
782 1272 949 1301 Albertum
968 1272 1087 1301 dictum

85 1325 302 1363 Horneborge,
328 1324 477 1364 militem,
500 1324 604 1354 eidem
627 1324 799 1355 Bertholdo
821 1330 932 1364 quarto
952 1334 1086 1355 consan-

85 1377 250 1417 guinitatis
267 1377 367 1416 gradu
387 1379 607 1417 conjunctum,
632 1382 661 1408 et
682 1378 854 1416 praefatam
877 1378 990 1414 Udam,
1015 1388 1087 1408 cum

85 1431 163 1461 haec
179 1431 323 1461 nondum
339 1431 462 1461 nubilis
478 1435 574 1468 esset,
593 1431 752 1470 sponsalia
766 1435 925 1462 contracta
943 1432 1086 1469 fuerunt,

85 1485 200 1525 quibus
215 1485 325 1515 eadem
343 1485 416 1515 Uda
434 1493 498 1515 non
517 1493 662 1524 expresse
677 1485 847 1515 consensit.

125 1550 140 1565 «
165 1538 282 1568 Petitio
303 1538 410 1568 dilecti
432 1538 529 1568 filii...
552 1555 589 1561 —
611 1538 683 1568 Dat.
707 1539 791 1577 apud
813 1539 1086 1576 Urbemveterem,

57 1590 60 1593 ’
85 1591 230 1622 kalendis
249 1591 438 1629 decembris,
455 1599 540 1621 anno
556 1591 658 1621 tertio.
681 1603 694 1618 n

156 1770 406 1799 avez-328⁸?

120 1831 277 1864 Matthaeo,
295 1832 392 1859 Sancti
409 1832 554 1859 Laurentii
570 1833 598 1859 in
615 1832 739 1860 Damaso
755 1834 923 1868 presbytero
942 1834 1085 1868 cardinali,

86 1881 291 1908 monasterium
309 1880 407 1908 Sancti
422 1881 555 1908 Andreae
567 1881 601 1908 de
613 1881 755 1913 Ponzano,
768 1881 897 1909 Civitatis
912 1882 1087 1909 Castellanae

90 1928 239 1961 dioecesis,
256 1929 395 1956 tuendum
410 1931 572 1957 committit.
591 1930 675 1964 (Rae.
693 1931 735 1962 45,
752 1939 778 1957 c.
796 1932 859 1962 570,
879 1932 897 1958 f.
920 1931 966 1958 114
983 1934 1033 1964 vss.)

595 1770 722 1804 Orviet0‚
738 1770 753 1796 ‘2
770 1771 921 1797 decembre
937 1771 1014 1799 1290.

124 2031 233 2060 Dilecto
254 2030 317 2068 filio
341 2033 472 2069 Matheo,
494 2032 578 2062 tituli
598 2033 704 2062 Sancti
727 2034 884 2063 Laurentii
904 2035 938 2062 in
962 2034 1087 2063 Damaso

83 2085 251 2123 presbytero
290 2086 456 2115 cardinali.
493 2098 506 2112 α
542 2086 630 2116 Inter
660 2090 763 2116 cetera
794 2086 1085 2117 sollicitudinum...

85 2137 168 2168 Sane
183 2137 317 2176 contigit
340 2138 502 2168 interdum
520 2139 603 2178 qnod
625 2139 782 2169 nonnulle
799 2144 862 2169 tam
878 2139 1088 2170 ecclesiastice

83 2199 177 2230 quam
194 2191 351 2221 seculares
372 2200 522 2230 persone,
543 2192 663 2222 finibus
685 2193 820 2231 propriis
844 2202 907 2223 non
929 2197 1085 2231 contente,

83 2244 287 2282 monasteria,
299 2244 458 2281 ecclesias,
470 2249 581 2282 castra,
597 2245 723 2282 casalia,
739 2251 847 2283 terras,
861 2247 1085 2285 possessiones,

84 2297 208 2334 domos,
225 2297 331 2335 feuda,
348 2306 402 2327 seu
421 2297 483 2327 alia
499 2299 593 2328 etiam
614 2298 699 2329 bona
718 2308 779 2338 que
797 2300 835 2329 ad
859 2301 1087 2330 monasterium

85 2350 193 2381 Sancti
221 2351 351 2381 Andree
386 2351 424 2382 de
456 2352 620 2390 Ponzano,
653 2353 692 2382 ad
723 2362 889 2383 romanam
922 2354 1087 2384 ecclesiam

85 2403 175 2435 nullo
200 2404 305 2434 medio
322 2405 505 2443 pertinens,
529 2406 652 2436 ordinis
670 2406 779 2437 Sancti
802 2407 983 2441 Benedicti,
1003 2407 1088 2437 Civi-

85 2458 155 2487 tatis
171 2457 351 2488 Castellane
370 2458 524 2495 diocesis,
540 2468 575 2488 ac
599 2460 668 2498 ejus
690 2460 834 2490 membra
853 2465 991 2498 spectare
1012 2469 1088 2490 nos-

86 2515 210 2547 cuntur,
224 2520 458 2550 nonnunquam
471 2512 610 2542 indebite
617 2517 771 2551 occupant
780 2514 1088 2553 etcontrajustitiam

86 2564 229 2595 detinent
250 2568 410 2603 occupata.
430 2565 577 2595 Preterea
592 2565 723 2596 dilectos
744 2566 827 2597 filios
851 2590 868 2596 ..
893 2567 1037 2597 abbatem
1061 2571 1090 2596 et

87 2622 278 2648 conventum
294 2619 480 2649 monasterii
497 2620 687 2658 supradicti,
705 2620 879 2659 quominus
899 2620 999 2659 ipsius
1019 2629 1087 2650 mo-

87 2671 217 2701 nasterii
242 2671 393 2701 vassallos
423 2673 478 2711 qui
502 2672 541 2702 de
568 2673 679 2702 castris
704 2678 735 2703 et
757 2674 848 2702 terris
873 2674 1008 2709 eisdem,
1034 2682 1089 2712 pro

87 2724 265 2754 excessibus
277 2724 342 2754 sive
355 2724 457 2763 culpis
468 2733 545 2764 quos
558 2725 639 2755 inibi
650 2726 864 2762 committunt,
882 2734 936 2764 pro
951 2730 1089 2764 tempore

87 2785 120 2806 se
134 2777 302 2807 absentant
315 2781 370 2808 aut
387 2778 540 2808 recedunt
554 2779 592 2809 de
606 2778 671 2808 illis
688 2780 811 2817 punire,
828 2788 864 2808 ac
878 2779 961 2809 bona
975 2788 1035 2818 que
1050 2780 1088 2808 ad

86 2837 201 2860 manus
216 2839 289 2860 suas
304 2839 322 2860 a
334 2832 528 2862 monasterio
542 2831 610 2870 ipso
623 2836 767 2862 tenent...
782 2841 926 2862 revocare
943 2832 1085 2869 valeant,

86 2881 240 2922 impedire
272 2892 326 2922 pro
360 2892 417 2913 sua
440 2883 602 2914 voluntate
627 2889 828 2923 presumunt.
861 2885 964 2915 Silvas
992 2885 1087 2915 etiam

87 2939 117 2966 et
142 2935 205 2966 alia
228 2945 358 2967 nemora
382 2941 412 2966 et
434 2946 550 2976 pascua
571 2938 757 2968 monasterii
778 2939 949 2977 supradicti
971 2939 1037 2968 suis
1059 2943 1088 2968 et

87 2987 199 3020 alienis
230 2990 442 3028 animalibus,
468 2990 568 3020 veluti
593 2991 734 3030 propria,
764 2992 960 3030 depascenda
994 3000 1086 3030 expo-

87 3049 162 3072 nere
184 3051 220 3072 ac
244 3042 443 3074 herbaticum
468 3043 612 3083 aliosque
636 3044 757 3074 fructus
784 3053 820 3074 ex
841 3044 905 3074 illis
928 3046 1087 3083 percipere

1169 456 1232 477 11011
1250 453 1434 479 verentur...
1448 449 1584 479 Vassalli
1602 450 1681 488 ejus,
1699 450 1840 488 ipsorum
1857 452 2025 488 segetibus,
2045 453 2170 490 pascuis

1169 501 1288 530 eisdem
1317 503 1489 539 contiguis,
1525 502 1696 541 multiplici
1732 504 1912 533 corrosione
1943 504 2111 535 destructis
2141 510 2171 535 et

1169 562 1401 593 nonnunquam
1419 555 1553 585 totaliter
1568 555 1741 593 dissipatis,
1760 561 1876 586 terram
1891 556 1966 586 dicti
1985 559 2171 588 monasterii

1168 606 1406 645 derelinquunt.
1423 608 1512 637 Dicte
1530 617 1654 647 quoque
1673 617 1843 646 persone...
1860 610 2032 648 quominus
2048 619 2169 649 posses-

1168 660 1273 689 siones
1291 660 1419 690 easdem
1435 661 1626 690 laboratores
1643 661 1777 700 quilibet
1792 662 1935 692 excolant
1949 667 1979 692 et
2000 663 2170 702 piscatores

1168 712 1202 740 in
1216 712 1357 750 piscariis
1373 714 1517 743 fluminis
1530 714 1676 753 Tyberis,
1690 714 1729 743 ad
1743 716 1972 745 monasterium
1987 720 2017 745 et
2028 717 2170 746 membra

1168 764 1548 804 predicta-spectantibus,
1565 766 1603 795 ad
1618 767 1803 797 mandatum
1819 768 1940 798 abbatis
1952 773 1981 797 et
1996 774 2171 800 conventus

1168 817 1320 855 ipsorum,
1338 823 1429 856 prout
1447 823 1494 848 est
1512 819 1654 855 solitum,
1674 820 1787 858 piscari
1800 820 1899 850 libere
1913 821 2049 858 valeant,
2069 822 2169 852 inter-

1167 870 1258 907 jectis
1270 870 1420 907 gravibus
1433 871 1733 901 comminationibus
1745 872 1923 910 prohibent.
1932 896 1950 902 ..
1962 874 2031 903 Tibi
2044 883 2171 912 presen-

1169 922 1250 951 tium
1266 924 1450 953 auctoritate
1466 925 1693 954 committimus
1714 929 1744 954 et
1764 925 1953 955 mandamns
1973 931 2167 964 quatenus...

1170 976 1316 1013 quotiens
1335 985 1428 1014 super
1443 976 1628 1015 hujusmodi
1646 978 1919 1015 occupationibus,
1938 979 2168 1015 invasionibus,

1169 1027 1335 1066 dampnis,
1356 1029 1486 1067 inJuriis
1509 1030 1574 1058 sive
1597 1029 1788 1060 molestiis...
1812 1030 1910 1059 fueris
1934 1031 2104 1069 requisitus
2123 1032 2171 1062 vel

1169 1081 1246 1110 alias
1263 1082 1388 1111 noveris
1411 1082 1574 1119 expedire,
1593 1086 1642 1118 tu,
1660 1083 1776 1112 vocatis
1791 1083 1846 1121 qui
1863 1083 1981 1112 suerint
1999 1085 2168 1122 evocandi,

1169 1142 1263 1172 super
1279 1134 1324 1163 eis
1340 1134 1522 1163 auctoritate
1538 1135 1704 1172 premissa,
1717 1144 1753 1164 ex
1770 1135 1882 1171 officio,
1898 1136 2083 1172 summarie,
2101 1137 2172 1167 sine

1170 1188 1299 1224 strepitu
1312 1190 1340 1216 et
1352 1187 1453 1224 figura
1463 1187 1578 1225 judicii
1589 1187 1799 1225 procedens...
1814 1188 2029 1218 molestatores
2044 1189 2171 1219 eosdem

1170 1238 1299 1269 clericos
1317 1243 1347 1269 et
1362 1239 1467 1276 laicos,
1487 1241 1717 1278 cujuscumque
1734 1240 1799 1269 sint
1815 1240 2044 1278 preminentie,
2061 1242 2172 1271 condi-

1171 1292 1265 1322 tionis
1290 1297 1344 1322 aut
1366 1297 1479 1330 status,
1506 1294 1702 1322 cessantibus
1723 1293 1978 1332 quibuscumque
1993 1294 2173 1333 privilegiis
2207 1332 2209 1335 ι

1169 1346 1247 1384 ipsis
1269 1345 1318 1375 vel
1341 1354 1451 1375 eorum
1474 1346 1570 1377 alicui
1588 1346 1646 1375 sub
1666 1346 1778 1384 quavis
1792 1346 1895 1376 forma
1910 1347 2079 1377 verborum
2096 1356 2173 1377 con-

1170 1399 1276 1435 cessis,
1307 1403 1341 1427 ut
1370 1398 1480 1427 invasa
1510 1402 1538 1427 et
1565 1403 1713 1437 occupata
1737 1398 1921 1435 restituant,
1947 1399 1984 1428 de
2011 1400 2169 1439 dampnis,

1169 1452 1299 1490 injuriis
1318 1456 1348 1481 et
1370 1451 1522 1481 molestiis
1538 1451 1663 1490 plenam
1682 1452 1927 1482 satisfactionem
1946 1453 2170 1492 impendant...

1169 1504 1358 1543 compellere
1382 1513 1447 1534 non
1471 1509 1652 1543 postponas,
1677 1505 1854 1534 invocando
1874 1505 1914 1534 ad
1944 1505 2022 1541 hoc,
2044 1506 2069 1534 si
2092 1514 2171 1544 opus

1170 1558 1279 1594 suerit,
1303 1557 1458 1587 auxilium
1486 1557 1609 1587 brachii
1634 1557 1821 1587 secularis...
1842 1559 1914 1587 Dat.
1931 1558 2014 1597 apud
2031 1559 2169 1589 Urbem-

1169 1615 1318 1647 veterem,
1337 1621 1381 1640 1111
1399 1620 1499 1641 nonas
1517 1611 1709 1648 decembris,
1726 1619 1812 1640 anno
1831 1611 1933 1641 tertio.
1955 1624 1967 1638 n

1663 1689 1787 1721 Orvieto‚
1807 1690 1841 1716 ‘23
1857 1690 2007 1717 decembre
2025 1691 2100 1718 1290.

1210 1753 1248 1782 111
1269 1761 1296 1782 0.
1323 1761 1366 1782 m.
1394 1752 1514 1789 eidem,
1535 1761 1590 1791 pro
1617 1753 1809 1783 monasterio
1834 1753 1966 1783 Sanctae
1991 1754 2109 1783 Mariae
2134 1754 2172 1784 de

1170 1806 1316 1843 Farneto,
1334 1805 1373 1835 ad
1389 1814 1555 1835 romanam
1571 1805 1735 1835 ecclesiam
1751 1805 1839 1836 nullo
1858 1806 1963 1836 medio
1980 1807 2170 1845 pertinente,

1169 1860 1290 1890 ordinis
1325 1859 1357 1889 S.
1392 1859 1576 1895 Benedicti,
1613 1859 1765 1889 Aretinae
1794 1860 1956 1889 dioecesis.
1989 1860 2059 1889 Dat.
2088 1860 2172 1898 apud

1171 1913 1445 1948 Urbemveterem,
1468 1922 1487 1941 x
1513 1912 1666 1942 kalendas
1686 1913 1838 1951 januarii,
1867 1921 1952 1943 anno
1984 1913 2085 1943 tertio.
2112 1912 2171 1951 (En

1170 1965 1302 2004 marye.)

1665 2018 1791 2052 (Ji-vieto,
1808 2018 1840 2044 ⁵23
1856 2018 2005 2044 decembre
2023 2018 2098 2046 1290.

1210 2082 1248 2111 In
1275 2090 1301 2111 e.
1330 2091 1372 2111 m.
1401 2081 1520 2118 eidem,
1547 2090 1603 2119 pro
1629 2082 1821 2111 monasterio
1847 2081 1954 2111 Sancti
1983 2081 2169 2116 Salvatoris,

1169 2135 1209 2165 ad
1231 2144 1397 2165 romanam
1416 2135 1581 2165 ecclesiam
1601 2135 1689 2164 nullo
1713 2135 1819 2165 medio
1836 2135 2030 2173 pertinente,
2049 2135 2172 2164 ordinis

1171 2188 1202 2218 S.
1222 2189 1397 2225 Benedicti,
1417 2189 1571 2218 Reatinae
1589 2188 1755 2218 dioecesis.
1775 2189 1845 2217 Dat.
1864 2188 1946 2226 apud
1962 2188 2171 2218 Urbemvete-

1171 2250 1249 2279 rem,
1267 2251 1285 2270 x
1301 2241 1454 2271 kalendas
1468 2241 1621 2280 januarii,
1639 2249 1724 2270 anno
1741 2241 1840 2270 tertio.
1858 2240 1963 2279 (Ibicl.)

1240 2407 1488 2435 3288-3289

1206 2469 1376 2503 Raymundo
1397 2469 1431 2494 de
1461 2468 1550 2495 Ponte
1576 2469 1798 2504 praecentorian'i
1822 2469 1850 2494 in
1873 2468 1994 2494 ecclesia
2020 2467 2170 2493 Valentiua

1170 2518 1288 2544 confert.
1305 2517 1387 2551 (Rue.
1405 2517 1448 2548 45,
1464 2525 1489 2543 c.
1508 2517 1568 2548 571,
1585 2517 1603 2543 f.
1624 2517 1671 2543 115
1689 2518 1735 2549 1¹⁰.)

1680 2405 1806 2437 Orvieto,
1825 2406 1839 2432 4
1854 2405 2005 2432 decembre
2022 2405 2098 2432 1290.

1209 2618 1352 2656 Magistro
1364 2619 1541 2656 Raymundo
1555 2619 1588 2646 de
1601 2619 1701 2654 Ponte,
1714 2618 1868 2654 capellano
1879 2622 1991 2653 nostro,
2002 2617 2170 2654 precentort'

1170 2672 1285 2701 ecclesie
1305 2671 1464 2700 Valentt‘ne.
1477 2671 1512 2700 Ei
1527 2670 1777 2709 praecentoriam
1791 2670 1824 2699 in
1839 2669 1970 2699 ecclesia
1988 2668 2167 2705 Valentina‚

1170 2727 1333 2754 vacantem
1351 2733 1407 2762 per
1424 2723 1544 2753 obitum
1568 2723 1755 2761 Raymundi
1773 2722 1811 2752 de
1836 2722 1989 2758 Moraria,
2011 2721 2067 2760 qui
2085 2721 2168 2760 apud

1171 2778 1279 2807 sedem
1294 2777 1495 2816 apostolicam
1510 2780 1653 2806 mortuus
1670 2780 1730 2813 est,
1747 2775 1878 2805 confert.

1211 2842 1224 2858 α
1247 2830 1403 2860 Insistens
1420 2830 1535 2860 nostris
1551 2833 1617 2859 et...
1639 2846 1677 2850 —
1698 2829 1768 2858 Dat.
1791 2828 1873 2866 apud
1894 2828 2168 2864 Urbemveterem,

1171 2894 1191 2914 11
1207 2892 1307 2914 nonas
1323 2883 1509 2917 decembris,
1528 2890 1612 2912 anno
1628 2881 1730 2911 tertio.
1750 2893 1762 2907 »

1209 2938 1247 2967 In
1268 2946 1294 2966 e.
1318 2945 1360 2966 m.
1386 2959 1405 2966 ..
1423 2936 1567 2975 episcopo
1587 2934 1744 2964 Ilerdensi
1764 2938 1793 2963 et
1811 2933 1963 2971 magistro
1980 2933 2115 2970 Bogerio
2131 2932 2170 2962 de

1170 2991 1316 3026 Salerno,
1334 2989 1558 3019 archidiacono
1579 2988 1816 3022 Panormitano,
1843 2995 1878 3016 ac
1900 2985 2020 3016 Gentili
2042 2986 2079 3015 de
2099 2985 2169 3016 Col-

1170 3043 1274 3081 lealto‚
1299 3042 1451 3073 canonico
1476 3041 1683 3079 Lingonensi,
1710 3039 1884 3079 capellanis
1908 3047 2015 3079 papae,
2040 3039 2171 3068 mandat
