2342 3652
945 370 1178 410 111015111Μο
1199 371 1358 410 ΑΝΝΕΕ.
2142 382 2201 414 563

100 449 196 481 officii
212 447 343 477 solerter
364 451 393 476 et
418 446 591 485 prudenter
617 447 806 483 intendens,
824 451 979 486 quantum
1003 456 1057 484 per
1081 450 1109 475 te

100 502 150 532 vel
161 501 240 531 alios
257 500 293 529 de
309 499 392 529 dicta
408 499 547 536 decima,
565 500 677 538 legatis
695 504 724 530 et
739 499 860 530 relictis
876 500 909 529 in
930 499 1108 529 subsidium

101 555 196 585 Terre
212 553 343 589 Sancte,
360 553 441 582 votis
462 557 491 581 et
509 557 654 582 votorum
675 553 964 590 redemptionibus,
985 557 1110 581 trunco-

101 617 174 638 rum
184 606 325 636 denariis
336 610 366 635 et
375 605 448 634 aliis
456 605 705 635 obventionibus
717 606 985 644 quibuscumque,
997 605 1109 644 quovis

102 662 195 692 modo
217 659 266 689 vel
281 659 370 697 jure,
390 659 556 688 occasione
576 658 626 688 vel
645 667 755 693 causa,
775 659 815 688 ad
832 659 1012 688 subsidium
1029 658 1110 688 dicte

104 717 185 744 terre
213 712 429 751 spectantibus
451 711 600 750 recepisti
629 716 659 741 et
684 721 781 750 penes
811 721 891 750 quos
921 715 1110 741 mercatores

104 765 155 797 vel
171 765 249 796 alios
270 774 305 795 ac
326 765 396 801 ubi,
423 765 551 803 quando
577 770 606 794 et
628 774 735 795 coram
762 766 877 804 quibus
899 765 1071 804 pecuniam
1093 772 1111 793 a

107 823 136 848 te
159 822 317 856 receptam
343 817 502 855 deponere
519 819 687 854 curavisti,
707 822 737 847 et
763 822 921 856 quantum
943 818 1049 847 adhuc
1072 817 1111 846 de

105 872 229 902 decima
247 872 331 910 ipsa,
349 871 461 909 legatis
480 875 509 900 et
531 870 602 900 aliis
625 872 774 901 omnibus
801 872 1008 909 supradictis,
1027 874 1057 899 et
1076 871 1110 899 in

104 925 221 965 quibus
248 928 346 954 restat
372 924 450 954 locis
476 933 530 953 seu
559 924 701 962 partibus
725 924 923 962 colligenda.
953 927 1109 962 quantum

105 978 201 1009 etiam
220 977 366 1016 personis
391 976 456 1006 illis
479 976 596 1015 quibus
623 976 786 1006 interdum
811 986 906 1015 super
926 976 1111 1015 hujusmodi

104 1031 300 1062 collectionis
328 1030 455 1068 negotio
482 1030 565 1059 vices
597 1034 665 1060 tuas
694 1030 729 1059 in
752 1040 788 1060 eo
811 1031 1028 1060 executionem
1050 1029 1110 1058 ali-

104 1093 200 1124 quam
218 1084 423 1119 commisisti,
441 1083 616 1113 exhibuisti
632 1083 747 1113 cotidie
769 1092 824 1122 pro
845 1084 1007 1122 expensis,
1026 1082 1111 1121 quod

105 1139 200 1169 etiam
215 1146 272 1176 pro
291 1138 352 1167 tuis
363 1137 532 1167 cotidianis
548 1136 696 1174 recepisti
713 1137 893 1174 stipendiis,
914 1141 1111 1175 quantumve

103 1190 199 1228 alias,
215 1190 248 1220 in
277 1190 392 1229 quibus
417 1199 472 1220 seu
491 1193 616 1228 propter
635 1198 712 1228 que.
733 1190 766 1219 in
789 1190 915 1227 negotio
934 1189 1112 1228 expendisti

103 1244 243 1283 predicto
268 1248 452 1282 quantoque
478 1248 618 1282 ternpore
642 1244 677 1272 in
704 1243 893 1282 hujusmodi
916 1243 1111 1273 collectionis

36 1302 46 1326 '.·
85 1292 207 1328 ‘officio
222 1297 384 1333 laborasti,
401 1296 582 1326 describere
597 1296 724 1325 studeas
741 1296 916 1335 plenariam
932 1296 1108 1326 veritatem.

105 1350 302 1389 Scripturam
317 1354 424 1379 autem
438 1349 624 1388 hujusmodi
641 1353 745 1379 tecum
762 1350 795 1378 in
814 1354 865 1379 tuo
881 1349 920 1378 ad
934 1358 990 1379 nos
1006 1349 1111 1378 reditu

104 1403 261 1443 proferas,
280 1407 314 1433 ut
332 1407 397 1432 tam
418 1411 475 1441 per
496 1403 598 1441 ipsam
615 1411 712 1441 quarn
732 1411 788 1440 per
813 1407 898 1432 tuam
924 1402 1112 1432 relationem

103 1457 272 1487 informari
300 1456 394 1495 plene
419 1465 513 1495 super
539 1456 703 1495 premissis
729 1456 880 1486 omnibus
907 1456 1111 1486 valeamus...

105 1510 177 1540 Dat.
195 1513 228 1540 ut
243 1519 348 1548 supra.
365 1522 378 1535 ι

175 1682 291 1710 363⁸?ss

141 1744 183 1771 De
215 1744 413 1771 transferenda
444 1746 534 1779 Janua
569 1744 672 1771 domus
706 1745 849 1771 minorum
886 1744 1111 1771 Cameracensis.

108 1792 189 1828 (Rae.
206 1793 251 1828 45,
268 1801 293 1821 0.
312 1793 372 1825 537,
389 1794 410 1820 f.
428 1794 477 1821 108
493 1800 543 1825 v⁰;
561 1793 678 1825 Po‘r'ffl„
696 1794 811 1827 23473.)

597 1681 723 1714 Orvieto,
741 1681 774 1708 20
792 1682 945 1708 novembre
963 1682 1042 1709 1290.

144 1903 262 1933 Dileclis
276 1904 352 1941 filiis
367 1927 385 1933 ..
403 1905 551 1941 preposito
564 1908 591 1932 et
602 1905 733 1941 capitulo
747 1904 865 1933 ecclesie
877 1904 1109 1933 Cameracensis.

106 1956 168 1986 Eos
192 1960 281 1994 rogat
308 1961 341 1986 ut
361 1957 494 1994 januam
524 1956 673 1986 introitus
699 1956 759 1986 loci
784 1957 919 1986 fratrum
947 1958 1109 1986 minorum

104 2008 346 2039 Cameracensis
365 2009 532 2039 transferri
548 2012 745 2047 permittant.

145 2074 159 2089 «ι
180 2062 306 2098 Quanto
323 2062 497 2092 studiosius
514 2063 715 2092 minorum...
729 2079 768 2084 —
784 2064 856 2092 Dat.
874 2064 958 2102 apud
978 2063 1112 2093 Urbem—

103 2119 254 2152 veterem,
270 2125 312 2145 xu
330 2115 484 2146 kalendas
502 2116 690 2153 decembris,
708 2124 794 2146 anno
815 2116 914 2146 tertio.
937 2128 950 2142 ³>

173 2287 292 2316 3680

138 2349 181 2376 De
206 2349 354 2377 Perusinis
373 2350 407 2376 ab
429 2351 728 2377 excommunicatione
751 2350 944 2377 absolvendis.
962 2350 1044 2384 (Rae.
1062 2351 1110 2384 45,

103 2407 128 2426 0.
145 2399 204 2431 538,
223 2400 242 2426 f.
260 2399 308 2427 108
327 2405 374 2432 v⁰;
393 2399 510 2429 ΡοττΗ..
528 2399 637 2432 23479.)

591 2288 723 2320 Orvieto,
740 2288 772 2314 ‘27
790 2288 944 2314 novembre
965 2288 1039 2315 1290.

143 2509 251 2538 Dilecto
269 2510 333 2546 filio
351 2511 447 2546 fratri
462 2510 582 2549 Anqelo,
600 2511 744 2539 ministro
760 2511 896 2546 fratrum
915 2510 1032 2539 ordinis
1050 2512 1111 2538 mi-

103 2570 214 2591 norum
232 2563 388 2599 provincie
404 2561 484 2591 beati
500 2563 672 2599 Francisci,
689 2569 715 2592 ει
735 2586 754 2592 ..
770 2565 871 2602 prlori
884 2564 1112 2600 predicatorum

105 2614 138 2644 de
152 2615 276 2644 Perusia
296 2615 428 2644 mandat
448 2619 483 2644 nt
498 2615 672 2645 Perusinos
692 2616 915 2655 resipiscentes
930 2615 969 2645 ab
985 2623 1111 2644 excom-

104 2667 321 2698 municatione
337 2667 513 2698 absolvant.

145 2731 160 2748 «
183 2721 314 2751 Dudum
346 2726 438 2760 prout
460 2722 532 2752 in...
559 2739 598 2744 —
623 2723 694 2752 Dat.
725 2723 808 2762 apud
835 2722 1110 2758 Urbemveterem,

104 2782 124 2802 v
142 2773 293 2804 kalendas
309 2775 498 2812 decembris,
514 2784 600 2806 anno
617 2775 719 2805 tertio.
739 2787 752 2802 »

92 2868 104 2878 ο

175 2946 261 2975 3⁴38
268 2947 287 2974 1

140 3006 226 3035 Vetat
249 3009 417 3044 episcopum
438 3009 627 3044 Fuliginatem
651 3011 799 3044 assignare
820 3011 969 3045 cuiquam,
988 3014 1018 3036 ut
1037 3010 1062 3036 ei
1082 3010 1112 3036 in

104 3055 198 3083 animo
218 3061 291 3092 erat,
309 3058 372 3084 sine
388 3058 465 3085 sedis
481 3059 656 3093 apostolicae
675 3059 803 3091 licentia,
822 3059 973 3086 ecclesiam
990 3058 1111 3085 Sanctae

616 2948 742 2980 Orvieto‚
759 2949 774 2975 6
791 2948 945 2975 novembre
962 2948 1039 2976 1290.

1194 445 1299 472 Mariae
1321 447 1390 473 foris
1415 456 1514 474 muros
1533 448 1657 474 civitatis
1680 447 1863 482 Fuliginatis,
1881 456 1931 482 per
1951 449 2158 482 promotionem
2180 468 2199 476 ..

1193 495 1321 530 episcopi
1338 496 1494 522 Auximani
1511 500 1667 522 vacantem.
1687 496 1770 529 (Res.
1790 497 1832 530 45,
1850 505 1874 522 c.
1895 497 1955 529 539,
1973 497 1992 522 f.
2014 497 2061 523 10¹.)
2077 499 2125 529 1¹⁰.)

1240 598 1408 626 Venerabili
1422 599 1517 633 fratri
1536 622 1556 627 ..
1575 601 1706 636 episcopo
1724 599 1906 635 Fuliqinali.

1235 662 1248 677 <c
1273 651 1384 689 Nuper
1399 650 1438 680 ad
1455 656 1638 681 nostrum...
1654 668 1693 673 —
1720 652 1790 680 Dat.
1812 650 1896 689 apud
1920 651 2199 686 Urbemveterem,

1194 713 1251 732 vni
1267 703 1339 733 idus
1354 705 1546 741 novembris,
1564 713 1650 734 anno
1668 704 1768 734 tertio.
1788 716 1802 731 n

1266 889 1382 918 3682

1232 950 1423 985 Recipiuntur
1444 951 1498 977 sub
1524 951 1602 977 sedis
1627 951 1799 985 apostolicae
1824 951 2001 985 protectione
2027 954 2203 977 mercatores

1195 999 1355 1026 Placentini
1369 999 1403 1025 de
1419 1000 1555 1025 societate
1572 1000 1747 1025 Scottorum.
1766 998 1848 1031 (Rae.
1866 999 1909 1030 45,
1927 1007 1953 1025 c.
1972 999 2031 1029 540,
2051 999 2069 1025 f.
2090 1000 2137 1026 109
2155 1000 2203 1032 r0.)

1686 889 1811 921 Orvieto,
1830 890 1862 915 ‘20
1879 889 2033 915 novembre
2051 889 2130 916 1290.

1235 1116 1355 1145 Dilectis
1375 1115 1452 1152 liliis
1473 1116 1607 1148 Alberlo,
1623 1115 1799 1143 Johannino
1824 1119 1849 1142 et
1868 1114 1953 1142 Petro
1979 1114 2056 1143 elicto
2080 1114 2201 1151 Scottis,

1194 1170 1301 1206 Epidio
1317 1169 1393 1197 dicio
1411 1168 1612 1203 Buccabarili,
1632 1168 1759 1204 Opizoni
1784 1167 1817 1195 ae
1835 1167 1998 1203 Fragynano
2024 1171 2049 1195 et
2071 1167 2204 1195 (luidoni

1195 1223 1229 1251 de
1243 1222 1367 1257 Cressio,
1381 1222 1498 1250 civibus
1513 1227 1538 1250 el
1552 1221 1772 1249 mercatoribus
1785 1220 1971 1248 Placentinis
1987 1228 2022 1248 ac
2036 1220 2123 1248 sociis
2138 1228 2202 1249 ves-

1197 1276 1252 1304 tris
1270 1276 1303 1303 (le
1317 1276 1451 1304 societate
1466 1275 1635 1303 Scottorum
1653 1274 1686 1302 de
1700 1273 1870 1302 Placentia.

1237 1340 1251 1355 «
1269 1328 1331 1358 Per
1346 1331 1434 1365 grata
1450 1327 1664 1357 devotionis...
1679 1342 1718 1349 -
1734 1326 1804 1355 Dat.
1825 1325 1908 1363 apud
1925 1325 2201 1362 Urbemveterem,

1195 1391 1237 1411 xn
1252 1381 1407 1411 kalendas
1425 1380 1613 1417 decembris,
1630 1388 1715 1409 anno
1734 1379 1836 1409 tertio.
1857 1390 1870 1405 n

1266 1561 1384 1589 3883

1231 1624 1406 1650 Monasterio
1431 1623 1464 1649 de
1480 1622 1759 1649 Ectenhenmunster
1780 1621 1902 1647 ecclesia
1922 1620 1956 1647 de
1973 1619 2127 1654 Scozhem,
2147 1620 2205 1647 Ar-

1197 1673 1377 1708 gentinensis
1398 1672 1554 1706 dioecesis,
1571 1671 1749 1698 conceditur.
1769 1670 1851 1703 (Res.
1869 1670 1913 1701 45,
1930 1677 1955 1696 c.
1974 1669 2035 1703 541,
2052 1669 2071 1695 f.
2090 1668 2140 1696 109
2157 1671 2205 1702 ro.)

1690 1559 1816 1592 Orvieto,
1834 1559 1865 1585 13
1882 1558 2036 1585 novembre
2055 1558 2131 1585 1290.

1238 1811 1259 1820 ..
1286 1790 1386 1819 abbati
1410 1794 1437 1817 el
1458 1789 1618 1818 conventui
1642 1787 1820 1816 monasterii
1843 1786 1877 1815 de
1904 1784 2202 1820 Ectenhenmunster,

1196 1844 1314 1872 ordinis
1342 1843 1372 1872 S.
1403 1842 1571 1877 Benedicti,
1604 1841 1833 1878 Arcentinensis
1865 1840 1999 1868 diocesis.
2029 1837 2206 1868 Confirmat

1195 1900 1301 1926 actum
1330 1903 1392 1934 quo
1423 1894 1672 1932 Argentinensis
1700 1893 1864 1931 episcopus
1892 1892 1939 1921 eis
1969 1890 2135 1921 ecclesiam
2166 1889 2204 1920 de

1196 1949 1361 1986 Scozhem‚
1379 1947 1628 1986 Argentinensis
1645 1946 1809 1983 dioecesiS‚
1828 1946 1862 1975 in
1878 1954 1940 1983 qua
1957 1944 2020 1983 ipsi
2035 1944 2087 1982 jus
2103 1947 2202 1982 patro-

1195 2008 1290 2033 natus
1319 2002 1458 2039 habent,
1485 2005 1637 2040 perpetuo
1659 1999 1842 2038 deputavit,
1871 1998 1959 2028 illius
1989 1997 2121 2027 cedente
2153 1995 2205 2025 vel

1195 2057 1366 2087 decedente
1381 2060 1513 2092 rectore,
1526 2059 1685 2084 reservata
1700 2053 1739 2082 de
1753 2053 1928 2082 redditibus
1944 2051 2040 2090 hujus
2052 2050 2205 2080 ecclesiae

1194 2111 1234 2141 ad
1263 2111 1419 2140 vicarium
1450 2109 1484 2138 in
1516 2108 1626 2138 eadem
1656 2111 1805 2145 perpetuo
1835 2106 2030 2135 serviturum
2064 2111 2205 2141 congrua

1196 2165 1352 2203 portione.

1237 2230 1250 2245 α
1274 2217 1357 2248 Cum
1371 2226 1390 2247 a
1406 2216 1535 2246 nobis...
1553 2232 1591 2237 —
1612 2215 1673 2244 Dat
1693 2214 1776 2253 apud
1795 2213 2078 2246 Urbemveterem,
2097 2210 2204 2239 idibus

1195 2270 1392 2307 novembris,
1408 2278 1494 2299 anno
1513 2269 1614 2298 tertio.
1635 2281 1646 2293 u

1266 2449 1384 2479 3384
1685 2447 1812 2477 Orvieto,
1832 2446 1864 2472 13
1881 2444 2035 2472 novembre
2055 2442 2130 2469 1290.

1230 2513 1403 2540 Conceditur
1418 2513 1556 2539 ecclesiae
1575 2510 1759 2537 Halesaccnsi
1776 2509 1898 2535 ecclesia
1915 2507 1948 2533 de
1966 2506 2067 2536 Scille,
2086 2505 2204 2538 Argen-

1195 2563 1318 2589 tinensis
1332 2562 1484 2588 dioecesis.
1505 2561 1585 2593 (Rae.
1603 2561 1651 2591 45,
1669 2568 1693 2586 c.
1713 2559 1786 2589 541²,
1803 2558 1822 2584 f.
1844 2557 1891 2584 109
1909 2558 1958 2588 1-0.)

1236 2702 1257 2708 ..
1282 2681 1390 2708 decano
1412 2683 1438 2707 el
1457 2679 1591 2716 capitulo
1610 2677 1725 2706 ecclesie
1744 2673 1956 2707 Halesucensis,
1974 2669 2203 2707 ,nlryenlinensis

1195 2734 1336 2770 diocesis,
1361 2731 1528 2762 confirmat
1551 2735 1656 2760 actum
1681 2737 1743 2767 quo
1762 2724 2011 2764 Argentinensis
2038 2722 2203 2760 episcopus

1195 2787 1241 2816 eis
1256 2785 1424 2816 ecclesiam
1444 2785 1481 2814 de
1495 2784 1602 2818 Scille,
1618 2780 1864 2821 Argentiueusis
1882 2776 2045 2809 dioecesis,
2063 2775 2101 2804 ad
2116 2782 2204 2813 prae-

1195 2840 1407 2870 sentationem
1422 2861 1442 2868 ..
1461 2837 1632 2878 praepositi
1648 2835 1792 2875 ejusdem
1808 2831 1960 2863 ecclesiae
1976 2826 2202 2859 Halesacensis

1195 2897 1399 2931 spectantem,
1416 2897 1566 2930 perpetuo
1582 2889 1763 2928 deputavit,
1782 2887 1868 2916 illius
1885 2884 2017 2914 cedente
2039 2881 2086 2911 vel
2110 2880 2203 2910 dece-

1196 2945 1289 2975 dente
1308 2949 1442 2979 rectore,
1460 2948 1619 2974 reservata
1634 2943 1672 2972 <le
1687 2940 1863 2971 redditibus
1880 2938 1978 2976 hujus
1997 2934 2148 2964 ecclesiae
2163 2932 2201 2962 ad

1195 2999 1351 3029 vicarium
1362 2999 1396 3028 in
1408 2997 1518 3028 eadem
1530 3000 1679 3036 perpetuo
1691 2995 1883 3025 serviturum
1895 2997 2036 3027 congrua
2046 2987 2201 3026 portione.

1237 3063 1250 3078 ιι
1274 3051 1356 3082 Cum
1371 3060 1390 3080 a
1404 3051 1534 3081 nobis...
1553 3067 1591 3072 —
1608 3050 1679 3079 Dat.
1698 3052 1732 3078 ut
1749 3055 1855 3085 supra.
1877 3057 1890 3071 1»
