2342 3652
913 389 1154 428 -TROISIEME
1177 389 1334 428 ANNEE.
2117 400 2176 430 603

77 468 193 496 Siciliae
208 471 236 493 et
252 467 279 493 in
296 466 500 492 Beneventana
515 467 640 498 civitate,
654 467 703 501 qui
719 467 887 501 episcopum
905 466 1087 491 Aversanum

79 515 356 545 excommunicavit,
383 522 479 540 coram
508 515 577 541 sede
605 514 762 550 apostolica
787 514 899 541 citatur.
928 513 1011 547 (ΗΕΘ.
1038 514 1086 547 45,

80 573 107 592 ο.
124 564 191 598 694,
208 563 228 590 f.
246 563 296 590 14‘2
313 564 362 595 r0.)

128 673 348 702 Venerabilibus
355 672 505 708 fratribus
521 672 566 708 B.,
584 673 717 709 episcopo
733 672 919 708 Penestrmo,
932 672 1089 709 apostolice

82 726 161 756 sedis
176 726 288 763 legato,
308 730 335 753 et
353 747 373 754 ..
398 725 620 762 archiepiscopo
638 724 829 762 Napolilano.
854 736 867 751 ιι
886 725 937 754 Ad
956 724 1089 753 audien-

85 778 162 809 tiam
184 782 327 808 nostram
352 777 505 807 noveritis
526 778 708 815 pervenisse
733 778 816 816 quod
840 778 936 807 frater
953 777 1090 807 Jacobus

84 830 273 868 Theatinus‚
286 830 410 860 ordinis
424 830 670 868 predicatorum,
687 830 856 869 inquisitor
868 831 1006 860 heretice
1020 838 1090 868 pra-

84 884 191 915 vitatis
211 885 246 914 iu
264 892 364 922 regno
380 883 490 914 Sicilie
508 885 594 913 acin
616 883 742 913 civitate
764 884 989 914 Beneventana
1003 885 1090 922 03115-

85 946 148 977 que
161 938 318 974 districtu,
337 946 483 967 asserens
501 936 584 976 quod
607 938 675 975 ipse
699 946 811 967 omnes
838 938 1090 977 archiepiscopos

84 994 116 1021 et
129 991 302 1029 episcopos,
317 991 457 1026 abbates,
469 990 601 1028 priores,
614 990 761 1026 decanos,
777 990 1029 1026 archidiaconOS‚
1043 999 1091 1020 ar-

83 1044 357 1083 chipresbyteros,
383 1044 572 1079 canonicos,
591 1044 788 1082 primicerios
812 1049 841 1073 et
859 1044 936 1074 alios
959 1044 1091 1074 elericos

85 1101 168 1128 terre
184 1098 332 1133 Laboris,
349 1098 582 1136 cujuscumque
597 1097 779 1134 dignitatis,
801 1097 952 1133 honoris,
974 1102 1088 1133 status,

83 1151 280 1182 conditionis
296 1150 346 1180 vel
361 1151 486 1180 ordinis
501 1150 689 1186 existerent,
707 1159 742 1180 ac
761 1159 871 1180 eorum
888 1151 1023 1180 vicarios
1039 1160 1091 1189 ge-

85 1203 239 1234 neraliter
249 1208 419 1234 monuerat
435 1209 469 1233 ut
484 1208 636 1233 statutum
650 1203 718 1232 sive
733 1203 919 1233 mandatum
937 1204 986 1233 vel
1002 1204 1090 1233 inhi-

83 1257 253 1294 bitionem,
269 1257 295 1287 si
311 1266 374 1296 qua
389 1257 531 1296 ipsorum
548 1255 650 1295 aliqui
667 1256 817 1286 fecissent
838 1266 892 1295 per
909 1266 970 1295 que
989 1262 1092 1296 posset

84 1311 230 1350 ejusdem
247 1310 450 1349 inquisitoris
465 1308 607 1340 officium
629 1310 797 1348 impediri,
818 1311 887 1339 sine
907 1310 1091 1340 difficultate

85 1363 242 1403 qualibet,
266 1364 352 1393 infra
378 1369 500 1394 eertum
525 1363 700 1393 terminum
724 1367 922 1397 revocarent,
950 1369 980 1393 et
1007 1364 1091 1402 quod

84 1417 197 1448 nullus
211 1417 534 1456 archiepiscoporum,
552 1417 771 1455 episcoporum
783 1422 813 1446 et
823 1417 958 1446 aliorum
972 1417 1093 1455 predic-

85 1475 190 1501 torum
201 1494 209 1508 ‚
225 1476 295 1509 post
310 1470 432 1500 dictum
457 1471 631 1500 terminum
642 1494 649 1507 ,
667 1479 722 1509 per
736 1480 769 1500 se
784 1470 834 1500 vel
849 1480 904 1509 per
919 1471 1017 1500 alium
1035 1480 1090 1500 seu

76 1524 166 1555 'alios
181 1524 303 1555 dictum
316 1525 458 1554 officium
474 1525 508 1553 in
524 1524 633 1563 aliquo
649 1524 820 1563 impediret
833 1524 883 1554 vet
900 1525 1013 1554 faceret
1029 1525 1091 1554 im-

85 1578 200 1618 pediri,
216 1578 364 1617 quodque
379 1578 412 1606 in
432 1586 484 1607 eos
507 1578 561 1616 qui
581 1581 690 1607 contra
711 1577 850 1607 facerent
874 1578 1092 1607 excommuni-

85 1631 222 1663 cationis
237 1636 347 1661 senten
355 1632 429 1660 tiam
446 1630 673 1670 promulgarat,
691 1634 720 1660 et
732 1631 815 1669 quod
828 1631 1021 1660 venerabilis
1032 1632 1091 1661 fra-

85 1688 133 1716 ter
169 1687 277 1714 noster
312 1684 433 1721 Adam,
471 1685 636 1723 episcopus
672 1684 876 1720 Aversanus,
912 1684 1091 1722 predictum

85 1738 225 1769 officium
241 1738 276 1767 in
292 1737 419 1767 civitate
430 1737 827 1776 Aversanaimpediverat,
843 1738 1025 1767 mandando
1038 1748 1092 1776 per

85 1800 121 1822 se
135 1800 172 1822 ac
188 1791 269 1821 alios
287 1791 410 1820 clericis
428 1795 459 1820 et
482 1791 571 1820 laicis
589 1791 726 1820 civitatis
742 1791 859 1830 prefate
876 1795 909 1820 ut
925 1791 1034 1821 nullus
1052 1791 1091 1821 ad

84 1845 186 1884 ipsius
201 1845 403 1884 inquisitoris
419 1845 616 1874 vocationem
627 1844 667 1874 ad
680 1844 784 1874 locum
802 1845 935 1874 fratrum
951 1845 1027 1874 dicti
1042 1854 1092 1875 or-

85 1898 172 1928 dinis
184 1898 322 1928 civitatis
337 1897 488 1936 predicte,
500 1899 540 1927 ad
555 1898 781 1936 deponendum
797 1902 907 1928 contra
924 1898 1089 1935 hereticos,

85 1951 234 1982 accedere
251 1955 461 1990 attemptaret,
479 1956 510 1981 et
526 1951 610 1990 quod
630 1952 790 1990 predictus
807 1953 990 1981 Aversanus
1007 1952 1090 1990 epis-

85 2012 181 2043 copus
197 2004 381 2043 hujusmodi
399 2004 585 2034 mandatum
602 2004 688 2033 infra
705 2004 883 2042 predictum
902 2004 1088 2039 terminum,

84 2066 141 2088 seu
162 2061 248 2096 post,
266 2067 322 2095 per
342 2066 375 2087 se
397 2057 446 2086 vel
470 2066 525 2096 per
548 2058 704 2087 vicarium
724 2067 819 2087 suum
841 2067 904 2087 uon
928 2062 1092 2088 curaverat

83 2118 242 2146 revocare,
259 2109 450 2148 prelibatum
470 2110 652 2148 episcopum
666 2111 881 2146 Aversanum,
902 2115 976 2140 tunc
991 2111 1023 2139 iu
1041 2120 1090 2141 ro-

83 2173 180 2194 mana
209 2164 299 2193 curia
323 2164 529 2201 existentem,
556 2172 621 2194 non
649 2164 808 2194 monitum
836 2173 895 2194 nec
922 2169 1068 2194 vocatum
1083 2189 1088 2199 ,

82 2226 268 2257 quanquam
286 2217 324 2247 de
342 2217 506 2256 premissis
521 2217 723 2256 aliquatenus
736 2226 800 2247 non
817 2222 984 2253 constaret,
1001 2224 1091 2256 prout
1122 2233 1124 2235 v

82 2279 143 2302 nec
160 2276 303 2302 constare
319 2275 449 2309 poterat,
464 2280 538 2301 cum
552 2279 616 2300 non
629 2274 735 2301 essent
748 2271 873 2301 notoria
886 2281 989 2310 neque
1006 2281 1088 2309 vera,

83 2325 304 2363 pronuntiavit
333 2324 506 2363 predictam
535 2325 875 2355 excommunicationis
898 2325 1088 2354 sententiam

82 2378 278 2415 incurrisse,
294 2387 332 2408 ac
352 2378 493 2407 eundem
513 2378 693 2417 episcopum
718 2378 843 2417 publice
870 2378 923 2407 tali
948 2383 1089 2417 pretextu

83 2432 397 2462 excommunicatum
416 2431 607 2461 denuntiare
624 2432 828 2470 presumpsit,
850 2432 883 2461 iu
904 2441 967 2461 non
985 2432 1090 2462 modi—

81 2493 151 2515 cam
167 2485 243 2514 dicti
262 2484 402 2523 episcopi
422 2484 592 2523 injuriam,
618 2485 830 2523 prejudicium
854 2489 883 2515 et
902 2494 1088 2522 gravamen.

82 2537 164 2568 Cum
180 2537 280 2575 igitur
297 2537 336 2566 ad
353 2537 508 2575 injuriam
525 2542 556 2567 et
569 2539 755 2575 gravamina
773 2539 906 2567 fratrum
923 2543 953 2567 et
965 2538 1089 2576 coepis-

83 2599 236 2630 coporum
255 2596 438 2620 nostrorum
458 2599 521 2620 non
539 2591 579 2620 sit
593 2591 742 2621 facilitate
757 2592 900 2630 qualibet
918 2593 1089 2631 proceden-

43 2678 46 2679 .
83 2644 177 2681 dum,
195 2652 267 2681 nos,
285 2643 428 2674 volentes
452 2643 491 2673 de
515 2644 636 2683 injuria
657 2648 686 2674 et
705 2646 888 2682 gravamine
905 2646 1091 2684 hujusmodi

84 2697 229 2736 episcopo
244 2697 364 2735 pretato
380 2696 478 2726 illatis
494 2697 661 2735 inquirere
679 2697 804 2736 plenius
821 2699 1002 2736 veritatem,
1025 2699 1090 2729 sra-

85 2751 228 2781 ternitati
236 2755 339 2780 vestre
351 2759 406 2790 per
415 2750 584 2789 apostolica
600 2751 716 2790 scripta
730 2752 921 2781 mandamus
934 2756 1090 2790 quatenus

84 2813 139 2835 vos
155 2804 206 2834 vel
218 2796 301 2834 alter
314 2808 456 2834 vestrum
469 2827 477 2840 ‚
495 2813 550 2842 per
569 2813 624 2834 vos
647 2804 694 2834 vel
716 2805 816 2834 alium
833 2814 888 2834 seu
904 2805 999 2841 alios,
1020 2814 1090 2843 pre-

83 2856 204 2888 dictum
219 2857 444 2895 inquisitorem
462 2866 497 2886 ex
512 2861 607 2895 parte
627 2861 734 2887 nostra
755 2859 965 2896 peremptorie
993 2858 1091 2887 citare

83 2910 212 2947 curetis,
227 2914 262 2940 ut
274 2910 358 2939 inira
374 2909 559 2948 quindecim
575 2910 643 2940 dies
660 2915 728 2948 post
746 2911 930 2940 citationem
953 2915 1089 2940 vestram

83 2962 292 3002 personaliter
307 2967 487 3001 compareat
502 2971 608 2992 coram
622 2963 749 2993 nobis...
770 2963 839 2993 Dat.
853 2963 935 3002 apud
951 2964 1089 2994 Urbem-

83 3017 239 3052 veterem,
258 3024 298 3044 xv
313 3015 467 3045 kalendas
481 3016 604 3052 martii,
621 3024 708 3046 anno
726 3016 826 3046 tertio.
847 3028 860 3043 n

1237 464 1357 492 4034

1206 526 1360 558 Matthaeo,
1379 527 1476 553 Sancti
1492 526 1636 553 Laurentii
1652 527 1681 553 in
1698 526 1820 553 Damaso
1837 527 2005 562 presbytero
2021 527 2172 561 cardinali,

1169 576 1374 601 monasterium
1391 575 1512 601 Sanctae
1530 574 1632 601 Crucis
1648 576 1675 601 in
1691 575 1851 601 Jerusalem
1867 575 1902 602 de
1920 575 2014 609 Urbe,
2031 576 2065 602 ad
2081 583 2175 602 roma-

1171 631 1235 650 nam
1255 624 1405 650 ecclesiam
1427 624 1503 650 nullo
1523 623 1615 649 medio
1639 625 1799 658 pertinens,
1821 624 1929 650 ordinis
1946 624 1976 651 S.
1998 625 2173 658 Augustini,

1171 672 1308 698 tuendum
1324 672 1486 698 committit.
1507 672 1587 703 (Rae.
1606 672 1646 702 45,
1665 680 1690 698 c.
1708 672 1769 706 695,
1786 672 1804 698 s.
1825 672 1872 698 142
1891 674 1941 704 vo.)

1706 464 1831 497 Orvieto,
1852 466 2008 499 15janvier
2027 466 2101 492 1291.

1211 774 1320 802 Dilecto
1339 774 1403 810 filio
1424 774 1556 810 Matheo,
1578 775 1663 803 tiltlli
1684 773 1792 803 Sancti
1814 775 1970 803 Laurentii
1994 776 2028 803 in
2050 775 2175 803 Damaso

1171 828 1337 864 presbytero
1354 828 1517 856 cardinali.

1214 891 1226 905 α
1249 879 1338 909 Inter
1353 883 1456 909 cetera
1471 879 1735 909 sollicitudinis...
1756 896 1796 902 -—
1811 880 1881 909 Dat.
1900 881 1982 918 apud
1999 880 2177 910 Urbemve-

1174 936 1282 968 terem,
1300 941 1374 961 xvm
1394 932 1547 962 kalendas
1563 933 1726 968 februarii,
1746 941 1831 963 anuo
1850 934 1949 963 tertio.
1972 946 1985 958 ›—

1243 1117 1360 1145 4095

1208 1180 1393 1215 Dispensatio
1411 1181 1593 1206 matrimonii.
1612 1180 1694 1213 (Rae.
1714 1181 1756 1214 45,
1774 1189 1798 1207 0.
1817 1180 1883 1214 696,
1901 1181 1920 1206 f.
1942 1181 1988 1207 ¹42
2007 1182 2057 1212 vo.)

1731 1118 1856 1151 Orvieto,
1876 1119 1890 1144 ὃ
1907 1118 2011 1144 Γῤ1’1·101·
2028 1120 2103 1145 1291.

1219 1297 1387 1325 Venerabili
1416 1297 1511 1332 fratri
1537 1319 1557 1325 ..
1580 1297 1759 1333 patriarche
1782 1297 1971 1333 Aquileyensl
1996 1296 2177 1326 facultatem
2203 1328 2206 1331 .

1173 1348 1317 1378 concedit
1335 1348 1542 1387 dispensandi
1561 1357 1633 1378 cum
1649 1349 1773 1378 Anzuto
1790 1349 1929 1378 Lavinae
1948 1353 1977 1378 et
1997 1349 2176 1386 Matthilda,

1174 1408 1247 1432 nata
1277 1402 1439 1440 quondam
1472 1401 1605 1432 Oluradi
1637 1402 1676 1431 de
1706 1402 1917 1440 Mayniacho,
1951 1402 2178 1441 Aquilegensis

1173 1455 1337 1491 dioecesis,
1353 1459 1387 1484 ut
1402 1455 1435 1484 in
1452 1455 1656 1485 matrimonio
1673 1455 1755 1493 quod
1772 1455 1861 1491 olim,
1875 1456 2060 1492 ignorantes
2076 1464 2177 1494 quou-

1173 1508 1245 1538 dam
1272 1508 1436 1538 Galasium
1463 1508 1501 1538 de
1530 1508 1689 1545 Ptnzano,
1715 1509 1820 1538 virum
1844 1508 2048 1545 Matthildae,
2073 1509 2178 1539 eidem

1173 1563 1299 1591 Anzuto
1315 1566 1426 1600 quarto
1443 1561 1730 1599 consanguinitatis
1751 1562 1851 1598 gradu
1873 1562 2080 1600 conjunctum
2097 1571 2176 1598 esse,

1173 1619 1399 1645 contraxerunt
1422 1619 1452 1644 et
1480 1615 1514 1644 in
1540 1623 1603 1653 quo
1630 1614 1751 1653 prolem
1781 1619 1986 1654 procrearunt.
2011 1624 2178 1645 remanere

1173 1669 1311 1698 valeant.

1216 1734 1229 1748 α
1248 1721 1360 1751 Petitio
1372 1721 1478 1751 dilecti
1490 1721 1587 1750 filii...
1600 1738 1638 1742 --
1652 1721 1723 1750 Dat.
1735 1721 1818 1759 apud
1830 1721 2106 1761 Urbemveterem,
2123 1730 2178 1751 no-

1174 1776 1224 1804 nis
1241 1775 1411 1811 februarii,
1427 1783 1513 1805 anno
1530 1775 1628 1804 tertio.
1657 1786 1669 1801 n

1244 1958 1365 1987 4⁰96

1214 2023 1398 2058 Dispensatio
1413 2030 1500 2057 super
1516 2021 1676 2056 pluralitate
1691 2021 1906 2047 beneficiorum.
1920 2021 2002 2049 (Rea.
2021 2022 2063 2053 45,
2076 2030 2101 2047 c.
2117 2022 2178 2051 697.

1173 2073 1192 2099 f.
1212 2072 1260 2098 142
1275 2074 1326 2105 vo.)

1735 1958 1862 1992 Orvieto,
1881 1959 1895 1985 3
1909 1959 2012 1985 sevrier
2032 1960 2108 1986 1391.

1220 2188 1388 2217 Venerabili
1416 2187 1509 2224 fratri
1541 2209 1560 2216 ..
1593 2187 1725 2224 episcopo
1751 2186 1957 2214 Lincolniensi
1987 2185 2116 2214 mandat
2144 2190 2179 2214 ut

1173 2251 1245 2272 cum
1264 2240 1417 2278 magistro
1432 2239 1575 2269 Gilberto
1592 2239 1631 2268 de
1657 2238 1811 2276 Segi-ave,
1834 2243 1953 2268 rectore
1973 2238 2124 2267 ecclesiae
2141 2237 2179 2267 de

1174 2294 1379 2329 Harlaustan,
1397 2292 1633 2322 Lincolniensis
1648 2292 1813 2327 dioecesis,
1830 2291 2045 2330 dispensetut,
2056 2295 2180 2328 praeter

1173 2349 1256 2378 lianc
1275 2347 1458 2383 ecclesiam,
1478 2355 1581 2376 unum
1603 2345 1691 2375 aliud
1715 2345 1909 2375 beneficium
1927 2344 2179 2374 ecclesiasticum

1173 2392 1333 2440 suscipere
1346 2400 1452 2439 possit.

1215 2466 1228 2481 α
1247 2454 1410 2483 Virtutum
1428 2453 1543 2482 merita
1565 2452 1720 2490 quibus...
1746 2469 1785 2473 -
1802 2452 1872 2480 Dat.
1895 2451 1978 2489 apud
1997 2451 2178 2480 Urbemve-

1174 2512 1285 2545 terem,
1298 2516 1333 2536 111
1350 2515 1450 2536 nonas
1465 2505 1635 2541 februarii,
1653 2513 1739 2534 anno
1759 2505 1860 2534 tertio.
1880 2516 1894 2530 »

1243 2691 1362 2720 409³?

1210 2754 1393 2789 Dispensatio
1409 2752 1593 2780 matrimonii.
1612 2751 1695 2786 (Rae.
1714 2752 1756 2784 45,
1773 2759 1799 2778 c,
1816 2752 1883 2785 698,
1900 2751 1919 2777 f.
1940 2750 1985 2776 14⁶:
2004 2751 2055 2782 v0.)

1719 2690 1846 2721 Orvieto‚
1865 2690 1894 2716 10
1910 2689 2012 2715 feri-ier
2030 2688 2107 2715 1291.

1213 2858 1322 2886 Dilecto
1347 2858 1411 2894 filio
1436 2880 1455 2886 ..
1480 2858 1597 2886 vicario
1617 2858 1652 2886 in
1671 2856 1885 2893 spiritualibus
1908 2853 2088 2882 venerabilis
2109 2855 2178 2888 fra-

1174 2912 1231 2940 lris
1243 2934 1263 2940 ..
1274 2912 1402 2948 episcopi
1420 2911 1605 2940 Velletrensis
1620 2908 1800 2939 facultatem
1813 2906 1955 2936 concedit
1971 2904 2178 2943 dispensandi

1173 2972 1247 2994 cum
1277 2963 1379 2993 nobili
1407 2963 1475 2993 viro
1503 2962 1669 2999 Jobanne,
1696 2966 1770 2990 nato
1799 2959 1961 2998 quondam
1990 2957 2115 2988 Nicolai
2141 2957 2179 2986 de

1174 3017 1290 3046 Sancto
1306 3016 1446 3054 Angelo,
1464 3020 1495 3046 et
1511 3015 1611 3047 nobili
1628 3015 1765 3045 muliere
1782 3013 1966 3049 Francisca,
1987 3015 2060 3040 nata
2076 3018 2180 3049 quon-

1173 3070 1246 3100 dam
1262 3070 1388 3100 Nicolai
1400 3070 1498 3106 Petri,
1518 3069 1640 3099 civibus
1658 3067 1922 3102 Velletrensibus,
1943 3070 1991 3095 ut.
2010 3064 2048 3093 ad
2065 3064 2180 3093 sedan-
