2342 3652
931 367 1164 406 TRoisn'sME
1186 367 1344 407 Axxn'n.
2119 386 2173 417 431

89 441 123 470 tit
140 445 173 469 ut
187 448 259 469 cnm
275 440 424 470 Johanne
441 439 479 469 de
495 440 734 477 Termegnono,
756 440 959 478 presbytero,
977 449 1091 471 mona-

87 493 146 523 cho
156 493 339 522 monasterii
353 492 461 523 Sancti
475 492 588 522 Jacohi
603 492 641 521 de
656 492 776 529 Sturia,
791 493 954 531 dispenset
966 498 1012 529 nt,
1026 502 1091 523 non

86 546 228 576 obstante
243 545 365 575 defectu
382 544 538 574 natalium
556 554 653 583 quem
670 545 800 583 patitur,
811 555 827 574 e
843 539 951 576 soluto*
962 547 1091 585 genitus

87 603 116 628 et
131 598 248 634 soluta,
266 599 300 627 in
323 598 476 636 susceptis
492 598 676 627 ministrare
692 597 860 628 ordinibus
878 603 907 628 et
923 599 962 628 ad
977 608 1091 629 omnes

85 651 293 691 praelationes
307 650 636 680 &administrationes
646 651 696 680 sui
707 651 830 681 ordinis
841 652 963 681 assumi
976 652 1087 684 valeat.

85 705 154 734 Dat.
170 703 307 739 ibidem,
324 702 506 733 xkalendas
521 704 610 739 maii,
627 712 712 734 anno
730 704 832 735 tertio.
855 717 867 730 n

152 882 269 911 2539
423 882 786 917 Sainte-Marie—Majeure‚
802 883 837 910 26
852 884 921 910 avril
938 883 1016 911 1290.

116 931 221 959 Rector
232 931 371 958 ecclesiae
384 930 482 958 Sancti
499 931 625 966 Remigii
641 932 675 958 de
692 931 793 967 Dyppa
808 940 904 958 coram
919 932 987 958 sede
1003 940 1088 967 apos-

81 981 163 1008 tolica
177 980 290 1007 citatur.
308 980 390 1015 (Rae.
409 981 456 1012 45,
474 989 499 1007 c.
522 981 589 1012 111,
608 981 626 1007 f.
646 981 680 1008 19
699 988 739 1013 r⁰;
762 980 830 1008 LAP.
850 990 886 1008 nu
901 981 1006 1013 Tum,
1024 981 1085 1015 ΙΙΙ,

81 1030 128 1061 91;
145 1029 262 1061 Poma,
278 1029 388 1062 23248.)

121 1154 141 1162 ..
157 1132 284 1169 officiali
299 1133 471 1162 Ebroicensi
484 1132 617 1161 mandat
634 1136 667 1161 ut
681 1131 894 1162 Guillelmum
909 1132 947 1162 de
962 1132 1086 1163 Grimo-

79 1184 172 1221 villa,
191 1188 344 1215 rectorem
361 1185 512 1215 ecclesiae
531 1186 639 1215 Sancti
656 1185 800 1223 Remigii
815 1185 854 1215 de
870 1186 1002 1225 Dyppa,
1019 1186 1084 1217 Ro-

78 1238 295 1277 thomagensis
309 1238 481 1276 dioecesis,
500 1238 610 1269 Sancti
627 1239 789 1268 Francisci
805 1239 938 1278 ejusque
961 1239 1084 1269 ordinis

77 1293 320 1331 vituperatorem
334 1315 343 1329 ,
360 1293 416 1331 qui
430 1292 546 1322 citatus
562 1292 601 1322 ad
621 1292 728 1321 sedem
744 1292 951 1331 apostolicam
967 1302 1002 1322 ex
1020 1293 1084 1324 suf-

76 1345 196 1376 ficienti
210 1346 398 1383 gravamine
413 1346 604 1385 appellavit,
621 1346 728 1376 denuo
751 1346 826 1376 citet
850 1351 883 1376 ut
899 1346 984 1376 infra
1002 1346 1083 1378 duo-

77 1408 149 1429 rum
163 1399 326 1429 mensium
342 1400 481 1438 spatium
495 1408 601 1429 coram
618 1399 691 1429 sede
704 1399 875 1438 apostolica
890 1405 1080 1439 compareat,

76 1452 320 1491 appellationem
337 1457 367 1482 et
382 1453 547 1491 negotium
563 1452 738 1492 principale
755 1459 990 1491 prosecuturus.

115 1517 130 1534 α
153 1505 319 1536 Intellecto
334 1506 456 1536 dudum
471 1506 593 1545 quod...
611 1523 650 1528 —
666 1506 738 1536 Dat.
756 1506 870 1543 Rome,
887 1508 970 1547 apud
982 1507 1080 1538 Sanc-

76 1564 139 1590 tam
154 1559 290 1590 Mariam
310 1560 485 1599 Majorem,
504 1569 534 1589 Vl
552 1559 709 1590 kalendas
724 1560 820 1594 maii,
839 1569 925 1591 anno
940 1561 1043 1592 tertio.
1063 1572 1078 1589 »

143 1747 263 1776 2540

103 1808 230 1836 Licentia
251 1809 380 1836 mutandi
402 1811 606 1844 possessiones
627 1810 795 1837 monasterii
818 1809 917 1837 Sancti
937 1809 1017 1836 Pauli
1041 1810 1077 1837 de

69 1856 156 1885 Urbe.
169 1858 251 1891 (Res.
270 1859 312 1890 45,
329 1866 355 1886 c.
374 1858 434 1893 112,
451 1858 470 1885 f.
491 1858 523 1886 19
539 1859 587 1891 r0.)

385 1780 388 1783 .
406 1747 766 1782 Sainte-Marie-Majeure,
784 1748 817 1774 14
833 1755 910 1774 mars
927 1747 1005 1775 1290.

112 1959 279 1990 Venerabili
294 1962 391 1998 fratri
411 1983 431 1992 ..
448 1962 580 1999 episcopo
595 1962 687 1992 Esino
701 1961 832 1991 mandat
845 1965 1003 2001 qnatenus
1022 1961 1074 1992 in-

67 2013 171 2052 quirat
187 2014 225 2044 de
241 2014 391 2053 petitione
408 2023 471 2053 qua
488 2037 508 2044 ..
526 2015 622 2044 abbas
641 2020 671 2045 et
689 2019 868 2045 conventus
885 2015 1076 2046 monasterii

68 2065 175 2097 Sancti
203 2067 296 2097 Pauli
325 2068 363 2097 de
392 2068 488 2105 Urbe,
515 2068 640 2098 ordinis
659 2069 690 2099 S.
712 2068 891 2104 Benedicti,
910 2068 1075 2098 licentiam

67 2124 215 2158 poscunt,
234 2129 308 2151 cum
331 2122 486 2160 quasdam
507 2122 722 2159 possessiones
742 2122 997 2161 possessionibus
1015 2130 1074 2152 no-

68 2172 144 2204 bilis
168 2174 230 2203 viri
256 2173 432 2211 Florentii,
451 2175 531 2205 civis
546 2175 689 2212 romani,
709 2175 787 2205 adeo
809 2175 975 2213 contiguas
991 2175 1076 2214 quod

68 2225 151 2256 inter
165 2227 250 2265 ipsos
263 2232 293 2257 et
307 2228 446 2258 eundem
460 2228 602 2259 nobilem
620 2238 732 2267 graves
753 2229 939 2268 frequenter
955 2229 1075 2258 discor—

69 2279 138 2310 diae
155 2281 348 2311 suscitentur
364 2281 518 2317 habeant,
541 2282 689 2312 mutandi
713 2282 889 2321 praedictas
912 2290 984 2311 suas
1004 2290 1075 2320 pos—

71 2334 225 2364 sessiones
241 2343 313 2364 cum
327 2335 440 2365 eodem
456 2335 555 2365 nobili
567 2335 603 2365 in
619 2336 700 2365 alias
713 2336 907 2366 monasterio
920 2335 1074 2366 utiliores.

111 2398 125 2415 α
151 2387 268 2417 Dilecti
293 2388 353 2417 filii
381 2411 402 2418 ..
429 2389 564 2419 abbas...
593 2406 631 2410 —
659 2390 731 2419 Dat.
760 2390 873 2426 Rome,
906 2394 940 2419 nt
965 2399 1074 2429 supra,

71 2441 94 2463 11
111 2433 182 2463 idus
198 2434 318 2470 martii,
335 2443 421 2465 anno
439 2436 541 2466 tertio.
563 2448 576 2463 n

141 2620 254 2650 2541
403 2622 760 2658 Sainte-Marie-MaJeure,
779 2625 816 2651 1·r
833 2632 908 2650 mars
925 2623 1003 2650 1290.

105 2681 271 2716 Ategrantia
290 2683 326 2710 de
345 2683 528 2711 Horembetis
547 2686 721 2712 monasterio
737 2686 771 2712 de
787 2685 916 2712 Bochcto
931 2685 1077 2711 abbatissa

71 2729 240 2763 praeficitur.
259 2731 342 2766 (Rae.
359 2732 403 2766 45,
419 2740 445 2759 c.
464 2733 523 2764 113,
537 2733 556 2760 f.
575 2734 607 2761 19
622 2736 669 2766 ro.)

112 2852 132 2862 ..
149 2833 247 2862 abbaci
266 2836 446 2864 monasterii
468 2835 574 2865 Sancti
595 2835 738 2874 Dyonisii
762 2837 1011 2871 Mediolanensis‚
1037 2834 1077 2865 ad

72 2883 258 2922 petitionem
274 2887 427 2924 Jacobae,
443 2876 633 2927 priorissae,
650 2878 683 2919 et*
697 2895 873 2919 conventus
890 2888 1076 2919 monasterii

73 2935 205 2968 Sanctae
221 2939 341 2970 Mariae
358 2940 396 2970 de
412 2941 560 2978 Cornate,
573 2942 705 2972 mandat
717 2947 875 2981 quatenus
887 2942 1076 2972 electionem

74 2989 278 3028 Alegrantiae
296 2993 335 3023 de
352 2994 567 3032 Horembelis,
585 2995 736 3025 monialis
757 2995 942 3025 monasterii
959 2995 997 3025 de
1014 2994 1077 3024 Bo-

74 3041 182 3081 cheto,
199 3045 449 3077 Mediolanensis
465 3048 633 3085 dioecesis,
650 3048 772 3079 ordinis
791 3049 823 3080 S.
842 3048 1022 3085 Benedicti,
1038 3047 1079 3077 ad

1174 441 1335 471 abbatiani
1358 446 1543 475 monasterii
1563 446 1698 488 Sanctae
1718 448 1838 478 Mariae
1855 449 1892 479 de
1908 450 2054 487 Cornate,
2073 452 2111 481 ad
2129 461 2176 482 ro-

1151 520 1159 528 ,
1173 502 1304 523 manam
1321 495 1487 526 ecclesiam
1502 499 1590 529 nullo
1602 500 1705 530 medio
1721 501 1920 539 pertinentis,
1938 503 2060 533 ordinis
2074 504 2105 535 S.
2120 505 2174 535 Be-

1173 546 1303 583 nedicti,
1314 549 1339 586 ej
1346 549 1455 578 iisdem
1469 551 1636 588 dioecesis,
1647 563 1701 592 per
1711 563 1773 583 moi
1785 560 1845 584 tem
1858 556 2052 594 Margaretae
2064 567 2175 588 vacan-

1173 598 1230 635 tis,
1253 600 1437 638 confirmet,
1462 604 1586 634 etiamsi
1609 606 1694 635 idem
1718 609 1947 638 monasterium
1966 611 2174 649 exemptionis

1170 651 1338 689 privilegio
1354 662 1417 683 non
1435 657 1591 693 gaudeat,
1608 658 1713 688 eidem
1732 660 1850 690 electae
1866 671 1921 700 per
1937 662 2079 702 aliquem
2096 665 2173 695 vici-

1170 712 1250 732 num
1267 705 1449 744 episcopum
1471 718 1587 739 munus
1607 711 1839 743 benedictionis
1858 715 2000 753 impendi
2024 722 2053 746 et
2067 727 2085 746 a
2107 719 2173 748 suis

1170 756 1304 787 subditis
1326 759 1543 791 obedientiam
1567 763 1703 794 debitam
1723 766 1866 796 exhiberi
1888 769 1982 798 faciat
1999 770 2173 801 fidelitatis-

1170 810 1458 848 quejuramentnm
1475 815 1606 852 recipiat
1621 816 1660 846 ab
1672 826 1718 854 ea,
1735 819 1922 856 apostolicae
1933 822 2015 852 sedis
2028 824 2167 854 nomine.

1211 874 1224 889 α
1246 863 1360 893 Petitio
1375 864 1487 895 dilecte
1504 867 1574 898 in...
1591 885 1629 890 —
1645 869 1715 899 Dat.
1743 871 1860 909 Rome,
1879 878 1912 903 ut
1929 883 2041 912 supra,
2058 875 2170 906 kalen-

1168 915 1216 945 dis
1232 917 1351 954 martii,
1370 926 1456 948 anno
1475 921 1575 951 tertio.
1594 934 1609 947 »

1239 1103 1359 1132 2542

1201 1164 1408 1200 Indulgentiae.
1423 1167 1504 1202 (Rae.
1524 1169 1566 1201 44,
1584 1178 1608 1197 c.
1628 1171 1688 1203 114,
1705 1172 1721 1197 f.
1744 1172 1774 1199 19
1787 1175 1838 1206 v⁰.)

1506 1105 1863 1144 Sainte-Marie-Majeure,
1879 1111 1912 1138 23
1929 1120 2004 1139 mars
2024 1113 2099 1141 1290.

1207 1289 1227 1296 ..
1241 1271 1404 1305 preposite,
1426 1292 1445 1299 ..
1464 1271 1573 1301 decano
1586 1278 1612 1301 et
1629 1275 1761 1311 capitulo
1775 1276 1892 1305 ecclesie
1906 1277 2010 1307 Sancti
2024 1279 2106 1308 Petri
2116 1279 2170 1309 In-

1165 1321 1306 1357 salensis,
1330 1323 1524 1353 Tornacensis
1535 1326 1669 1356 diocesis.
1688 1327 1925 1366 Indulgentiam
1939 1331 2034 1360 unius
2045 1333 2124 1361 anni
2140 1337 2170 1362 et

1163 1383 1202 1403 xi.
1217 1374 1343 1405 dierum
1359 1378 1503 1408 concedit
1519 1380 1563 1409 eis
1581 1381 1636 1419 qui
1654 1382 1844 1419 praedictam
1870 1383 2036 1414 ecclesiam
2050 1385 2084 1414 in
2100 1386 2168 1416 sin-

1163 1427 1249 1465 gulis
1264 1428 1373 1459 beatae
1390 1431 1511 1462 Mariae
1522 1433 1657 1471 virginis
1668 1439 1698 1464 et
1709 1436 1921 1474 apostolorum
1935 1438 2020 1467 Petri
2036 1440 2169 1470 etPanli

1162 1481 1402 1521 festivitatibus,
1421 1494 1475 1523 per
1500 1491 1568 1517 octo
1590 1487 1657 1517 dies
1678 1489 1866 1519 festivitates
1882 1490 1966 1529 ipsas
1983 1492 2166 1523 immediate

1162 1540 1332 1574 sequentes
1354 1542 1384 1567 et
1407 1539 1441 1567 in
1465 1541 1688 1572 anniversario
1710 1542 1761 1572 die
1786 1543 1995 1575 dedicationis
2023 1547 2165 1585 ejusdem

1163 1588 1313 1620 ecclesiae
1325 1591 1536 1622 visitaverint.

1204 1654 1218 1668 u
1236 1642 1389 1682 Princeps
1406 1646 1620 1684 apostolorum
1637 1648 1787 1680 Petrus...
1804 1666 1844 1672 —
1857 1650 1927 1680 Dat.
1945 1651 2057 1690 Rome,
2072 1658 2103 1682 ut
2115 1662 2165 1683 sn-

1160 1704 1226 1734 pra,
1244 1705 1263 1726 x
1284 1696 1438 1728 kalendas
1453 1699 1575 1739 aprilis,
1592 1710 1678 1732 anno
1694 1703 1794 1734 tertio.
1815 1715 1828 1730 n

1231 1884 1351 1913 2543

1192 1944 1405 1975 Tabellionatus
1421 1948 1556 1976 officium.
1579 1950 1659 1982 (Rau.
1678 1952 1720 1986 45,
1738 1960 1764 1979 c.
1782 1953 1842 1987 115,
1860 1954 1878 1980 f.
1897 1954 1929 1981 19
1945 1957 1996 1987 v0.)

1515 1886 1870 1925 Sainte-Marie-MaJ'eure,
1889 1891 1904 1918 4
1921 1900 1996 1918 mars
2015 1892 2089 1920 1290.

1205 2048 1370 2082 Venerabili
1383 2051 1481 2086 fratri
1490 2074 1510 2081 ..
1521 2053 1673 2091 Philippo,
1684 2056 1815 2092 episcopo
1836 2056 2022 2092 Tridentino,
2034 2057 2160 2086 faculta-

1158 2104 1222 2131 tem
1249 2103 1435 2133 conferendi
1475 2105 1653 2136 tabellionis
1684 2107 1827 2138 officium
1859 2112 1993 2147 quatuor
2020 2111 2162 2148 personis

1157 2154 1282 2185 idoneis
1297 2157 1455 2189 concedit.

1200 2220 1213 2235 α
1242 2209 1292 2239 Ne
1319 2214 1538 2241 contractuum
1566 2214 1758 2245 memoria...
1778 2231 1818 2238 —
1836 2216 1906 2245 Dat.
1935 2216 2054 2255 Rome,
2079 2218 2162 2256 apud

1160 2261 1312 2292 Sanctam
1328 2263 1464 2294 Mariam
1481 2266 1650 2304 Majorem,
1669 2277 1717 2297 1111
1736 2277 1836 2298 nonas
1852 2269 1977 2305 martii,
1995 2279 2080 2301 anno
2101 2275 2162 2300 ter-

1159 2315 1214 2345 tio.
1235 2327 1247 2342 »

1229 2496 1349 2524 2544

1193 2556 1249 2583 Jus
1265 2558 1429 2585 conferendi
1445 2558 1593 2586 beneficia.
1611 2560 1692 2592 (ΗΕΘ.
1712 2562 1754 2593 45,
1772 2571 1797 2589 c.
1817 2563 1888 2595 1152,
1905 2563 1975 2602 f.319
1991 2565 2041 2597 vv.)

1515 2497 1872 2534 SaintevMarie—Majeure,
1890 2502 1904 2528 4
1920 2510 1996 2527 mars
2016 2502 2090 2528 1290.

1198 2673 1314 2702 Eidem.
1340 2683 1355 2703 «ι
1372 2673 1521 2704 Volentes
1539 2680 1589 2705 tue
1605 2677 1771 2714 providere
1787 2678 1887 2716 quieti
1910 2678 2035 2717 tuisque
2049 2688 2161 2717 grava-

1159 2726 1301 2756 minibus
1313 2736 1491 2765 precavere,
1505 2729 1672 2759 autoritate
1682 2730 1738 2759 tibi
1747 2731 1947 2768 presentium
1958 2731 2163 2770 indulgemus

1160 2784 1193 2809 ut
1209 2789 1263 2818 per
1278 2779 1397 2810 litteras
1416 2781 1499 2810 sedis
1519 2782 1687 2820 apostolice
1703 2782 1752 2812 vel
1771 2783 1948 2821 legatorum
1965 2786 2033 2823 ejus
2060 2785 2162 2824 impe-

1161 2838 1268 2868 tratas,
1289 2834 1352 2863 nisi
1368 2843 1422 2872 per
1440 2843 1492 2864 eas
1515 2835 1556 2864 sit
1570 2836 1623 2873 jus
1641 2835 1739 2865 alicui
1753 2837 1966 2875 acquisitum,
1991 2838 2040 2868 vel
2065 2840 2162 2868 etiam

1159 2887 1374 2925 impetrandas
1392 2887 1431 2916 ad
1448 2888 1681 2925 providendum
1698 2888 1795 2918 alicui
1811 2889 1849 2920 de
1880 2891 2085 2928 pensionibus
2109 2897 2163 2922 aut

1159 2938 1324 2969 beneficiis
1337 2944 1393 2968 aut
1407 2940 1626 2978 personatibus
1643 2951 1698 2971 seu
1719 2941 1930 2980 dignitatibus
1954 2945 1994 2974 ad
2020 2945 2162 2975 collatio-

1161 3001 1236 3022 nem
1255 2996 1340 3022 tuam
1356 2993 1571 3031 spectantibus
1588 3003 1726 3034 nequeas
1737 2997 1885 3033 coartari,
1903 2998 1968 3027 nisi
1982 3000 2101 3037 prefate
2116 3000 2162 3028 lit-

1163 3050 1227 3076 tere
1242 3045 1371 3084 plenam
1390 3050 1421 3076 et
1436 3056 1615 3085 expressam
1630 3048 1668 3078 de
1686 3049 1811 3080 indulto
1827 3050 2015 3090 hujusmodi
2031 3053 2163 3083 fecerint
