2477 3637
263 402 302 431 76
1011 394 1248 425 REGISTRES
1270 395 1324 426 DE
1346 394 1530 426 NICOLAS
1554 395 1610 424 IV.

265 472 336 507 gate
367 467 406 497 ab
430 465 507 506 ipsis
532 472 597 494 non
623 467 714 493 erant
738 462 860 492 notorie
884 469 988 500 neque
1013 470 1104 497 vere,
1131 465 1161 491 et
1185 461 1269 500 quod

266 521 352 551 idem
367 518 626 558 archiepiscopus
644 520 771 556 paratus
785 518 852 545 erat
867 523 961 553 super
977 513 1042 544 hiis
1054 537 1062 551 ,
1080 514 1198 544 vocatis
1214 515 1269 554 qui

266 574 306 605 ad
321 574 380 604 hoc
395 571 529 602 vocandi
555 575 664 606 erant,
692 573 848 608 quantum
872 569 904 597 in
922 568 989 607 ipso
1007 572 1090 605 erat,
1109 568 1268 606 justitiam

265 627 433 663 exhibere,
453 625 512 655 fuit
530 625 625 654 etiam
648 623 688 652 ab
712 622 831 652 eisdem
849 621 969 651 decano
990 625 1021 651 et
1037 621 1174 660 capitulo
1195 630 1269 652 cum

265 680 416 711 instantia
438 677 631 717 postulatum
654 680 687 706 ut
708 676 767 714 ipsi
787 675 1026 714 archiepiscopo
1054 675 1178 713 copiam
1205 675 1269 704 dic-

267 738 370 764 torum
401 730 642 770 privilegiorum
674 733 703 758 et
734 728 1022 768 compositionum,
1052 737 1149 767 quam
1181 736 1268 757 nun-

264 795 361 826 quam
377 785 542 820 habuerat,
561 783 759 819 exhiberent,
774 791 911 821 eumque
924 781 962 812 de
975 781 1159 820 hujusmodi
1172 780 1268 811 liber-

266 839 381 869 tatibus
393 862 400 875 ,
424 837 548 867 statutis
563 841 592 866 et
608 836 893 866 consuetudinibus
907 835 1033 875 plenius
1045 835 1267 871 informarent,

265 897 300 924 ut
323 901 377 932 per
399 891 458 922 hoc
473 891 616 921 securius
637 895 667 919 et
682 889 819 920 celerius
838 889 939 919 facere
957 893 1059 928 posset
1082 888 1167 928 quod
1188 892 1270 918 esset

263 954 438 977 consonum
468 944 602 981 rationi3
632 947 662 974 et
689 952 729 973 ne
755 943 831 973 dicti
856 944 995 973 decanus
1019 947 1048 972 et
1071 941 1266 982 capitulum,

265 999 379 1040 spretis
396 999 600 1037 responsione
621 1001 651 1027 et
672 996 831 1027 oblatione
847 996 1042 1035 hujusmodi,
1060 996 1099 1026 ob
1115 995 1269 1034 predictas

265 1061 375 1083 causas
405 1052 513 1081 minus
539 1050 770 1081 rationabiliter
791 1059 809 1079 a
830 1049 949 1079 divinis
973 1054 1149 1085 cessarent,
1178 1052 1270 1087 prout

266 1106 391 1136 fuerant
406 1104 612 1139 comminati,
642 1107 824 1142 procurator
854 1103 929 1132 dicti
948 1101 1179 1140 archiepiscopi
1201 1102 1270 1139 ejus

266 1159 397 1189 nomine
412 1158 451 1188 ad
467 1157 574 1187 sedem
601 1157 772 1196 appellavit
795 1157 941 1185 eandem.
964 1157 1004 1185 At
1026 1155 1193 1185 memorati
1215 1154 1270 1183 de-

265 1222 365 1243 canus
384 1216 413 1241 et
429 1211 602 1250 capitulum
623 1214 689 1249 post
703 1209 948 1249 appellationem
973 1208 1174 1247 hujusmodi,
1198 1216 1269 1245 pre-

265 1267 422 1296 dictarum
442 1274 609 1294 causarum
626 1264 803 1299 occasione,
823 1272 841 1292 a
858 1262 978 1292 divinis
1000 1266 1109 1291 contra
1131 1260 1270 1290 eundem

265 1319 538 1357 archiepiscopum
556 1325 678 1346 cessare
695 1318 728 1345 in
745 1316 827 1345 dicta
845 1315 977 1345 ecclesia
995 1317 1268 1353 presumpserunt,

265 1382 322 1403 sua
337 1381 456 1410 organa
477 1375 595 1401 temere
618 1369 860 1408 suspendendo,
889 1372 1013 1407 propter
1043 1367 1127 1406 qnod
1159 1367 1270 1396 iterato

265 1436 301 1456 ex
319 1430 404 1465 parte
420 1425 519 1463 ipsius
547 1423 779 1462 archiepiscopi
796 1422 834 1452 ad
855 1422 962 1451 sedem
980 1421 1153 1460 predictam
1171 1419 1271 1449 extitit

265 1478 470 1519 appellatum.
490 1476 696 1507 Postmodum
714 1480 820 1505 autem
837 1475 911 1505 dicti
933 1475 1072 1504 decanus
1098 1478 1127 1503 et
1149 1473 1270 1511 capitu—

264 1533 344 1569 lum,
362 1531 585 1571 pretendentes
601 1529 685 1568 qnod
702 1529 852 1559 homines
873 1533 903 1558 et
928 1528 1068 1566 hospites
1092 1527 1191 1557 banni
1208 1527 1269 1555 Re-

263 1586 384 1615 mensis
407 1585 550 1623 ejusdem
574 1583 816 1622 archiepiscopi,
846 1582 881 1611 in
913 1590 992 1620 quos
1015 1580 1271 1619 archiepiscopus

263 1638 482 1670 omnimodam
499 1637 757 1676 jurisdictionem
777 1635 914 1671 obtinet,
945 1634 1070 1664 eosdem
1097 1632 1271 1672 capitulum

264 1691 480 1722 communiter
498 1695 528 1720 et
545 1689 750 1728 quamplures
769 1698 805 1718 ex
825 1689 868 1717 eis
887 1687 1114 1725 singulariter,
1133 1695 1190 1715 nec
1206 1694 1270 1715 non

265 1751 294 1776 et
314 1749 481 1784 perpetuos
496 1743 676 1782 capellanos
692 1742 782 1772 chori
801 1741 942 1780 ejusdem
959 1740 1100 1771 ecclesie„
1116 1739 1155 1769 ad
1168 1739 1270 1778 parla-

264 1802 411 1828 mentum
432 1797 574 1835 regium,
601 1800 675 1825 tunc
690 1796 814 1825 instans
830 1794 991 1833 Par-isius,
1019 1802 1123 1823 coram
1152 1793 1271 1831 magis-

266 1852 322 1881 tris
339 1851 428 1881 curie
444 1851 527 1888 regis
544 1850 686 1879 fecerant
703 1854 733 1879 et
748 1852 995 1888 procuraverant
1010 1847 1144 1883 evocari,
1165 1848 1270 1876 inten-

265 1905 376 1935 dentes
391 1908 425 1933 ut
441 1904 561 1933 eisdem
579 1902 729 1941 capitulo,
746 1902 909 1932 canonicis
921 1905 951 1930 et
966 1901 1137 1939 capellanis
1154 1908 1270 1930 novam

266 1962 297 1988 et
312 1957 475 1987 insolitam
501 1956 624 1995 imponi
652 1956 792 1985 facerent
816 1955 1018 1991 servitutem,
1049 1962 1166 1992 eosque
1184 1955 1269 1983 c'om-

265 2011 340 2050 pelli
356 2010 394 2039 ad
411 2009 680 2039 contributionem
698 2017 908 2047 expensarum
921 2008 954 2037 in
971 2007 1174 2037 coronatione
1188 2006 1270 2044 regis

266 2065 397 2103 predicti
415 2064 580 2099 factarum,
594 2063 633 2092 ad
650 2071 745 2101 quam
762 2071 794 2092 se
811 2061 996 2091 nullatenus
1013 2061 1112 2090 teneri
1126 2061 1272 2090 dicebaut

266 2119 303 2148 de
319 2117 551 2148 consuetudine
571 2116 620 2146 vel
636 2116 673 2145 de
690 2117 779 2155 jure,
802 2120 830 2145 et
846 2115 931 2154 quod
950 2115 1079 2154 quidam
1096 2115 1271 2152 burgenses

266 2182 321 2202 sen
336 2172 483 2201 homines
500 2171 576 2199 dicti
594 2170 691 2200 banni
718 2178 791 2199 cum
817 2169 1008 2208 quibusdam
1025 2169 1090 2198 suis
1106 2167 1271 2206 complici-

266 2226 324 2255 bus
341 2230 371 2254 et
389 2226 426 2254 de
441 2225 598 2260 Jarnaco,
624 2224 662 2253 de
686 2223 846 2257 Mei-fans,
872 2222 910 2252 de
931 2221 1105 2252 Courcellis
1128 2221 1220 2250 villas
1243 2224 1272 2250 et

267 2278 386 2308 Villam
406 2287 520 2307 novam
540 2278 574 2306 in
591 2281 699 2307 monte
716 2276 882 2310 Remensi,
909 2276 949 2305 ad
969 2275 1086 2305 dictam
1106 2274 1271 2304 ecclesiam

267 2333 472 2372 pertinentes,
490 2331 522 2359 in
538 2331 654 2369 quibus
671 2330 773 2360 dictus
786 2329 1042 2368 archiepiscopus
1059 2326 1181 2358 nullam
1196 2333 1270 2357 tem-

266 2384 424 2425 poralem,
449 2384 545 2414 iidem
563 2392 636 2413 vero
654 2383 793 2413 decanus
815 2387 844 2412 et
860 2382 1035 2421 capitulum
1054 2382 1271 2412 omnimodam

265 2438 521 2478 jurisdictionem
539 2437 695 2473 obtinent,
714 2441 749 2465 ut
764 2436 923 2472 dicebant,
943 2440 1061 2465 temere
1073 2435 1270 2473 accedentes,

267 2491 305 2521 de
322 2490 488 2521 nonnullis
507 2490 653 2519 domibus
671 2489 819 2519 villarum
843 2489 985 2527 ipsarum
1001 2489 1156 2519 violenter
1180 2498 1271 2527 cepe-

267 2548 339 2574 rant
360 2553 415 2574 seu
441 2543 509 2582 capi
534 2543 673 2573 fecerant
697 2543 829 2581 pignora
852 2542 1024 2572 hominum
1041 2546 1071 2572 et
1091 2542 1270 2571 mansiona-

270 2599 389 2628 riorum
414 2597 525 2627 decani
552 2601 581 2626 et
604 2596 735 2636 capituli
763 2596 957 2632 eorundem,
982 2595 1130 2625 videlicet
1155 2595 1269 2632 lectos,

267 2650 418 2690 patellas,
442 2659 516 2680 vasa
542 2659 658 2689 cuprea
685 2654 715 2680 et
741 2649 804 2680 alia
829 2648 982 2679 utensilia
1010 2653 1039 2679 et
1063 2649 1130 2688 ipsa
1156 2648 1271 2678 exinde

268 2704 619 2742 nequiterasportarant
635 2706 830 2742 etasportata
846 2703 942 2732 etiam
958 2702 1157 2738 detinebant3
1176 2701 1271 2741 quod-

268 2766 329 2796 que
348 2780 367 2786 ..
386 2757 562 2796 prepositus
582 2756 727 2795 ejusdem
749 2755 975 2795 archiepiscopi
999 2755 1038 2785 de
1059 2754 1272 2793 Betignevilla

268 2819 341 2840 cum
370 2810 560 2848 quibusdam
590 2810 657 2839 suis
689 2809 864 2840 fautoribus
898 2809 1096 2839 territorium
1128 2808 1205 2838 ville
1233 2808 1271 2838 de

268 2863 522 2893 Pontefabricato
533 2885 540 2899 ,
563 2863 597 2892 in
618 2872 681 2901 qua
698 2862 797 2892 iidem
813 2862 953 2892 decanus
969 2865 999 2892 et
1013 2861 1188 2901 capitulum
1204 2870 1271 2892 om-

268 2915 434 2946 nimodam
448 2915 705 2953 jurisdictionem
719 2915 925 2955 temporalem
938 2920 1085 2945 asserunt
1097 2924 1129 2945 se
1141 2915 1270 2952 habere,

269 2978 368 3000 mauu
383 2969 506 2998 intrans
521 2973 657 3005 armata,
675 2978 788 3007 pecora
813 2969 985 2999 hominum
1007 2977 1138 2999 suorum
1153 2968 1273 2998 ibidem

270 3023 402 3052 inventa
416 3020 570 3051 violenter
579 3026 703 3059 ceperat
715 3025 745 3051 et
760 3021 934 3052 abduxerat
949 3021 1059 3051 eadem
1076 3021 1109 3050 in
1125 3021 1270 3060 predam,

271 3080 301 3106 et
327 3074 411 3114 quod
439 3073 577 3104 ballivus
607 3073 708 3112 ipsius
737 3074 966 3113 archiepiscopi
994 3074 1149 3113 quosdam
1176 3074 1273 3105 laicos

1351 461 1512 500 operarios
1532 460 1572 490 ad
1595 459 1801 490 reficiendam
1821 460 1984 499 quandam
2010 469 2117 500 sepem
2144 461 2238 491 vinee
2259 461 2360 493 dicto-

1350 524 1423 545 rum
1439 514 1551 544 decani
1568 519 1598 544 et
1610 513 1740 553 capituli
1756 513 1921 552 deputatos
1936 513 1975 543 ab
1990 513 2056 550 eis,
2074 513 2151 544 dum
2174 514 2360 544 insisterent

1350 567 1538 607 hujusmodi
1557 568 1663 606 operi,
1684 566 1826 596 indebite
1841 566 2071 606 impediverat,
2089 576 2142 598 eos
2165 568 2281 598 exinde
2304 577 2360 608 per

1351 620 1539 651 violentiam
1554 620 1754 659 expellendo,
1773 624 1803 649 et
1819 628 1925 649 unum
1951 619 2082 650 illorum
2099 625 2225 659 ceperat
2242 625 2273 651 et
2287 629 2360 651 car-

1350 675 1415 704 ceri
1432 675 1629 713 manciparat
1645 673 1800 713 illumque
1816 673 1979 703 detinebat
1990 674 2108 704 carceri
2123 675 2358 714 mancipatum;

1350 730 1381 757 et
1398 726 1481 766 quod
1503 727 1600 756 etiam
1626 725 1800 756 talliatores
1827 726 1940 764 prefati
1969 726 2088 763 banni,
2108 731 2275 766 postquam
2298 727 2360 767 ipsi

1351 779 1489 810 decanus
1505 784 1535 809 et
1549 779 1724 818 capitulum
1740 789 1777 809 ex
1805 779 1877 808 aliis
1904 779 2094 818 supradictis
2121 780 2225 810 causis
2249 784 2359 812 contra

1350 833 1470 863 dictum
1496 833 1770 872 archiepiscopum
1796 837 2015 869 cessaverant,
2040 837 2074 863 ut
2100 834 2314 872 premittitur,
2341 842 2361 864 a

1351 885 1487 923 divinis,
1514 886 1624 916 domos
1652 885 1894 925 quamplurium
1917 885 2054 916 aliorum
2084 887 2266 918 francorum
2291 895 2360 918 ser-

1351 939 1508 968 vientium
1532 944 1562 969 et
1587 940 1682 969 etiam
1706 939 2000 969 mansionariorum
2025 939 2167 978 ipsorum
2192 939 2305 970 decani
2329 943 2361 970 et

1351 993 1499 1033 capituli,
1528 994 1563 1024 in
1589 995 1705 1033 quibus
1731 995 1884 1033 prefatam
1906 994 2165 1033 jurisdictionem
2190 995 2358 1033 obtinent,

1351 1048 1559 1084 intraverant,
1578 1052 1608 1077 et
1625 1048 1663 1078 de
1679 1048 1756 1087 ipsis
1779 1048 1926 1078 domibus
1954 1056 2028 1077 vasa
2052 1052 2203 1086 argentea
2229 1053 2259 1078 et
2280 1047 2360 1087 alias

1351 1110 1402 1131 res
1418 1106 1536 1131 temere
1553 1106 1751 1140 asportarant
1768 1102 1802 1131 in
1819 1110 1931 1132 eorum
1957 1101 2174 1140 prejudicium
2196 1105 2227 1131 et
2243 1110 2359 1140 grava-

1352 1163 1425 1184 men
1440 1165 1446 1191 3
1464 1159 1494 1184 et
1509 1155 1592 1193 quod
1616 1155 1771 1194 premissa
1801 1158 1892 1185 eraut
1907 1154 1985 1185 adeo
2016 1155 2140 1185 notoria
2165 1155 2251 1194 quod
2270 1154 2361 1185 nulla

1351 1212 1495 1246 poterant
1524 1208 1786 1246 tergiversatione
1813 1208 1928 1245 celari,
1963 1208 2120 1247 prefatum
2147 1208 2361 1248 archiepisco-

1351 1270 1429 1300 pum
1451 1262 1611 1292 duxerunt
1629 1271 1685 1301 per
1707 1271 1780 1291 suas
1802 1262 1922 1292 litteras
1944 1262 2175 1301 requirendum
2202 1266 2236 1292 ut
2260 1262 2361 1293 dictos

1352 1314 1494 1344 subditos
1520 1323 1593 1345 suos
1623 1315 1739 1345 faceret
1761 1316 1801 1345 ab
1826 1315 2014 1354 hujusmodi
2038 1315 2215 1346 vessatione
2237 1323 2362 1346 cessare

1351 1367 1501 1406 ipsosque
1516 1376 1552 1397 ac
1568 1368 1721 1407 prefatam
1737 1368 1905 1398 ecclesiam
1933 1373 2041 1398 contra
2066 1368 2162 1399 talem
2184 1373 2216 1398 et
2240 1372 2362 1398 tantam

1352 1420 1557 1450 insolentiam
1583 1421 1776 1457 defensaret,
1803 1422 1938 1460 petendo
1962 1422 2073 1451 omnia
2097 1421 2237 1460 predicta
2255 1421 2363 1452 sibiet

1353 1473 1459 1504 eidem
1475 1473 1606 1504 ecclesie
1622 1473 1707 1503 infra
1728 1483 1830 1504 unum
1847 1484 2010 1511 mensem,
2036 1475 2119 1504 sicut
2143 1483 2264 1514 equum
2279 1475 2362 1505 exis-

1354 1532 1448 1565 teret,
1465 1528 1649 1565 emendari3
1678 1528 1800 1558 dictum
1815 1537 1888 1559 vero
1904 1529 2021 1559 laicum
2039 1530 2073 1559 in
2089 1538 2216 1560 carcere
2241 1529 2286 1560 sic
2303 1529 2360 1560 de-

1353 1586 1477 1612 tentum
1494 1582 1579 1612 infra
1599 1585 1668 1612 octo
1687 1582 1814 1612 dierum
1836 1583 1973 1621 spatium
1995 1583 2034 1612 ab
2053 1583 2122 1621 ipso
2137 1591 2262 1613 carcere
2278 1582 2359 1613 libe-

1353 1636 1429 1672 rari,
1447 1639 1517 1674 post
1542 1635 1813 1674 presentationem
1843 1634 2031 1674 hujusmodi
2057 1635 2247 1666 litterarum.
2271 1635 2360 1667 Alio-

1353 1690 1433 1728 quin
1449 1693 1558 1719 contra
1580 1690 1685 1728 ipsum
1701 1689 1975 1728 archiepiscopum
2003 1698 2125 1720 cessare
2149 1689 2362 1720 intendebant

1353 1743 1478 1782 penitus
1500 1752 1518 1772 a
1542 1743 1660 1772 divinis
1684 1747 1714 1772 et
1734 1743 1942 1773 cessationem
1966 1743 2152 1781 hujusmodi
2175 1751 2358 1782 aggravare,

1352 1796 1480 1835 quando
1496 1796 1643 1835 expedire
1660 1796 1824 1830 viderent,
1842 1805 1906 1826 non
1932 1796 2035 1826 solum
2051 1806 2088 1826 ex
2108 1796 2171 1826 hiis
2188 1796 2243 1826 sed
2265 1796 2361 1826 etiam

1352 1858 1388 1878 ex
1403 1848 1477 1879 aliis
1499 1849 1603 1879 causis
1626 1849 1706 1879 alias
1730 1850 1834 1879 eidem
1855 1849 2092 1888 archiepiscopo
2115 1849 2302 1887 assignatis,
2323 1858 2360 1879 ex

1353 1902 1469 1941 quibus
1481 1903 1549 1942 jam
1567 1902 1621 1933 diu
1638 1912 1656 1932 a
1671 1902 1790 1932 divinis
1810 1903 1888 1941 ipsis
1913 1906 2114 1932 cessaverant
2130 1906 2160 1932 et
2176 1902 2359 1939 cessabant;

1353 1961 1383 1986 et
1407 1965 1447 1986 ne
1473 1956 1560 1987 idem
1586 1956 1842 1995 archiepiscopus
1866 1965 1920 1986 seu
1948 1956 2065 1994 aliquis
2098 1955 2361 1986 ministerialium

1352 2019 1484 2040 suorum
1509 2014 1618 2040 contra
1639 2011 1725 2049 ipsos
1750 2019 1804 2040 seu
1825 2014 1935 2039 contra
1949 2010 2158 2039 cessationem
2174 2008 2362 2048 hujusmodi

1352 2069 1407 2093 aut
1420 2062 1587 2102 privilegia
1598 2086 1607 2100 ,
1626 2063 1874 2093 consuetudines
1891 2087 1897 2098 ,
1915 2062 2159 2100 compositiones
2173 2065 2229 2091 aut
2244 2064 2360 2092 statuta

1353 2117 1471 2156 prefate
1487 2116 1617 2146 ecclesie
1633 2116 1754 2155 aliquid
1771 2125 1828 2155 per
1843 2125 1875 2145 se
1891 2115 1941 2146 vel
1959 2125 2013 2154 per
2026 2115 2104 2145 alios
2120 2118 2359 2154 attemptarent,

1352 2171 1392 2200 ad
1409 2170 1516 2200 sedem
1532 2169 1735 2209 apostolicam
1750 2168 1961 2208 appellarunt.
1978 2169 2015 2198 Et
2026 2168 2101 2198 licet
2116 2169 2220 2199 dictus
2235 2168 2360 2199 archie-

1353 2224 1510 2263 piscopus,
1527 2224 1578 2254 cui
1603 2223 1641 2253 de
1656 2223 1837 2262 premissis,
1857 2231 1919 2262 que
1942 2222 2067 2252 notoria
2091 2231 2155 2252 non
2178 2224 2280 2258 erant,
2299 2220 2360 2251 ali-

1353 2282 1511 2317 quatenus
1530 2286 1594 2308 non
1610 2277 1787 2313 constabat,
1810 2277 1903 2306 dictis
1928 2276 2047 2306 decano
2066 2281 2097 2306 et
2120 2275 2260 2315 capitulo
2276 2275 2361 2305 inter

1352 2331 1415 2361 alia
1432 2340 1485 2370 per
1502 2339 1574 2361 suas
1595 2330 1716 2360 litteras
1737 2329 1952 2369 respondisset
1977 2329 2061 2368 quod
2082 2329 2110 2359 si
2133 2328 2283 2359 homines
2306 2331 2362 2358 aut
2394 2327 2399 2334 '

1354 2385 1528 2422 burgenses
1544 2383 1657 2423 prefati
1680 2383 1779 2413 banni
1795 2387 1826 2413 et
1843 2383 2009 2422 prepositi,
2030 2381 2160 2418 ballivi,
2190 2381 2361 2412 talliatores

1354 2447 1408 2468 seu
1431 2437 1487 2468 alii
1508 2437 1628 2468 subditi
1646 2437 1696 2468 sui
1723 2437 1843 2468 eisdem
1867 2436 1987 2466 decano
2012 2440 2043 2466 et
2059 2435 2197 2475 capitulo
2215 2444 2361 2466 commu-

1355 2491 1440 2521 niter
1456 2490 1505 2521 vel
1521 2491 1653 2521 divisim
1669 2499 1724 2521 seu
1749 2490 1876 2529 prefatis
1900 2489 2073 2529 capellanis
2094 2494 2149 2520 aut
2173 2489 2362 2519 hominibus

1355 2550 1386 2576 et
1400 2545 1628 2575 mansionariis
1644 2544 1829 2575 eorumdem
1840 2544 1873 2573 in
1884 2543 2048 2582 premissis
2061 2543 2112 2573 vel
2126 2543 2200 2573 aliis
2215 2542 2362 2582 injuriati

1354 2602 1470 2635 essent,
1481 2598 1565 2637 quod
1579 2606 1644 2628 non
1659 2597 1816 2634 credebat,
1833 2602 1888 2627 aut
1901 2606 1954 2627 eos
1966 2597 2000 2626 in
2017 2597 2124 2636 aliquo
2137 2595 2360 2633 offendissent,

1354 2656 1482 2691 paratus
1500 2655 1565 2682 erat
1580 2659 1674 2690 super
1692 2651 1758 2681 hiis
1774 2654 1805 2681 et
1822 2660 1856 2680 ea
1875 2650 2078 2689 tangentibus
2101 2649 2362 2680 informationem

1353 2705 1393 2735 ab
1408 2705 1453 2734 eis
1470 2704 1612 2743 recipere
1627 2705 1669 2741 et,
1687 2703 1862 2743 privilegiis
1876 2728 1882 2740 ,
1901 2703 2042 2740 statutis,
2061 2702 2262 2733 libertatibus
2273 2726 2280 2739 ,
2298 2703 2362 2732 im-

1354 2757 1566 2788 munitatibus
1578 2761 1609 2787 et
1619 2757 1904 2796 compositionibus
1919 2757 2038 2797 pretate
2050 2756 2220 2786 Remensis
2230 2754 2363 2786 ecclesie

1354 2811 1485 2841 servatis
1502 2819 1576 2841 cum
1591 2810 1680 2841 omni
1695 2811 1875 2841 maturitate
1891 2814 1921 2840 et
1937 2810 2075 2849 equitate
2087 2833 2094 2846 ,
2111 2812 2204 2848 prout
2223 2807 2363 2847 qualitas

1355 2868 1385 2901 et
1400 2867 1513 2893 natura
1529 2863 1649 2902 negotii
1664 2864 1822 2902 exigeret,
1839 2863 1879 2894 ad
1895 2871 2006 2894 eorum
2022 2866 2054 2893 et
2067 2861 2212 2902 ejusdem
2230 2861 2363 2893 ecclesie

1353 2916 1510 2947 honorem
1532 2915 1681 2947 exhibere
1704 2917 1830 2955 justitie
1857 2915 2128 2955 complementum
2140 2939 2147 2952 ‚
2174 2919 2362 2953 certumque

1355 2969 1528 2999 terminum
1558 2973 1790 3009 competentem
1815 2969 1856 3000 ad
1880 2969 2145 2999 informationem
2174 2966 2362 3007 hujusmodi

1354 3022 1531 3052 faciendam
1559 3027 1589 3053 et
1613 3023 1791 3061 libertates,
1821 3022 2060 3059 immunitates,
2090 3020 2360 3058 consuetudines,
2393 3045 2397 3052 .

1310 3118 1315 3126 Ι
1354 3075 1616 3115 compositiones,
1637 3081 1752 3107 statuta
1776 3080 1807 3107 et
1832 3075 2000 3115 privilegia
2020 3074 2160 3115 predicta
2181 3073 2362 3104 exhibenda

2411 2462 2428 2499 κε
2417 2417 2424 2430 ο
2415 2357 2425 2394 .,·-

2440 759 2455 861 ..ιο-1

2434 1029 2463 1337 κισ-.-.η’ῗ””
2440 862 2461 925 ’,1
