2342 3652
839 358 1059 400 PREMOERE
1082 356 1240 397 ANNEE.
2046 364 2081 393 71

32 448 119 477 383
345 440 699 475 Sainte-Marie-MaJeure,
711 438 744 465 23
756 436 871 464 octobre
886 434 961 461 1288.

33 507 216 544 Dispensatio
239 506 424 532 matrimonii.
445 504 525 532 tRac.
548 503 595 536 44,
611 509 636 528 c.
653 500 717 531 234,
734 499 754 525 f.
772 498 804 525 54
819 503 863 527 1‘03
881 495 997 526 Por‘ffl„

0 557 107 590 22898.)

46 658 215 688 Venerabili
234 658 330 693 fratri
352 678 370 685 ..
399 652 655 690 Brandiburqensz·
671 654 696 679 et
722 672 741 678 ..
770 645 1000 682 Havelberqensi

0 712 141 750 episcopis
166 710 324 740 commitit
350 712 516 750 quatenus,
532 713 604 736 cum
629 701 728 733 nobili
757 700 824 730 viro
846 698 1000 734 Henrico,

0 766 79 795 duce
106 764 241 800 Sleziae‚
272 763 402 793 domino
428 758 664 793 Wratislaviae,
690 760 720 785 et
744 753 845 784 nobili
866 752 1002 782 muliere

2 817 195 849 Mehtehildi
213 841 219 853 ,
264 820 338 845 nata
379 813 508 845 Octonis
541 811 615 841 dicti
649 808 772 846 Longi,
806 805 1002 835 marchionis

3 870 314 909 Brandeburgensis,
345 869 505 907 dispenset
528 869 561 895 ut
580 864 614 893 in
641 860 847 892 matrimonio
867 859 907 889 ab
925 858 1002 897 ipsis

3 934 57 965 per
73 924 167 954 verba
183 923 221 953 de
237 922 394 961 praesenti
409 922 565 950 contracto
577 939 584 953 ‚
605 916 643 946 ad
659 914 813 945 sedandas
831 913 916 942 inter
931 919 1000 950 pro-

2 977 162 1016 genitores
174 976 360 1006 inimicitias
371 974 538 1004 existentes
551 993 559 1007 ,
575 976 741 999 remanere
763 966 900 996 valeant.

45 1043 58 1057 «
83 1030 314 1068 Significarunt
341 1027 430 1058 nobis
458 1023 600 1055 dilecti...
626 1038 665 1044 —
686 1021 757 1050 Dat.
788 1020 890 1050 Rome
919 1017 1003 1057 apud

4 1083 155 1114 Sanctam
177 1082 310 1111 Mariam
329 1081 491 1118 Majorem,
507 1086 525 1106 x
541 1074 693 1105 kalendas
706 1073 900 1109 novembris,
917 1080 1003 1101 anno

7 1137 120 1175 primo.
139 1148 151 1162 ι

78 1292 271 1322 384-386
559 1287 653 1320 Rieu,
670 1286 702 1313 27
720 1285 836 1313 octobre
853 1285 931 1312 1288.

46 1356 148 1383 Petrus
171 1354 344 1382 monasterio
368 1352 464 1378 Sancti
486 1349 563 1377 Petri
584 1349 796 1383 Villaemagnae
820 1348 848 1374 in
874 1347 1004 1373 abbatem

9 1402 145 1440 praeficit.
163 1404 244 1438 (Rae.
261 1404 303 1436 44,
320 1410 345 1429 c.
361 1401 422 1432 235,
438 1400 458 1426 f.
475 1400 507 1427 54
523 1400 570 1431 ro.)

51 1506 158 1535 Dilecto
177 1504 238 1542 filio
258 1504 359 1538 Petro,
377 1503 475 1532 abbati
496 1502 674 1530 monasterii
693 1500 798 1529 Sancti
816 1500 899 1528 Petri
920 1499 1005 1527 Ville-

16 1568 137 1596 maqne,
157 1559 195 1588 ad
219 1565 375 1586 romanam
400 1556 550 1585 ecclesiam
578 1555 662 1583 nulio
689 1555 784 1583 medio
807 1554 1005 1592 pertinentis,

13 1612 132 1640 ordinis
153 1610 249 1640 sancti
267 1610 424 1645 Benedicti,
442 1609 602 1645 Anagynine
625 1607 756 1637 diocesis.
772 1607 913 1636 Vacante
938 1614 1007 1635 mo-

14 1664 150 1694 nasterio
176 1662 281 1693 Sancti
301 1662 387 1692 Petri
406 1661 646 1699 Villaemagnae
666 1670 721 1699 per
741 1660 865 1690 obitum
885 1660 1008 1690 Johan-

16 1720 76 1755 nis,
92 1719 178 1757 prior
192 1722 222 1748 et
236 1722 419 1753 conventus,
434 1726 489 1756 per
499 1716 583 1746 viam
597 1716 819 1755 compromissi
837 1715 1008 1754 proceden-

16 1775 70 1809 tes,
88 1771 264 1801 facultatem
279 1769 420 1808 allgendi
435 1769 556 1799 abbatis
575 1773 802 1799 concesserunt
818 1769 956 1798 Roberto
972 1768 1010 1798 de

15 1824 143 1863 Signia,
162 1824 298 1854 Mathiae
321 1824 358 1853 de
380 1823 598 1861 Villamagna,
621 1823 765 1853 Johanni
790 1823 872 1852 dicto
898 1822 1011 1860 Spatae

16 1877 53 1908 de
73 1878 219 1915 Anagnia
236 1882 267 1907 et
283 1877 448 1916 Raynaldo
473 1877 511 1906 de
535 1876 704 1914 Sculcula,
725 1876 802 1906 dicti
824 1875 1012 1906 monasterii

16 1931 197 1968 monachis,
221 1931 276 1970 qui
294 1931 469 1961 Henricum
486 1930 525 1960 de
546 1929 701 1968 Sublacu⁷
721 1930 866 1970 ejusdem
882 1938 1011 1959 monas-

17 1984 88 2015 terii
114 1984 319 2021 monachum,
342 1985 376 2014 in
407 1984 551 2014 abbatem
579 1983 790 2022 postularunt.
821 1984 913 2013 Hanc
938 1992 1012 2013 vero

19 2036 262 2076 postulationem
276 2045 355 2076 papa
366 2036 468 2067 noluit
484 2037 627 2076 accipere
642 2041 673 2066 et
692 2037 837 2073 Petrum,
857 2041 931 2066 tunc
946 2045 1011 2066 mo-

18 2090 156 2120 nachum
170 2090 356 2120 monasterii
371 2090 565 2127 Casinensis‚
582 2091 685 2121 eidem
699 2091 894 2120 monasterio
902 2090 1012 2120 Sancti

19 2143 103 2172 Petri
119 2142 353 2181 Villaemagnae
375 2143 409 2172 in
427 2143 573 2173 abbatem
589 2143 739 2182 praeficit.

59 2208 72 2223 u
106 2196 234 2226 Dudum
260 2197 445 2227 monasterio
469 2197 613 2228 Sancti...
638 2213 676 2219 —-
700 2197 772 2226 Dat.
800 2197 903 2226 Rome
927 2196 1011 2234 apud

18 2248 167 2279 Sanctam
200 2249 334 2278 Mariam
363 2250 533 2288 Majorem,
563 2260 596 2280 VI
628 2250 781 2280 kalendas
810 2250 1011 2286 novembris,

17 2310 103 2332 anno
119 2310 233 2340 prlmo.
254 2314 267 2329 ι)

58 2355 105 2384 In.
128 2364 155 2384 e.
174 2364 242 2384 m...
257 2355 353 2394 priori
369 2359 398 2386 et
413 2357 585 2387 conventui
601 2357 787 2387 monasterii
803 2356 912 2386 Sancti
928 2357 1015 2386 Petri

18 2408 259 2446 Villaemagnae
287 2409 416 2439 mandat
437 2414 593 2448 quatenus
612 2411 773 2449 praedicto
800 2411 906 2440 abbati
925 2410 1014 2440 debi-

21 2466 81 2490 tam
97 2461 311 2492 obedientiam
328 2463 504 2500 praebeant.

57 2514 95 2544 In
119 2523 146 2544 e.
167 2523 211 2543 m.
236 2515 393 2545 universis
417 2515 559 2546 vassallis
585 2517 772 2548 monasterii
795 2517 904 2547 Sancti
929 2517 1015 2546 Petri

22 2566 262 2605 Villaemagnae
278 2568 409 2601 mandat
423 2573 577 2607 quatenus
595 2570 698 2601 eidem
713 2571 819 2601 abbati
836 2570 928 2601 solita
941 2569 1016 2599 fide-

19 2619 118 2650 litatis
130 2622 317 2659 J'uramenta
333 2626 363 2651 et
384 2622 511 2652 servitia
527 2624 705 2662 praebeant.

0 2706 2 2734 l

2 2747 10 2810 ,5
89 2779 173 2807 38¹⁷
529 2780 620 2814 Rieti,
635 2782 669 2810 22
687 2783 850 2818 septembre
868 2781 945 2810 1288.

4 2834 6 2855 ³
58 2840 171 2868 Decano
191 2842 330 2868 ecclesiae
352 2842 544 2877 Lingonensis
560 2843 830 2872 administrationem
852 2845 1017 2872 monasterii

6 2888 235 2928 gRotnaricensis
254 2891 418 2917 committit.
442 2891 522 2926 (Rea.
541 2892 587 2926 44,
604 2900 628 2919 c.
645 2893 711 2928 236,
730 2895 749 2921 f.
774 2895 806 2921 54
829 2901 877 2928 νος
898 2894 966 2921 Lar.
983 2903 1019 2921 nu

6 2929 118 2971 *Tm-:riq
135 2938 157 2970 Ι,
174 2939 247 2971 101.)

11 3048 13 3078 1,
64 3055 83 3062 ..
102 3033 212 3064 decano
230 3036 346 3066 ecclesie
371 3037 577 3074 Linyonensis.
595 3036 723 3067 Dudum
740 3039 931 3069 monasterio
955 3039 1019 3069 Ro-

1082 433 1254 462 maricensi
1279 432 1318 462 ad
1340 440 1507 461 romanam
1537 429 1704 460 ecclesiam
1735 428 1826 459 nullo
1852 429 1959 459 medio
1988 431 2085 468 perti-

1082 487 1188 522 nenti,
1218 485 1342 515 ordinis
1370 485 1472 515 sancti
1502 483 1686 518 Benedicti,
1717 481 1878 520 Tulleusis
1911 483 2084 520 dioecesis,

1083 539 1260 569 abbatissae
1282 538 1441 576 regimine
1459 538 1624 571 destituto,
1649 536 1729 566 duae
1746 536 1878 565 fuerunt
1896 536 1931 565 in
1954 544 1990 565 eo
2006 535 2086 566 elec-

1084 593 1184 622 tiones
1197 616 1205 630 ,
1222 601 1287 621 una
1311 591 1349 621 de
1371 592 1534 630 quondam
1558 590 1737 628 Margareta
1755 589 1793 619 de
1815 589 1903 619 Baon
1926 593 1956 618 et
1971 588 2033 618 alia
2048 588 2087 618 de

1083 645 1247 675 Felicitate
1267 645 1350 675 dicta
1369 644 1543 680 Damelire,
1558 643 1658 682 ipsius
1674 642 1861 673 monasterii
1878 641 2086 679 monialibus,

1084 699 1119 728 in
1140 698 1297 728 discordia
1317 697 1504 728 celebratae.
1525 697 1647 727 Verum
1663 697 1739 735 quia
1761 705 1816 735 per
1838 695 2043 734 septennium
2059 699 2089 725 et

1083 752 1221 790 amplius
1237 752 1400 790 negotium
1416 750 1602 789 hujusmodi
1620 750 1812 779 electionum
1825 753 2018 788 protractum
2034 757 2089 778 ne-

1084 805 1189 843 quivit
1205 805 1388 841 terminari,
1408 804 1490 833 bona
1505 804 1544 833 ad
1561 803 1755 833 abbatissam
1771 811 1853 841 quae
1874 807 1920 832 est
1936 810 1991 840 pro
2009 806 2088 831 tem-

1085 867 1158 896 pore
1187 858 1398 896 pertinentia,
1423 866 1441 886 a
1467 857 1560 886 bonis
1587 860 1762 886 conventus
1791 855 1935 894 ejusdem
1957 855 2089 884 omnino

1085 911 1235 947 discreta,
1258 920 1275 940 a
1300 910 1467 941 nonnullis
1491 910 1672 948 potentibus
1695 909 1810 938 harum
1832 909 1971 947 partium
1994 917 2090 938 occu—

1087 969 1202 1003 pantur
1226 964 1345 1003 passim
1361 969 1391 993 et
1413 964 1509 993 etiam
1527 963 1772 998 distrahuntur3
1790 970 1888 1000 quare
1903 961 2022 991 decano
2039 969 2090 990 ec-

1086 1018 1202 1048 clesiae
1228 1017 1442 1055 Lingonensis
1468 1016 1600 1045 mandat
1624 1024 1702 1054 papa
1728 1018 1902 1053 quatenuS‚
1925 1023 2093 1052 quousque

1086 1071 1184 1100 fuerit
1206 1071 1310 1100 eidem
1331 1070 1523 1099 monasterio
1550 1068 1773 1099 Romaricensi
1795 1068 1948 1097 canonice
1970 1067 2009 1097 de
2037 1067 2091 1097 ah-

1088 1125 1204 1155 batissa
1231 1125 1416 1163 provisum,
1443 1122 1758 1153 administrationem
1781 1122 1878 1160 hujus
1904 1120 2093 1150 monasterii

1088 1187 1221 1216 gerens⁷
1253 1178 1419 1207 universos
1445 1177 1567 1207 fructus
1598 1180 1628 1205 et
1657 1175 1801 1205 redditus
1828 1174 1868 1204 ad
1899 1174 2093 1204 abbatissam

1087 1235 1264 1270 spectantes
1283 1230 1412 1268 colligat
1425 1235 1454 1259 et
1472 1238 1524 1259 eos
1539 1229 1579 1259 ad
1595 1229 1787 1258 abbatissam
1806 1232 1983 1258 conservet⁴

1129 1298 1142 1311 α
1168 1285 1212 1314 Ex
1234 1289 1320 1323 parte
1342 1284 1570 1314 dilectarum...
1601 1300 1640 1304 —
1664 1283 1735 1312 Dat.
1758 1282 1873 1318 Reate,
1893 1291 1911 1311 x
1941 1280 2094 1311 kalendas

1087 1339 1242 1374 octobris,
1260 1346 1345 1368 anno
1358 1338 1471 1376 primo.
1489 1349 1501 1362 »

1124 1485 1318 1513 388-334

1124 1547 1272 1574 Johannes
1288 1547 1427 1573 ecclesiae
1438 1545 1604 1572 Nicosiensi
1620 1544 1784 1579 praeficitur
1794 1544 1821 1570 in
1835 1543 2094 1578 archiepiscopum.

1090 1597 1172 1631 (Rea.
1190 1597 1237 1629 44,
1254 1605 1279 1623 c.
1296 1596 1358 1632 ⁵337,
1375 1596 1394 1621 s.
1416 1595 1447 1621 54
1463 1596 1514 1627 VO.)

1431 1481 1792 1516 Salute-Marie-Majeure,
1808 1481 1840 1508 30
1851 1480 1967 1507 octobre
1979 1480 2057 1507 1288.

1138 1699 1304 1728 Venerabili
1325 1699 1420 1735 fratri
1442 1697 1587 1732 Iohanni,
1606 1695 1824 1732 archiepiscopo
1840 1693 2015 1722 Nicosiensi.
2034 1693 2096 1722 Va—

1091 1758 1183 1783 cante
1202 1751 1382 1782 Nicosiensi
1399 1750 1530 1780 ecclesia
1549 1758 1604 1788 per
1618 1748 1741 1778 obitum
1761 1746 1950 1785 Rannulphi
1966 1770 1972 1783 ,
2001 1754 2097 1776 cano-

1093 1807 1158 1836 nici
1176 1806 1276 1845 ipsius
1295 1804 1446 1835 ecclesiae
1462 1803 1541 1833 duas
1560 1801 1751 1837 electiones,
1773 1809 1873 1830 unam
1896 1799 2043 1829 videlicet
2060 1799 2099 1829 de

1093 1860 1246 1898 magistro
1262 1858 1409 1889 Gnidone
1425 1858 1463 1887 de
1479 1855 1659 1892 Novavilla,
1676 1854 1840 1894 capellano
1852 1862 1950 1892 papae
1965 1853 2099 1892 ejusque

1093 1914 1273 1944 litterarum
1288 1911 1557 1943 contradictarum
1582 1909 1746 1944 auditore,
1769 1907 1924 1938 canonico
1939 1930 1946 1944 ‚
1965 1906 2100 1937 alteram

1094 1969 1132 1999 de
1159 1968 1298 1997 Henrico
1322 1966 1360 1996 de
1391 1965 1551 2000 Giheleto,
1574 1963 1800 1993 archidiacono
1816 1962 1917 2001 ipsius
1946 1960 2099 1990 ecclesiae

1094 2021 1319 2057 celebrarunt3
1347 2019 1401 2049 sed
1423 2018 1582 2057 praefatus
1610 2016 1715 2047 Guido
1743 2015 1892 2046 electioni
1915 2014 1953 2044 de
1978 2023 2010 2043 se
2038 2013 2101 2043 fac-

1096 2080 1144 2105 tae
1162 2074 1344 2105 conseutire
1365 2072 1470 2102 noluit
1488 2075 1518 2101 et
1533 2070 1714 2110 praedictus
1734 2069 1910 2105 Henricus,
1929 2071 1997 2106 post
2016 2075 2099 2096 non-

1096 2129 1201 2159 nullos
1220 2136 1384 2167 processus
1400 2150 1406 2163 ,
1429 2125 1517 2165 juri,
1544 2125 1570 2154 si
1586 2123 1671 2163 quod
1689 2123 1752 2153 sibi
1767 2132 1803 2153 ex
1821 2121 2008 2161 hujusmodi
2023 2120 2101 2150 elec-

1096 2183 1183 2213 tione
1201 2181 1417 2220 competebat,
1436 2178 1644 2209 renuntiavit.
1673 2177 1778 2213 Quare
1798 2185 1877 2215 papa
1896 2175 2099 2210 Johannem,

1094 2236 1241 2273 ordinem
1256 2235 1392 2264 fratrum
1404 2234 1569 2263 minorum
1578 2231 1769 2270 professum,
1782 2230 1816 2259 in
1828 2229 2102 2267 archiepiscopum

1096 2289 1279 2320 Nicosiensi
1307 2287 1459 2318 ecclesiae
1488 2285 1632 2325 praeficit
1657 2285 1750 2323 eique
1775 2283 1928 2322 palleum,
1954 2291 2009 2320 per
2034 2281 2101 2310 Ma-

1097 2343 1248 2378 maeum,
1277 2341 1411 2371 Sanctae
1441 2339 1563 2369 Mariae
1586 2338 1757 2368 diaconum
1782 2335 1996 2371 cardinalem,
2023 2334 2103 2364 tradi

1096 2396 1182 2426 facit.

1139 2462 1152 2476 α
1177 2450 1298 2488 Sponso
1322 2447 1431 2478 celesti
1457 2447 1547 2477 cui...
1563 2462 1603 2469 --
1628 2446 1698 2474 Dat.
1724 2445 1826 2474 Rome
1849 2442 1933 2481 apud
1954 2442 2102 2472 Sanctam

1097 2504 1234 2533 Mariam
1246 2502 1412 2540 MaJ'orem‚
1430 2510 1465 2530 111
1482 2500 1634 2530 kalendas
1646 2497 1839 2534 novembris,
1854 2504 1939 2526 auno
1951 2496 2064 2533 primo.
2087 2506 2099 2521 ι)

1140 2557 1177 2586 In
1197 2565 1225 2585 e.
1244 2565 1288 2585 m.
1315 2554 1452 2593 capitulo
1472 2553 1622 2583 ecclesiae
1644 2550 1846 2581 Nicosiensis
1871 2548 2001 2578 mandat
2024 2556 2103 2586 qua-

1099 2614 1193 2639 tenus
1208 2608 1348 2647 praefato
1363 2607 1601 2646 archiepiscopo
1620 2605 1759 2634 debitam
1780 2603 1928 2642 praebeat
1949 2600 2103 2631 obedien-

1101 2663 1188 2692 tiam.

1138 2716 1178 2745 In
1195 2724 1221 2745 e.
1239 2724 1281 2744 m.
1301 2714 1384 2744 clero
1398 2712 1533 2743 civitatis
1549 2716 1580 2742 et
1591 2705 1744 2741 dioecesis
1760 2708 1968 2739 Nicosiensis.

1139 2770 1178 2799 In
1196 2778 1223 2798 e.
1242 2777 1284 2797 m.
1301 2766 1414 2806 populo
1431 2766 1566 2796 civitatis
1581 2769 1611 2794 et
1626 2763 1780 2794 dioecesis
1794 2761 2000 2792 Nicosiensis.

1141 2823 1180 2852 In
1196 2831 1223 2852 e.
1242 2830 1285 2850 m.
1304 2820 1464 2850 universis
1479 2818 1630 2849 ecclesiae
1646 2815 1845 2846 Nicosiensis
1860 2813 2016 2844 vassallis.

1141 2876 1178 2905 In
1198 2885 1224 2904 e.
1243 2884 1284 2904 m.
1303 2873 1463 2904 universis
1485 2871 1636 2902 ecclesiae
1661 2868 1860 2900 Nicosiensis
1882 2867 2103 2905 suffraganeis.

1141 2930 1179 2959 In
1198 2938 1225 2959 e.
1244 2937 1287 2957 m.
1308 2951 1328 2957 ..
1346 2926 1414 2963 regi
1427 2925 1524 2964 Cipri.
1541 2925 1622 2954 Eum
1639 2923 1783 2954 hortatur
1795 2925 1952 2961 quatenus
1968 2920 2106 2960 praefato

1101 2982 1339 3021 archiepiscopo
1354 2979 1479 3017 regium
1495 2978 1636 3007 favorem
1655 2976 1782 3005 tribuat.

1144 3048 1157 3063 a
1182 3036 1233 3066 Ad
1250 3033 1423 3065 fovendum
1443 3032 1516 3061 in...
1537 3048 1569 3052 —
1590 3031 1659 3059 Dat.
1679 3034 1713 3059 ut
1727 3037 1832 3068 supra.
1852 3040 1866 3055 ι)
