2477 3637
213 383 268 410 652
960 378 1196 408 Rt-:tjts'rlisss
1219 378 1273 407 DE
1296 378 1479 408 NICOLAS
1501 379 1557 408 IV.

212 447 292 485 apud
316 446 592 479 Urbemvetereni,
612 445 705 474 nonis
722 444 849 483 aprilis,
867 453 952 474 anno
971 449 1093 483 quarto.
1113 443 1220 482 (Ibid.)

253 499 288 527 ln
306 508 332 527 e.
353 507 394 527 m.
415 498 506 526 Petro
524 496 664 535 Philippi
681 497 719 526 de
735 497 884 535 Piper-no,
902 497 1017 526 clerico
1032 498 1064 526 in
1083 497 1217 527 minori-

211 552 270 581 bns
287 550 453 581 ordinibus
474 550 656 585 constituto.
677 549 917 579 Terracinensis
933 550 1095 580 dioecesis.
1113 550 1220 589 (ibid.)

783 631 909 661 (ji-vieto,
932 631 964 656 ¹0
979 630 1048 656 avril
1069 631 1144 657 129¹.

251 693 287 721 ln
310 701 336 721 e.
362 701 403 720 m.
431 692 612 720 Bonacnrso
634 691 717 720 dicto
739 691 876 722 Cin-sino
896 692 934 721 de
955 692 1100 729 Vignali,
1124 692 1216 730 laico,

212 746 377 775 Massanae
398 745 564 774 dioecesis.
584 745 653 773 Dat.
671 744 754 783 apud
772 744 1034 774 Urbemveterem
1051 769 1056 780 ,
1079 755 1124 774 nn
1146 745 1218 775 idus

209 798 328 837 aprilis,
345 806 431 828 anno
446 802 568 836 quarto.
587 798 691 837 (ibid.)

250 851 285 880 In
304 861 330 880 e.
349 859 393 880 m.
411 850 588 889 Meynardo
606 850 702 887 Galli,
720 850 834 881 clerico
850 851 880 880 in
900 851 1082 881 minoribus
1095 851 1218 881 ordini-

209 904 267 934 bus
283 904 464 939 constituto,
485 904 738 941 Engolismensis
753 904 919 934 dioecesis.
937 904 1043 944 (Ibat.)

255 958 288 987 ln
307 968 334 988 e.
350 967 394 988 m.
414 957 542 987 Fulconi
564 957 662 993 Balat,
677 957 790 987 clerico
805 957 837 987 in
854 958 1034 988 minoribus
1049 959 1217 989 ordinibus

207 1012 389 1047 constituto,
406 1011 679 1041 Claroniontensis
694 1011 859 1041 dioecesis.
876 1012 978 1051 (leid.)

783 1092 911 1122 orricio,
933 1093 961 1119 te
978 1094 1046 1120 avril
1067 1094 1141 1121 1291.

249 1155 284 1184 ln
313 1164 341 1183 e.
366 1164 408 1183 in.
434 1155 584 1191 magistro
610 1155 701 1184 Petro
729 1154 812 1184 dicto
835 1155 1019 1192 Bauchaiit,
1041 1156 1156 1187 clerico
1182 1158 1214 1187 in

207 1209 386 1238 minoribns
408 1207 576 1237 ordinibus
604 1207 793 1243 constituto,
822 1208 1024 1238 Belvacensis
1048 1209 1212 1240 dioecesis.

207 1261 277 1290 Dat.
298 1261 380 1299 apud
404 1261 683 1297 Urbemveterem‚
704 1270 723 1290 11
743 1261 814 1291 idus
835 1261 964 1302 aprilis,
982 1271 1068 1293 anno
1086 1269 1211 1302 quarto.

206 1314 312 1353 (lma.)

783 1368 910 1401 Orvieto,
932 1370 962 1396 13
976 1371 1045 1397 avril
1063 1371 1140 1399 1291.

249 1431 283 1460 [n
305 1439 332 1459 e.
352 1439 394 1459 m.
413 1430 554 1460 Jolianni
573 1430 610 1459 de
631 1431 720 1469 Baya
738 1430 822 1461 dicto
842 1431 882 1462 de
904 1433 1127 1472 Monterolani,
1148 1435 1213 1466 cle-

206 1484 271 1513 rico
291 1483 324 1512 in
350 1483 530 1512 minoribus
551 1483 719 1513 ordinibus
739 1485 923 1523 constituto,
944 1486 1214 1518 Cathalaunensis

206 1536 367 1566 dioecesis.
390 1536 460 1565 Dat.
476 1536 560 1575 apud
579 1537 852 1575 Urbemveterem,
869 1539 975 1569 idibus
991 1540 1112 1578 aprilis,
1127 1551 1214 1572 anno

205 1594 326 1627 quarto.
343 1589 449 1628 (Ibid.)

793 1645 925 1680 Orvieto‚
943 1648 958 1674 9
974 1649 1044 1675 avril
1062 1649 1139 1677 1291.

246 1705 281 1734 In
299 1714 326 1735 e.
345 1714 387 1734 m.
403 1705 562 1743 Johanui,
582 1712 654 1737 nato
672 1708 815 1738 Eudonis
833 1709 871 1739 de
887 1710 1030 1744 Foresta,
1047 1712 1162 1744 clerico
1178 1715 1212 1744 in

205 1759 382 1788 minoribns
403 1759 569 1790 ordinibus
585 1762 767 1798 constituto,
785 1763 1030 1803 Corisopitensis
1046 1766 1209 1798 dioecesis.

204 1811 276 1840 Dat.
298 1812 382 1850 apud
408 1813 688 1849 Urbemveterem‚
709 1825 726 1844 v
746 1815 818 1845 idus
835 1817 962 1855 aprilis,
981 1828 1066 1849 anno
1087 1826 1208 1858 quarto.

204 1864 308 1903 (ltu'cl.)

779 1921 904 1954 Orvieto.
926 1925 957 1951 10
974 1926 1043 1952 avril
1061 1927 1138 1954 129¹.

246 1981 279 2010 ln
304 1990 331 2010 e.
357 1991 398 2011 m.
420 1983 588 2013 Anastasio
612 1984 764 2021 llenrici,
789 1986 849 2015 civi
875 1987 1113 2020 Interannensi.
1138 1991 1208 2021 Dat.

204 2034 285 2072 apud
305 2035 578 2073 Urbemveteren'i,
595 2047 638 2066 nn
654 2038 724 2067 idus
737 2038 858 2077 aprilis,
873 2049 959 2071 anno
971 2047 1094 2080 quarto.
1108 2044 1212 2085 (Ibid.)

274 2186 393 2214 45¹5

242 2247 429 2282 Indulgentia.
447 2250 529 2282 (Heu.
549 2251 592 2284 46,
608 2261 632 2278 c.
652 2253 706 2284 912,
726 2254 743 2281 f.
761 2256 776 2282 :3
793 2258 843 2288 vo.)

786 2191 915 2228 ‹ii-vieto,
933 2196 946 2222 7
964 2204 1040 2223 mars
1058 2198 1135 2226 129¹.

247 2350 398 2380 I'niversts
417 2353 530 2381 Christi
545 2354 684 2390 fidelibus
699 2365 824 2387 romane
839 2361 924 2390 curie
942 2366 1003 2391 tam
1022 2367 1211 2400 presentibus

204 2412 295 2440 qnam
313 2406 440 2441 suturis.
459 2418 473 2431 «
497 2406 615 2436 Excitat
634 2414 773 2439 mentem
790 2417 968 2444 nostram...
987 2415 1067 2446 Cum
1083 2417 1207 2458 itaque,

205 2456 285 2484 siunt
311 2457 544 2495 tidedignorum
566 2460 660 2490 habet
683 2464 830 2500 assertio,
852 2466 892 2496 ab
916 2467 993 2498 olim
1017 2469 1050 2498 in
1078 2479 1209 2503 romana

203 2510 291 2538 cnria
307 2518 324 2538 a
340 2511 585 2550 quampluribus
602 2519 676 2544 tunc
689 2516 790 2554 ipsam
806 2521 1012 2558 sequentibus
1025 2525 1208 2557 ordinatum

203 2562 298 2591 snserit
319 2567 349 2591 et
371 2569 548 2598 servatum,
571 2571 601 2596 et
623 2568 727 2598 adhuc
745 2570 881 2603 sollicite
895 2575 1082 2607 observetur
1099 2583 1149 2616 ut,
1169 2581 1208 2611 ad

204 2614 330 2644 landem
350 2616 408 2645 Dei
425 2621 454 2646 et
472 2617 623 2649 honorem
641 2622 729 2652 beate
748 2624 848 2656 Mai-ie
864 2626 1003 2666 virginis
1018 2631 1155 2668 gloriose
1172 2644 1209 2666 ac

205 2673 384 2698 sanctorum
400 2671 545 2701 omnium
565 2679 594 2701 ct
614 2676 761 2714 precipue
778 2677 859 2709 beati
881 2680 1029 2719 Dyonisii
1049 2687 1207 2725 martiris,

203 2720 236 2749 in
255 2721 333 2751 sesto
351 2722 450 2760 ipsius
469 2725 608 2755 martiris
623 2730 789 2759 annuatim
810 2741 865 2770 per
882 2756 901 2763 ..
923 2736 1115 2768 sacerdotem
1135 2740 1208 2771 hos-

204 2773 308 2811 pitalis
323 2775 430 2805 Sancti
444 2778 579 2808 Antonii
596 2780 800 2820 Viennensis,
816 2786 900 2824 quod
916 2789 1066 2826 prefatam
1086 2794 1207 2824 curiam

205 2828 358 2883 sequitur,
374 2834 430 2858 ant
443 2830 557 2868 alium,
573 2834 742 2865 missarum
760 2836 798 2867 de
817 2838 900 2870 dicto
916 2841 994 2872 festo
1006 2843 1206 2886 sollempnia,

207 2883 235 2935 et
253 2889 284 2908 in
304 2881 440 2919 singulis
459 2885 625 2915 mensibus
641 2887 719 2918 duas
733 2890 855 2928 missas,
873 2902 970 2924 uuam
988 2897 1137 2929 videlicet
1153 2910 1208 2939 pro

206 2932 286 2960 viris
302 2938 332 2962 et
350 2934 479 2965 alteram
501 2946 556 2975 pro
572 2939 741 2978 defunctis,
762 2943 833 2973 altis
849 2947 978 2977 vocibus
993 2949 1195 2984 celebrentur

205 2984 351 3023 qnodque
375 2987 405 3015 in
432 2989 550 3019 eisdem
576 2993 683 3023 missis
702 2995 837 3032 quilibet
855 3007 890 3028 ex
911 3000 987 3039 ipsis
1006 2979 1208 3037 servantibus

204 3037 257 3075 qui
277 3037 369 3067 dictis
392 3041 497 3071 missis
523 3043 666 3075 intererit
687 3047 879 3080 oblationem
903 3053 1063 3093 exhibeat,
1081 3057 1114 3087 iu
1131 3060 1208 3090 sub-

1301 444 1484 474 ventionem
1500 444 1705 475 infirmorum
1720 449 1752 475 et
1764 452 1939 484 pauperum
1955 445 1988 474 in
2006 445 2153 484 hospitali
2171 446 2310 484 predicto

1299 496 1484 534 degentium
1496 496 1763 534 convertendam
1785 505 1878 528 nos...
1891 498 2042 528 omnibus
2054 507 2127 529 vere
2142 500 2310 537 penitenti·

1300 550 1359 579 bus
1375 554 1405 579 et
1420 550 1574 579 confessis
1592 550 1649 589 qni
1671 550 1781 580 devote
1798 551 1904 580 missis
1920 551 2127 582 interfuerint
2143 552 2309 591 supradic-

1301 603 1377 632 tis...
1395 606 1523 632 centum
1541 602 1610 633 dies
1625 603 1664 633 de
1678 603 1834 642 injunctis
1848 604 1907 634 sibi
1924 604 2112 643 penitentiis
2127 605 2308 637 misericor-

1299 656 1381 686 diter
1394 655 1585 686 relaxamus.
1601 656 1672 685 Dat.
1687 656 1771 696 apud
1784 656 2064 692 Urbemveterem‚
2079 658 2174 688 nonis
2188 658 2308 696 martii,

1299 717 1386 738 anno
1401 713 1524 747 quarto.
1543 721 1556 735 »

1369 868 1487 897 45¹6

1333 931 1491 957 Concessio
1509 931 1723 958 beneficiorum.
1741 930 1825 964 (Rae.
1844 932 1887 963 46,
1904 939 1930 958 c.
1947 931 1996 966 ⁵22,
2012 932 2032 958 f.
2048 932 2063 959 5
2080 935 2131 966 vo.)

1889 868 2016 900 Orvieto,
2033 869 2049 895 2
2066 877 2143 896 mars
2159 869 2237 897 1291.

1347 1033 1511 1062 Venerabili
1526 1034 1622 1069 fratri
1640 1056 1659 1062 ..
1679 1033 1865 1063 Karleolenst'
1880 1035 2011 1072 episcopo
2029 1034 2160 1064 mandat
2180 1038 2214 1064 ut
2228 1042 2309 1074 qua-

1299 1091 1370 1117 tuor
1385 1086 1510 1117 clericis
1525 1087 1544 1117 J
1549 1109 1569 1123 .‚
1592 1086 1802 1117 Eboraceusis
1820 1087 2064 1127 archiepiscopi,
2082 1097 2161 1126 quos
2173 1088 2241 1127 ipse
2255 1097 2309 1118 ar-

1297 1140 1524 1179 chiepiscopus
1540 1140 1667 1170 duxerit
1684 1140 1918 1176 nominandos,
1936 1141 1976 1170 de
1997 1141 2124 1172 totidem
2143 1141 2309 1172 beneficiis

1297 1195 1538 1231 ecclesiasticis,
1556 1194 1717 1224 consuetis
1742 1194 1962 1224 saecularibus
1985 1195 2110 1225 clericis
2121 1194 2306 1234 assignari,

1297 1248 1476 1286 provideat,
1494 1247 1653 1277 inducens
1674 1247 1758 1285 ipsos
1774 1248 1808 1277 iu
1832 1247 1963 1278 illorum
1984 1248 2216 1283 beneficiorum
2237 1256 2307 1279 cor-

1297 1301 1436 1340 poralem
1456 1301 1700 1340 possessionem.
2351 1288 2358 1295 ⁵

1338 1367 1352 1382 «
1371 1354 1522 1394 Volentes
1541 1355 1735 1385 venerabilis
1756 1355 1901 1387 fratris...
1923 1372 1962 1377 --
1979 1356 2051 1385 Dat.
2071 1355 2155 1395 apud
2173 1355 2309 1386 Urbem·
2360 1365 2369 1371 ·

1297 1413 1448 1443 veterem,
1466 1418 1497 1437 v1
1515 1416 1616 1438 nonas
1635 1409 1754 1445 martii,
1770 1417 1857 1439 anno
1874 1413 1996 1448 quarto.
2017 1421 2030 1436 n

1367 1576 1483 1604 ⁴512
1886 1574 2013 1607 Orvieto,
2032 1574 2047 1602 3
2063 1582 2140 1602 mars
2156 1573 2234 1602 1291.

1333 1638 1518 1674 Dispensatio
1528 1638 1710 1665 matrimonii.
1720 1637 1802 1672 (Rae.
1812 1638 1857 1670 46,
1867 1645 1893 1665 c.
1903 1637 1936 1665 23
1944 1659 1949 1668 ,
1958 1637 1978 1664 f.
1989 1639 2004 1664 5
2014 1637 2306 1671 v⁰;Po·r‘r1-1.‚‘l3587.)

1339 1767 1358 1773 ..
1376 1744 1476 1779 priori
1491 1743 1715 1781 predicatorum
1730 1747 1790 1771 et..
1806 1742 1981 1779 quat-diano
1994 1743 2154 1771 minorum
2167 1742 2307 1778 fratrum

1296 1797 1443 1826 ordinum
1470 1796 1705 1833 Trajcctensibus
1723 1794 1895 1824 committit
1912 1798 1948 1824 ut
1969 1803 2043 1824 cum
2061 1793 2206 1824 Arnoldo
2222 1793 2306 1824 dicto

1296 1850 1334 1880 de
1349 1849 1466 1880 Slusen
1483 1854 1513 1879 et
1530 1848 1630 1879 nobili
1647 1848 1783 1878 muliere
1798 1849 1925 1886 Agnete
1940 1847 1980 1878 de
1993 1847 2107 1885 Lecka,
2125 1847 2307 1887 Trajeeten-
2344 1878 2348 1881 ,

1295 1904 1338 1933 sis
1360 1903 1535 1940 dioecesis,
1552 1903 1738 1942 dispensent
1763 1907 1797 1932 ut
1818 1899 1851 1932 in
1874 1902 2081 1932 matrimonio
2105 1901 2190 1941 quod
2209 1901 2304 1939 olim,

1294 1958 1480 1995 ignorantes
1499 1956 1769 1995 impedimentum
1787 1964 1872 1993 esse,
1890 1959 2120 1986 contraxerunt
2137 1963 2307 1986 remanere

1295 2011 1436 2049 valeant,
1474 2018 1659 2050 quanquam
1690 2009 1852 2048 quondam
1885 2009 2021 2048 Aleydis
2057 2009 2096 2039 de
2132 2008 2303 2045 Roistelle‚

1294 2065 1381 2103 prior
1397 2064 1535 2094 Arnoldi
1552 2072 1641 2101 uxor,
1662 2063 1849 2106 Leodiensis
1865 2063 2036 2101 dioecesis,
2055 2062 2175 2102 Agneti
2193 2066 2306 2102 quarto

1293 2118 1584 2156 consanguinitatis
1602 2116 1701 2155 gradu
1721 2116 1886 2147 attinebat.

1336 2183 1350 2199 «
1370 2171 1486 2202 Petitio
1502 2170 1611 2200 dilecti
1627 2170 1725 2200 filii...
1742 2186 1782 2192 ——
1798 2170 1868 2200 Dat.
1890 2174 1924 2200 ut
1941 2178 2048 2209 supra,
2065 2179 2085 2199 v
2105 2177 2207 2200 nonas
2222 2177 2304 2199 mar-

1295 2225 1343 2262 tii,
1362 2233 1448 2254 anno
1464 2229 1587 2263 quarto.
1607 2236 1621 2250 »

1363 2384 1615 2414 4518-4519
1879 2382 2008 2418 Orvieto,
2025 2382 2040 2410 3
2057 2390 2134 2409 mars
2151 2381 2230 2410 1291.

1329 2447 1514 2482 Dispensatio
1532 2446 1703 2473 residentiae
1718 2450 1747 2473 et
1761 2454 1850 2482 super
1864 2446 1979 2473 defectu
1995 2444 2138 2472 ordinum.
2155 2444 2240 2479 (Rae.
2253 2443 2301 2480 ⁴6,
2330 2462 2333 2466 ι

1292 2504 1318 2523 c.
1334 2496 1379 2527 24,
1394 2496 1447 2523 115
1464 2497 1515 2529 v0.)

1332 2600 1442 2637 Itoqero
1459 2599 1492 2628 de
1503 2599 1621 2636 Insula,
1635 2598 1746 2628 rectori
1759 2598 1876 2628 ecclesie
1892 2598 1925 2627 de
1935 2598 2074 2636 Althorp,
2085 2597 2303 2628 Livncotniensis
2319 2595 2333 2622 Γ

1292 2654 1430 2689 diocesis,
1447 2652 1594 2690 indulget
1618 2657 1654 2682 ut
1678 2660 1778 2690 usque
1801 2651 1840 2681 ad
1865 2651 2043 2681 triennium
2067 2650 2228 2690 obsequiis
2247 2649 2301 2688 E„
2326 2663 2332 2667 ·

1292 2707 1375 2744 regis
1390 2705 1540 2744 Angliae,
1551 2714 1588 2736 cu
1591 2707 1643 2745 jus
1654 2710 1700 2735 est
1710 2705 1857 2742 clericus,
1868 2705 2057 2742 insistendo,
2071 2704 2109 2734 ad
2122 2703 2302 2735 faciendam

1291 2759 1499 2790 residentiam
1523 2759 1556 2789 in
1574 2759 1707 2790 ecclesia
1729 2759 1768 2789 de
1783 2759 1921 2798 Althorp
1945 2764 1975 2790 et
1998 2759 2036 2789 ad
2063 2758 2304 2799 suscipiendum

1291 2813 1422 2843 interim
1441 2812 1668 2843 sacerdotalem
1687 2812 1834 2843 ordinem
1854 2821 1920 2843 non
1945 2816 2113 2850 teneatur;
2129 2810 2318 2843 dummodo.

1291 2865 1423 2896 interim
1442 2865 1576 2895 eandem
1594 2865 1762 2896 ecclesiam
1780 2874 1834 2905 per
1852 2866 2008 2896 vicarium
2025 2865 2119 2896 faciat
2133 2863 2300 2896 deserviri.
2314 2880 2322 2887 ·
2343 2901 2345 2908 γ

1334 2931 1348 2946 α
1367 2918 1521 2950 Volentes
1537 2928 1707 2958 personam
1727 2923 1851 2949 tuam...
1869 2937 1909 2941 —
1924 2919 1995 2949 Dat.
2016 2923 2050 2949 ut
2065 2927 2171 2958 supra.
2191 2930 2206 2947 n
2307 2908 2311 2916 ’

1879 2998 2011 3031 Orvieto,
2027 2999 2042 3026 5
2058 3007 2135 3026 mars
2151 2999 2229 3028 129¹.

1332 3061 1370 3091 In
1398 3070 1426 3092 e.
1455 3071 1497 3092 m.
1521 3062 1666 3093 <Iohanni
1693 3062 1732 3092 de
1757 3061 1915 3097 Therma,
1942 3062 2057 3092 rectori
2083 3061 2237 3093 ecclesiae
2259 3060 2299 3092 de
