2477 3637
307 410 345 440 86
1056 402 1289 432 REGISTRES
1313 401 1366 431 DE
1388 400 1570 430 NICOLAS
1596 399 1649 428 [Y.

308 476 403 507 faciat
425 475 466 505 de
485 474 639 504 fructibus
658 472 813 502 dictorum
833 469 1038 500 canonicatus
1062 475 1092 499 et
1110 469 1308 508 praebendae

308 529 433 567 integre
456 526 650 566 responderi.
677 525 710 555 Si
738 523 993 561 archiepiscopus
1016 522 1100 552 infra
1121 522 1307 561 quindecim

307 582 374 612 dies
400 581 449 610 his
470 579 601 609 monitis
622 587 683 607 non
702 577 894 610 obediverit,
913 585 987 605 eum
1003 575 1087 605 infra
1102 574 1180 605 alios
1197 575 1306 605 decem

307 635 375 665 dies
386 633 496 664 eodem
514 631 607 661 modo
623 631 730 663 citent,
746 634 781 659 ut
796 629 879 658 infra
897 628 1065 658 trimestris
1077 628 1227 666 temporis
1238 636 1307 666 spa-

308 689 388 718 tium
403 695 420 716 a
433 686 484 715 die
498 684 657 714 citationis
673 682 921 721 computandum
933 690 1006 711 cnm
1017 681 1168 711 omnibus
1179 680 1308 719 juribus

308 745 337 770 et
359 738 570 768 munimentis
598 737 662 766 suis
680 739 858 774 compareat
877 733 1084 773 corporaliter
1106 741 1211 763 coram
1234 733 1307 763 sede

307 790 494 831 apostolica,
513 798 576 820 non
598 790 741 819 obstante
765 787 968 825 indulgentia
987 796 1049 826 qua
1073 786 1139 816 illis
1155 786 1193 816 de
1210 794 1308 823 regno

307 845 443 883 Angliae
467 843 584 873 dicitur
605 851 673 872 esse
694 850 877 872 concessum
903 846 936 870 ut
955 841 1034 870 citra
1057 849 1143 870 mare
1163 839 1306 876 anglica·

307 907 386 927 num
400 898 432 926 in
447 905 575 926 causam
587 895 672 925 trahi
683 895 732 925 vel
745 894 952 933 adjudicium
969 894 1091 924 evocari
1108 902 1171 923 non
1188 892 1309 931 possint

306 960 362 990 per
386 951 506 980 litteras
527 949 713 988 apostolicas
738 957 800 978 non
822 948 971 978 facientes
993 955 1171 986 expressam
1196 946 1234 975 de
1255 946 1307 974 iu-

307 1004 394 1034 dulto
413 1003 596 1041 hujusmodi
614 1002 835 1032 intentionem.

349 1070 362 1083 α
378 1058 562 1096 Exponente
579 1056 669 1086 nobis
685 1055 832 1085 dilecto...
848 1071 885 1076 —
906 1054 974 1083 Dat.
997 1054 1095 1083 Rome
1111 1053 1194 1092 apud
1210 1052 1309 1082 Sanc-

309 1115 371 1142 tam
396 1111 530 1140 Mariam
549 1110 719 1149 Majorem,
746 1109 852 1139 idibus
871 1108 1033 1147 januarii,
1053 1116 1139 1137 anno
1157 1107 1270 1145 primo.
1294 1118 1306 1132 n

378 1284 462 1311 —1-17
609 1280 965 1314 sainte-Mm-ie-Majeure.
988 1280 1017 1307 13
1031 1280 1143 1314 jam-ier
1162 1279 1236 1306 1289.

343 1345 457 1371 Similes
469 1345 585 1371 monitio
597 1348 625 1370 et
635 1344 731 1370 citatio
742 1342 825 1369 Petro
836 1343 870 1369 de
880 1342 989 1368 Cestria
999 1342 1154 1368 faciendae.
1168 1341 1250 1374 (Rau.
1264 1342 1307 1375 44,

307 1404 332 1422 c.
350 1396 410 1426 282,
429 1396 447 1421 f.
465 1396 498 1421 05
516 1398 563 1424 νο.)

348 1498 465 1527 Eisdem.
483 1496 612 1526 mandat
631 1500 787 1535 quatenus
809 1495 919 1525 eodem
944 1494 1036 1524 modo
1055 1494 1230 1532 praefatum
1249 1495 1309 1524 Pe-

309 1555 392 1580 trum
410 1550 447 1579 de
463 1550 583 1580 Cestria
608 1554 759 1579 moneant
780 1553 813 1579 ut
831 1549 913 1578 infra
934 1548 1119 1587 quindecim
1136 1547 1203 1577 dies
1219 1557 1237 1577 a
1259 1547 1310 1578 die

307 1603 495 1634 monitionis
513 1602 689 1642 praedictos
704 1602 927 1632 canonicatum
949 1606 978 1631 et
997 1601 1210 1640 praebendam
1228 1600 1307 1631 libe-

306 1665 357 1687 ros
372 1656 412 1686 ad
435 1656 598 1686 Andream
614 1656 652 1686 de
670 1655 854 1694 Laguscello
873 1655 1030 1691 dimittat,
1055 1654 1149 1693 eique
1166 1653 1308 1684 satisfac·
1349 1681 1353 1685 .

307 1710 425 1740 tionem
455 1710 602 1739 exhibeat
627 1709 665 1739 de
692 1709 839 1747 dampnis
866 1709 905 1738 ab
932 1709 1000 1747 ipso
1030 1708 1134 1738 eidem
1158 1707 1308 1737 Andreae

305 1762 414 1793 illatis.
438 1763 529 1799 Quod
557 1763 584 1792 si
609 1763 711 1793 dictus
739 1763 852 1792 Petrus
873 1762 956 1792 infra
981 1761 1099 1791 dictum
1132 1761 1306 1791 terminum

305 1816 356 1846 his
377 1816 508 1845 monitis
526 1825 587 1846 non
606 1816 793 1853 obediverit,
815 1824 887 1845 enm
909 1815 1006 1845 citent
1029 1819 1063 1844 ut
1081 1815 1165 1844 infra
1183 1814 1307 1844 trimes-

307 1869 362 1898 tris
382 1869 531 1908 temporis
547 1870 682 1908 spatium
700 1878 804 1899 eoram
822 1878 900 1908 papa
916 1873 1106 1908 compareat.

347 1933 360 1948 «ι
378 1923 562 1960 Exponente
581 1923 670 1953 nobis
684 1922 834 1953 dilecto...
855 1935 868 1949 n

374 2095 462 2123 448

340 2157 455 2185 Similes
467 2159 585 2185 monitio
596 2162 624 2184 et
636 2159 731 2185 citatio
747 2158 854 2185 decano
870 2164 897 2185 et
913 2159 1036 2194 capitulo
1051 2158 1242 2185 Ebur-acensis
1257 2167 1306 2185 ec-

605 2095 964 2131 Sainte-Mtuie-Majeurc,
983 2096 1014 2124 13
1026 2097 1139 2131 janvier
1158 2096 1234 2124 1289.

303 2208 406 2235 clesiae
422 2208 578 2234 faciendae.
596 2208 679 2239 (11110.
697 2208 740 2239 44,
758 2217 781 2234 c.
800 2208 862 2239 ²282.
879 2208 898 2235 f.
916 2208 949 2235 65
966 2210 1017 2241 v0.)

342 2311 470 2340 Eisdem.
491 2322 503 2335 α
525 2310 709 2349 Exponente
725 2310 818 2340 nobis
832 2310 986 2341 dilecto...
1005 2323 1018 2337 ι

370 2482 458 2510 449

337 2545 489 2571 Absolutio
505 2554 520 2570 a
535 2549 601 2572 voto
623 2546 728 2572 crucis.
749 2545 832 2576 (Res.
850 2545 892 2579 44,
909 2553 935 2572 e.
951 2545 1013 2579 283,
1030 2546 1048 2572 f.
1066 2546 1099 2573 66
1115 2553 1159 2580 r⁰;
1179 2546 1246 2574 Lar.
1267 2555 1303 2574 nu

299 2593 395 2625 Tama,
413 2593 434 2623 Ι,
457 2594 525 2626 119.)

620 2481 975 2516 Satnte-Marie-Maj0u1·e,
993 2482 1008 2508 4
1020 2483 1133 2517 J'anvier
1152 2482 1229 2510 1289.

341 2697 457 2725 Dileclis
471 2697 546 2732 filiis
564 2719 582 2725 ..
601 2697 703 2725 abbati
720 2697 896 2726 monasterii
914 2697 1019 2727 Sancti
1037 2697 1183 2735 Stephani
1200 2698 1235 2727 cle
1251 2699 1301 2727 Di-

302 2750 405 2785 czbne,
425 2750 623 2787 Linqonensis
635 2751 773 2785 diocesis,
791 2755 815 2778 e!
834 2772 853 2779 ..
869 2738 978 2779 decano
995 2751 1110 2780 ecclesie
1125 2751 1300 2789 Linqonen-

299 2804 339 2831 sis
362 2803 490 2832 mandat
506 2808 664 2841 quatenus
691 2803 830 2833 nobilem
847 2804 1015 2834 mulierem
1036 2804 1177 2841 Alidem,
1197 2804 1300 2835 domi-

300 2863 374 2884 nam
398 2855 436 2884 de
461 2856 604 2892 Caseolo,
630 2857 844 2894 Lingonensis
868 2857 1038 2894 dioecesis,
1053 2858 1119 2896 jam
1145 2857 1299 2895 senilem,

299 2916 317 2937 a
336 2913 405 2938 voto
421 2909 523 2937 crucis
539 2909 714 2945 absolvant,
728 2909 900 2940 dummodo
916 2920 951 2940 ea
963 2919 1017 2949 pro
1032 2911 1148 2941 Terrae
1164 2911 1300 2942 Sanctae

299 2961 439 2991 subsidio
453 2970 611 2991 summam
624 2962 713 3001 juxta
730 2971 818 3000 posse
835 2972 927 2992 suum
949 2963 1058 2994 solvat.

341 3026 353 3040 α
372 3014 484 3043 Petitio
499 3014 611 3044 dilecte
630 3015 701 3044 in...
717 3032 757 3038 —
770 3016 839 3045 Dat.
855 3017 953 3046 Rome
969 3017 1051 3055 apud
1068 3017 1216 3047 Sanctam
1235 3018 1300 3047 Ma-

299 3068 378 3097 riam
396 3067 566 3105 Majorem,
588 3077 608 3096 11
626 3076 724 3098 nonas
737 3069 895 3106 Januarii,
909 3078 995 3100 anno
1010 3070 1124 3108 primo.
1145 3082 1158 3097 ι»

1459 467 1546 495 450
1973 463 2047 490 Rieti
2058 484 2065 497 ,
2082 464 2096 490 7
2113 463 2229 490 octobre
2246 463 2323 490 1‘288.

1425 529 1552 556 Licentia
1582 527 1702 554 faciendi
1732 527 1821 560 recipi
1850 534 1935 553 unam
1965 534 2117 561 personam
2151 526 2179 552 in
2213 525 2392 555 canonicum.

1391 578 1472 611 (Rno.
1491 578 1534 609 Μ,
1551 586 1576 604 c.
1593 577 1653 609 ⁸284,
1671 576 1689 603 f.
1706 576 1740 603 66
1759 581 1800 605 ιὀς
1821 575 1885 602 Lar.
1902 584 1937 602 nu
1950 574 2048 607 Tnsn„
2066 574 2088 607 1,
2112 575 2183 608 12¹.)

1437 681 1602 709 Venerabili
1615 680 1708 717 fratri
1724 678 1823 713 Petro,
1841 678 2061 715 archiepiscopo
2076 677 2221 714 Remensi,
2233 676 2395 708 licentiam

1391 734 1536 764 concedit
1561 732 1731 771 recipiendi
1760 736 1790 762 et
1818 730 1954 761 faciendi
1981 730 2079 769 recipi
2104 739 2202 760 unam
2227 739 2394 769 personam

1391 786 1548 826 ydoneam
1575 786 1608 815 in
1633 785 1765 815 ecclesia
1792 784 1963 820 Remensi‚
1992 783 2026 813 in
2053 792 2116 822 qua
2140 783 2394 823 praebendarum

1390 839 1517 870 collatio
1532 839 1570 869 ad
1588 840 1690 878 ipsum
1709 838 1863 878 pertinet,
1880 837 1912 867 in
1937 836 2127 867 canonicum
2144 841 2174 867 et
2193 837 2229 866 in
2246 837 2394 875 fratrem,

1389 901 1426 922 ac
1452 892 1642 931 providendi
1668 893 1696 921 ei
1719 892 1756 921 de
1772 890 1966 930 praebenda,
1985 889 2090 929 siqua
2107 890 2141 920 in
2162 890 2245 920 dicta
2263 889 2395 922 ecclesia

1392 951 1479 975 vacet
1497 946 1534 975 ad
1553 954 1701 984 praesens
1722 945 1770 975 vel
1787 953 1882 983 quam
1899 944 1961 974 cito
1976 943 2016 973 ad
2033 943 2065 973 id
2079 942 2230 974 obtulerit
2245 952 2278 973 se
2295 943 2394 974 facul-

1393 1003 1451 1038 tas,
1474 1007 1510 1028 ac
1527 999 1777 1029 contradictores
1794 1007 1849 1036 per
1871 1005 2041 1027 censuram
2065 996 2324 1034 ecclesiasticam,
2340 1004 2395 1035 ap-

1393 1051 1563 1091 pellatione
1584 1052 1770 1091 postposita,
1788 1050 2022 1090 compescendi.

1433 1116 1448 1132 «
1463 1105 1564 1134 Tuam
1580 1104 1720 1134 volentes
1739 1104 1933 1134 honorare...
1951 1120 1990 1124 —
2006 1103 2078 1132 Dat.
2098 1102 2197 1133 Reate
2208 1126 2215 1140 ,
2235 1102 2329 1133 nonis
2342 1110 2397 1134 oc-

1394 1157 1508 1194 tobris,
1527 1166 1612 1187 anno
1631 1158 1743 1195 primo.
1765 1170 1778 1184 »

1462 1319 1545 1346 451
1693 1316 2054 1351 Sainte-Marie-MaJeure‚
2074 1316 2230 1351 *l3janvier
2248 1315 2326 1345 1289.

1427 1379 1634 1414 Indulgentiae.
1653 1379 1734 1413 (Rau.
1753 1380 1795 1413 44,
1812 1388 1838 1406 c.
1856 1379 1919 1409 285,
1936 1380 1955 1405 f.
1973 1379 2006 1406 66
2023 1385 2064 1409 r⁰;
2081 1378 2200 1413 Portu„
2217 1377 2324 1412 22856.)

1438 1483 1604 1511 Venerabz'li
1621 1483 1716 1518 fratri
1734 1505 1753 1511 ..
1771 1483 1903 1519 episcopo
1919 1487 1943 1510 et
1961 1482 2076 1511 dilectis
2092 1481 2169 1519 filiis
2187 1503 2208 1511 ..
2226 1481 2398 1519 archipres—

1392 1538 1492 1575 bytero
1515 1541 1541 1564 et
1563 1536 1696 1573 capitulo
1722 1536 1958 1565 Viterbiensibus.
1988 1534 2230 1573 Indulgentiam
2252 1534 2398 1565 concedit

1392 1591 1489 1620 unius
1513 1590 1591 1619 anni
1620 1593 1650 1619 et
1678 1599 1715 1619 xi.
1735 1589 1858 1619 dierum
1887 1589 2037 1619 omnibus
2060 1598 2134 1619 vere
2160 1588 2397 1628 poenitentibus

1392 1648 1422 1674 et
1447 1643 1599 1674 confessis
1624 1644 1678 1681 qui
1706 1642 1871 1672 ecclesiam
1901 1642 2152 1681 Viterbiensem,
2175 1642 2208 1672 in
2240 1642 2394 1673 honorem

1392 1697 1422 1727 S.
1440 1697 1611 1740 *Laurentii
1634 1697 1786 1735 martyris
1809 1700 2035 1733 constructam,
2056 1697 2091 1726 in
2113 1705 2177 1735 qua
2202 1695 2258 1727 SS.
2285 1696 2396 1727 Proto-

1391 1751 1479 1788 genii
1500 1755 1530 1780 et
1551 1749 1771 1788 Tranquillini
1794 1755 1974 1789 martyrum
1995 1758 2125 1789 corpora
2142 1750 2347 1789 requiescunt
2363 1753 2395 1780 et

1391 1804 1575 1834 Nativitatis
1599 1808 1628 1833 et
1654 1803 1881 1833 Decollationis
1897 1803 1929 1833 S.
1947 1803 2106 1833 Johannis
2124 1803 2284 1842 Baptistae
2303 1803 2391 1834 festi-

1390 1857 1502 1887 vitates
1529 1856 1714 1887 solemniter
1739 1856 1956 1892 celebrantur,
1984 1856 2017 1885 in
2046 1856 2185 1894 singulis
2209 1855 2396 1886 eorumdem

1390 1914 1571 1940 sanctorum
1589 1914 1619 1939 et
1634 1909 1841 1949 dedicationis
1854 1909 1998 1949 ejusdem
2009 1909 2161 1940 ecelesiae
2172 1909 2398 1940 festivitatibus

1389 1967 1420 1993 et
1442 1973 1496 2002 per
1521 1967 1590 1994 octo
1611 1963 1678 1993 dies
1699 1963 1884 1993 festivitates
1910 1964 1994 2002 ipsas
2015 1963 2200 1993 immediate
2225 1966 2396 2002 sequentes

1390 2017 1599 2046 visitaverint.

1431 2081 1444 2097 α
1472 2070 1560 2100 Inter
1586 2070 1754 2100 martirum
1780 2070 1998 2100 veneranda...
2024 2087 2063 2092 —
2090 2070 2161 2100 Dat.
2189 2070 2291 2100 Rome
2311 2069 2396 2110 apud

1389 2122 1537 2153 Sanctam
1574 2123 1709 2153 Mariam
1742 2123 1896 2162 Majorem
1915 2147 1921 2159 ,
1962 2123 2070 2154 idibus
2101 2122 2269 2162 Januarii,
2309 2131 2396 2154 anno

1387 2177 1502 2216 primo.
1523 2189 1536 2203 n

1457 2323 1545 2352 452

1420 2385 1615 2420 Transcriptio
1631 2385 1782 2419 cujusdam
1803 2386 1944 2419 privilegii
1964 2385 2125 2413 Innocentii
2145 2385 2189 2413 111
2213 2394 2302 2421 super
2316 2385 2394 2414 deoi-

1386 2435 1450 2461 mis.
1468 2434 1550 2467 (Rea.
1569 2434 1612 2465 44,
1630 2442 1655 2460 c.
1673 2434 1734 2463 ⁴386.
1751 2434 1770 2460 f.
1787 2434 1843 2467 66.)

1671 2321 2039 2357 Sainte-Marie-Majeure,
2056 2323 2090 2350 25
2109 2322 2227 2350 octobre
2244 2322 2322 2351 1288.

1431 2536 1594 2566 Venerabili
1609 2537 1704 2573 fratri
1721 2559 1739 2565 ..
1752 2537 1883 2573 episcopo
1906 2536 2092 2567 Vercellensi.
2106 2536 2290 2567 Transcrihi
2305 2537 2390 2574 facit,

1385 2597 1441 2628 pro
1455 2598 1491 2619 eo
1506 2589 1590 2628 quod
1607 2593 1760 2619 vetustate
1777 2589 1922 2619 consumi
1945 2589 2079 2628 incipit,
2102 2589 2311 2628 privilegium
2327 2597 2390 2629 quo

1384 2642 1592 2672 Innocentius
1608 2642 1655 2671 111
1670 2642 1814 2681 episcopo
1832 2642 2029 2673 Vercellensi
2047 2642 2230 2674 facultatem
2245 2643 2392 2674 concedit

1384 2695 1596 2734 compellendi
1620 2705 1675 2734 per
1697 2696 2041 2727 excommunicationis
2061 2696 2111 2727 vel
2131 2696 2295 2727 interdicti
2311 2705 2386 2727 sen-

1385 2749 1498 2779 tentias
1513 2749 1553 2779 ad
1575 2749 1716 2779 decimas
1738 2750 1914 2780 reddendas
1931 2749 2004 2781 illos
2026 2750 2083 2790 qni
2100 2758 2153 2781 eas
2173 2750 2326 2781 exhibere
2341 2753 2388 2780 te-
2427 2776 2434 2779 .

1383 2808 1512 2834 nentur.
1531 2804 1634 2842 Hujus
1650 2803 1809 2842 privilegii
1824 2809 1916 2835 tenor
1933 2805 2004 2835 talis
2019 2809 2066 2836 est
2082 2817 2089 2835 :

1427 2869 1440 2883 ι
1455 2857 1522 2886 Tua
1540 2857 1630 2887 nobis
1650 2857 1870 2888 fraternitas...
1887 2875 1925 2880 —-
1942 2858 2013 2888 Dat.
2031 2857 2193 2895 Laterani,
2204 2857 2312 2888 idibus
2331 2856 2387 2888 de-

1381 2922 1394 2937 »
1421 2910 1569 2947 cembris,
1587 2911 1789 2949 pontificatus
1804 2912 1905 2942 nostri
1921 2920 2006 2942 anno
2022 2911 2173 2943 secundo.
2193 2923 2207 2939 π

1423 2975 1436 2990 α
1467 2964 1679 3002 Privilegium
1713 2965 1797 3004 quod
1829 2965 1969 2996 felicis...
1999 2982 2039 2989 —
2069 2966 2138 2996 Dat.
2172 2966 2272 2996 Rome
2302 2964 2386 3005 apud

1381 3016 1529 3047 Sanctam
1558 3017 1691 3048 Mariam
1719 3019 1890 3058 MaJ'orem,
1916 3029 1973 3050 vni
1998 3019 2152 3050 kalendas
2180 3018 2384 3056 novembris,

1380 3078 1465 3101 anno
1482 3071 1594 3110 primo.
1618 3082 1630 3098 ι

2450 2929 2453 2954 -s
2451 2813 2455 2900 --
2441 2647 2459 2798 ἿΩἈΤ--Ἷ
2454 2599 2457 2630 Α-
2454 2565 2457 2577 -
