2342 3652
928 358 1154 398 DEUXIEME
1177 358 1332 398 ANNEE.
2116 375 2172 406 233

92 435 255 475 degalensi
272 433 403 464 ecclesia
421 443 477 472 per
494 433 617 463 obitum
634 434 804 472 Symonis,
823 435 996 473 capitulum
1013 434 1091 464 duas

91 489 259 521 electiones
273 511 280 524 ,
314 494 411 516 unam
446 485 591 515 videlicet
617 486 655 515 de
683 487 844 525 qnondam
877 487 1089 525 Raymundo,

90 542 199 574 abbate
213 539 400 569 monasterii
424 538 532 568 Sancti
552 538 710 568 Emiliani
729 540 767 569 de
785 540 906 577 Burgo,
928 539 1090 576 Burdega—

89 593 188 626 tensis
215 591 384 628 dioecesis,
413 595 444 620 et
469 590 601 620 alteram
630 591 669 620 de
698 592 851 627 Beraldo‚
881 592 1090 629 Lugdunensi

91 647 195 682 electo,
214 649 290 674 tunc
304 643 529 674 archidiacono
546 643 761 673 Montaldensi
779 645 811 672 in
832 644 962 673 ecclesia
982 645 1090 681 Agen-

89 699 192 731 nensi.
211 698 374 733 fecerunt3
395 697 522 733 deinde,
540 697 598 726 hoc
615 698 743 734 negotio
760 698 798 726 ad
817 698 923 726 sedem
942 696 1089 734 apostoli-

89 761 156 784 cam
171 752 331 786 devoluto,
348 750 563 789 Raymundus
580 754 724 779 mortuus
744 756 790 779 est
808 756 837 779 et
857 750 1012 779 Beraldus
1025 749 1090 787 juri

90 805 148 837 sihi
173 814 209 834 ex
239 803 392 833 electione
421 804 615 840 competenti
646 803 855 832 renuntiavit.
887 803 982 833 Unde
1012 811 1090 840 papa

90 859 280 894 Henricum,
305 862 380 887 tunc
403 857 663 886 archidiaconum
683 857 721 886 de
741 857 922 886 Tornadoro
938 857 973 885 in
990 855 1089 885 eccle-

89 913 135 943 sia
156 912 366 949 Lingonensi‚
389 910 623 948 Burdegalensi
645 910 798 940 ecclesiae
815 910 1089 948 archiepiscopum

89 964 238 1005 praeficit.

129 1030 143 1046 α
162 1018 250 1048 Inter
269 1018 355 1047 varia
375 1017 649 1056 innumeraque...
669 1033 708 1039 —-
722 1017 794 1046 Dat.
822 1017 935 1052 Reate,
959 1025 1015 1045 vni
1037 1015 1094 1045 kass

87 1071 195 1103 tendas
212 1071 348 1109 angusti,
365 1079 450 1100 anno
465 1071 614 1100 secundo.
636 1083 648 1097 n

127 1125 163 1154 ln
180 1134 207 1154 e.
225 1133 268 1154 m.
287 1125 423 1163 capitulo
442 1124 593 1154 ecclesiae
610 1124 860 1162 Burdegalensis
873 1123 1002 1165 mandat
1015 1131 1090 1161 qua—

88 1182 178 1210 tenus
195 1177 298 1207 eidem
319 1177 418 1207 electo
434 1177 573 1207 debitam
590 1177 806 1207 obedientiam
825 1177 981 1215 praebeat.

125 1232 163 1262 In
179 1240 206 1261 e.
224 1240 267 1261 m.
284 1231 368 1261 clero
384 1231 520 1260 civitatis
539 1236 569 1260 et
584 1231 737 1260 dioecesis
755 1230 1013 1268 Burdegalensis.

124 1285 162 1316 In
183 1294 211 1315 e.
228 1294 272 1314 m.
287 1285 401 1324 populo
418 1284 556 1314 civitatis
572 1289 602 1314 et
617 1284 769 1314 dioecesis
785 1282 1046 1321 Burdegalensis.

94 1329 98 1332 ’
124 1338 162 1369 In
181 1348 208 1369 e.
235 1347 277 1367 m.
305 1338 467 1367 universis
490 1338 634 1368 vassallis
664 1337 816 1368 ecclesiae
838 1336 1089 1375 Bnrdegalensis

86 1393 215 1423 mandat
227 1396 385 1431 quatenus
397 1392 500 1421 eidem
517 1391 616 1422 electo
628 1391 718 1422 solita
732 1391 894 1421 fidelitatis
907 1391 1088 1429 juramenta

87 1449 116 1478 et
129 1447 256 1476 servitia
270 1450 441 1484 praestent.

124 1501 162 1531 In
179 1509 204 1530 e.
222 1509 266 1529 m.
283 1500 442 1530 universis
459 1499 669 1538 suffraganeis
692 1499 843 1530 ecclesiae
867 1498 1086 1536 Burdegalen·

87 1553 129 1584 sis
151 1553 281 1583 mandat
298 1558 455 1593 quatenus
474 1554 579 1583 eidem
598 1553 695 1583 eleeto
713 1554 850 1583 debitam
874 1552 1087 1582 obedientiam

87 1607 264 1647 praebeant.

125 1661 163 1690 In
179 1669 206 1690 e.
228 1670 271 1690 m.
293 1684 311 1690 ..
334 1669 443 1699 regem
462 1661 617 1691 Franciae
635 1665 724 1699 rogat
741 1665 775 1690 ut
792 1660 930 1690 eundem
951 1658 1087 1689 electum

88 1715 172 1752 regio
186 1715 291 1744 favore
307 1719 525 1754 prosequatur.

127 1779 141 1794 u
160 1767 304 1798 Occurrit
322 1768 414 1798 nobis
430 1768 507 1799 de...
526 1785 564 1789 —
584 1768 654 1797 Dat.
677 1773 709 1798 ut
727 1777 831 1807 supra.
852 1780 865 1794 υ

125 1820 162 1851 In
178 1830 205 1851 e.
223 1831 264 1850 m.
287 1844 306 1852 ..
327 1822 395 1859 regi
413 1821 562 1859 Angliae.

159 2027 179 2054 1
191 2027 275 2055 109
668 2027 758 2058 Rieti,
775 2027 809 2054 ‘29
821 2027 916 2062 juillet
939 2028 1015 2055 1289.

119 2088 324 2123 Indulgentiae.
345 2089 426 2122 (Rno.
446 2090 488 2123 44,
506 2098 532 2116 c.
549 2090 608 2123 331,
625 2090 645 2116 f.
670 2091 717 2117 177
733 2092 785 2123 v0.)

127 2193 278 2222 Universis
298 2193 412 2222 Christi
436 2192 575 2230 fidelibus
595 2198 747 2230 presentes
764 2194 880 2222 litteras
897 2194 1082 2230 inspecturis.
1118 2232 1121 2233 .

81 2243 323 2285 *Indulgentiam
350 2245 447 2275 unius
463 2246 541 2274 anni
559 2250 588 2275 et
604 2245 815 2284 quadraginta
831 2246 956 2275 dierum
979 2255 1087 2276 conce-

85 2295 132 2328 dit
145 2298 293 2328 omnibus
310 2307 382 2328 vere
395 2298 634 2337 poenitentibus
649 2303 679 2328 et
690 2299 840 2328 confessis
852 2300 907 2338 qui
919 2300 1085 2329 eeclesiam

85 2349 191 2382 Sancti
213 2351 341 2381 Nicolai
363 2351 402 2381 de
418 2351 533 2381 Sancto
550 2351 677 2382 Victore
700 2357 800 2381 terrae
825 2353 1010 2382 monasterii
1025 2353 1084 2382 Ca-

85 2403 234 2441 sinensis,
253 2405 288 2434 in
305 2413 368 2443 qua
384 2404 484 2434 multa
499 2404 656 2434 miracula
668 2409 908 2444 perpetrantur,
925 2406 959 2434 in
973 2405 1086 2436 natalis

86 2460 115 2488 et
139 2457 355 2488 translationis
374 2458 517 2497 ejusdem
536 2458 639 2487 sancti
657 2458 880 2488 festivitatibus
894 2463 924 2488 et
936 2459 1085 2489 anniver-

86 2511 166 2541 sario
191 2511 242 2542 die
270 2511 478 2541 dedicationis
502 2512 681 2549 praedictae
711 2511 860 2549 ecclesiae
887 2512 1086 2542 visitaverint

84 2565 259 2596 annuatim.

125 2629 140 2645 α
159 2618 286 2649 Licetis
301 2618 378 2649 de...
396 2635 434 2641 -
455 2619 528 2649 Dat.
551 2619 665 2656 Reate,
692 2628 739 2648 1111
764 2618 918 2649 kalendas
938 2618 1084 2656 augusti,

83 2679 166 2702 auno
185 2672 334 2702 secundo.
360 2684 373 2699 n

156 2856 314 2901 nno-1
328 2873 413 2901 ιιι
678 2872 764 2904 Rieu,
784 2872 923 2907 19juiltet
937 2872 1013 2900 1289.

118 2933 322 2970 Indulgentiae.
343 2936 427 2970 (Res.
444 2936 492 2967 44,
509 2943 534 2962 c.
553 2935 624 2966 3312,
641 2935 661 2961 f.
680 2935 728 2960 177
745 2937 796 2967 vo.)

125 3037 277 3068 Universis
290 3038 404 3068 Christi
419 3038 558 3076 fidelibus
572 3043 723 3075 presentes
748 3038 866 3067 litteras
894 3038 1083 3074 inspecturis.

221 3104 295 3132 Rsc·
318 3105 440 3132 Niconss
458 3104 511 3131 IV.

1180 434 1419 472 Indulgendum
1444 436 1537 465 nnius
1558 437 1635 465 anni
1662 442 1691 466 et
1715 438 1923 476 quadraginta
1952 438 2072 468 dierum
2097 450 2166 470 con-

1176 486 1261 515 cedit
1299 488 1450 517 omnibus
1489 498 1560 519 vere
1592 491 1825 528 poenitentibus
1863 495 1892 520 et
1928 492 2079 521 confessis
2119 495 2173 531 qui

1177 538 1341 568 ecclesiam
1374 540 1506 571 Sanctae
1538 543 1655 572 Mariae
1687 542 1724 572 de
1757 543 1873 580 Plano.
1910 554 2003 583 prope
2035 550 2172 576 castrum

1175 591 1372 628 Fractarum,
1393 593 1564 624 Gaietanae
1588 595 1749 627 dioecesis.
1767 597 1798 625 iu
1824 598 1932 627 beatae
1950 599 2067 628 Mariae
2087 599 2173 629 festi-

1174 644 1327 674 vitatibus
1346 650 1375 674 et
1397 656 1451 684 per
1467 652 1534 677 octo
1551 649 1618 678 dies
1635 654 1799 688 sequentes
1817 651 2026 681 visitaverint.

1219 709 1231 723 ι
1250 697 1417 728 Gloriosus
1434 700 1519 729 Deus
1536 701 1607 729 in...
1625 718 1663 722 —
1686 703 1756 731 Dat.
1787 704 1898 740 Reate.
1927 714 1993 734 xnn
2021 705 2174 736 kalendas

1174 752 1311 787 augusti,
1333 760 1417 781 anno
1436 754 1584 784 serundo.
1607 767 1618 780 n

1213 803 1251 832 In
1270 812 1297 832 e.
1315 813 1356 833 m.
1378 827 1398 833 ..
1423 806 1698 846 archipresbytero
1714 814 1743 838 et
1759 810 1895 848 capitulo
1911 811 2059 842 ecelesiae
2078 812 2173 842 Sanc-

1173 859 1221 885 tae
1241 857 1359 886 Mariae
1382 858 1419 887 de
1444 859 1641 897 Vallepetra,
1667 862 1857 899 Anagninae
1876 863 2039 895 dioecesis.
2057 866 2171 895 Indul-

1173 909 1314 945 gentiam
1327 911 1538 948 quadraginta
1556 913 1679 942 dierum
1692 915 1835 944 concedit
1852 916 1897 944 eis
1913 917 1967 955 qui
1981 917 2062 947 hanc
2079 919 2174 948 eccle-

1173 961 1252 990 siam
1280 962 1313 990 in
1343 963 1546 1000 Nativitatis,
1572 965 1820 1003 Purificanonis,
1849 969 2113 1000 Annuntiationis
2145 976 2174 1001 et

1173 1014 1411 1053 Assumptionis
1444 1017 1552 1047 beatae
1586 1019 1705 1047 Mariae
1728 1020 1950 1050 festivitatibus
1975 1026 2004 1051 et
2030 1032 2085 1061 per
2107 1028 2173 1054 octo

1174 1066 1240 1096 dies
1258 1072 1426 1106 sequentes
1442 1070 1653 1100 visitaverint.
1675 1072 1735 1101 Dat
1751 1073 1859 1110 Reate,
1876 1073 2021 1104 kalendis
2037 1077 2174 1114 augusti,

1174 1128 1260 1150 anno
1277 1122 1425 1152 secundo.
1448 1122 1505 1161 (En
1518 1125 1650 1161 gmarye.)

1246 1322 1265 1349 1
1277 1323 1295 1349 Ι
1307 1323 1324 1349 Ι
1334 1323 1359 1350 2
1768 1327 1852 1359 Rieti,
1869 1327 1902 1354 ‘28
1918 1329 2009 1362 juillet
2026 1329 2102 1357 1289.

1208 1390 1415 1425 Indulgentiae.
1433 1393 1515 1427 (Res.
1533 1395 1574 1427 44,
1593 1403 1617 1420 ς.
1637 1395 1696 1428 33ῗ,
1713 1396 1731 1422 f.
1756 1397 1803 1423 178
1819 1399 1866 1429 ΓΘ.)

1215 1528 1235 1535 ..
1252 1508 1510 1547 archipresbytero
1522 1517 1546 1539 et
1556 1511 1686 1549 capitulo
1703 1514 1817 1541 ecclesie
1828 1513 1931 1543 Sancti
1942 1515 2024 1543 Petri
2035 1516 2068 1543 de
2081 1516 2176 1545 Monte

1173 1560 1356 1591 Penestrtne.
1376 1562 1616 1600 Indulgentiam
1630 1565 1725 1594 unius
1740 1566 1818 1594 anni
1835 1570 1864 1595 et
1880 1567 2090 1605 quadraginta
2109 1569 2176 1599 die-

1174 1622 1244 1642 rum
1260 1614 1566 1645 conceditomnibus
1581 1625 1653 1646 vere
1662 1619 1895 1655 poenitentibus
1911 1624 1940 1649 et
1952 1621 2105 1651 confessis
2118 1623 2175 1661 qui

1173 1667 1367 1705 praedictam
1390 1668 1555 1698 ecclesiam
1574 1670 1607 1698 in
1624 1671 1807 1701 Nativitatis
1832 1673 1962 1702 Domini
1988 1679 2017 1703 et
2037 1675 2174 1712 singulis

1172 1719 1204 1750 S.
1225 1720 1312 1749 Petri
1332 1726 1362 1750 et
1384 1722 1496 1752 beatae
1515 1724 1637 1753 Mariae
1655 1724 1888 1763 festivitatibus,
1908 1731 1937 1756 et
1960 1736 2015 1766 per
2029 1731 2097 1758 octo
2108 1729 2174 1758 dies

1172 1780 1352 1812 sequentes,
1366 1776 1576 1806 visitaverint.

1214 1839 1226 1854 ι(
1246 1827 1317 1857 Vite
1335 1830 1519 1868 perempnis
1537 1830 1678 1868 gloria...
1697 1849 1736 1854 —
1753 1833 1824 1863 Dat.
1842 1833 1950 1871 Reate,
1977 1845 1997 1863 v
2023 1834 2174 1865 kalendas

1171 1889 1308 1925 angusti,
1323 1898 1408 1919 anno
1427 1891 1576 1922 secundo.
1597 1903 1609 1918 n

1246 2089 1266 2116 1
1280 2090 1299 2116 1
1313 2090 1368 2118 13
1764 2093 1852 2136 dieti,
1870 2095 1902 2121 ‘28
1915 2095 2008 2129 juillet
2026 2095 2100 2122 1289.

1205 2157 1414 2193 Indulgentiae.
1427 2160 1509 2193 (Rea.
1523 2161 1566 2191 44,
1583 2169 1609 2188 c.
1627 2161 1698 2193 3322,
1711 2163 1730 2188 s.
1754 2163 1801 2189 178
1817 2166 1862 2194 r⁰.j

1212 2275 1366 2304 t'nz'versz‘s
1379 2276 1495 2306 Christe·
1505 2278 1703 2316 fislelibusper
1716 2280 1892 2308 Tranensem
1906 2281 2094 2316 provintiam
2107 2288 2173 2310 con-

1168 2330 1292 2358 stitutis.
1312 2330 1553 2368 Indulgentiam
1569 2332 1665 2361 unius
1681 2332 1759 2361 anni
1778 2336 1806 2361 et
1820 2333 2028 2370 quadraginta
2046 2333 2171 2362 dierum

1169 2383 1316 2412 concedit
1344 2383 1390 2413 eis
1412 2385 1467 2422 qui
1489 2385 1528 2414 ad
1555 2385 1721 2415 ecclesiam
1742 2386 1854 2415 domus
1875 2386 2111 2415 Heremitarum
2133 2385 2172 2415 de

1170 2436 1306 2472 Barulo,
1333 2437 1454 2467 ordinis
1476 2438 1507 2468 S.
1531 2439 1723 2475 Augustini,
1749 2439 1920 2468 Tranensis
1943 2438 2107 2474 dioecesis,
2133 2437 2170 2466 de

1168 2498 1250 2519 novo
1265 2491 1523 2528 construendam,
1543 2492 1685 2521 subsidia
1698 2492 1871 2533 erogarint.

1211 2556 1224 2570 «
1243 2544 1403 2580 Quoniam
1418 2552 1454 2577 ut
1475 2547 1556 2576 ait...
1579 2563 1618 2567 —
1636 2546 1705 2575 Dat.
1724 2549 1876 2582 utsupra.
1898 2556 1910 2569 n

1242 2753 1261 2779 1
1272 2752 1291 2778 1
1303 2751 1359 2777 1⁴
1762 2742 1848 2773 Rieti,
1866 2741 1899 2768 ‘29
1910 2741 2004 2776 jumen
2020 2741 2097 2769 1289.

1204 2813 1330 2839 Licentia
1350 2809 1472 2836 habendi
1488 2809 1573 2835 altare
1589 2806 1727 2841 portatile.
1745 2804 1826 2838 (Risu.
1838 2804 1881 2834 44,
1898 2812 1923 2830 c.
1939 2803 2003 2835 333,
2022 2804 2041 2830 f.
2055 2804 2105 2831 178
2122 2806 2169 2836 ι’ῠ.)

1209 2929 1307 2957 Nobili
1326 2927 1390 2956 viro
1406 2924 1533 2954 Henrico
1553 2923 1587 2951 de
1602 2923 1689 2959 Lascy
1701 2943 1708 2957 ,
1726 2921 1829 2950 comiti
1845 2920 2057 2950 Lincolniensi.

1210 2994 1222 3008 «
1242 2979 1421 3019 Apostolice
1437 2977 1519 3007 sedis
1535 2975 1752 3012 benignitas..
1772 2989 1812 2996 —
1827 2973 1899 3003 Dat.
1920 2973 2027 3010 Reate⁷
2047 2982 2095 3002 1111
2110 2972 2169 3003 ka-

1168 3035 1279 3064 lendas
1295 3032 1436 3070 augusti,
1457 3038 1541 3059 anno
1557 3028 1706 3058 secundo.
1724 3038 1738 3053 >³

1995 3092 2029 3119 30
