2342 3652
915 359 1136 399 PREMOERE
1157 360 1315 400 ANNnE.
2122 376 2159 406 45

74 441 164 470 sione
189 438 373 478 hujusmodi
397 438 579 477 relinquere
600 437 794 476 impunitos,
820 440 850 466 et
874 435 1074 466 attendentes

74 493 176 532 quod,
200 493 281 522 sicut
301 491 502 528 audivimus,
527 499 615 521 mora
636 490 737 529 ipsius
760 487 987 527 archiepiscopi
1014 487 1074 517 hoc

75 546 213 576 maxime
229 550 369 584 tempore
390 545 425 574 in
452 544 518 574 illis
543 544 684 583 partibus
702 552 770 573 esse
788 545 886 581 potest
901 540 1027 570 inutilis
1045 545 1075 570 et

75 599 259 637 dampnosa,
276 598 465 628 fraternitati
482 605 583 628 vestre
601 607 656 636 per
672 596 841 635 apostolica
855 596 971 633 scripta
984 603 1073 624 man-

74 652 186 682 damus
211 656 367 690 quatenus
393 659 448 681 vos
478 650 528 680 vel
552 650 630 680 alter
652 654 792 679 vestrum
821 648 998 686 predictum
1021 656 1074 677 ar-

74 705 309 743 chiepiscopum
331 713 367 734 ex
384 709 470 743 parte
486 708 592 734 nostra
608 701 816 741 peremptorie
834 701 931 730 citare
955 700 1074 730 curetis

75 763 109 787 ut
137 758 223 787 infra
246 758 362 795 viginti
386 758 513 787 dierum
539 757 676 795 spatium
699 758 768 793 post
789 758 892 783 vestre
914 753 1073 783 citationis

74 811 212 841 edictum
235 810 443 850 personaliter
463 809 632 848 apostolico
655 817 688 837 se
705 806 888 845 conspectui
907 815 1073 845 represen-

75 869 135 900 tet,
167 864 326 893 mandatis
354 864 469 894 nostris
496 872 589 902 super
617 861 779 900 premissis
809 865 839 890 et
866 860 1073 899 beneplacitis

18 922 26 929 ⁸
74 920 254 959 pariturus,
278 929 314 949 ac
334 919 472 949 facturus
492 917 721 947 nichilominus
741 920 770 945 et
790 920 974 954 recepturus
989 915 1074 954 quod

70 973 195 1012 justitia
223 973 378 1002 suadebit.
407 972 501 1001 Diem
527 978 599 1000 vero
626 969 786 999 citationis
817 973 847 998 et
878 969 1013 998 formam
1045 973 1076 998 et

71 1026 226 1066 quicquid
248 1026 324 1055 inde
348 1035 442 1064 super
459 1023 622 1063 premissis
637 1022 790 1053 duxeritis
807 1022 990 1052 faciendum
1015 1030 1073 1052 no-

73 1080 121 1110 bis
143 1089 198 1118 per
225 1084 344 1109 vestras
364 1079 482 1108 litteras
503 1077 618 1107 harum
640 1076 755 1106 seriem
782 1076 981 1106 continentes
1007 1080 1074 1105 stu-

72 1132 172 1163 deatis
186 1132 324 1162 fideliter
343 1133 503 1162 intimare.
526 1130 596 1159 Dat.
615 1129 724 1165 Reate,
745 1139 765 1158 v
781 1128 853 1158 idus
869 1128 1072 1167 septembris,

72 1195 158 1216 anno
175 1185 289 1224 primo.
309 1197 321 1212 x·

143 1357 228 1385 282

107 1418 150 1445 De
174 1418 320 1445 canonicis
345 1417 453 1444 ordinis
478 1416 774 1443 praemonstratensis
797 1418 825 1443 in
848 1417 1074 1451 parrochialibus

72 1467 202 1494 ecclesiis
217 1466 470 1493 commorantibus.
496 1466 578 1499 (Rae.
601 1467 648 1495 44.
672 1474 697 1493 e.
726 1467 782 1497 145,
806 1467 824 1492 f.
846 1467 876 1493 37
894 1473 935 1498 νος
956 1466 1072 1498 Purra,

73 1515 159 1544 22797
164 1517 183 1548 .)

603 1354 695 1384 Rieti.
713 1355 728 1382 9
745 1355 907 1389 septembre
926 1354 1001 1382 1288.

120 1619 341 1648 Venerabilibus
368 1619 519 1654 fratribus
548 1618 780 1655 archiepiscopis
808 1624 833 1647 et
864 1619 1005 1655 episcopis
1036 1619 1076 1647 ad

75 1681 148 1710 quos
162 1673 259 1701 littere
273 1673 324 1701 iste
335 1672 526 1709 pervenerint
543 1671 674 1700 mandat
689 1676 862 1709 quatenus,
882 1680 954 1700 cum
977 1679 1074 1701 cano-

79 1724 142 1754 nici
155 1725 476 1754 Praemonstratensis
498 1724 619 1754 ordinis
642 1725 675 1754 iu
697 1724 951 1762 parrochialibus
972 1723 1073 1754 eccle-

77 1777 133 1807 siis
150 1777 189 1807 ad
203 1777 343 1816 ejusdem
362 1778 485 1807 ordinis
500 1778 627 1807 abbates
650 1782 680 1806 et
699 1778 890 1816 praepositos
908 1778 1072 1816 pertinen-

79 1830 160 1860 tibus
178 1836 406 1861 commorantes
424 1832 560 1861 revocati
580 1831 702 1861 suerint
723 1831 762 1860 ad
773 1830 971 1866 claustrum,
994 1830 1073 1860 alios

78 1884 242 1914 canonicos
258 1893 312 1923 per
325 1884 452 1914 abbates
469 1889 499 1914 et
516 1885 706 1923 praepositos
722 1885 874 1914 canonice
890 1889 1072 1923 praesenta-

81 1941 125 1966 tos
139 1936 173 1966 iu
187 1936 276 1967 dictis
293 1938 431 1968 ecclesiis
450 1938 620 1968 admittant
637 1943 667 1968 et
682 1938 863 1968 instituant.

123 2001 136 2016 ι
154 1989 378 2029 Significarunt
394 1992 486 2022 nobis
503 1991 648 2022 dilecti...
669 2008 707 2012 —
724 1991 796 2021 Dat.
817 1996 849 2021 ut
868 2000 975 2029 supra.
995 2003 1008 2017 ι)

148 2161 234 2190 283
679 2163 770 2194 Rieti.
789 2164 821 2191 30
837 2165 904 2191 aout
923 2164 998 2191 1288.

115 2224 254 2251 Validatio
268 2226 443 2253 matrimonii.
459 2228 538 2259 (Res.
557 2227 600 2257 44,
618 2235 643 2253 c.
662 2227 720 2255 146,
738 2227 756 2253 f.
774 2226 805 2254 37
823 2228 870 2259 ro.)

124 2341 289 2370 Venerabili
305 2341 420 2376 fratri..
440 2343 570 2380 episeopo
585 2344 801 2380 Hei-bipolensi.
822 2354 833 2369 u
856 2343 899 2372 Ex
917 2346 1004 2381 parte
1022 2342 1069 2372 di-

78 2394 151 2424 lecti
167 2393 226 2423 filii
246 2393 363 2424 nobilis
379 2394 437 2424 viri
457 2395 622 2426 Krastonis
642 2397 681 2426 de
700 2396 892 2427 Hohenloch
909 2402 938 2426 et
955 2396 1069 2426 dilecte

76 2447 110 2476 in
127 2446 254 2476 Christo
270 2446 336 2476 filie
353 2447 466 2477 nobilis
483 2449 627 2479 mulieris
642 2450 820 2487 Margarete
833 2474 840 2486 ‚
858 2450 966 2480 uxoris
983 2450 1067 2488 ejus,

77 2500 136 2530 suit
150 2500 344 2538 propositum
359 2508 462 2530 coram
477 2502 567 2531 nobis
585 2503 668 2541 qnod
683 2503 846 2541 quondam
863 2503 1066 2539 Fredericus,

75 2561 179 2583 comes
197 2552 235 2582 de
252 2552 518 2591 Truhendingen,
536 2554 729 2594 Eystetensis
746 2556 899 2593 diocesis,
917 2561 1004 2595 pater
1022 2556 1068 2595 ip-

74 2606 141 2636 sius
158 2607 350 2644 Margarete,
368 2606 445 2636 dum
464 2607 594 2643 viveret,
619 2613 650 2639 et
670 2609 830 2649 predictus
846 2610 874 2639 K
880 2614 962 2640 rasto
983 2610 1068 2640 inter

75 2668 106 2689 se
123 2663 339 2689 convenerunt
362 2659 446 2697 quod
466 2659 640 2699 Gotfridus‚
657 2662 757 2701 ipsius
774 2663 944 2692 Krastonis
959 2662 1045 2692 filius
1059 2687 1066 2699 ,

73 2713 189 2742 dictam
218 2713 448 2750 Margaretam‚
484 2717 557 2743 tunc
584 2714 667 2745 infra
696 2716 889 2752 triennium,
923 2720 953 2746 et
981 2716 1066 2746 idem

74 2765 188 2795 Krasto
220 2770 431 2795 memoratum
461 2765 639 2797 Gotfridum
666 2768 769 2798 filium
796 2778 890 2799 suum
901 2793 908 2805 ‚
937 2769 1067 2799 fratrem

71 2818 184 2848 domus
214 2818 388 2857 Hospitalis
412 2818 525 2849 Sancte
551 2819 650 2850 Marie
673 2821 959 2858 Theotonicorum‚
990 2827 1067 2852 tunc

73 2871 260 2901 existentem
279 2871 313 2900 in
330 2871 436 2901 seculo
449 2877 479 2901 et
493 2872 577 2901 infra
591 2873 850 2912 quinquennium
865 2877 1064 2914 constitutOS,

72 2924 110 2953 ad
125 2925 260 2954 invicem
277 2924 555 2954 matrimonialiter
567 2926 758 2964 copularent,
770 2932 800 2958 et
812 2929 871 2959 hoc
883 2938 916 2959 se
928 2929 1065 2959 facturos

69 2983 250 3014 juramento
273 2979 399 3016 prestito
422 2978 645 3016 promiserunt.
669 2979 730 3010 Sed
751 2980 826 3011 dicti
849 2982 1012 3012 Gotfridus
1035 2986 1067 3012 et

73 3032 248 3069 Margareta
270 3041 394 3070 semper
417 3040 560 3061 seorsum
583 3031 760 3063 habitantes
780 3043 948 3073 nunquam
971 3040 1066 3066 antea

1156 444 1211 465 seu
1229 440 1336 474 postea
1356 445 1389 466 se
1409 437 1575 474 viderunt,
1596 445 1655 467 nec
1672 437 1869 475 colloquium
1885 439 2019 469 insimul
2035 440 2158 471 habue-

1155 492 1250 525 runt,
1268 498 1326 519 nec
1343 490 1428 520 inter
1445 498 1497 520 eos
1512 494 1644 520 mutuus
1659 490 1837 520 intervenit
1854 500 2029 522 consensus
2049 494 2160 524 tacitus

1156 540 1207 571 vel
1225 551 1401 580 expressus.
1429 543 1467 572 Et
1490 543 1564 573 licet
1588 543 1671 573 dicto
1694 543 1859 581 Gotfrido,
1876 550 2045 584 postquam
2066 548 2160 586 septi-

1155 603 1247 624 mum
1272 604 1395 625 annum
1423 596 1610 635 complevit,
1639 597 1722 635 quod
1749 606 1805 635 per
1835 598 2014 636 predictum
2039 603 2161 638 patrem

1157 656 1251 677 suum
1275 658 1370 687 super
1391 649 1455 678 hiis
1478 649 1597 679 factum
1621 650 1723 679 suerat
1745 651 1920 689 aliquando
1941 652 2071 683 forsitan
2093 653 2162 692 pla-

1157 701 1290 739 cuisset,
1307 702 1390 732 dicta
1406 706 1512 732 tamen
1526 703 1706 741 Margareta
1720 704 1874 742 completo
1890 706 2056 743 septennio
2069 706 2161 736 tacite

1157 753 1208 783 vel
1228 763 1389 793 expresse,
1415 755 1506 793 signo
1530 760 1585 785 aut
1608 757 1703 786 verbo
1726 765 1790 787 non
1812 760 1974 788 consensit
1992 760 2026 789 in
2043 760 2156 798 ipsum.

1157 807 1312 837 Processu
1328 817 1402 838 vero
1422 809 1571 847 temporis
1586 810 1746 847 predictus
1762 810 1924 841 Gotsridus
1941 817 2088 851 quartum
2106 813 2162 843 de-

1157 860 1277 890 cimum
1303 869 1426 890 annum
1453 862 1632 899 attingens,
1658 867 1688 891 et
1712 863 1751 892 ad
1776 864 1900 901 frugem
1929 865 1991 894 vite
2018 866 2162 896 melioris

1156 914 1319 951 aspirans,
1336 914 1484 943 ordinem
1509 915 1688 953 supradicte
1704 916 1818 946 domus
1836 917 2008 955 Hospitalis
2027 918 2162 948 fratrum

1157 965 1272 996 Sancte
1288 967 1389 997 Marie
1406 967 1695 1005 Theotonicorum‚
1712 974 1805 1007 prout
1820 969 1942 999 dudum
1958 976 2031 1001 ante
2049 980 2162 1001 conce-

1156 1023 1261 1056 perat,
1280 1018 1354 1048 licet
1375 1020 1458 1058 quod
1484 1020 1519 1049 in
1545 1020 1604 1050 boc
1628 1021 1827 1050 desiderabat
1853 1015 1978 1061 propter
2003 1024 2161 1054 defectum

1157 1072 1248 1102 etatis
1264 1072 1398 1111 implere
1412 1073 1590 1111 nequisset,
1606 1075 1794 1113 assumpsit,
1812 1080 1841 1104 et
1855 1075 1889 1104 in
1906 1085 1940 1105 eo
1956 1077 2162 1114 professionis

1156 1125 1285 1156 vinculo
1303 1136 1335 1156 se
1353 1127 1512 1156 astrinxit.
1531 1127 1569 1156 Et
1593 1127 1711 1157 deiude
1727 1129 1863 1167 predicti
1882 1129 1997 1160 Krasto
2023 1135 2053 1160 et
2074 1131 2161 1160 Mar-

1155 1183 1263 1216 gareta
1286 1179 1531 1210 matrimonium
1556 1190 1612 1219 per
1638 1182 1732 1211 verba
1755 1182 1793 1212 de
1818 1184 1958 1221 presenti
1983 1184 2108 1223 publice
2128 1185 2162 1214 in

1157 1231 1288 1261 ecclesie
1302 1232 1383 1262 facie
1400 1237 1643 1271 contraxerunt,
1659 1243 1697 1264 ac
1718 1235 1854 1265 insimul
1875 1241 1909 1265 ut
1933 1238 2085 1275 conJ'uges
2100 1238 2161 1267 ha·

1157 1284 1294 1314 bitantes
1313 1286 1467 1324 quosdam
1482 1286 1566 1316 filios
1583 1291 1613 1317 et
1625 1287 1708 1317 filias
1725 1294 1941 1326 procrearunt.
1962 1290 2068 1326 Quare
2085 1290 2162 1320 dicti

1156 1337 1273 1368 Krasto
1300 1344 1329 1368 et
1351 1339 1547 1377 Margareta‚
1570 1340 1752 1371 dubitantes
1777 1351 1818 1371 ne
1843 1342 1914 1381 quis
1942 1352 1977 1372 ex
2000 1344 2162 1382 premissis

1157 1391 1281 1430 aliquid
1299 1393 1381 1422 circa
1401 1393 1523 1423 dictum
1546 1395 1791 1424 matrimonium
1817 1395 1861 1425 sic
1884 1400 2080 1426 contractum
2104 1397 2160 1426 de—

1159 1446 1321 1475 tractionis
1336 1456 1371 1475 ex
1389 1456 1452 1485 quo
1467 1447 1545 1485 ipsis
1560 1449 1753 1478 conscientie
1770 1449 1938 1488 scrupulus
1953 1451 2052 1488 possit
2067 1451 2161 1486 oriri,

1157 1498 1207 1528 vel
1223 1499 1352 1537 prefatis
1374 1500 1451 1529 filiis
1466 1505 1497 1530 et
1517 1501 1644 1531 filiabus
1662 1506 1768 1531 notam
1785 1502 2024 1540 illegitimitatis
2040 1504 2160 1542 impin-

1158 1556 1227 1589 gat,
1246 1552 1335 1582 nobis
1353 1552 1520 1582 humiliter
1534 1553 1754 1592 supplicarunt
1771 1560 1804 1584 ut
1818 1556 1862 1584 eis
1877 1556 2042 1593 providere
2056 1557 2090 1586 in
2104 1557 2163 1586 hac

1158 1609 1246 1643 parte
1266 1606 1304 1634 de
1327 1605 1447 1635 salubri
1471 1611 1499 1635 et
1519 1611 1674 1645 oportuno
1691 1608 1831 1638 remedio
1847 1614 1977 1647 paterna
1995 1610 2163 1648 diligentia

1158 1658 1378 1696 dignaremur.
1393 1659 1459 1689 Nos
1473 1660 1573 1697 igitur
1587 1660 1745 1690 dictorum
1757 1662 1926 1692 Krastonis
1940 1668 1969 1692 et
1986 1664 2162 1701 Margarete

1159 1711 1445 1750 supplicationibus
1459 1713 1628 1749 inclinati,
1649 1714 1840 1744 fraternitati
1856 1720 1906 1744 tue
1926 1725 1978 1754 per
1993 1717 2163 1754 apostolica

1158 1765 1273 1804 scripta
1297 1766 1488 1795 mandamus
1515 1771 1692 1804 quatenus,
1717 1775 1813 1806 super
1837 1769 2001 1805 premissis
2026 1769 2161 1807 inquisi-

1158 1818 1243 1848 tione
1266 1818 1375 1848 habita
1399 1819 1564 1857 diligenti,
1590 1820 1617 1849 si
1641 1829 1677 1849 ea
1701 1820 1865 1850 inveneris
1887 1822 2017 1851 veritate
2041 1822 2161 1852 fulciri.

1157 1880 1250 1910 super
1265 1880 1326 1911 quo
1342 1876 1428 1901 tuam
1446 1873 1673 1902 conscientiam
1689 1882 1871 1910 oneramus,
1891 1874 2016 1904 nullum
2033 1885 2069 1904 ex
2086 1876 2163 1914 ipsis

1111 1964 1113 1968 .
1157 1925 1261 1954 eidem
1276 1926 1482 1955 matrimonio
1497 1926 1766 1965 impedimentum
1783 1927 1906 1956 obstare
1923 1928 2109 1967 prolemque
2128 1934 2163 1958 ut

1155 1978 1330 2016 predicitur
1352 1984 1530 2017 susceptam
1554 1984 1584 2008 et
1609 1979 1847 2018 suscipiendam
1866 1990 1901 2009 ex
1923 1990 1958 2010 eo
1978 1983 2161 2011 auctoritate

1155 2036 1263 2060 nostra
1276 2031 1452 2069 legitimam
1470 2032 1619 2061 nuntiare
1638 2041 1798 2071 procures.
1822 2033 1892 2062 Dat.
1915 2034 2027 2070 Reate,
2051 2044 2084 2064 111
2105 2034 2161 2064 ka-

1111 2101 1112 2107 κ
1154 2083 1266 2113 lendas
1284 2085 1489 2123 septembris,
1505 2093 1592 2115 anno
1609 2085 1713 2124 primo
1728 2085 1784 2125 (1).
1805 2099 1816 2112 n

1224 2257 1312 2285 284

1188 2319 1325 2346 Ordinem
1346 2320 1562 2348 humiliatorum
1583 2322 1617 2347 ab
1640 2322 1938 2357 archiepiscoporum,
1958 2324 2159 2359 episcoporum

1152 2370 1181 2393 et
1195 2368 1317 2394 aliorum
1339 2368 1547 2395 ordinariorum
1560 2369 1763 2403 jurisdictione
1783 2372 1947 2398 omnimoda
1965 2381 2083 2407 prorsus
2097 2374 2159 2399 exi-

1151 2418 1212 2444 mit.
1229 2417 1312 2450 (Rae.
1329 2418 1372 2451 44,
1390 2426 1416 2444 c.
1436 2418 1494 2452 147,
1510 2419 1530 2445 f.
1548 2418 1580 2445 37
1599 2426 1643 2452 v⁰;
1662 2419 1777 2451 Pom-ra„
1794 2420 1905 2453 22786.)

1689 2258 1779 2290 Rieti,
1797 2259 1813 2286 ‘2
1829 2261 1992 2294 septembre
2010 2260 2087 2288 1288.

1190 2520 1311 2550 Dilectis
1320 2520 1395 2557 siliis
1406 2521 1584 2559 Loderenyo,
1593 2523 1752 2559 nzayiscro,
1764 2528 1789 2551 et
1799 2524 1944 2560 capitulo,
1953 2524 2154 2560 generalibus,

1150 2581 1267 2602 necnon
1274 2575 1447 2611 prepositis,
1457 2574 1581 2611 prelatis
1591 2580 1616 2603 et
1628 2577 1821 2605 conventibus
1831 2578 1965 2613 fratrum
1978 2581 2004 2605 et
2016 2585 2154 2606 sororum

1149 2627 1367 2656 universarum
1381 2628 1541 2656 domorum
1553 2628 1672 2657 ordinis
1683 2629 1932 2658 humiliatorum.
1946 2641 1959 2655 (ι
1972 2629 2035 2659 Per
2050 2629 2157 2659 humi-

1149 2678 1249 2708 litatis
1265 2679 1486 2718 exemplum...
1505 2681 1588 2710 Sane
1603 2681 1740 2717 dudum,
1760 2681 1843 2711 sicut
1857 2682 2051 2720 accepimus,
2068 2692 2155 2713 reco-

1149 2731 1244 2761 lende
1255 2733 1410 2762 memorie
1424 2733 1634 2763 Innocentius
1645 2742 1725 2772 papa
1736 2734 1786 2763 III
1845 2735 1929 2764 inter
1939 2735 2002 2765 alia
2012 2736 2155 2766 noscitur

1149 2786 1333 2815 auctoritate
1341 2794 1415 2824 apos
1421 2785 1512 2816 tolica
1523 2787 1672 2817 statuisse
1685 2787 1760 2817 utin
1771 2787 1885 2817 eodem
1896 2788 2010 2818 ordine
2021 2794 2156 2827 quatuor

1150 2842 1255 2868 essent
1270 2839 1421 2878 prepositi
1437 2839 1638 2878 principales,
1657 2840 1696 2870 de
1712 2841 1930 2879 Ronctauarto,
1948 2842 1988 2872 de
2005 2843 2152 2873 Vicobal-

1149 2892 1243 2927 dono,
1261 2892 1299 2922 de
1315 2891 1472 2930 Vigalono
1487 2892 1637 2923 videlicet
1651 2897 1681 2923 et
1696 2893 1734 2923 de
1752 2894 1873 2931 Laude,
1888 2895 1944 2926 ubi
1956 2905 2028 2926 suas
2043 2896 2153 2926 domos

1181 2999 1213 3028 (l)
1229 2997 1280 3022 J’ai
1299 2998 1373 3028 copie
1388 2998 1590 3029 integralement
1609 3002 1677 3023 cette
1694 3000 1769 3023 lettre
1790 3007 1868 3031 parce
1890 3008 1939 3031 que
1958 3002 1984 3031 je
2001 3008 2034 3025 ne
2052 3002 2092 3025 l’ai
2108 3009 2154 3032 pas

1149 3044 1207 3067 bien
1223 3043 1362 3074 comprise.
