2477 3637
226 370 284 402 312
972 366 1208 397 REGISTRES
1231 366 1285 396 DE
1307 364 1491 395 NICOLAS
1513 365 1571 395 IV.

226 436 316 467 tandi
343 434 436 465 feuda
451 458 459 471 ,
484 433 718 473 possessiones,
743 433 818 471 jura
839 437 868 462 et
891 432 1132 471 jurisdictiones
1152 441 1234 471 quae

224 489 383 520 Eduensis
416 486 549 517 ecclesia
579 486 612 515 in
641 485 718 515 villa
749 485 786 515 de
818 485 1042 523 Flavigniaco‚
1068 490 1170 515 castro
1194 485 1233 514 de

225 542 345 574 Gleves
362 545 392 571 et
405 539 573 570 nonnullis
588 538 663 568 aliis
678 538 756 568 locis
773 538 940 573 Eduensis‚
958 537 1181 569 Cabilouensis
1203 542 1233 567 et

224 594 445 633 Lingonensis
461 593 655 622 dioecesium
673 592 836 628 obtinent,
853 600 926 622 cum
942 591 1013 621 aliis
1024 592 1145 629 feudis,
1165 600 1232 630 pos-

224 648 437 683 sessionibus,
454 646 584 685 juribus
604 650 634 675 et
650 645 930 683 jurisdictionibus
953 645 1057 675 eidem
1080 645 1232 675 ecclesiae

225 701 430 735 utilioribus,
450 699 488 729 ad
505 698 680 729 Robertum
697 722 703 734 ,
723 698 838 728 ducem
859 698 1083 736 Burgundiae,
1108 700 1139 728 et
1161 707 1231 728 mo-

223 753 402 784 nasterium
422 751 704 790 Flaviguiacense,
731 751 854 782 ordinis
875 750 906 781 S.
926 751 1114 789 Benedicti,
1135 751 1232 790 perti-

221 808 385 838 nentibuS.

265 874 278 887 «
303 859 508 891 Venerabilis
525 859 623 889 frater
643 864 786 889 noster...
803 875 843 881 -
860 859 932 889 Dat.
953 863 1106 898 utsupra.
1127 871 1140 886 ν»

290 1086 404 1115 1638
477 1084 846 1119 Sainte-Marie-Majeure,
863 1084 896 1110 1²2
910 1084 1064 1111 novembre
1082 1085 1158 1112 1289.

249 1162 367 1190 Collatio
383 1162 599 1189 beneficiorum.
622 1161 712 1196 (Rau.
731 1162 774 1193 44,
789 1169 814 1188 c..
831 1161 893 1192 597,
911 1162 928 1187 f.
946 1160 998 1188 248
1014 1164 1059 1193 ro.)

258 1292 423 1321 Venerabili
437 1291 532 1326 fratri
544 1292 696 1327 Johanni,
715 1291 938 1328 archiepiscopo
950 1291 1230 1326 Eboracensi,eon-

209 1345 294 1376 cedit
313 1344 495 1374 facultatem
513 1344 695 1383 recipiendi
715 1348 746 1373 et
762 1343 901 1373 faciendi
918 1343 1017 1382 recipi
1040 1343 1119 1373 duos
1137 1343 1229 1374 cleri-

209 1408 277 1436 cos,
307 1398 443 1428 alterum
470 1398 505 1427 in
540 1397 764 1433 Eboraceusi,
793 1397 930 1427 alterum
957 1397 991 1426 in
1020 1397 1228 1433 Suwellensi‚

209 1452 416 1483 Eboracensis
443 1451 620 1486 dioecesiS,
642 1450 803 1487 ecclesiis,
832 1452 867 1481 in
896 1451 1085 1488 canonicos,
1110 1460 1146 1481 ac
1163 1460 1231 1490 pro-

207 1506 338 1536 videndi
355 1505 483 1543 utrique
507 1513 617 1535 eorum
636 1505 675 1534 de
694 1505 888 1543 praebenda.

255 1572 270 1587 «
299 1560 401 1589 Tuam
429 1559 571 1589 volentes
601 1559 801 1589 honorare...
834 1576 872 1580 —
901 1558 971 1588 Dat.
1002 1559 1119 1595 Rome,
1147 1558 1230 1597 apud

213 1614 363 1644 Sanctam
381 1613 517 1643 Mariam
535 1613 710 1651 Majorem‚
728 1622 750 1642 11
766 1613 837 1643 idus
853 1613 1039 1643 novembris
1054 1637 1060 1649 ‚
1078 1621 1165 1642 anno
1181 1621 1230 1642 se-

214 1667 330 1697 cundo.
352 1679 364 1693 n

255 1893 274 1920 Ι
284 1892 506 1921 aaa-1640
544 1892 907 1928 Sainte-Marie-MaJeui-e,
924 1895 936 1921 7
952 1895 1106 1921 novembre
1116 1894 1192 1922 1289.

251 1970 458 2005 Indulgentiae.
477 1969 560 2003 (Rea.
579 1971 621 2001 44,
638 1979 663 1997 e.
681 1971 742 2004 598,
760 1970 780 1997 s.
802 1971 853 1998 248
872 1973 919 2004 1¹⁰.)

261 2100 413 2130 Universis
431 2100 544 2129 Christi
566 2100 705 2137 fidelibus
724 2106 875 2137 presentes
896 2103 1012 2131 litteras
1035 2103 1226 2140 inspecturis.

226 2152 465 2191 indulgentiam
488 2153 585 2182 unius
605 2153 686 2182 anni
705 2156 736 2182 et
755 2163 792 2182 xe
812 2153 938 2184 dierum
955 2155 1100 2185 concedit
1115 2155 1161 2184 eis
1177 2156 1232 2194 qui

219 2206 435 2237 cathedralem
467 2206 634 2236 ecclesiam
666 2205 982 2244 Claromontensem,
1014 2208 1047 2237 in
1076 2208 1231 2239 honorem

220 2260 336 2290 Beatae
352 2259 472 2289 Mariae
487 2263 699 2289 constructam
711 2284 718 2296 ,
742 2260 776 2289 in
793 2260 938 2298 ejusdem
956 2261 1092 2299 virginis
1108 2262 1230 2292 festivi-

218 2314 334 2344 tatibus
352 2313 570 2342 visitaverint.

260 2380 273 2394 «
298 2367 398 2404 Virga
414 2366 639 2403 venustissima
656 2371 722 2396 et...
742 2383 779 2388 —
799 2367 870 2397 Dat.
895 2368 1010 2403 Rome,
1029 2369 1112 2409 apud
1130 2369 1231 2400 Sanc—

218 2425 282 2450 tam
303 2420 437 2450 Mariam
463 2421 634 2458 Maj0rem‚
663 2430 706 2449 vu
734 2420 805 2450 idus
830 2421 1032 2458 novembris,
1064 2431 1150 2453 anno
1182 2432 1232 2453 se-

219 2474 338 2505 cundo.
356 2486 368 2501 n

486 2540 849 2575 Saintc-Marie-Majeure,
870 2542 899 2569 13
915 2542 1067 2570 decembre
1086 2544 1163 2571 «1289.

262 2619 301 2648 In
325 2627 352 2648 e.
388 2627 432 2647 m.
457 2641 476 2647 ..
501 2618 666 2656 episcopo,
694 2641 713 2649 ..
738 2618 1016 2658 archipresbytero
1042 2625 1072 2650 et
1098 2621 1235 2660 capitulo

224 2671 446 2701 Urbevetanis.
466 2671 610 2700 Eandem
628 2671 865 2709 indulgentiam
885 2673 1032 2703 concedit
1047 2674 1092 2704 eis
1111 2675 1164 2712 qui
1184 2684 1234 2705 ec-

223 2724 356 2754 clesiam
374 2724 631 2760 Urbevetanam‚
651 2725 681 2753 in
701 2725 854 2755 honorem
884 2726 999 2756 Beatae
1019 2727 1138 2757 Mariae
1158 2736 1235 2758 con-

223 2782 394 2814 structam,
412 2778 444 2806 in
463 2777 608 2815 ejusdem
624 2778 761 2816 virginis
778 2779 1019 2816 festivitatibus,
1038 2785 1068 2810 et
1083 2780 1236 2819 capellam

224 2831 332 2860 Sancti
354 2830 551 2867 Constantii,
572 2831 676 2861 eidem
698 2831 849 2862 ecclesiae
868 2833 1068 2871 contiguam,
1086 2835 1119 2864 in
1140 2835 1237 2873 hujus

225 2884 326 2913 sancti
348 2884 575 2914 festivitatibus
599 2889 628 2914 et
652 2885 685 2914 in
712 2885 946 2915 anniversariis
972 2886 1085 2917 diebus
1110 2888 1237 2919 dedica-

230 2936 354 2966 tionum
389 2937 574 2967 earnmdem
612 2937 764 2968 ecclesiae
796 2943 825 2968 et
857 2938 996 2977 capellae
1025 2940 1237 2972 visitaverint.

229 2990 301 3019 Dat.
332 2991 474 3026 Romae,
498 2991 580 3029 apud
603 2991 754 3021 Sanctam
775 2992 911 3021 Mariam
935 2993 1110 3032 Majorem‚
1134 2995 1241 3026 idibus

226 3042 412 3078 decembris,
429 3052 514 3073 anno
529 3044 670 3075 secundo
685 3044 745 3084 (En
766 3047 893 3083 marae).

1353 430 1600 460 {Gai-1642
1644 429 2003 465 Sainte-Marie-Majeure,
2022 431 2055 459 23
2072 432 2188 459 octobre
2205 432 2280 460 1289.

1350 493 1485 520 Felicitas
1500 493 1674 520 monasterio
1685 492 1885 519 Romarieensi
1894 492 2040 520 abbatissa
2049 494 2219 528 praeficitur.
2233 494 2315 528 (Rso.

1315 543 1358 574 44,
1375 550 1401 570 c.
1419 542 1479 575 599,
1497 542 1515 568 t'.
1534 541 1584 569 248
1601 543 1649 574 ro.)

1356 646 1462 674 Dilecto
1478 646 1512 674 in
1521 644 1640 674 Christo
1650 645 1714 682 filie
1726 645 1879 674 Felicitati
1892 645 1968 674 dicte
1978 646 2088 681 Low-ete,
2103 646 2246 675 abbatisse
2257 655 2317 677 mo-

1314 699 1442 728 nasterii
1461 699 1695 734 Roniaricensis,
1713 699 1752 727 ad
1766 706 1928 728 romanam
1944 697 2096 728 ecclesiam
2115 700 2201 728 nullo
2222 701 2318 731 medio

1311 753 1509 790 pertinentis,
1532 753 1650 781 ordinis
1673 752 1704 781 S.
1729 752 1895 788 Benedicti,
1925 752 2073 781 Tullensis
2097 753 2229 782 diocesis.
2254 753 2318 785 Va·
2356 775 2367 784 .

1313 809 1404 835 cante
1432 805 1627 835 monasterio
1656 804 1899 841 Romaricensi,
1926 804 2049 834 ordinis
2075 804 2107 835 S.
2138 805 2316 843 Benedicti,

1314 858 1352 887 ad
1373 866 1540 888 romanam
1566 857 1734 887 ecclesiam
1769 857 1859 888 nullo
1888 857 1993 888 medio
2019 857 2214 896 pertinente,
2241 857 2316 890 Tul·
2363 876 2372 886 ι.

1313 911 1413 941 lensis
1447 911 1620 948 dioecesis,
1656 921 1710 949 per
1743 911 1866 941 obitum
1901 911 2037 949 Agnetis
2052 934 2059 947 ‚
2089 934 2108 940 ..
2142 911 2262 942 decana
2290 916 2320 944 et

1314 969 1502 1001 conventus,
1530 974 1584 1004 per
1607 965 1691 994 viam
1715 964 1881 998 scrutinii,
1906 965 1997 1003 cujus
2020 964 2220 994 scrutatrices
2252 965 2318 996 1sa-
2351 1001 2357 1011 Δ

1314 1017 1397 1047 bella
1412 1017 1451 1047 de
1469 1018 1632 1056 Graugiis,
1648 1017 1800 1048 Johanna
1817 1017 1901 1047 dicta
1913 1016 2028 1047 Sibilla
2046 1021 2077 1047 et
2091 1016 2271 1048 Clementia
2281 1015 2320 1050 de
2376 1058 2382 1062 .

1313 1070 1411 1101 Chais
1433 1071 1573 1109 fuerunt,
1599 1074 1821 1110 processerunt
1836 1074 1877 1107 et,
1898 1071 1978 1100 votis
1997 1070 2181 1109 publicatis,
2202 1071 2320 1102 decana
2368 1102 2370 1108 ,

1313 1125 1476 1164 quondam
1492 1125 1714 1163 Margarssarn,
1733 1125 1897 1154 sacristam
1913 1147 1919 1160 ,
1934 1128 1964 1153 et
1978 1123 2094 1154 Joheta
2107 1123 2146 1154 de
2160 1124 2318 1163 Bergues,

1313 1178 1474 1214 monialis,
1492 1177 1690 1208 Felicitatem
1706 1177 1822 1208 dictam
1836 1178 1996 1213 Loretam,
2010 1177 2196 1215 monialem,
2213 1177 2248 1207 in
2259 1177 2321 1208 die-

1313 1231 1422 1261 cordia
1436 1231 1612 1269 elegerunt.
1630 1231 1766 1269 Negotio
1782 1239 1856 1261 vero
1875 1230 1914 1260 ad
1931 1230 2038 1260 sedem
2054 1230 2258 1269 apostolicam
2268 1230 2320 1262 de-
2353 1244 2358 1251 ·
2383 1261 2398 1271 ,

1313 1284 1420 1314 voluto
1432 1307 1440 1321 ,
1462 1284 1621 1314 Martinus
1639 1294 1718 1324 papa
1736 1284 1942 1320 Ger-vasium,
1961 1284 2070 1314 Sancti
2086 1284 2218 1314 Martini
2234 1293 2319 1324 pres-

1314 1338 1463 1376 byterum
1487 1338 1703 1374 cardinalem,
1724 1338 1868 1377 partibus
1890 1337 2069 1367 auditorem
2090 1337 2191 1374 dedit,
2215 1346 2320 1369 coram
2344 1349 2346 1355 ’

1313 1400 1375 1430 quo
1393 1380 1542 1429 magister
1560 1391 1744 1428 Warricus,
1766 1397 1869 1421 rector
1886 1391 2036 1421 ecclesiae
2055 1392 2093 1420 de
2110 1390 2319 1428 Cusincuria,

1313 1449 1496 1483 procurator
1520 1445 1708 1480 Felicitatis,
1732 1449 1761 1474 et
1780 1445 1930 1482 magister
1949 1445 2116 1475 Johannes
2134 1445 2172 1475 de
2197 1444 2321 1474 Media-

1313 1497 1405 1534 valle,
1423 1498 1597 1528 canonicus
1612 1498 1764 1528 ecclesiae
1783 1498 1891 1528 Sancti
1913 1498 2007 1528 Pauli
2026 1497 2223 1535 Leodiensis,
2247 1505 2321 1536 pro·
2448 1476 2477 1554 ’ἃ

1313 1556 1440 1581 curator
1459 1551 1670 1590 Margaritae,
1687 1551 1813 1582 libellos
1833 1560 1905 1581 suos
1921 1556 2167 1590 praesentarunt
2182 1551 2238 1591 (1).
2258 1551 2320 1582 Ve—
2461 1547 2464 1556 '

1313 1613 1386 1634 rum
1400 1605 1522 1635 interea
1545 1605 1718 1643 Margarita
1735 1610 1860 1635 mortua
1875 1609 1933 1643 est,
1954 1610 1983 1635 et
2001 1607 2110 1643 Agnes
2126 1604 2166 1635 de
2181 1604 2274 1635 Costa
2290 1609 2320 1636 et

1313 1657 1498 1694 Catherina,
1516 1662 1592 1688 nata
1610 1658 1657 1695 F.,
1675 1658 1765 1688 ducis
1782 1658 2021 1696 Lothoringiae,
2042 1657 2199 1688 Felicitati
2215 1667 2249 1688 se
2263 1666 2320 1697 op-

1312 1714 1488 1749 posuerunt
1496 1720 1612 1750 easque
1622 1711 1660 1741 ad
1671 1711 1925 1750 prosecutionem
1941 1711 2061 1749 negotii
2071 1711 2234 1742 Honorius
2242 1719 2321 1751 papa

1313 1764 1452 1795 admisit.
1487 1764 1611 1794 Deinde
1632 1764 1776 1794 Honorio
1797 1773 1876 1803 papa
1898 1768 1928 1794 et
1948 1764 2149 1803 postmodum
2170 1764 2321 1796 Ger-vasio

1313 1818 1469 1848 cardinali
1485 1819 1631 1856 mortuis,
1645 1818 1799 1848 Nicolaus
1816 1827 1894 1857 papa
1907 1818 2122 1854 Bernardum,
2138 1818 2322 1857 episcopum
2346 1824 2354 1831 ‘
2397 1810 2399 1820 ’

1314 1872 1536 1909 Portuensem,
1557 1872 1709 1902 Gervasio
1727 1871 1927 1909 subrogavit,
1951 1872 2006 1910 qni
2031 1871 2222 1901 electionem
2240 1871 2322 1901 Feli-
2339 1894 2343 1900 .

1314 1925 1419 1955 citatis
1438 1925 1650 1955 confirmavit.
1673 1926 1777 1964 Hujus
1801 1929 1908 1955 autem
1930 1925 2184 1955 confirmationis
2201 1925 2321 1956 instru-

1315 1981 1460 2008 mentum
1476 1979 1535 2009 hoc
1551 1984 1598 2009 est
1615 1989 1621 2009 :

1356 2045 1369 2059 κ
1403 2034 1441 2062 In
1471 2034 1603 2063 nomine
1634 2034 1779 2064 Domini.
1811 2034 1931 2063 Amen.
1962 2033 2093 2063 Dudum
2131 2032 2322 2064 monasterio
2390 2063 2396 2068 ,,

1316 2098 1329 2112 »
1355 2086 1615 2116 Romaricensi...
1633 2103 1671 2108 —
1693 2087 1770 2116 Lata
1785 2091 1910 2122 autem,
1929 2086 2026 2123 lecta,
2048 2085 2178 2116 recitata
2198 2090 2228 2116 et
2250 2091 2338 2124 pro-‘
2359 2079 2371 2114 Δ.
2387 2075 2396 2104 ἶ

1317 2152 1329 2167 n
1355 2141 1501 2170 nuntiata
1525 2140 1584 2170 suit
1604 2149 1733 2178 presens
1763 2141 1922 2169 sententia
1947 2149 2003 2178 per
2027 2139 2243 2178 supradictum
2265 2139 2320 2170 do-

1317 2206 1330 2222 »
1356 2194 1482 2223 minum
1513 2194 1555 2229 B,
1592 2195 1776 2232 episcopum
1813 2194 2048 2230 Portuensem,
2083 2201 2138 2231 pro
2171 2191 2322 2223 tribunali

1318 2259 1330 2274 n
1356 2247 1539 2283 sedentem,
1579 2247 1696 2283 Reate,
1730 2248 1765 2276 in
1796 2255 1923 2277 camera
1958 2247 2059 2286 ipsius
2095 2236 2219 2276 domini
2248 2246 2323 2276 Por-

1318 2313 1331 2328 »
1358 2301 1496 2337 tuensis,
1526 2308 1610 2330 anno
1639 2301 1772 2331 Domini
1799 2309 2026 2336 mcccxxxvuu,
2057 2299 2233 2330 indictione
2262 2303 2321 2330 ter-

1318 2367 1331 2382 »
1356 2355 1416 2391 tia,
1452 2354 1654 2393 pontificatus
1682 2354 1814 2393 predicti
1843 2354 1967 2384 domini
1999 2353 2127 2384 Nicolai
2157 2361 2235 2392 pape
2254 2351 2321 2383 IIII

1319 2420 1332 2434 υ
1355 2417 1440 2438 auno
1470 2408 1624 2444 secundo,
1657 2417 1768 2438 mense
1800 2407 2005 2446 septembris,
2037 2407 2089 2436 die
2119 2406 2209 2443 lune,
2239 2406 2322 2436 vice·

1319 2462 1439 2491 »sima
1470 2465 1555 2491 sexta
1582 2461 1736 2500 ejusdem.
1768 2461 1977 2491 Presentibus
2015 2460 2093 2490 viris
2134 2458 2322 2490 venerabili·
2388 2456 2389 2461 ’

1318 2527 1333 2542 υ
1355 2515 1414 2546 hus
1435 2519 1465 2544 et
1487 2514 1630 2544 discretis
1654 2515 1795 2545 dominis
1816 2514 2008 2550 Gnillelmo,
2034 2513 2132 2544 electo
2156 2513 2321 2544 Carcasso-

1317 2581 1329 2595 »
1358 2569 1468 2604 neusi,
1498 2568 1660 2598 Bel-nardo
1685 2568 1889 2606 Laguisselli,
1911 2567 2136 2597 archidiacono
2157 2564 2323 2597 Aureliani
2386 2562 2387 2566 ’

1320 2634 1333 2649 »
1359 2622 1392 2650 iu
1415 2621 1546 2652 ecclesia
1568 2621 1845 2657 claromontensi,
1866 2620 2040 2651 Guillelmo
2055 2620 2094 2650 de
2114 2619 2321 2658 Mandagoto,

1320 2686 1334 2701 »
1358 2674 1581 2704 archidiacono
1597 2675 1753 2711 Uticensi,
1766 2679 1796 2704 et
1808 2674 2001 2713 Raymundo
2018 2673 2057 2703 de
2076 2672 2256 2709 Planhano,
2273 2679 2322 2702 ca-

1321 2739 1334 2754 »
1358 2727 1497 2757 inei-ario
1513 2728 1614 2766 ipsius
1629 2728 1753 2757 domini
1770 2728 1974 2764 PortuensiS,
1992 2725 2184 2766 capellanis,
2205 2725 2328 2756 Bonaoa

1321 2790 1335 2810 i>
1358 2790 1450 2811 curso
1466 2781 1504 2811 dc
1523 2781 1618 2811 l'odio
1635 2782 1748 2812 Bouici
1767 2791 1803 2811 ac
1814 2781 1959 2820 pluribus
1975 2780 2046 2810 aliis
2065 2779 2198 2810 testibus
2212 2779 2251 2809 ad
2266 2777 2339 2813 hoo
2374 2774 2378 2779 ⁴

1321 2846 1335 2861 1>
1360 2835 1475 2864 vocatis
1499 2835 1673 2873 spetialiter
1695 2840 1725 2865 et
1742 2835 1870 2873 rogatis.
1894 2835 1931 2864 Et
1949 2842 2024 2872 ego,
2045 2833 2204 2872 predictus
2225 2831 2335 2878 Nico-3
2360 2822 2366 2826 ,‚

1321 2900 1335 2915 »
1359 2887 1428 2918 laus
1444 2888 1482 2918 de
1502 2888 1719 2926 Pontecurvo,
1740 2888 1885 2928 publicus
1902 2887 2072 2927 apostolice
2093 2886 2176 2917 sedis
2191 2885 2327 2916 auctoris

1351 3023 1383 3053 (l)
1401 3023 1473 3047 Dans
1488 3024 1512 3046 le
1529 3024 1618 3047 libelle
1635 3024 1668 3047 de
1683 3023 1751 3047 Jean
1772 3023 1805 3046 de
1825 3023 1988 3046 Mediam-alle
2005 3021 2116 3045 Felicite
2132 3023 2174 3045 est
2189 3018 2299 3051 appetee
2313 2970 2363 3054 :i

1322 3069 1451 3091 Felicitas
1466 3069 1540 3091 dicta
1558 3070 1642 3091 Darne
1657 3070 1726 3092 Lore
1742 3069 1775 3091 de
1791 3068 1942 3091 Dornbaile.
2334 3062 2358 3109 ἶ,

2334 3111 2350 3125 ’β
