2342 3652
875 328 1103 371 DEUXIEME
1123 327 1278 366 ANNEE.

107 411 188 440 ¹2ss

72 473 213 508 Episcopo
224 471 388 499 Pictavensi
399 471 577 506 spiritualem
592 470 718 504 gladium
733 468 874 495 concedit.
891 467 973 500 (Rso.
991 465 1035 497 44,

37 531 63 550 ο.
79 522 120 554 45,
138 521 156 547 f.
178 520 224 547 116
240 527 280 551 r⁰;
298 519 366 546 [ΛΡ.
383 528 418 546 Du
432 519 530 550 Tei-2112,
548 518 585 549 Π,
603 519 659 551 31.)

386 407 746 442 Sainte-Marie-Majeure,
762 406 778 433 9
794 413 869 432 mars
888 404 963 432 1‘289.

83 621 244 652 Venerabili
259 621 385 657 fratri..
404 622 534 657 episcopo
553 619 730 649 Pictavenst.
749 629 762 644 α
781 615 953 646 Pastoralis
967 614 1036 650 offi-

40 676 80 707 cii
97 683 171 705 cura
184 682 241 703 nos
257 677 421 702 ammonet
439 677 483 707 ut,
502 674 584 702 circa
603 676 692 701 tuum
712 675 742 700 et
759 669 889 699 ecclesie
906 673 957 697 tue
973 672 1035 697 sta-

38 733 105 760 tum
119 731 235 757 attente
246 725 511 756 considerationis
527 724 682 754 intuitum
698 723 884 760 dirigentes,
902 726 930 750 te
946 720 1037 751 illius

39 780 152 813 favoris
168 783 197 808 et
212 779 313 816 gratie
329 787 558 817 prosequamur
571 776 690 806 auxilio
704 775 787 814 quod
806 775 861 804 tibi
877 778 907 804 et
924 774 954 803 ei
970 774 1036 804 fore

37 832 260 879 perpendimus
275 836 478 870 oportunum.
493 831 542 860 Ad
560 834 702 860 nostrum
719 829 880 867 siquidem
894 827 1037 866 pervenit

38 886 178 918 auditum
195 885 278 923 qnod
296 884 458 922 nonnulli,
476 885 541 923 qui,
555 883 679 922 proprie
691 882 801 912 salutis
816 883 1034 917 immemores,

38 941 72 972 in
95 949 150 970 sue
176 939 297 969 malitie
319 939 500 977 gloriantur
518 937 666 976 operibus
689 937 769 967 etin
790 937 893 974 pravis
915 935 1035 965 actibus

39 993 246 1029 delectantur,
264 1001 298 1022 ac
315 993 412 1022 etiam
431 991 575 1030 plerique
591 990 742 1020 officiales
758 990 850 1027 regii,
867 990 1036 1019 commisse

40 1046 341 1087 tibijurisdictionis
357 1045 475 1074 finibus
493 1053 556 1074 non
569 1043 722 1080 contenti,
738 1048 766 1073 te
785 1052 820 1072 ac
837 1043 971 1072 eandem
985 1050 1036 1072 ec-

37 1100 164 1133 clesiam
185 1099 220 1128 in
236 1099 379 1137 personis
397 1103 427 1127 et
443 1098 536 1127 bonis
552 1106 587 1126 ac
603 1097 731 1134 juribus
747 1097 809 1125 tuis
824 1101 854 1126 et
869 1095 970 1134 ipsius
986 1104 1035 1125 ec-

40 1152 142 1189 clesie,
154 1152 262 1182 diviua
270 1150 474 1189 etapostolice
484 1150 566 1180 sedis
577 1150 753 1179 reverentia
763 1158 892 1188 prorsus
903 1149 1034 1187 abjecta,

39 1206 198 1242 interdum
213 1205 365 1243 gravibus
380 1204 509 1242 injuriis
525 1208 554 1233 et
569 1203 698 1233 offensis
711 1203 836 1232 afficere
853 1212 888 1232 ac
904 1203 1035 1241 dispen-

41 1259 137 1291 diosis
151 1259 328 1297 opprimere
341 1257 494 1287 molestiis
508 1261 538 1286 et
549 1257 683 1296 Jacturis
695 1256 833 1285 indebite
844 1264 908 1285 non
924 1264 1036 1284 veren—

38 1317 98 1346 tur.
114 1313 179 1343 Nos
198 1312 306 1350 igitur,
324 1311 440 1350 quibus
457 1319 593 1348 superne
607 1309 824 1349 dispositionis
840 1309 972 1339 arbitrio
985 1318 1035 1339 ec-

39 1366 202 1398 clesiarum
220 1365 364 1395 omnium
388 1368 434 1394 est
450 1363 629 1394 sollicitudo
646 1363 827 1399 commissa,
848 1363 1037 1400 diligentius

38 1418 230 1450 attendentes
257 1418 340 1456 quod
365 1426 402 1447 eo
434 1417 635 1447 commodius
660 1421 690 1446 et
720 1416 873 1446 efficatius
897 1416 979 1445 bona
1008 1421 1038 1445 et

36 1472 108 1512 jura
122 1471 258 1511 predicta
274 1480 462 1501 conservare
477 1470 593 1509 poteris
609 1474 638 1500 et
655 1470 737 1500 tueri
752 1479 814 1509 quo
831 1479 885 1508 per
901 1470 1036 1499 eandem

43 1524 146 1555 sedem
163 1524 275 1563 maj0ri
297 1523 397 1553 fueris
411 1523 597 1553 auctoritate
611 1523 765 1558 munitus,
779 1523 970 1552 fraternitati
985 1527 1037 1553 tue

41 1576 234 1617 spiritualem
262 1576 421 1615 gladium,
448 1581 481 1606 ut
505 1585 540 1607 eo
564 1581 673 1606 contra
691 1580 759 1605 tuos
784 1580 814 1606 et
838 1576 969 1606 ecclesie
987 1580 1038 1607 tue

41 1630 174 1670 predicte
187 1629 403 1668 injuriatores,
423 1629 651 1666 molestatores,
669 1629 843 1659 turbatores
862 1635 891 1659 et
910 1630 1037 1668 impeti-

42 1686 120 1717 tores
145 1683 302 1722 quoslibet
323 1682 443 1719 libere,
465 1692 520 1721 per
540 1687 569 1712 te
593 1682 642 1712 vel
668 1682 765 1712 alium
795 1692 849 1712 seu
875 1683 968 1720 alios,
994 1685 1038 1714 uti

42 1737 148 1776 possis,
158 1735 424 1775 quandocumque
436 1741 466 1766 et
477 1736 764 1775 quotienscumque
775 1738 933 1775 putaveris
945 1747 1038 1776 expe-

41 1790 116 1827 dire,
133 1790 171 1820 de
185 1789 287 1828 gratia
307 1790 511 1820 concedimus
528 1789 668 1829 speciali.
687 1790 837 1820 Volentes
851 1785 1038 1821 nichilomi-

42 1851 100 1873 nus
114 1846 147 1873 ut
163 1842 345 1880 hujusmodi
365 1842 490 1880 gladius
511 1843 567 1872 tibi
594 1843 673 1872 alias
698 1844 933 1881 quomodolibet
951 1853 1038 1874 com-

42 1900 146 1935 petens
156 1895 190 1925 in
206 1897 256 1926 sui
270 1896 419 1934 perduret
435 1897 555 1926 roboris
572 1896 722 1926 firmitate
735 1920 742 1932 ,
761 1905 823 1926 non
841 1898 1038 1928 obstantibus

42 1948 290 1988 quibuscumque
308 1949 496 1987 privilegiis,
514 1949 630 1979 litteris
647 1949 696 1980 vel
713 1950 926 1988 indulgentiis
941 1952 1038 1981 caris-

43 2003 121 2033 simo
143 2002 175 2032 in
204 2002 331 2033 Christo
351 2003 419 2032 filio
440 2007 547 2033 nostro
575 2003 736 2042 Philippo,
757 2004 825 2041 regi
841 2004 1038 2034 Francorum

0 2083 7 2088 .
43 2054 168 2092 illustri,
195 2055 247 2086 vel
275 2056 551 2095 predecessoribus
577 2057 643 2086 suis
670 2057 803 2087 Francie
819 2059 963 2098 regibus,
983 2068 1037 2088 seu

43 2107 218 2149 comitibus,
233 2108 405 2139 baronibus
421 2113 474 2138 aut
491 2109 650 2139 nobilibus
666 2118 701 2139 ac
717 2109 807 2140 laicis
823 2110 894 2140 aliis
911 2111 1039 2149 quibus-

43 2167 190 2200 cumque,
216 2161 274 2192 sub
297 2162 411 2201 quovis
438 2166 546 2192 tenore
573 2171 628 2192 seu
651 2163 754 2193 forma
769 2163 819 2192 vel
835 2164 1039 2203 conceptione

43 2217 96 2244 aut
111 2214 310 2254 expressione
324 2215 494 2245 verborum
513 2216 685 2252 concessis,
702 2216 796 2245 etiam
813 2217 839 2245 si
854 2216 893 2246 de
908 2217 986 2255 ipsis
1002 2217 1040 2247 de

0 2307 2 2318 γ
44 2267 134 2299 verbo
147 2267 187 2297 ad
203 2268 333 2298 verbum
351 2272 380 2298 et
397 2269 468 2299 totis
484 2277 593 2299 eorum
611 2270 772 2300 tenoribus
792 2275 874 2301 ecset
896 2280 932 2301 ex
955 2276 1040 2301 certa

44 2320 170 2350 scientia
185 2321 332 2359 specialis
348 2322 467 2352 mentio
483 2322 638 2353 facienda.
656 2323 814 2353 Nolumus
831 2328 937 2353 autem
956 2324 1040 2363 quod

44 2371 200 2404 indultum
222 2374 407 2413 hujusmodi
428 2375 468 2404 ad
496 2375 626 2414 predicti
650 2377 733 2414 regis
753 2380 784 2406 et
808 2378 961 2408 consortis
986 2387 1042 2408 sue

45 2434 189 2464 personas
212 2431 242 2457 et
267 2428 420 2467 capellam
448 2430 570 2467 regiam
597 2429 800 2468 aliquatenus
826 2439 859 2460 se
883 2431 1040 2461 extendat.

47 2478 132 2510 Nulli
149 2489 238 2519 ergo,
257 2485 335 2519 etc.,
360 2486 466 2512 nostre
493 2483 724 2519 concessionis,
748 2488 806 2513 etc.
830 2484 900 2514 Dat.
924 2485 1041 2521 Rome,

45 2533 124 2572 apud
140 2533 286 2564 Sanctam
304 2535 439 2565 Mariam
463 2536 635 2575 Majorem,
652 2547 696 2566 vn
719 2537 791 2567 idus
813 2538 941 2575 martii,
960 2546 1046 2568 anno

47 2587 190 2622 secundo.
213 2599 226 2615 a

117 2738 201 2767 ’2¹2
373 2739 737 2776 8311110-3131·10-Μ3]031·ε,
755 2743 788 2770 23
805 2752 882 2770 mars
900 2744 976 2771 1239.

82 2798 262 2834 Privilegium
279 2801 403 2835 capitulo
424 2801 575 2828 Baiocensi
590 2810 772 2831 concessum.
790 2805 873 2839 (Res.
893 2806 940 2837 44,
959 2815 984 2833 c.
1003 2807 1050 2836 46.

3 2853 9 2872 t
49 2847 67 2874 f.
86 2848 132 2876 116
147 2855 190 2880 t·⁰;
207 2849 274 2876 Lar.
290 2857 329 2877 nu
345 2850 444 2883 Tem,
463 2849 499 2882 Il,
518 2851 573 2884 33.)

90 2973 110 2978 ..
129 2950 237 2980 decano
254 2957 280 2981 et
296 2952 428 2989 capitulo
446 2953 563 2981 ecclesie
578 2954 757 2984 Baiocensz's.
777 2967 791 2982 ιι
808 2955 901 2994 Cum,
919 2958 1001 2988 sicut
1013 2967 1048 2988 ex

58 3006 141 3039 parte
160 3008 265 3033 vestra
281 3004 342 3034 suit
357 3005 532 3043 expositum
549 3014 654 3036 coram
677 3008 781 3045 nobis,
801 3010 950 3040 nonnulli
965 3011 1050 3042 dele-

2070 336 2126 378 ¹49

1119 402 1194 439 gati,
1211 402 1418 440 subdelegati,
1436 407 1618 433 executores
1629 406 1659 432 et
1671 406 1923 438 conservatores,
1939 403 2127 433 auctoritate

1117 455 1295 485 litterarum
1314 456 1397 485 sedis
1417 456 1586 495 apostolice
1607 465 1642 486 ac
1667 456 1844 494 legatorum
1866 456 1950 494 ejuS,
1969 464 2040 485 cnm
2062 455 2125 485 ali-

1117 519 1196 549 quos
1222 511 1282 540 sibi
1303 511 1430 540 obedire
1458 511 1602 541 nolentes
1632 511 1759 541 viuculo
1785 510 2127 541 excommunicationis

1117 564 1311 601 astringunt,
1331 564 1562 594 nichilominus
1576 565 1611 594 in
1628 565 1850 603 participantes
1867 564 2127 594 excommunica-

1120 616 1160 645 tis
1180 616 1366 655 hujusmodi
1388 626 1515 656 quoquo
1539 618 1632 648 modo
1656 618 1994 647 excommunicationis
2015 626 2125 655 presu-

1119 674 1214 700 munt
1229 670 1402 699 sententias
1424 670 1607 706 fulminare,
1626 680 1695 707 nos,
1711 671 1824 700 vestris
1842 671 2126 710 supplicationibus

1119 722 1281 759 inclinati,
1295 724 1480 753 auctoritate
1497 724 1584 754 vobis
1599 725 1797 762 presentium
1814 724 2020 762 indulgemus
2037 729 2080 760 ut,
2099 724 2127 754 si

1120 776 1247 813 quando
1275 784 1330 805 vos
1358 776 1543 814 hujusmodi
1573 777 1858 806 excommunicatis
1888 778 2127 807 communicare

1119 829 1307 866 contigerit,
1338 830 1468 867 majoris
1498 830 1839 860 excommunicationis
1866 830 1979 869 laqueo
2003 840 2126 869 nequa-

1120 890 1214 920 quam
1242 881 1334 919 ligari
1360 883 1501 920 possitis,
1530 883 1704 912 dummodo
1734 891 1795 912 non
1820 884 2063 913 communicetis
2091 884 2126 913 in

1120 935 1257 965 crimine
1282 935 1475 965 criminosis.
1498 935 1589 965 Nulli
1605 944 1694 973 ergo,
1713 939 1789 973 etc.,
1816 940 1921 965 nostre
1946 937 2126 966 concessio-

1120 988 1188 1024 nis,
1213 993 1270 1017 etc.
1294 988 1363 1017 Dat.
1388 988 1508 1024 Rome,
1533 988 1615 1026 apud
1638 988 1787 1018 Sanctam
1804 988 1940 1018 Mariam
1957 989 2124 1027 Majorem,

1119 1050 1138 1071 x
1153 1041 1307 1071 kalendas
1322 1041 1447 1080 aprilis,
1465 1050 1550 1071 anno
1567 1041 1716 1073 secundo.
1738 1054 1751 1069 1>

1193 1215 1279 1243 ‘713

1156 1277 1297 1303 Libet-atio
1316 1277 1514 1303 vassallorum.
1533 1277 1614 1311 (Rea.
1632 1277 1676 1308 44,
1692 1285 1717 1303 c.
1736 1278 1778 1307 47,
1796 1277 1814 1302 f.
1836 1277 1882 1303 116
1899 1277 1946 1311 r0.)

1455 1213 1816 1248 Sainte-Marie-Majeure,
1836 1214 1866 1241 15
1882 1222 1959 1241 mars
1978 1214 2054 1241 1289.

1167 1378 1334 1408 Venerabili
1354 1380 1449 1415 fratri
1467 1402 1486 1408 ..
1506 1381 1638 1417 episcop)
1658 1380 1845 1409 inconstanti
1866 1379 1996 1408 mandat
2016 1384 2126 1417 quate-

1121 1441 1182 1462 nus
1198 1432 1341 1470 inquirat
1358 1432 1397 1461 de
1412 1433 1646 1471 opportunitate
1663 1433 1824 1471 petitionis
1840 1442 1901 1471 qna
1923 1455 1942 1462 ..
1963 1433 2126 1471 episcopus

1123 1487 1240 1515 Esinus
1262 1486 1425 1515 licentiam
1446 1486 1545 1524 poscit
1566 1486 1799 1525 quinquaginta
1818 1486 1856 1515 de
1872 1485 2017 1515 vassallis
2032 1485 2127 1515 ditio-

1121 1539 1209 1569 ribus
1230 1543 1260 1568 et
1281 1539 1511 1577 potentioribus
1532 1548 1606 1568 suae
1623 1539 1705 1568 sedis
1729 1539 1767 1569 de
1786 1538 1871 1569 Villa
1892 1538 1999 1575 Podii,
2019 1538 2127 1569 Sancti

1122 1593 1266 1623 Marcelli
1286 1598 1315 1623 et
1330 1594 1425 1623 castri
1446 1594 1564 1623 Montis
1583 1593 1677 1623 Arcis
1695 1594 1813 1630 Rnere,
1834 1593 1890 1632 qui
1905 1593 1944 1622 ab
1958 1592 2127 1631 episcopali

1117 1647 1343 1685 jurisdictione
1369 1655 1402 1676 se
1433 1647 1639 1683 subtrahunt,
1666 1646 1746 1676 alios
1779 1646 1947 1676 inferiores
1977 1646 2126 1676 vassallos

1121 1700 1346 1735 subducentes
1364 1704 1394 1729 et
1409 1703 1535 1738 propter
1552 1700 1611 1729 hoc
1636 1700 1738 1737 magis
1755 1703 1829 1728 sunt
1847 1699 1935 1729 oneri
1954 1708 2050 1738 quam
2069 1699 2126 1729 ho-

1122 1753 1210 1789 nori,
1229 1753 1399 1789 liberandi,
1417 1757 1541 1791 recepta
1556 1753 1594 1782 ab
1612 1752 1659 1782 eis
1678 1752 1846 1782 medietate
1864 1752 2011 1782 omnium
2027 1753 2124 1782 bono-

1121 1817 1193 1837 rum
1211 1807 1377 1837 mobilium
1395 1810 1425 1836 et
1439 1806 1666 1836 immobilium.

1167 1874 1178 1887 a
1193 1860 1396 1890 Venerabilis
1410 1860 1507 1889 frater
1521 1865 1663 1890 noster...
1675 1878 1713 1882 —
1725 1861 1795 1890 Dat.
1811 1861 1922 1895 Rome,
1935 1859 2018 1898 apud
2031 1859 2127 1889 Sanc-

1123 1919 1185 1944 tam
1204 1914 1338 1955 Mariam
1356 1914 1520 1952 Majorem,
1541 1914 1646 1943 idibus
1662 1913 1782 1951 martii,
1799 1921 1885 1943 anno
1902 1912 2052 1944 secundo.
2070 1925 2082 1939 ι

1196 2088 1282 2116 ’714

1157 2149 1344 2185 Dispensatio
1360 2149 1544 2176 matrimonii.
1562 2148 1644 2182 (Rso.
1664 2149 1706 2180 44,
1728 2156 1753 2175 c.
1772 2148 1815 2179 48,
1833 2148 1852 2174 f.
1878 2148 1926 2175 116
1944 2149 1992 2181 ro.)

1459 2085 1818 2121 Sainte-Marie-Majeure,
1837 2086 1868 2112 18
1885 2094 1961 2112 mars
1978 2085 2055 2113 1289.

1169 2253 1337 2282 Venerabili
1359 2252 1453 2288 fratri
1481 2273 1502 2280 ..
1528 2251 1660 2289 episcopo
1685 2251 1799 2280 Astensi
1821 2250 1951 2279 mandat
1973 2252 2131 2287 quatenus

1125 2314 1198 2335 cum
1228 2304 1394 2343 Raybaldo
1417 2304 1455 2333 de
1482 2303 1680 2339 Castellano,
1705 2308 1734 2333 et
1760 2303 1866 2333 Leona
1887 2303 1925 2332 de
1941 2302 2050 2339 Giliis,
2068 2303 2131 2331 As-

1112 2349 1224 2389 'tensis
1241 2358 1404 2395 dioecesis,
1422 2357 1585 2396 dispenset
1600 2357 1678 2386 utin
1695 2356 1903 2386 matrimonio
1918 2356 1958 2386 ab
1970 2356 2048 2394 ipsis
2061 2363 2136 2386 con-

1128 2417 1241 2448 tracto,
1262 2420 1326 2441 non
1347 2411 1492 2441 obstante
1510 2415 1623 2449 quarto
1646 2410 1933 2448 consanguinitatis
1952 2409 2051 2447 gradu
2070 2416 2134 2447 quo

1128 2465 1292 2504 conjuncti
1308 2468 1397 2501 sunt,
1415 2473 1581 2494 remanere
1598 2463 1734 2493 valeant.

1171 2532 1185 2546 «
1211 2519 1252 2548 Ex
1273 2523 1358 2557 parte
1375 2517 1520 2547 dilecti...
1532 2535 1569 2538 —
1582 2517 1652 2546 Dat.
1672 2517 1785 2553 Rome,
1802 2515 1886 2554 apud
1902 2515 2052 2545 Sanctam
2070 2515 2135 2544 Ma-

1130 2573 1209 2602 riam
1228 2572 1400 2610 MaJ‘orem,
1417 2581 1456 2600 xv
1472 2570 1625 2600 kalendas
1641 2569 1766 2608 aprilis,
1785 2577 1872 2599 311110
1888 2567 2038 2598 secundo.
2058 2579 2072 2595 ι

1204 2746 1290 2774 ἵΙὸ

1170 2810 1212 2836 De
1232 2809 1414 2835 contentione
1445 2807 1517 2833 inter
1546 2813 1698 2832 commune
1724 2805 1906 2831 Bononiense
1935 2808 1963 2832 et
1985 2805 2137 2832 ecclesiam

1134 2866 1278 2886 romanam
1299 2861 1391 2883 terrae
1415 2855 1574 2882 Medicinae
1594 2855 1702 2881 ratione
1723 2857 1831 2880 exorta.
1860 2853 1943 2887 (Rea.
1971 2854 2015 2885 44,
2043 2862 2068 2881 c.
2092 2854 2136 2888 49,

1134 2909 1154 2937 f.
1176 2908 1225 2935 116
1245 2908 1297 2938 νο.)

1465 2742 1826 2777 Sainte-Marie—Majeure,
1843 2742 1876 2769 28
1892 2750 1968 2769 mars
1985 2742 2063 2769 1289.

1676 3005 1840 3035 Faventino
1869 3010 1895 3035 et
1934 3027 1955 3035 ..
1995 3005 2140 3035 Imolensi

1181 3009 1406 3040 l'enerabt'llbtts
1437 3007 1585 3044 fratribus
1619 3028 1638 3034 ..
