2477 3637
243 351 303 383 258
502 384 508 388 .
994 346 1229 378 REGISTRES
1251 346 1306 376 DE
1327 344 1505 376 NICOLAS
1528 344 1586 375 IV.

318 416 434 446 1258
862 412 951 447 Rieti,
966 412 1001 440 26
1015 413 1084 440 aodt
1100 412 1178 440 1289.

280 478 491 514 Indulgentiae.
509 477 594 511 (Rau.
616 476 659 506 44,
676 483 701 502 c.
719 475 780 509 399,
797 475 816 502 s.
834 475 884 503 196
900 477 950 506 vo.)

286 602 306 610 ..
323 581 423 610 abbati
447 584 473 608 ει
493 578 655 608 conventui
680 578 856 607 monasterii
877 577 983 608 Sancti
1000 578 1142 613 Quintini
1159 579 1253 616 juaeta

244 635 405 668 Per-onam,
421 633 542 662 ordinis
554 632 584 661 S.
600 632 760 668 Benedicti,
774 632 982 662 Noviomensz's
992 632 1124 662 diocesis.
1144 631 1253 662 Indul-

243 686 387 726 gentiam
403 685 500 715 unius
515 684 593 715 anni
612 689 642 714 et
658 693 696 714 xc
712 684 837 714 dierum
852 684 999 714 concedit
1012 685 1163 714 omnibus
1180 693 1253 715 vere

244 738 482 779 poenitentibus
497 741 527 768 et
540 737 692 768 confessis
708 738 763 776 qui
776 736 944 767 ecclesiam
962 737 1115 776 praedicti
1129 746 1253 768 monas-

245 792 334 829 terii,
355 792 389 822 in
411 792 491 822 festo
516 791 548 821 S.
571 790 743 828 Quintini,
761 795 791 821 et
812 799 868 830 per
885 795 953 821 octo
975 791 1043 821 dies
1064 795 1251 830 sequentes,

244 844 458 876 visitaverint.

287 911 301 927 «
319 898 476 938 Splendor
491 902 622 937 paterne
645 898 783 937 glorie...
802 915 842 920 —
858 898 929 928 Dat.
947 898 1063 935 Reate,
1081 908 1123 929 vn
1139 898 1252 930 kalen-

245 952 302 984 das
318 952 526 992 septembris,
546 960 632 982 anno
648 952 799 983 secundo.
819 964 832 979 ιι

321 1139 342 1167 1
350 1139 436 1169 Εὸἵ

282 1201 467 1237 Dispensatio
481 1209 570 1236 super
583 1201 743 1236 pluralitate
758 1200 974 1228 beneficiorum.
988 1200 1071 1234 (Rae.
1089 1201 1136 1235 44,
1154 1209 1181 1228 c.
1192 1201 1252 1233 400,

247 1251 267 1278 f.
285 1250 335 1279 196
351 1257 396 1281 v⁰;
413 1250 530 1283 Por-ru„
548 1250 659 1282 23035.)

884 1137 971 1169 Rieti,
989 1139 1004 1165 5
1019 1139 1087 1165 aont
1105 1138 1183 1166 1289.

287 1353 397 1382 Dilecto
414 1352 479 1389 filio
507 1350 666 1388 1=Villelmo‚
690 1352 779 1381 electo
798 1353 970 1387 Tuamens'i,
993 1351 1136 1382 concedit
1155 1356 1189 1382 nt
1203 1360 1254 1382 ec-

247 1404 359 1435 clesias
389 1405 428 1434 de
458 1404 682 1442 Cuockgrasan
698 1428 705 1441 ,
731 1404 956 1440 Cassellensis,
986 1405 1025 1434 de
1051 1405 1254 1444 Moydrisue‚

248 1458 437 1489 Laouiensis
451 1481 458 1493 ,
476 1457 514 1487 de
527 1457 699 1496 Atlmery,
717 1458 928 1494 Tuamensis,
950 1462 980 1488 et
995 1458 1034 1488 de
1054 1463 1156 1489 castro
1171 1458 1255 1489 Cou-

247 1511 354 1549 kufin,
373 1511 544 1541 Aladensis
561 1511 773 1548 dioecesium,
790 1520 868 1550 quas
891 1511 1055 1542 electionis
1077 1521 1153 1542 suae
1176 1517 1255 1542 tem-

249 1574 323 1605 pore
347 1565 543 1604 possidebat,
572 1573 636 1594 una
668 1573 741 1594 cum
765 1565 939 1595 Tuamensi
963 1566 1256 1606 archiepiscopatu,

250 1627 305 1658 per
321 1619 511 1654 triennium,
527 1618 614 1648 licite
630 1618 767 1648 retinere
783 1618 895 1649 valeat.

292 1684 306 1699 «
333 1672 414 1703 Cum
438 1673 520 1702 sicut
540 1672 668 1702 nobis...
692 1689 730 1693 —
753 1672 824 1703 Dat.
852 1673 967 1706 Reate,
993 1673 1087 1703 nonis
1109 1674 1256 1712 augusti,

250 1734 336 1757 anno
352 1725 504 1756 secundo.
525 1737 539 1752 »

327 1919 577 1948 1258-1259
883 1920 970 1953 Rieti,
988 1921 1003 1948 5
1021 1923 1089 1948 aont
1109 1922 1186 1950 1289.

288 1981 330 2009 De
346 1981 449 2008 debitis
464 1982 637 2009 Tuamensis
652 1982 791 2009 ecclesiae
807 1983 964 2010 solvendis.
988 1983 1070 2017 (Rau.
1088 1985 1130 2016 44,
1148 1993 1174 2012 c.
1196 1985 1256 2017 401,

253 2031 272 2057 f.
290 2031 339 2058 196
355 2038 397 2062 v⁰;
415 2030 533 2065 Poma„
551 2031 660 2064 23036.)

296 2134 397 2163 Eidem
413 2132 558 2163 concedit
573 2137 606 2162 ut
620 2134 758 2173 fructus,
772 2134 915 2165 redditus
929 2139 959 2166 et
975 2140 1147 2174 proventus
1163 2138 1260 2176 primi

254 2187 331 2217 anni
354 2186 583 2217 beneficiorum
613 2187 901 2218 ecclesiasticorum
924 2198 1006 2228 quae
1030 2190 1063 2219 in
1085 2191 1261 2222 Tnamensi

255 2240 393 2271 dioecesi
417 2249 518 2279 nsque
537 2240 576 2270 ad
600 2241 775 2271 triennium
796 2242 954 2272 vacabunt
969 2244 1129 2282 percipere
1143 2246 1260 2283 possit,

255 2293 485 2324 convertendos
509 2294 543 2323 in
572 2294 763 2325 solutionem
789 2295 969 2326 debitorum
999 2297 1150 2328 ecclesiae
1177 2299 1261 2329 Tua-

254 2355 387 2377 mensrs.

297 2413 311 2429 «
328 2400 409 2431 Cum
426 2401 506 2431 sicut
523 2401 653 2432 nobis...
671 2420 709 2424 —
727 2403 795 2432 Dat.
814 2407 848 2433 ut
864 2413 968 2443 supra.
987 2416 1000 2432 n

296 2454 332 2484 In
358 2463 385 2484 e.
403 2463 446 2484 m.
466 2476 486 2485 ..
505 2454 701 2485 Lismorensi
721 2460 751 2485 et
766 2456 939 2487 Laoniensi
955 2459 1110 2498 episcopis
1131 2460 1264 2490 mandat

255 2512 413 2547 quatenus
428 2508 572 2547 episcopo
588 2509 761 2539 Tuamensi
778 2511 953 2549 praedictos
971 2512 1094 2543 fructus
1109 2517 1140 2543 et
1156 2513 1263 2544 reddi-

257 2565 306 2591 tus
323 2561 447 2599 integre
463 2562 639 2592 ministrari
660 2562 788 2593 faciant.

299 2627 311 2642 ιι
329 2615 411 2645 Cum
430 2616 511 2645 sicut
526 2616 698 2648 dilectus...
718 2634 756 2639 -
774 2618 844 2648 Dat.
862 2623 898 2649 ut
915 2628 1021 2659 supra.
1042 2632 1055 2647 »

333 2802 447 2830 1280
900 2806 985 2839 ltieti,
1003 2808 1018 2834 3
1032 2809 1100 2835 aont
1115 2809 1193 2837 1289.

297 2862 478 2898 Dis-pensatio
494 2866 698 2900 superdesectu
711 2868 856 2894 natalium.
869 2868 950 2901 (Hee-
963 2869 1109 2904 44,c.1102,
1123 2872 1141 2899 f.
1156 2873 1264 2907 4971w.)

305 2986 323 2993 ..
336 2966 483 3002 maqisero
497 2968 645 2998 leomeile
659 2970 960 3006 ll‘'c1nef1›rdc,cleric0
978 2974 1154 3004 Tuamensis
1169 2977 1264 3006 dioce-

261 3017 313 3045 sis.
329 3016 409 3046 Cum
426 3026 461 3047 eo
477 3018 638 3058 dispensat
661 3026 704 3060 nt,
724 3031 786 3052 non
807 3023 949 3054 obstante
967 3025 1089 3057 defectu
1108 3028 1263 3059 natalium

1333 420 1429 450 quem
1445 410 1562 449 patitur
1574 433 1581 446 ,
1604 418 1620 440 e
1642 410 1744 441 soluto
1765 410 1892 449 genitus
1914 414 1944 440 et
1959 409 2080 448 soluta,
2097 411 2137 442 ad
2151 416 2338 451 personatus

1333 468 1364 494 et
1379 463 1549 502 dignitates
1567 462 1780 494 ecclesiastica
1793 464 1915 494 assumi
1933 463 2047 496 valeat.

1375 529 1390 544 «
1414 515 1585 555 Illegitime
1608 516 1732 554 genitos
1753 524 1870 555 quos...
1892 533 1931 538 —-
1951 517 2022 548 Dat.
2047 517 2162 554 Reate,
2184 527 2218 548 111
2239 526 2339 552 nonas

1334 570 1478 608 augusti,
1494 577 1581 599 anno
1598 569 1749 600 secundo.
1769 581 1783 596 ι)

1410 756 1522 786 126¹
1955 755 2041 788 Rieti,
2059 755 2091 783 21
2107 757 2176 783 aout
2191 756 2269 786 1289.
2315 789 2319 797 Ι

1369 820 1529 847 Translatio
1554 819 1720 846 monasterii
1744 818 1779 846 de
1799 818 2016 846 Abertonwete.
2040 818 2124 854 (Rec-
2150 819 2199 854 44,
2222 827 2248 848 c.
2270 819 2304 850 4⁰

1334 869 1354 896 f.
1374 870 1422 897 197
1439 876 1481 900 r⁰;
1499 868 1616 902 Pom-n„
1631 868 1739 899 23049.)

2461 459 2477 962 Ἆςϊῃψῆ’πε>’ῶ““εηῑει

1379 994 1398 1001 ..
1415 973 1518 1002 abbati
1532 976 1558 1001 et
1573 972 1735 1001 conventui
1750 971 1930 1000 monasterii
1947 971 1981 1001 de
1996 971 2194 1002 Abereonwete
2208 971 2244 1002 in
2260 971 2302 1002 W
2312 977 2337 999 :k

1337 1024 1396 1062 lia,
1414 1025 1615 1055 Cisterciensis
1630 1025 1764 1061 ordinis,
1781 1024 1982 1062 Banqorensis
1999 1024 2133 1054 diocesis.
2153 1035 2168 1052 α
2185 1023 2232 1054 Ex
2257 1020 2335 1064 part?

1336 1079 1494 1110 carissimi
1509 1079 1543 1109 in
1559 1078 1686 1109 Christo
1704 1077 1763 1107 filii
1779 1077 1879 1108 nostri
1896 1077 1944 1112 Ε..
1961 1077 2046 1116 regis
2062 1077 2181 1116 Anglie
2195 1077 2272 1108 illus

1337 1133 1399 1162 suit
1424 1132 1618 1171 propositum
1645 1140 1749 1161 coram
1773 1131 1865 1161 nobis
1885 1130 1969 1169 quod
1992 1130 2096 1161 felicis
2117 1130 2343 1163 recordatio

1338 1186 1504 1216 Honorius
1520 1194 1609 1224 papa,
1628 1185 1830 1224 predecessor
1847 1188 1965 1222 noster,
1983 1188 2057 1214 ante
2072 1184 2334 1216 consecratione

1338 1244 1368 1271 et
1394 1239 1652 1270 benedictionem
1676 1248 1786 1276 suam,
1813 1238 1974 1268 intellecto
2003 1237 2088 1277 quod
2114 1237 2331 1272 monasteri]

1338 1298 1492 1330 vestrum,
1516 1293 1556 1324 ob
1579 1297 1679 1323 certas
1701 1301 1812 1323 causas
1828 1291 2048 1329 rationabiles,
2064 1292 2100 1322 in
2114 1291 2184 1322 loco
2200 1291 2257 1322 ubi
2271 1295 2336 1326 ιιιιι·ῑ
2385 1330 2387 1332 q

1338 1351 1406 1378 erat
1420 1355 1484 1377 non
1500 1350 1620 1386 poterat
1633 1346 1764 1377 comode
1779 1354 1958 1382 remanere,
1977 1345 2116 1385 prefatus
2131 1345 2329 1384 predecess

1338 1401 1484 1431 nondum
1510 1400 1697 1430 benedictus
1722 1403 1753 1429 et
1777 1403 1996 1437 consecratus,
2018 1398 2058 1429 ad
2078 1398 2226 1429 devotam
2245 1398 2328 1443 ipsi

1339 1455 1424 1493 regis
1451 1453 1690 1493 supplicationis
1714 1453 1920 1489 instantiam,
1948 1451 2162 1483 transferendi
2188 1451 2276 1491 presa
2321 1458 2327 1488 ἰ

1338 1507 1571 1539 monasterium
1593 1507 1632 1537 de
1656 1507 1812 1546 premisso
1837 1506 1904 1537 loco
1928 1506 1966 1536 ad
1988 1505 2095 1537 locum
2117 1505 2153 1535 in
2175 1513 2239 1544 quo
2260 1513 2297 1536 n
2314 1518 2328 1531 r

1339 1563 1437 1592 situm
1465 1570 1533 1591 esse
1557 1560 1748 1597 dinoscitur,
1768 1568 1824 1599 per
1845 1559 1967 1590 litteras
1991 1568 2082 1597 suas,
2101 1558 2239 1590 bullatas
2258 1559 2280 1590 h
2310 1559 2326 1584 ll*

1340 1624 1413 1652 sua,
1429 1624 1491 1654 que
1507 1623 1625 1645 nomen
1644 1622 1740 1644 suum
1761 1612 1907 1644 nondum
1931 1613 2144 1652 exprimebat,
2162 1612 2251 1644 vobis
2294 1616 2335 1655 og}

1340 1669 1434 1700 cessit
1451 1667 1586 1698 liberam
1602 1666 1796 1704 facultatem,
1807 1667 1916 1705 sicque
1927 1674 1994 1703 VOS,
2008 1665 2189 1696 litterarum
2203 1666 2265 1706 ips
2298 1670 2327 1700 ιῗ

1340 1723 1542 1759 auctoritate,
1560 1721 1643 1751 sicut
1663 1720 1820 1757 asseritis,
1838 1720 1877 1750 de
1896 1720 1994 1758 priori
2015 1719 2084 1750 loco
2099 1719 2259 1758 prefatum
2285 1723 2336 1748 uffa

1341 1776 1517 1807 nasterium
1538 1773 1757 1804 transtulistis.
1779 1773 1868 1803 Licet
1891 1773 2006 1811 igitur,
2031 1773 2137 1812 quoad
2160 1772 2350 1812 ῘιΠῙιιειιιιὶζι

1341 1835 1447 1861 actum
1468 1838 1522 1859 seu
1546 1828 1696 1867 gratiam,
1716 1827 1826 1858 eedem
1844 1826 1967 1862 littere,
1983 1827 2029 1857 sic
2047 1822 2183 1863 bullate,
2202 1822 2328 1866 Ρὶθιι’

1341 1885 1442 1914 immo
1461 1882 1679 1922 plenissimam
1705 1878 1796 1911 in'se
1819 1880 1958 1910 habeant
1978 1883 2184 1919 potestatem,
2211 1875 2328 1910 ω3.“ἰ

1341 1947 1414 1969 cum
1435 1937 1525 1967 sedes
1546 1935 1736 1975 apostolica,
1754 1938 1828 1965 ante
1850 1934 2124 1964 consecrationem
2144 1937 2175 1964 et
2195 1933 2289 1965 bene·
2309 1939 2331 1968 g·

1343 1993 1462 2023 tionem
1474 1989 1566 2020 electi
1577 1989 1610 2018 in
1623 1997 1787 2018 summum
1798 1986 2076 2027 pontificem,cum
2085 1985 2239 2017 defectiva
2247 1985 2288 2017 bu
2311 1982 2331 2011 Γῖι

1342 2045 1434 2076 electi
1448 2051 1566 2074 nomen
1582 2041 1769 2072 nullatenus
1783 2042 1992 2080 exprimente,
2002 2039 2128 2071 bullare
2141 2039 2263 2070 litteras

1342 2097 1544 2130 consueverit
1562 2096 1601 2126 ab
1621 2095 1770 2135 antiquo,
1787 2099 1822 2125 ut
1845 2098 1952 2124 tamen
1973 2094 2012 2124 de
2034 2093 2199 2124 mentibus
2219 2082 2334 2124 rudi·
2371 2087 2374 2091 ’

1342 2160 1430 2183 error
1444 2150 1551 2182 omnis
1567 2149 1704 2179 totaliter
1719 2147 1889 2185 evellatur,
1906 2148 2020 2177 vestris
2035 2151 2065 2177 et
2078 2146 2179 2186 ipsius
2193 2146 2278 2185 regis
2299 2150 2322 2180 ⁸1:

1343 2206 1424 2236 votis
1440 2202 1726 2243 supplicat-ionibus
1737 2201 1899 2238 inclinati,
1916 2200 2003 2240 quod
2017 2209 2073 2240 per
2087 2199 2216 2230 easdem
2229 2199 2267 2230 lit
2286 2212 2292 2225 ι
2307 2204 2330 2220 ἰ

1342 2267 1437 2297 super
1464 2257 1524 2287 hoc
1553 2256 1671 2286 lactum
1693 2258 1740 2285 est
1767 2258 1872 2284 ratum
1891 2258 1922 2284 et
1949 2253 2082 2284 firmum
2109 2252 2280 2290 hahentes,
2297 2247 2332 2284 ἰξὶ,

1343 2316 1436 2352 prout
1462 2315 1626 2348 tenemur,
1651 2308 1838 2339 auctoritate
1863 2307 2035 2347 apostolica
2061 2306 2290 2346 approbamus,
2322 2306 2346 2331 f
2379 2325 2382 2330 -

1343 2364 1499 2405 presentis
1519 2363 1627 2402 scripti
1645 2362 1821 2402 patrocinio
1842 2360 2092 2392 communimus.
2111 2353 2329 2391 Nichilomiu‘ss

1343 2418 1540 2449 declarantes
1563 2426 1617 2447 seu
1638 2416 1846 2446 decernentes
1867 2413 2086 2454 hujusmmodi
2109 2412 2334 2444 translation
2380 2456 2382 2458 v

1344 2473 1420 2503 dicti
1436 2471 1622 2502 monasterii
1635 2470 1771 2500 eandem
1784 2469 1851 2498 vim
1865 2468 2068 2506 eundemque
2081 2467 2223 2506 vigorem
2234 2465 2291 2502 hav·
2371 2494 2374 2499 .

1344 2537 1380 2559 ac
1395 2528 1422 2557 si
1437 2536 1493 2567 per
1507 2526 1628 2557 litteras
1650 2525 1727 2555 dicti
1748 2523 1979 2564 predecessoris
2002 2523 2127 2561 integra
2142 2521 2228 2553 bulla
2241 2521 2263 2553 b
2319 2517 2331 2564 'f

1347 2586 1403 2619 tas,
1418 2580 1497 2611 alias
1513 2584 1618 2610 tamen
1632 2578 1788 2617 legitime,
1799 2578 1879 2607 facta
1891 2580 1984 2607 esset.
1994 2575 2079 2606 Nulli
2090 2584 2164 2614 ergo
2175 2578 2232 2606 etc.

1345 2633 1582 2674 approbationis
1600 2636 1630 2662 et
1645 2630 1869 2661 declarationis
1887 2633 1946 2660 etc.
1964 2629 2035 2659 Dat.
2053 2628 2170 2667 Reate,
2185 2637 2228 2658 xix
2239 2626 2309 2659 kale
2318 2640 2330 2665 [ς

1345 2687 1401 2718 das
1418 2686 1623 2726 septembris,
1640 2693 1726 2715 anno
1743 2684 1894 2715 secundo.
1916 2695 1930 2710 »
2295 2683 2298 2686 '

2461 982 2477 1063 *ΔΕ

1420 2860 1533 2889 1232
1957 2855 2035 2898 meli
2045 2876 2052 2889 ,
2070 2854 2100 2882 ‘21
2118 2855 2186 2882 aont
2201 2852 2278 2882 1289.

1382 2923 1518 2950 Concedit
1527 2924 1578 2957 jus
1590 2920 1790 2957 praesentandi
1799 2922 1949 2947 rectorem.
1961 2918 2044 2953 (Rau.
2054 2918 2097 2949 44,
2108 2925 2132 2944 c.
2147 2915 2233 2951 tom.
2243 2913 2292 2944 19⁷
2304 2909 2340 2940 ’τ’

1387 3027 1549 3057 Carissimo
1564 3026 1598 3055 in
1613 3025 1733 3055 Christo
1747 3023 1811 3061 filio
1826 3021 2003 3058 Edowamo,
2019 3020 2085 3058 reyi
2098 3019 2204 3058 Anylie
2218 3018 2302 3049 illus·
2318 3040 2362 3045 ¹
2387 3033 2391 3039 ι
