2477 3637
207 402 262 432 664
946 390 1182 424 REGISTRES
1203 389 1258 420 DE
1280 387 1464 419 NICOLAS
1487 387 1544 417 lv.

207 473 292 499 trum
304 467 466 497 minorum
486 463 740 502 Eugubinorum,
755 462 789 491 in
803 462 911 492 beatae
924 460 1043 490 Mariae
1057 457 1204 496 virginis,

207 521 239 551 S.
261 519 435 554 Francisci,
456 518 489 548 S.
509 517 641 547 Antonii
659 521 689 545 et
706 519 832 545 sanctae
852 514 963 544 Clarae
982 511 1206 542 festivitatibus

207 578 235 604 et
261 582 315 612 per
337 576 405 602 octo
425 570 491 600 dies
513 573 692 608 sequentes.
718 568 789 597 Dat.
815 566 897 605 apud
923 565 1204 599 Urbemveterem,

207 636 240 657 ιιι
257 626 328 656 idus
343 624 459 659 martii,
478 630 563 652 anno
580 625 692 661 quarto
705 620 856 659 (Pom-Tm,
875 618 996 657 23599).

769 698 899 730 Orvieto.
917 698 948 725 15
964 705 1040 724 mars
1057 697 1134 724 1291.

249 769 283 797 ln
308 776 336 796 e.
360 775 420 802 m.‚
444 773 498 804 pro
522 763 654 794 ecclesia
681 762 789 792 Sancti
815 760 940 791 Nicolai
964 760 1003 790 de
1028 760 1208 798 Columpna

206 820 349 851 Adi-iana
369 819 407 848 de
427 818 534 849 Urbe,
556 817 588 845 in
610 815 746 853 singulis
764 814 908 853 ejusdem
930 813 1032 843 sancti
1053 813 1207 843 festivita-

207 873 289 904 tibus
301 896 309 910 ,
329 881 383 911 per
401 875 469 901 octo
487 870 554 900 dies
569 874 737 908 sequentes
755 872 786 898 et
800 868 833 897 iu
849 866 1072 897 anniversario
1088 866 1138 896 die
1153 866 1206 896 de-

205 925 374 957 dicationis
390 923 532 963 ejusdem
550 923 712 953 ecclesiae.
732 922 801 951 Dat.
823 920 905 960 apud
926 920 1206 956 Urbemveterem‚

205 979 313 1010 idibus
328 977 447 1015 martii,
467 984 553 1007 anno
567 980 691 1016 quarto.

248 1034 284 1063 In
302 1041 330 1063 e.
348 1041 405 1069 m.‚
418 1039 472 1070 pro
487 1030 619 1061 ecclesia
635 1029 768 1060 Sanctae
784 1027 944 1066 Nimphae
956 1027 1047 1066 juxta
1062 1027 1207 1063 Portum,

206 1085 394 1117 Portuensis
420 1084 592 1120 dioecesis,
621 1083 653 1112 in
680 1086 807 1112 sanctae
832 1080 993 1120 Nimphae
1018 1085 1048 1110 et
1073 1084 1209 1119 quatuor

205 1139 314 1169 beatae
337 1138 456 1167 Mariae
479 1136 612 1174 virginis
636 1134 875 1171 festivitatibus,
897 1142 952 1172 per
977 1137 1046 1163 octo
1070 1133 1137 1162 dies
1158 1141 1207 1162 se-

206 1196 340 1231 quentes
360 1195 390 1220 et
409 1190 443 1219 in
461 1188 682 1219 anniversario
697 1187 748 1218 die
766 1186 977 1217 dedicationis
995 1185 1138 1225 ejusdem
1155 1194 1208 1216 ec-

206 1244 331 1275 clesiae.
350 1244 420 1273 Dat.
440 1247 474 1272 ut
491 1250 595 1281 supra.

771 1312 898 1347 Orvieto,
915 1312 944 1339 21
965 1320 1040 1339 mars
1058 1312 1137 1340 1291.

246 1380 283 1410 In
300 1389 327 1410 e.
345 1388 402 1414 m.‚
421 1387 476 1417 pro
492 1377 625 1408 ecclesia
642 1378 758 1407 Beatae
776 1376 897 1406 Mariae
913 1375 951 1406 de
967 1375 1092 1412 Lochis,
1109 1375 1210 1406 Turo-

206 1433 317 1463 nensis
333 1431 498 1468 dioecesis,
513 1431 548 1460 in
564 1435 699 1470 quatuor
714 1429 823 1460 beatae
842 1429 962 1459 Mariae
977 1429 1114 1467 virginis
1130 1429 1209 1458 etin

206 1491 332 1516 sanctae
351 1485 462 1515 Crucis
481 1483 707 1514 festivitatibus
727 1488 758 1513 et
776 1492 831 1522 per
850 1487 919 1513 octo
937 1482 1004 1512 dies
1027 1486 1207 1521 sequentes.

205 1540 277 1570 Dat.
306 1538 389 1579 apud
416 1538 692 1574 Urbemveterem‚
719 1546 761 1566 x11
787 1536 942 1566 kalendas
969 1535 1097 1575 aprilis,
1123 1544 1210 1565 anno

205 1597 329 1632 quarto.

790 1649 917 1682 Orvieto‚
934 1651 949 1677 7
965 1658 1042 1677 mars
1058 1650 1137 1678 1291.

247 1715 284 1745 In
310 1723 336 1745 e.
367 1723 422 1751 m.‚
446 1722 500 1753 pro
527 1713 659 1744 ecclesia
685 1713 878 1747 Ameliensi‚
905 1714 938 1743 in
968 1713 1210 1752 Assumptionis

205 1768 313 1798 beatae
332 1768 452 1797 Mariae
468 1767 616 1805 virginis,
636 1766 667 1797 S.
686 1766 846 1797 Johannis
866 1766 1036 1806 Baptistae,
1053 1767 1087 1797 S.
1105 1766 1209 1797 Olim-

207 1821 309 1861 piadis
331 1821 483 1860 martyris
508 1826 538 1850 et
559 1826 686 1850 sanctae
707 1821 871 1850 Firminae
893 1820 1029 1858 virginis
1050 1820 1209 1850 festivita-

209 1875 308 1911 tibuS,
327 1882 381 1913 per
397 1878 466 1903 octo
481 1873 549 1902 dies
566 1876 733 1912 sequentes
750 1877 779 1902 et
797 1872 830 1902 in
848 1872 1068 1902 anniversario
1085 1872 1137 1902 die
1153 1873 1210 1902 de-

207 1927 374 1958 dicationis
393 1926 536 1965 ejusdem
558 1926 718 1957 ecclesiae.
739 1926 808 1955 Dat.
825 1925 908 1965 apud
927 1926 1208 1963 Urbemveterem,

207 1981 303 2011 nonis
318 1980 434 2018 martii,
454 1988 539 2010 anno
554 1985 677 2019 quarto.
695 1980 752 2018 (Εη
768 1979 898 2018 marae.)

773 2060 899 2091 Orvieto,
919 2060 950 2087 ’15
968 2068 1043 2087 mars
1061 2060 1138 2088 1‘291.

247 2126 284 2155 In
299 2134 325 2155 e.
338 2133 396 2160 m.‚
412 2132 465 2163 pro
478 2123 611 2154 ecclesia
626 2146 646 2154 ..
663 2123 778 2162 prioris
792 2127 822 2152 et
834 2126 1010 2152 conventus
1026 2123 1139 2152 domus
1154 2122 1211 2153 he-

207 2179 393 2208 remitarum
419 2177 458 2207 de
487 2177 595 2207 Monte
624 2176 782 2212 Rubiano,
809 2175 933 2206 ordinis
961 2175 993 2205 S.
1023 2177 1209 2214 Augustini,

207 2231 231 2261 F
234 2231 377 2260 irinanae
391 2230 554 2266 dioecesis,
567 2229 602 2258 in
616 2234 798 2258 sanctorum
815 2228 983 2258 Michaelis
999 2228 1209 2267 Archangeli,

208 2283 375 2314 Laurentii
397 2288 427 2313 et
449 2283 576 2320 Georgii
598 2282 820 2312 festivitatibus
844 2287 874 2312 et
897 2291 952 2321 per
976 2287 1044 2313 octo
1067 2283 1136 2312 dies
1161 2292 1211 2313 se-

208 2342 351 2377 quentes.
371 2338 441 2367 Dat.
458 2336 540 2375 apud
560 2336 822 2366 Urbemveterem
839 2360 845 2372 ,
862 2336 968 2366 idibus
987 2336 1108 2372 martii,
1125 2344 1211 2366 anno

207 2395 330 2430 quarto.
347 2389 451 2429 (ibid.)

249 2444 284 2473 In
308 2452 335 2473 e.
360 2452 421 2479 m.‚
443 2451 499 2481 pro
519 2442 651 2472 ecclesia
672 2466 691 2472 ..
715 2443 830 2481 prioris
851 2447 881 2473 et
900 2447 1077 2473 conventus
1097 2443 1212 2473 domus

207 2497 434 2527 heremitarum
451 2496 660 2530 Aesculanae,
676 2496 799 2526 ordinis
815 2495 848 2525 S.
865 2496 1050 2534 Augustini,
1063 2497 1096 2525 in
1114 2497 1211 2535 hujus

208 2549 309 2579 sancti
329 2554 359 2578 et
379 2553 559 2578 sanctarum
580 2549 695 2578 Luciae
714 2554 744 2578 et
762 2549 881 2579 Mariae
900 2549 1109 2587 Magdalenae
1124 2549 1211 2579 sesti-

207 2603 356 2633 vitatibus
370 2607 399 2632 et
414 2611 467 2641 per
482 2606 550 2632 octo
567 2602 633 2632 dies
648 2607 827 2641 sequentes.
846 2603 916 2632 Dat.
936 2607 970 2632 ut
985 2611 1090 2641 supra.
1106 2602 1212 2642 (Ib'z‘cl.)

247 2657 284 2685 In
299 2665 325 2686 e.
341 2665 398 2693 m.‚
415 2664 471 2694 pro
487 2655 619 2685 ecclesia
634 2655 767 2685 Sanctae
786 2656 899 2685 Luciae
914 2655 953 2686 de
970 2656 1117 2691 Paterno,
1137 2655 1211 2685 Bal-

207 2710 411 2748 neoregensis
438 2710 606 2744 dioecesis,
631 2709 663 2738 in
689 2709 787 2747 hujus
812 2714 940 2739 sanctae
964 2714 995 2739 et
1019 2710 1210 2739 Annuncia-

207 2763 304 2793 tionis
328 2763 437 2793 beatae
459 2762 580 2792 Mariae
604 2762 740 2800 virginis
763 2762 988 2793 festivitatibus
1010 2768 1041 2792 et
1065 2772 1118 2802 per
1143 2768 1212 2794 octo

206 2816 275 2846 dies
290 2820 469 2855 sequentes.
486 2816 557 2846 Dat.
576 2820 728 2854 utsupra.
746 2815 852 2854 (Ibid.)

771 2895 902 2929 Orvieto,
920 2895 952 2922 18
969 2903 1045 2922 mars
1064 2896 1139 2923 1-291.

251 2959 284 2987 ln
301 2966 328 2988 e.
347 2967 402 2992 m.‚
425 2966 478 2996 pro
495 2957 614 2996 capella
632 2958 745 2987 Beatae
763 2958 883 2987 Mariae
902 2957 936 2987 in
955 2958 1087 2988 ecclesia
1103 2957 1211 2988 Sancti

210 3012 293 3041 Petri
309 3011 347 3040 de
364 3011 511 3049 Muxeyo,
527 3011 740 3048 Lingonensis
754 3010 921 3047 dioecesis,
940 3011 972 3040 in
990 3014 1125 3049 quatuor
1140 3011 1211 3041 bea-

211 3070 258 3094 tae
285 3064 402 3094 Mariae
426 3064 560 3102 virginis
584 3064 806 3094 festivitatibus
835 3069 864 3094 et
891 3073 947 3103 per
971 3067 1040 3095 oclo
1068 3065 1135 3094 dies
1163 3074 1210 3094 se-

1289 458 1433 494 quentes.
1452 455 1523 484 Dat.
1542 453 1627 492 apud
1646 452 1909 484 Urbemveterem
1921 475 1928 488 ,
1944 460 1984 481 xv
1999 449 2154 481 kalendas
2168 449 2294 488 aprilis,

1289 515 1375 537 anno
1389 511 1513 546 quarto.
1528 505 1635 545 (Ibid.)

1856 556 1983 588 Orvieto,
2002 557 2040 583 1⁰¹·
2054 564 2130 584 mars
2148 555 2225 584 1291.

1330 623 1368 652 In
1389 631 1416 652 e.
1438 631 1481 652 m.
1493 645 1500 658 ,
1521 630 1578 661 pro
1597 621 1730 652 ecclesia
1747 643 1768 651 ..
1785 620 1907 651 abbatis
1925 624 1956 650 et
1969 623 2144 650 conventus
2165 618 2297 659 Maioris

1289 675 1478 706 monasterii
1505 674 1724 711 Turonensis,
1752 673 1792 704 ad
1818 681 1987 705 romanam
2014 672 2181 703 ecclesiam
2207 671 2297 704 nullo

1290 727 1396 758 medio
1410 728 1612 767 pertinentis,
1625 727 1750 758 ordinis
1765 726 1797 757 S.
1816 726 1993 761 Benedicti,
2009 727 2042 756 in
2056 725 2296 764 Assumptionis

1290 782 1400 812 beatae
1417 781 1536 811 Mariae
1551 780 1690 819 virginis
1705 785 1735 811 et
1751 780 1783 811 S.
1804 780 1937 810 Martini
1953 779 2179 810 festivitatibus
2195 782 2226 809 et
2242 787 2298 818 per

1289 839 1358 865 octo
1373 833 1441 864 dies
1459 837 1640 872 sequentes.
1659 833 1730 863 Dat.
1749 832 1835 872 apud
1854 832 2132 869 Urbemveterem,
2150 830 2298 862 kalendis

1290 886 1413 924 martii,
1428 895 1515 917 anno
1529 891 1653 926 quarto.
1671 886 1774 925 (Ibid.)

1857 958 1990 992 Orvieto,
2009 958 2040 986 15
2056 965 2132 984 mars
2148 957 2228 986 129¹.

1331 1025 1370 1054 In
1384 1033 1412 1055 e.
1426 1033 1484 1060 m.‚
1498 1031 1556 1063 pro
1570 1022 1703 1053 ecclesia
1715 1022 1902 1053 monasterii
1918 1021 2028 1052 Sancti
2043 1020 2172 1051 Geraldi
2184 1020 2224 1050 de
2234 1021 2299 1051 Au·

1290 1077 1418 1114 reliaco,
1434 1077 1475 1107 ad
1490 1084 1656 1107 romanam
1673 1075 1842 1106 ecclesiam
1859 1074 1949 1105 nullo
1966 1074 2071 1105 medio
2088 1073 2278 1114 pertinentis
2289 1097 2298 1112 ,

1291 1130 1415 1161 ordinis
1431 1130 1464 1160 S.
1484 1129 1660 1165 Benedicti,
1677 1128 1951 1159 Claromontensis
1966 1127 2131 1164 dioecesis,
2147 1127 2182 1157 in
2198 1127 2301 1158 beato-

1291 1193 1364 1214 rum
1390 1184 1475 1214 Petri
1501 1182 1650 1223 apostoli,
1678 1181 1846 1212 Benedicti
1872 1185 1904 1211 et
1927 1180 2058 1210 Geraldi
2082 1179 2301 1211 confessorum
2354 1221 2358 1229 Ι

1291 1237 1533 1273 festivitatibus,
1551 1245 1607 1275 per
1621 1240 1689 1266 octo
1704 1235 1774 1265 dies
1790 1238 1960 1274 sequentes
1976 1238 2007 1264 et
2023 1234 2059 1264 in
2079 1233 2301 1264 anniversario

1291 1291 1342 1322 die
1363 1290 1572 1321 dedicationis
1590 1289 1734 1329 eiusdem
1752 1287 1916 1319 ecclesiae.
1936 1288 2006 1317 Dat.
2023 1287 2107 1326 apud
2124 1286 2302 1318 Urbemve-
2354 1320 2357 1322 ,

1292 1348 1402 1380 terem,
1420 1343 1528 1373 idibus
1543 1343 1663 1380 martii,
1678 1350 1765 1372 anno
1781 1345 1904 1380 quarto.
1921 1339 2024 1380 (Ibid.)

1361 1516 1480 1545 4⁴3⁰ss
1864 1513 1992 1548 Orvieto‚
2009 1513 2042 1542 ‘20
2058 1521 2135 1541 mai-s
2150 1513 2229 1541 1291.

1326 1579 1514 1615 Dispensatio
1529 1586 1618 1614 super
1633 1577 1796 1613 pluralitate
1811 1577 2028 1604 beneficiorum.
2041 1576 2127 1610 (Rue.
2144 1575 2194 1608 46,
2209 1582 2234 1602 c.
2251 1573 2300 1608 68.
2341 1587 2353 1601 ς

1290 1629 1311 1657 f.
1329 1629 1362 1656 13
1379 1630 1428 1662 1²⁰.)

1333 1732 1477 1770 Magziscro
1502 1731 1649 1761 Willelmo
1665 1731 1700 1760 de
1714 1730 1862 1767 Marchia,
1878 1729 2071 1766 subdiacono,
2088 1728 2199 1758 rectori
2213 1727 2301 1758 ecole-

1292 1787 1334 1815 sie
1354 1786 1389 1816 de
1414 1785 1619 1822 Mamecestre,
1645 1783 1881 1813 Conventrensis
1904 1783 2045 1819 diocesis,
2071 1781 2127 1820 qui
2151 1780 2302 1811 ecclesias

1293 1839 1332 1869 de
1352 1839 1577 1875 Mamecestre,
1595 1837 1634 1867 de
1651 1837 1844 1875 Vessington
1857 1860 1864 1874 ,
1883 1836 1922 1866 de
1943 1835 2137 1874 Brerdigge,
2153 1833 2194 1865 de
2208 1834 2303 1865 Fres-

1293 1896 1439 1927 sewatre,
1453 1891 1491 1921 de
1506 1891 1738 1930 Staynegreve,
1753 1889 1792 1919 de
1806 1889 1988 1926 Marnham‚
2004 1888 2043 1918 de
2059 1888 2207 1918 Levenen
2220 1886 2304 1918 etde

1293 1945 1399 1984 Thorp
1419 1945 1454 1974 in
1475 1944 1600 1981 Glebis,
1625 1943 1889 1979 Conventrensis,
1913 1942 2154 1978 Dunelmensis,
2174 1941 2303 1972 Winto-

1294 1999 1418 2029 niensis
1429 2023 1436 2036 ,
1455 1997 1662 2028 Eboracensis
1675 2002 1706 2027 et
1721 1996 1958 2027 Lincolniensis
1971 1995 2179 2032 dioecesium,
2193 2003 2304 2026 curam

1293 2052 1477 2082 animarum
1490 2051 1656 2088 habentes,
1672 2055 1702 2080 et
1716 2050 1906 2080 decanatum
1921 2049 2029 2080 Sancti
2044 2048 2179 2079 Martini
2193 2047 2304 2087 Magni
2357 2035 2362 2069 Ῐ

1294 2105 1540 2141 Londoniensis,
1557 2105 1676 2143 absque
1691 2103 1777 2134 sedis
1792 2103 1984 2143 apostolicae
1999 2103 2237 2142 dispensatione
2253 2110 2303 2133 re-

1294 2160 1386 2199 cepit,
1403 2168 1461 2189 nec
1478 2168 1511 2189 se
1527 2159 1601 2189 fecit
1617 2158 1701 2188 infra
1717 2166 1841 2187 aunum
1857 2157 1893 2187 in
1909 2156 2133 2197 presbyterum
2147 2154 2301 2193 ordinari,
2343 2150 2347 2156 ’

1294 2218 1326 2243 et
1340 2213 1489 2243 ecclesias
1505 2217 1535 2242 et
1550 2212 1741 2242 decanatum
1757 2210 1928 2250 praedicta,
1947 2209 2079 2241 ecclesia
2093 2209 2133 2240 de
2147 2208 2255 2248 Thorp
2267 2207 2304 2239 in

1294 2267 1402 2297 Glebis
1417 2266 1560 2303 dimissa,
1579 2265 1728 2296 detinuit.
1745 2264 1828 2295 Cum
1844 2273 1894 2301 eo,
1912 2263 2170 2294 consideratione
2185 2262 2236 2298 E„
2251 2269 2302 2292 re·
2356 2287 2363 2291 ,,

1294 2321 1342 2359 gis
1363 2319 1518 2358 Angliae,
1542 2327 1634 2358 cujus
1658 2319 1750 2357 regni
1774 2318 1932 2357 praefatus
1952 2315 2142 2347 Willelmus
2164 2319 2212 2346 est
2233 2314 2303 2345 the·
2343 2317 2355 2326 ·'

1294 2376 1473 2409 samarius,
1494 2373 1657 2412 dispensat
1677 2377 1727 2409 ut,
1746 2372 1887 2402 dimissis
1912 2371 1951 2401 de
1970 2370 2190 2409 Staynegreve
2211 2372 2244 2399 et
2264 2367 2304 2398 de
2343 2382 2351 2394 .·

1295 2427 1445 2457 Levenen
1471 2426 1631 2463 ecclesiis,
1657 2426 1796 2465 praefata
1819 2425 2010 2455 decanatum
2035 2427 2066 2454 et
2090 2422 2240 2453 ecclesias
2264 2420 2304 2452 de
2344 2449 2357 2457 ,

1294 2482 1521 2518 Mamecestre,
1548 2480 1586 2510 de
1613 2480 1839 2518 Wessington,
1868 2478 1907 2508 de
1933 2477 2126 2515 Brerdigge,
2147 2476 2187 2506 de
2209 2475 2302 2506 Fres-

1293 2538 1428 2565 sewatre
1444 2539 1473 2564 et
1491 2534 1529 2564 de
1546 2533 1718 2563 Mai-uliam
1733 2542 1799 2563 una
1814 2540 1889 2563 cum
1904 2530 2145 2562 canonicatibus
2165 2533 2195 2559 et
2211 2536 2303 2568 prae-
2341 2539 2357 2562 τ,

1293 2587 1406 2618 bendis
1431 2596 1513 2626 quae
1533 2588 1567 2617 in
1592 2586 1838 2621 Saresbiriensi,
1863 2583 2067 2624 Cycestrensi
2089 2586 2121 2613 et
2144 2580 2303 2612 Wellensi
2335 2591 2342 2595 ·

1294 2640 1454 2678 ecclesiis,
1476 2645 1506 2670 et
1530 2640 1677 2680 portione
1700 2639 1840 2679 quadam
1866 2646 1963 2678 quam
1986 2637 2021 2667 in
2048 2635 2169 2676 capella
2194 2633 2301 2666 Sancti
2335 2661 2358 2671 ,,

1293 2693 1469 2724 Clementis
1496 2693 1716 2730 Pontisfracti,
1741 2691 1950 2723 Eboracensis
1974 2689 2145 2726 dioecesis,
2171 2688 2302 2727 adeptus
2347 2700 2359 2709 ·

1293 2752 1354 2783 est,
1374 2747 1511 2777 retinere
1526 2746 1649 2784 valeat,
1667 2751 1698 2777 et
1716 2747 1743 2777 si
1760 2746 1903 2785 aliquam
1918 2744 1957 2775 de
1975 2742 2144 2783 praedictis
2161 2739 2302 2772 ecelesiis

1293 2800 1471 2835 dimiserit,
1489 2800 1575 2830 aliud
1595 2800 1790 2830 beneficium
1811 2799 1953 2837 recipere
1974 2798 2083 2837 possit.
2102 2792 2300 2830 Dummodo,
2338 2812 2343 2820 ·

1293 2853 1332 2883 ad
1345 2853 1514 2883 arbitrium
1529 2853 1606 2884 boni
1622 2853 1694 2890 viri,
1709 2860 1884 2890 congruam
1900 2851 2079 2891 portionem
2093 2848 2134 2879 de
2149 2845 2301 2878 fructibus

1294 2906 1448 2945 perceptis
1468 2907 1502 2936 iu
1518 2907 1700 2937 evidentem
1721 2906 1892 2937 utilitatem
1912 2903 2147 2944 praedictorum
2167 2897 2300 2932 canoni·

1293 2965 1381 2990 catus
1396 2965 1426 2990 et
1443 2960 1650 2990 ecclesiarum
1668 2964 1843 2991 convertat.
2291 2956 2294 2962 '

1335 3025 1348 3040 «
1370 3013 1548 3052 Apostolice
1570 3014 1655 3044 sedis
1671 3013 1890 3051 benignitas...
1909 3028 1947 3033 —
1963 3010 2035 3041 Dat.
2057 3007 2142 3048 apud
2162 3005 2299 3038 Urbem-

1293 3070 1444 3103 veterem,
1461 3076 1514 3097 xm
1531 3066 1685 3098 kalendas
1699 3066 1821 3106 aprilis,
1837 3073 1925 3096 anno
1940 3067 2064 3103 quarto.
2084 3074 2098 3090 »ι
