2342 3652
901 348 1123 390 PREMIERE
1145 346 1302 387 ANNEE.
2107 351 2145 381 57

60 439 201 471 centiam
225 436 369 468 concedit
390 432 571 468 redimendi
592 431 731 461 decimas
745 429 784 458 de
800 426 949 457 manibus
965 424 1061 454 laico-

60 501 132 523 rum
156 491 191 521 in
213 489 389 529 parrochiis
406 486 612 518 ecclesiarum
628 480 810 523 Bajocensis
832 477 1002 514 dioecesis3
1019 477 1063 506 ita

60 548 168 576 tamen
183 542 267 582 quod
283 541 424 572 eeclesiis
442 539 519 578 ipsis
535 547 587 568 eas
602 536 766 567 restituere
783 535 950 562 teneantur
964 538 1063 568 quan-

62 598 242 635 documque
266 595 345 634 ipsis
367 594 463 624 fuerit
485 593 523 622 de
543 587 771 628 redemptionis
797 585 896 625 pretio
918 583 1062 613 satisfac-

62 654 143 681 tum.

105 715 119 730 ι
144 702 270 732 Affectu
287 704 363 730 sunt
376 697 609 729 admittende...
624 711 664 718 —
679 695 748 724 Dat.
766 692 880 727 Reate,
898 699 933 719 111
948 689 1062 719 kalen-

64 755 120 786 das
135 754 292 789 octobris,
309 761 395 783 anuo
410 752 525 791 primo.
543 760 558 780 ³

596 828 686 859 Rieti,
705 826 719 853 4
735 825 898 860 septembre
914 824 991 851 1288.

105 898 146 927 In
163 906 190 927 e.
208 905 251 926 m.
272 918 292 926 ..
310 896 429 925 decano
444 899 473 924 et
488 890 623 931 capitulo
640 888 791 919 ecclesiae
807 886 1060 925 Andegavehsis.

66 967 106 973 —
122 949 194 980 Dat.
212 950 323 985 Reate,
343 958 365 978 11
382 955 482 977 nonas
497 943 692 983 septembriS,
711 949 796 971 anno
811 941 924 979 primo.

139 1135 226 1164 302
673 1127 765 1158 Rieti,
781 1127 814 1154 27
831 1128 898 1154 aout
915 1127 992 1154 1-288.

103 1196 290 1231 Privilegium
308 1193 482 1226 Guichardo,
498 1192 592 1218 abbati
607 1190 773 1217 monasterii
789 1189 818 1216 S.
843 1189 920 1216 Petri
940 1189 974 1216 de
990 1189 1067 1216 Cella

67 1245 232 1276 Trecensis,
248 1251 428 1271 concessum.
441 1241 523 1275 (Res.
540 1240 583 1272 44,
595 1248 620 1266 c.
634 1240 694 1271 177,
705 1239 724 1265 f.
736 1239 768 1265 44
780 1245 821 1270 r⁰·,
838 1239 905 1265 LAP.
920 1248 956 1266 nc
967 1238 1065 1271 Tneir,

67 1292 96 1326 Ι,
114 1293 170 1325 75.)

109 1395 228 1424 Dilectis
250 1393 324 1430 filiis
345 1391 511 1421 Guichardo
525 1414 532 1427 ‚
555 1390 653 1418 abbati
680 1391 856 1419 monasterii
876 1390 906 1419 S.
933 1390 1016 1418 Petri
1033 1390 1068 1418 de

71 1447 152 1478 Gella
184 1446 340 1482 Trecensis,
372 1445 490 1473 ordinis
505 1443 536 1473 S.
556 1442 716 1479 Benedicti,
744 1442 783 1472 ad
810 1443 996 1472 instantiam
1016 1442 1066 1479 P.‚

71 1500 103 1531 S.
131 1499 271 1530 Eustacii
294 1497 419 1528 diaconi
446 1495 632 1533 cardinalis,
656 1495 803 1534 indulget
829 1500 861 1525 ut
885 1495 933 1525 illi
959 1495 1068 1525 nullus

69 1553 166 1594 judex
179 1552 261 1583 sedis
277 1550 463 1590 apostolicae
485 1549 648 1588 delegatus
663 1553 719 1579 aut
733 1549 956 1587 subdelegatus
983 1550 1068 1588 ejus-

72 1607 145 1638 dem
159 1606 209 1636 vel
223 1608 422 1636 conservator
437 1613 492 1634 seu
506 1604 601 1634 etiam
616 1607 763 1633 executor
778 1612 796 1632 a
812 1602 885 1632 sede
901 1602 1068 1641 deputatus

72 1659 181 1689 eadem
196 1658 292 1697 possit
307 1657 341 1687 in
355 1665 524 1696 personam
541 1656 611 1695 ejus
629 1655 981 1691 excommunicationis,
1000 1664 1069 1685 sus-

70 1711 232 1751 pensionis
246 1714 300 1740 aut
314 1710 473 1740 interdicti
491 1710 665 1740 sententias
681 1709 894 1748 promulgare,
915 1709 986 1738 sine
1003 1718 1070 1747 spe-

71 1763 142 1794 ciali
157 1763 304 1794 mandato
319 1763 401 1793 sedis
417 1763 614 1801 apostolicae.

112 1828 125 1844 u
147 1817 259 1847 Merita
277 1817 432 1846 virtutum
450 1820 659 1855 exposcunt...
678 1831 718 1839 —
737 1816 806 1845 Dat.
827 1816 943 1852 Reate,
960 1825 992 1845 vi
1010 1815 1069 1845 ka-

71 1869 182 1900 lendas
196 1870 396 1909 septembris,
413 1878 498 1900 anno
514 1870 628 1909 primo.
648 1881 662 1901 »,

111 2115 292 2151 Privilegium
325 2117 447 2152 capitulo
482 2118 621 2145 ecclesiae
649 2118 851 2145 Lateranensis
881 2127 1068 2146 concessum.

76 2164 159 2198 (Rsso.
176 2165 223 2199 44,
239 2173 264 2192 c.
282 2166 358 2197 1772,
374 2166 394 2192 f.
411 2167 443 2193 44
459 2169 506 2200 1-0.)

578 2055 670 2085 Rieti.
690 2056 726 2082 1er
740 2056 903 2091 septembre
922 2056 998 2083 1288.

117 2267 238 2296 Dilectis
259 2267 371 2304 filiis..
396 2269 495 2306 priori
520 2275 545 2299 et
565 2271 697 2307 capitulo
724 2271 838 2299 ecclesie
865 2271 1074 2300 lateranensis

77 2318 242 2357 indulget,
259 2320 299 2349 ad
315 2321 414 2350 instar
427 2321 599 2353 Clementis
615 2332 712 2362 papae
732 2324 811 2360 IIII,
830 2329 864 2353 ut
879 2324 918 2353 ad
934 2329 1072 2363 praesta-

78 2371 198 2402 tionem
227 2372 443 2411 collectarum,
474 2376 744 2413 procurationum,
773 2377 1022 2407 subventionum
1045 2381 1074 2407 et

78 2423 215 2454 aliarum
231 2425 428 2455 exactionum
444 2435 507 2457 non
523 2432 701 2459 teneantur.

120 2488 134 2504 α
156 2478 279 2507 Meritis
302 2483 402 2508 vestre
424 2479 622 2518 religionis...
642 2499 681 2505 —
703 2482 774 2512 Dat.
794 2482 909 2520 Reate,
928 2482 1076 2513 kalendis

78 2530 282 2569 septembris,
300 2539 385 2561 anno
403 2532 511 2570 primo.
532 2545 546 2560 r,

150 2702 237 2730 304
683 2707 776 2742 Rieu,
794 2709 828 2735 24
843 2710 910 2736 aout
928 2709 1004 2736 1288.

113 2763 154 2791 Ut
168 2765 352 2792 confirmetur
370 2766 471 2792 electio
488 2766 662 2802 Margaretae
676 2769 705 2796 in
721 2770 896 2798 abbatissam
912 2772 1077 2798 monasterii

80 2810 111 2838 S.
127 2810 269 2838 Pancratii
285 2812 319 2838 de
335 2811 450 2840 caliate.
467 2813 549 2847 (Rea.
566 2814 613 2846 44,
629 2824 654 2842 c.
672 2817 738 2848 178,
755 2818 774 2844 f.
789 2818 823 2845 44
840 2820 887 2851 1·⁰.)

121 2935 143 2943 ..
154 2915 411 2952 archipresbytero
423 2916 539 2945 ecclesie
550 2917 774 2949 Mediolanenses
783 2921 912 2950 mandat
922 2926 1079 2960 quatenus

81 2965 268 2996 electionem
288 2967 500 3006 Margaretae,
523 2972 707 3001 monasterii
728 2973 835 3003 Sancti
856 2974 1015 3004 Pancratii
1041 2974 1079 3004 de

81 3017 212 3056 Caliate,
230 3019 270 3049 ad
287 3028 452 3050 romanam
469 3021 635 3052 ecclesiam
649 3024 738 3055 nullo
754 3026 858 3056 medio
877 3028 1078 3066 pertinentis,

222 3084 296 3113 Rso.
316 3085 439 3114 Nicotts
461 3086 512 3114 IV.

1145 423 1396 453 Mediolanensis
1420 421 1569 452 dioecesis
1583 444 1591 458 ‚
1609 427 1763 450 monacae
1779 443 1785 455 ,
1805 418 1838 447 in
1858 418 2001 457 ejusdem
2019 426 2148 448 monas-

1145 477 1219 506 terii
1234 477 1437 512 abbatissam,
1461 475 1640 509 confirmet,
1659 473 1684 502 si
1699 473 1743 502 ita
1759 472 1788 501 ei
1806 472 1910 500 visum
1928 471 1997 500 erit.

1187 541 1200 555 α
1226 529 1319 558 Lecta
1336 537 1442 558 coram
1466 527 1596 557 nobis...
1615 543 1653 547 —
1675 525 1746 555 Dat.
1773 524 1886 560 Reate,
1907 532 1978 552 v1111
1995 522 2149 553 kalendas

1147 581 1334 620 septembris
1349 606 1355 618 ,
1372 589 1457 610 anno
1472 581 1586 619 primo.
1606 591 1619 606 n

1217 753 1303 781 3⁰5

1182 816 1309 844 Licentia
1316 817 1481 844 absolvendi
1488 816 1522 842 ab
1530 815 1837 842 excommunicationis
1845 813 2006 840 sententiis.
2015 813 2098 846 (Res.
2107 812 2150 846 44,

1147 874 1172 892 c.
1190 866 1251 899 179,
1268 865 1286 891 f.
1305 866 1336 892 44
1354 867 1402 898 ro.)

1679 750 1773 781 Rieti,
1791 750 1806 776 4
1822 749 1984 784 septembre
2002 748 2078 775 1288.

1188 969 1296 998 Dilecto
1310 968 1371 1005 silio
1391 992 1409 997 ..
1432 968 1580 1005 mayz'stro
1597 967 1715 995 ordinis
1734 966 1767 994 de
1784 965 2000 1003 Sempinyham
2023 962 2152 1002 privile-

1148 1022 1236 1059 gium
1253 1021 1399 1051 concedit
1411 1025 1579 1059 quatenus,
1594 1019 1632 1049 de
1645 1018 1777 1049 consilio
1791 1018 1925 1047 fratrum
1941 1017 2009 1055 ejus
2025 1016 2082 1055 qui
2097 1015 2153 1045 lit-

1150 1075 1239 1105 terati
1257 1075 1331 1111 sint,
1349 1073 1461 1110 valeat,
1477 1073 1650 1103 dummodo
1661 1072 1704 1101 sit
1714 1072 1749 1101 in
1763 1070 1937 1100 sacerdotio
1949 1069 2150 1107 constitutus,

1150 1137 1208 1158 nec
1225 1128 1330 1166 gravis
1350 1127 1446 1156 fuerit
1468 1130 1497 1156 et
1522 1126 1663 1156 enormis
1679 1133 1841 1160 excessuS,
1862 1122 2024 1153 absolvere
2043 1122 2155 1152 fratres

1149 1182 1449 1212 excommunicatos.
1481 1207 1490 1216 ,

1190 1245 1205 1265 α
1227 1235 1313 1264 Licet
1327 1234 1367 1264 ad
1384 1234 1481 1264 hoc...
1497 1249 1536 1256 —
1552 1233 1624 1262 Dat.
1643 1232 1741 1262 Reate
1753 1255 1761 1268 ‚
1785 1241 1807 1260 11
1829 1239 1930 1260 nonas
1950 1229 2135 1268 septembris
2146 1252 2155 1266 ,

1149 1297 1234 1318 anno
1250 1288 1365 1327 primo.
1384 1299 1397 1314 2>

1221 1461 1309 1489 30ss

1186 1523 1362 1556 Quitantiam
1379 1530 1447 1549 exon
1467 1521 1643 1547 florenorum
1665 1520 1728 1546 auri
1747 1519 1883 1545 fratribus
1901 1517 2010 1544 ordinis
2026 1517 2159 1543 humilia-

1151 1576 1245 1599 torum
1261 1572 1317 1598 dat.
1335 1571 1418 1606 (Rea.
1436 1571 1480 1601 44,
1496 1578 1522 1596 e.
1543 1570 1601 1603 180,
1618 1570 1636 1595 f.
1656 1569 1688 1595 44
1700 1569 1752 1602 v0.)

1590 1457 1696 1484 CXCII
1712 1457 1802 1490 Rieti,
1822 1456 1859 1482 1er
1875 1456 1991 1482 octobre
2010 1455 2085 1482 1288.

1193 1675 1311 1704 Dilectis
1326 1674 1402 1711 filiis
1418 1696 1438 1702 ..
1457 1673 1604 1710 mayistro
1621 1675 1646 1699 et
1663 1670 1794 1708 capitulo
1809 1693 1816 1705 ,
1834 1669 2027 1706 generalibus
2043 1676 2159 1697 necnon

1149 1728 1311 1766 prepositis
1325 1751 1331 1763 ,
1348 1725 1474 1764 prelatis
1485 1730 1511 1754 et
1524 1724 1720 1754 conventibus
1734 1724 1871 1759 fratrum
1887 1726 1913 1750 et
1928 1730 2068 1750 sororum
2086 1721 2158 1749 uni-

1153 1790 1313 1811 versarum
1341 1781 1503 1809 domorum
1532 1777 1649 1807 ordinis
1672 1777 1922 1806 humiliatorum.
1943 1786 1956 1800 α
1982 1774 2062 1804 Cum
2084 1773 2161 1804 ordo

1154 1839 1257 1864 vester
1272 1832 1517 1863 humiliatorum
1536 1830 1574 1860 de
1595 1838 1678 1859 novo
1701 1832 1865 1866 exemptus
1884 1835 1902 1856 a
1918 1826 2009 1856 nobis
2031 1826 2067 1855 in
2083 1825 2161 1855 dua-

1153 1889 1212 1919 bus
1241 1887 1333 1917 libris
1364 1886 1434 1915 auri
1465 1884 1567 1920 nobis,
1586 1883 1769 1921 nostrisque
1798 1880 2032 1911 successoribus
2066 1879 2162 1909 annis

1154 1940 1290 1979 singulis
1316 1937 1533 1978 persolvendis
1549 1937 1648 1966 factus
1666 1936 1707 1965 sit
1731 1933 1902 1970 censualis,
1922 1941 1998 1969 nos,
2017 1932 2074 1971 qui
2098 1932 2162 1962 hu-

1151 1993 1293 2034 jusmodi
1323 2000 1455 2022 censum
1492 1990 1530 2019 de
1557 1997 1635 2019 auro
1667 1988 1732 2017 fino
1762 1992 1827 2017 tam
1861 1987 1895 2015 in
1925 1985 2031 2015 valore
2065 1993 2163 2023 quam

1155 2047 1294 2086 pondere
1314 2046 1562 2083 interpretamur
1580 2047 1610 2072 et
1633 2041 1804 2071 statuimus
1823 2040 1856 2069 in
1880 2044 2069 2078 perpetuum
2090 2047 2163 2076 per·

1155 2101 1360 2137 solvendum,
1382 2108 1437 2139 pro
1453 2108 1550 2129 censu
1571 2097 1667 2136 primi
1684 2097 1763 2126 anni
1781 2094 1978 2125 terminandi
1995 2103 2042 2123 1111
2060 2101 2163 2123 nonas

1154 2156 1255 2186 futuri
1287 2154 1408 2184 mensis
1436 2151 1647 2191 septembris,
1674 2158 1760 2179 anuo
1790 2148 1922 2178 Domini
1945 2157 1979 2176 M.
2009 2155 2052 2176 cc.
2086 2155 2164 2176 Lm

1155 2209 1251 2246 noni,
1270 2217 1326 2248 per
1350 2215 1465 2237 manus
1488 2205 1596 2235 fratris
1620 2203 1776 2242 Raynerii
1802 2202 1840 2232 de
1866 2201 1980 2236 Senis,
2003 2199 2164 2238 generalis

1157 2261 1369 2302 procuratoris
1389 2260 1504 2296 vestri,
1525 2266 1581 2297 pro
1596 2257 1685 2287 vobis
1702 2261 1732 2286 et
1747 2256 1831 2285 dioto
1848 2254 1962 2284 ordine
1977 2252 2164 2292 persolven-

1158 2317 1211 2353 tis,
1242 2320 1372 2346 centum
1397 2313 1573 2350 nonaginta
1595 2310 1674 2340 duos
1702 2310 1838 2339 ssoreuos
1869 2308 1940 2337 auri
1966 2306 2164 2345 presentium

1157 2369 1342 2399 auctoritate
1358 2367 1495 2396 fatemur
1517 2368 1660 2394 nostram
1682 2370 1842 2392 cameram
1856 2361 1981 2398 integre
1996 2359 2162 2396 recepisse.

1158 2423 1224 2452 Has
1241 2421 1364 2451 litteras
1383 2419 1470 2449 bulla
1487 2422 1593 2448 nostra
1610 2416 1750 2446 munitas
1767 2415 1856 2445 vobis
1872 2413 1988 2443 exinde
2005 2412 2039 2441 in
2056 2415 2163 2441 caute-

1157 2476 1222 2506 lam
1243 2479 1274 2504 et
1294 2472 1515 2503 testimonium
1537 2470 1756 2501 concedentes.
1786 2468 1855 2497 Dat.
1878 2467 1993 2502 Reate,
2017 2463 2165 2494 kalendis

1157 2530 1313 2566 octobris,
1330 2536 1416 2558 anno
1431 2527 1543 2566 primo.
1565 2537 1579 2552 ι)

1229 2701 1314 2729 3⁰7
1678 2694 1769 2724 Rieti,
1787 2693 1819 2719 22
1836 2691 1999 2726 septembre
2018 2690 2093 2717 1288.

1196 2764 1234 2792 Ut
1254 2764 1438 2790 confirmetur
1455 2759 1579 2786 venditio
1604 2759 1744 2784 bonorum
1768 2764 1816 2790 per
1838 2756 1940 2781 fratres
1961 2753 2114 2787 hospitalis
2135 2751 2164 2778 S.

1161 2813 1306 2847 Peregrini
1324 2812 1357 2838 de
1373 2810 1496 2845 Alpibus
1515 2808 1597 2834 facta.
1616 2806 1696 2840 (Res.
1716 2805 1763 2836 44,
1782 2813 1806 2831 c.
1826 2804 1885 2834 181,
1904 2804 1923 2830 s.
1943 2803 1974 2829 44
1989 2804 2041 2834 v0.)

1202 2917 1309 2946 Dilecto
1324 2915 1392 2951 filio
1413 2936 1431 2942 ..
1451 2911 1664 2941 archidiacono
1680 2909 1794 2938 ecclesie
1808 2908 1923 2936 Lucane
1939 2905 2069 2934 mandat
2089 2912 2166 2942 qua-

1163 2975 1254 3000 tenus
1268 2967 1451 3000 confirmet,
1469 2965 1495 2993 si
1514 2962 1607 2993 utiles
1624 2971 1676 2991 eas
1698 2960 1878 2995 invenerit,
1902 2958 2119 2988 venditionem
2140 2960 2169 2985 et

1162 3023 1400 3054 concessionem
1412 3019 1527 3057 quibus
1546 3039 1565 3046 ..
1585 3020 1685 3045 rector
1704 3019 1733 3044 et
1749 3014 1861 3043 fratres
1876 3011 2043 3050 hospitalis
2060 3009 2167 3039 Sancti

1999 3077 2014 3103 S
