2342 3652
893 390 1113 429 PRnMian
1135 390 1293 429 ANNEE.
1563 413 1567 415 >
2100 400 2134 428 51

53 472 142 511 sequi
161 470 264 500 valeat
287 474 316 499 et
340 469 481 499 obtinere
503 467 624 506 justitie
641 465 919 505 complementum.
938 464 1053 504 Sicque

51 524 196 565 precibus
219 522 335 552 nostris
359 522 558 559 obtemperes
575 523 609 549 ut
623 519 781 558 premium
801 517 916 548 exinde
940 525 1053 546 conse—

53 577 162 617 quaris
187 585 204 606 a
229 575 368 605 Domino
390 582 522 612 nosque.
531 572 731 602 devotionem
748 570 885 608 regiam,
906 579 1001 608 quam
1019 571 1052 599 in

52 630 112 661 hac
139 633 225 668 parte
251 631 429 666 promptam
453 626 600 664 cupimus
623 624 787 659 invenire⁷
810 631 873 652 non
892 623 1052 653 immerito

52 681 332 716 commendemus,
359 688 417 709 nec
441 682 582 718 oporteat
606 687 700 716 super
725 676 784 706 hoc
809 675 848 705 ad
873 676 1052 705 remedium

52 735 139 767 aliud
154 734 265 765 haberi
281 741 456 763 recursum.
477 732 548 761 Dat.
568 736 601 761 nt
616 738 719 768 supra.

140 919 226 948 282
563 915 657 948 Rieti,
678 914 705 939 11
724 914 886 948 septembre
903 914 978 940 1288.

87 981 194 1008 Abbati
211 981 376 1007 monasterii
393 980 426 1006 de
450 979 480 1006 S.
497 978 652 1009 Fremerio,
672 977 841 1003 Vasatensis
856 977 1008 1010 dioecesis,
1024 981 1051 1003 et

53 1030 160 1057 decano
176 1030 314 1056 ecclesiae
336 1028 364 1055 S.
385 1028 490 1064 Hylarii
509 1027 685 1053 pictavensis
704 1025 817 1051 mandat
833 1029 975 1059 quatenus
992 1026 1049 1052 Ge-

51 1078 162 1106 raldum
178 1078 212 1104 de
227 1077 408 1108 Malomonte,
426 1075 617 1103 consiliarium
631 1075 717 1108 regis,
735 1074 895 1109 Helyanum
911 1074 946 1100 de
962 1074 1051 1100 Malo-

51 1130 166 1158 monte,
191 1127 330 1153 decanum
354 1126 382 1152 S.
400 1125 515 1157 Aredii,
533 1123 746 1150 Lemovicensis
760 1123 915 1157 dioecesis,
937 1123 1052 1150 fratrem

52 1176 134 1210 que,
160 1183 193 1202 ac
215 1174 386 1205 «Iohannem,
404 1172 591 1199 senescallum
610 1171 875 1206 Petragoricensem
887 1193 894 1205 ,
912 1172 1001 1198 citent
1022 1176 1052 1198 ut

51 1232 148 1252 coram
164 1224 232 1251 sede
249 1224 405 1258 apostolica
420 1225 611 1257 compareant.
628 1221 711 1254 (Rae.
730 1221 761 1248 44
772 1243 778 1253 ‚
796 1229 820 1247 0.
840 1221 899 1255 163,
916 1221 935 1247 f.
954 1222 986 1248 40
1002 1229 1049 1254 νος

50 1271 118 1300 Lim.
135 1281 171 1300 nu
185 1272 288 1301 Tuam,
305 1271 332 1305 Ι,
350 1271 405 1304 61.)

90 1374 208 1404 Dilectis
223 1373 298 1410 filiis
315 1395 335 1402 ..
359 1373 457 1402 abbati
473 1373 651 1401 monasterii·
670 1373 704 1401 de
720 1372 751 1401 S.
771 1372 936 1407 Fremerz'o,
961 1373 1051 1401 Vasa-

53 1428 143 1458 tensz's
157 1427 289 1463 diocesis,
305 1431 329 1455 et
346 1448 365 1455 ..
381 1426 490 1455 decano
508 1426 625 1455 ecclesie
640 1425 742 1455 Sancli
757 1426 882 1463 Hylarii
895 1424 1053 1455 Pictaren-

51 1481 100 1510 sis.
121 1493 133 1506 «
151 1479 202 1509 Ad
217 1478 413 1509 audientiam
431 1483 571 1508 nostram
589 1479 733 1517 pervenit
747 1478 841 1517 quod,
859 1488 931 1508 cum
951 1478 1050 1508 dilec-

52 1537 102 1563 tus
115 1532 201 1562 filius
221 1536 327 1562 noster
342 1532 386 1568 J.,
404 1531 489 1561 tituli
505 1531 621 1561 Sancte
636 1531 752 1561 Cecilie
767 1532 931 1571 presbyter
947 1532 1051 1562 cardi—

52 1585 150 1623 nalis,
166 1585 200 1615 in
216 1585 356 1624 partibus
372 1584 438 1614 illis
453 1585 623 1623 apostolice
639 1585 723 1615 sedis
738 1585 878 1623 legatus,
899 1586 1052 1623 magistro

54 1638 158 1678 Helye
174 1638 212 1668 de
227 1637 432 1675 Malomonte‚
451 1637 571 1668 decano
587 1638 718 1668 ecclesie
734 1638 773 1668 de
789 1639 903 1668 Sancto
920 1638 1049 1675 Aredio‚

55 1691 289 1722 Lemovicensis
307 1691 457 1728 diocesis,
474 1691 658 1721 auctoritate
678 1700 734 1721 sue
749 1691 938 1729 legationis,
957 1700 1052 1721 cano-

56 1744 196 1774 nicatum
212 1744 341 1774 ecclesie
359 1744 646 1782 Petragoricensis,
663 1745 698 1774 in
719 1754 781 1784 qua
801 1749 904 1774 certus
919 1746 1052 1774 canoni-

56 1805 164 1828 corum
177 1806 328 1827 numerus
341 1801 371 1827 et
381 1797 613 1836 prebendarum
627 1797 789 1828 distinctio
803 1807 867 1828 non
882 1798 1051 1835 habentur,

56 1853 91 1881 ut
103 1849 235 1886 dicitur,
251 1850 452 1888 contulisset,
469 1851 643 1881 decernens
660 1851 719 1880 sibi
737 1839 801 1881 fore
818 1852 855 1881 de
871 1852 1053 1881 commuui-

56 1902 115 1932 bus
129 1903 229 1942 ipsius
243 1903 372 1933 ecclesie
385 1904 591 1942 proventibus
612 1905 694 1934 sicut
708 1905 766 1934 uni
781 1914 817 1934 ex
834 1904 906 1934 aliis
920 1905 1052 1935 ecclesie

58 1954 195 1994 predicte
217 1956 377 1986 canonicis
398 1956 646 1995 providendum,
669 1957 762 1987 certis
790 1967 884 1996 super
907 1958 968 1988 hoc
992 1959 1053 1988 sibi

59 2008 272 2039 executoribus
298 2019 352 2048 per
375 2000 447 2040 suas
470 2010 589 2040 litteras
610 2011 785 2050 deputatis;
803 2020 839 2041 ac
860 2012 1053 2042 venerabilis

58 2060 154 2091 trater
173 2066 277 2091 noster
293 2085 312 2091 ..
331 2063 493 2102 episcopus
510 2069 539 2094 et
553 2064 659 2095 dilecti
676 2065 736 2094 filii
752 2065 926 2104 capitulum
944 2067 1051 2096 Petra-

60 2113 249 2151 goricenses,
266 2123 283 2144 a
298 2115 460 2147 collatione
475 2126 511 2147 ac
526 2118 706 2156 provisione
721 2118 906 2157 hujusmodi
922 2129 957 2149 ex
976 2129 1051 2149 cau-

59 2167 102 2196 sis
117 2165 270 2204 legitimis
291 2168 329 2197 ad
345 2169 448 2199 sedem
463 2171 667 2209 apostolicam
680 2171 906 2210 appellassent,
926 2173 1052 2202 tandein

59 2227 154 2262 causa
172 2218 356 2258 hujusmodi
370 2222 450 2260 apud
466 2223 598 2253 eandem
617 2224 723 2254 sedem
743 2226 917 2263 pendente,
935 2226 1053 2263 magis-

59 2275 106 2302 ter
122 2271 277 2302 Geraldus
293 2273 330 2303 de
346 2275 534 2306 Malomonte
546 2299 554 2314 ,
572 2278 669 2308 frater
684 2278 760 2308 dicti
777 2279 887 2308 decani
901 2303 908 2316 ,
925 2280 963 2308 ad
980 2289 1053 2317 gra-

58 2326 188 2355 vamina
211 2326 348 2365 episcopi
372 2331 400 2357 et
417 2329 542 2367 capituli
564 2331 775 2370 predictorum
801 2333 944 2370 aspirans
962 2338 992 2362 et
1014 2333 1053 2363 ad

57 2378 265 2416 excogitatam
293 2379 449 2410 malitiam
472 2391 503 2412 se
527 2391 735 2422 convertens,
755 2385 909 2423 quasdam
932 2385 1053 2415 litteras

34 2434 46 2444 ”
57 2431 213 2462 carissimi
230 2431 264 2460 in
279 2431 404 2463 Christo
424 2434 484 2464 filii
506 2438 604 2467 nostri
620 2437 791 2477 Phylippi,
809 2439 892 2476 regis
912 2439 1052 2469 Franco-

56 2492 129 2514 rum
144 2483 298 2522 illustriS,
315 2495 369 2524 per
386 2482 455 2516 salsi
471 2491 704 2528 suggestionem
715 2515 723 2530 ,
740 2492 780 2522 ad
800 2515 819 2522 ..
842 2492 1052 2522 senescallum

56 2536 350 2575 Petragoricensem
368 2540 504 2571 obtinuit
518 2542 684 2582 destinari,
702 2545 785 2575 inter
802 2546 883 2582 alia,
898 2550 990 2584 prout
1007 2555 1053 2575 as-

58 2590 188 2628 seritur,
207 2592 406 2622 continentes
421 2598 454 2623 ut
469 2597 654 2628 senescallus
676 2599 742 2637 ipse
759 2599 877 2629 dictum
894 2600 1052 2630 decanum

55 2643 92 2672 in
107 2645 305 2682 possessione
321 2646 523 2678 canonicatus
547 2654 577 2679 et
599 2651 756 2689 prebende
775 2653 857 2683 dicte
874 2653 1054 2691 Petragori-

55 2697 160 2727 censis
177 2697 308 2727 ecclesie
331 2699 523 2738 defensaret3
542 2702 705 2743 dictusque
721 2706 914 2736 senescallus
928 2707 1052 2736 ‹Iohan-

55 2756 130 2779 nem
154 2749 193 2783 de
217 2750 358 2781 Parisins
381 2757 411 2781 et
432 2754 583 2791 quosdam
603 2757 679 2787 alios
695 2759 867 2789 servientes
884 2768 957 2789 suos
979 2768 1051 2789 cum

55 2803 171 2833 nuntio
186 2803 261 2833 dicti
284 2804 395 2834 decani
417 2806 453 2834 ad
474 2806 637 2840 ecclesiam
658 2812 835 2841 transmisit
852 2812 1004 2848 eandem,
1023 2817 1053 2842 et

54 2853 129 2886 licet
140 2865 175 2886 ex
192 2861 277 2896 parte
289 2858 445 2888 dictorum
459 2859 596 2899 episcopi
607 2866 637 2892 et
649 2864 778 2902 capituli
791 2865 895 2895 eidem
907 2866 1011 2895 Johan
1018 2865 1052 2894 ni

54 2908 232 2947 expositum
252 2910 348 2940 fuerit
370 2912 452 2950 qnod
476 2913 613 2951 prefatus
632 2915 767 2946 decanus
792 2918 825 2947 in
852 2919 1051 2957 possessione

53 2962 258 2992 canonicatus
274 2973 326 2993 seu
344 2964 481 3003 alicujus
498 2967 656 3005 prebende
671 2969 703 2998 in
720 2971 849 3001 ecclesia
865 2972 1050 3003 nullatenus

53 3011 156 3044 fuerat
169 3016 320 3054 predicta,
341 3023 465 3056 propter
480 3019 564 3057 quod
583 3020 616 3049 in
635 3029 672 3050 ea
689 3022 814 3053 defendi
827 3025 917 3062 juxta
933 3025 1051 3064 predic—

53 3068 158 3097 tarum
184 3067 362 3099 litterarum
391 3072 619 3102 continentiam
645 3082 708 3104 non
735 3075 875 3114 valebat,
903 3078 1050 3116 quodque

1135 474 1228 495 causa
1245 467 1353 496 eadem
1378 467 1460 505 apud
1479 466 1585 496 sedem
1608 465 1764 504 pendebat
1788 464 1960 502 predictam
1975 488 1980 501 ‚
1998 464 2083 493 unde
2101 464 2136 493 in

1136 526 1171 547 ea
1186 526 1249 548 non
1266 519 1398 549 debebat
1413 519 1533 557 aliquid
1549 518 1715 553 innovari,
1732 517 1836 546 dictus
1853 521 1957 546 tamen
1973 517 2137 546 Johannes

1135 571 1243 601 volens
1262 581 1294 601 se
1316 572 1444 610 prefatis
1467 571 1605 602 Geraldo
1621 576 1651 600 et
1674 571 1793 600 decano
1809 571 1843 599 in
1870 575 2074 608 preconcepta
2090 578 2138 600 eo-

1134 633 1205 654 rum
1219 626 1370 655 adversus
1384 626 1567 664 episcopum
1584 629 1614 654 et
1629 624 1805 662 capitulum
1823 623 1978 661 predictos
1995 623 2138 661 nequitia

1134 677 1340 707 favorabilem
1360 678 1521 715 exhibere,
1538 680 1654 717 januas
1673 677 1877 716 parrochialis
1893 677 2022 706 ecclesie
2039 677 2071 706 S.
2087 677 2138 707 Jo-

1134 730 1252 760 hannis
1279 731 1438 770 Baptiste,
1466 733 1615 769 contigue
1639 731 1775 760 claustro
1798 730 1934 768 predicte
1958 730 2138 767 Petragori-

1134 784 1238 813 censis
1255 784 1397 821 ecclesie,
1417 794 1470 822 per
1486 793 1564 822 quas
1578 784 1616 813 ad
1631 784 1764 813 eandem
1782 783 2071 820 Petragoricensem
2089 791 2137 812 ec-

1134 837 1263 867 clesiam
1280 838 1414 867 habetur
1432 846 1588 872 accessus,
1606 838 1719 876 primo,
1734 842 1763 866 et
1779 837 1895 866 deinde
1912 841 2046 874 quatuor
2061 836 2138 866 alias

1131 890 1247 929 januas
1263 891 1406 929 ejusdem
1427 890 1559 919 ecclesie
1586 890 1856 927 Petra‘goricensis
1880 898 1915 918 ac
1937 889 2139 918 officinarum

1135 947 1165 972 et
1183 943 1349 972 domorum
1367 943 1468 981 ipsius
1487 951 1559 972 cnm
1577 942 1742 971 securibus
1757 942 1909 979 sacrilego
1922 950 2001 971 ausu
2018 941 2138 971 violen-

1135 1001 1181 1026 ter
1197 997 1270 1026 fecit
1294 996 1411 1031 excidi,
1430 997 1468 1025 de
1492 997 1671 1031 frumento,
1692 996 1765 1024 vino
1789 999 1818 1024 et
1837 995 1907 1024 aliis
1924 994 2016 1024 bonis
2031 995 2065 1023 in
2084 995 2139 1024 do-

1134 1050 1238 1079 mibus
1254 1050 1330 1088 ipsis
1354 1049 1496 1078 inventis
1512 1048 1626 1078 exinde
1639 1050 1729 1087 juxta
1752 1057 1807 1077 sue
1825 1047 1996 1077 voluntatis
2014 1047 2139 1077 libitum

1133 1104 1305 1141 asportari,
1326 1103 1434 1141 sicque
1460 1102 1544 1131 dicte
1563 1101 1695 1131 ecclesie
1716 1105 1810 1139 atque
1832 1101 1944 1130 domus
1961 1110 2015 1139 per
2036 1100 2140 1138 plnres

1135 1157 1202 1187 dies
1218 1158 1337 1195 absque
1351 1157 1459 1194 januis
1486 1159 1746 1194 permanserunt.
1768 1155 1812 1183 ita
1833 1154 1917 1192 quod
1937 1154 2086 1184 omnibus
2101 1154 2140 1183 ad

1135 1211 1261 1239 easdem
1293 1209 1440 1239 ecclesias
1465 1209 1559 1237 etiam
1586 1207 1776 1237 mulieribus
1806 1207 1977 1245 impudicis
2006 1206 2140 1245 aliisque

1134 1263 1208 1292 vilis
1223 1263 1414 1293 conditionis
1431 1262 1575 1300 personis
1591 1261 1690 1291 libere
1706 1261 1829 1299 patebat
1842 1269 1985 1290 accessus
2002 1269 2056 1299 pro
2072 1261 2141 1298 qui-

1134 1316 1275 1346 buslibet
1298 1316 1419 1345 illicitis
1444 1319 1473 1344 et
1496 1315 1660 1353 nephariis
1678 1314 1863 1343 exercendis
1886 1314 1918 1343 in
1939 1314 2141 1343 manifestam

1135 1370 1194 1399 Dei
1209 1369 1374 1405 offensam,
1394 1369 1518 1407 proprie
1538 1368 1648 1397 salutis
1665 1367 1887 1406 dispendium,
1909 1371 1938 1396 et
1955 1366 2140 1396 scandalum

1135 1423 1364 1462 plurimorum3
1387 1431 1422 1451 ac
1440 1421 1639 1461 postmodum
1656 1421 1759 1450 di‹·tus
1779 1420 1945 1450 Johannes
1959 1420 1996 1449 de
2013 1420 2140 1458 quibus·

1135 1477 1206 1506 dam
1232 1476 1329 1514 lignis
1352 1480 1538 1514 sumptuose
1561 1474 1705 1504 collectis
1727 1479 1821 1512 atque
1844 1475 1960 1512 paratis
1983 1482 2036 1512 pro
2059 1473 2141 1502 vasis

1135 1529 1359 1559 construendis
1379 1538 1414 1558 ex
1435 1529 1481 1557 eis
1499 1528 1538 1557 ad
1554 1528 1668 1556 vinum
1689 1526 1768 1556 inibi
1784 1527 2003 1564 reponendum
2019 1530 2048 1555 et
2060 1526 2142 1556 frus-

1137 1583 1194 1613 tris
1210 1583 1426 1621 predictarum
1447 1583 1620 1620 januarum
1644 1580 1747 1609 taliter
1766 1581 1941 1609 excisarum
1964 1580 2036 1609 fecit
2058 1580 2142 1617 ipsas

1131 1638 1248 1675 januas
1269 1636 1407 1674 reparari
1427 1644 1544 1673 easque
1562 1634 1668 1663 claudi
1688 1638 1717 1663 et
1734 1634 1856 1662 01311535
1875 1634 1994 1669 teneri,
2013 1637 2141 1663 cuncta-

1135 1700 1195 1729 que
1212 1689 1361 1719 victualia
1375 1693 1405 1718 et
1416 1688 1479 1717 alia
1496 1688 1579 1717 bona
1594 1687 1736 1726 ejusden]
1749 1686 1879 1716 ecclesie
1891 1687 1986 1715 sasita
1999 1686 2141 1716 detinere

1135 1743 1305 1782 presumit,
1323 1743 1366 1771 ita
1381 1741 1464 1780 quod
1479 1750 1536 1771 nec
1553 1741 1650 1770 etiam
1668 1740 1870 1778 stipendariis
1887 1739 2029 1778 ejusdem
2045 1738 2142 1768 eccle-

1135 1797 1181 1826 sie
1200 1800 1298 1835 potest
1321 1796 1358 1825 de
1385 1793 1576 1824 victualibus
1597 1794 1674 1832 ipsis
1699 1793 1790 1823 solita
1812 1793 1998 1822 sustentatio
2024 1792 2139 1821 minis-

1137 1850 1233 1886 trari,
1252 1858 1310 1879 nec
1327 1849 1422 1879 etiam
1441 1848 1518 1887 ipsis
1542 1847 1593 1877 vel
1611 1847 1682 1876 aliis
1702 1851 1807 1885 patere
1824 1846 1929 1876 aditus
1945 1846 1984 1875 ad
2008 1845 2142 1875 eandem

1136 1903 1301 1933 ecclesiam
1323 1911 1377 1940 pro
1401 1901 1521 1930 divinis
1545 1901 1656 1930 officiis
1679 1899 1879 1935 celebrandis
1901 1902 1929 1927 et
1952 1898 2143 1936 recipiendis

1134 1957 1179 1986 ibi
1197 1955 1420 1985 ecclesiasticis
1441 1953 1661 1984 sacramentis.
1680 1953 1745 1982 Nos
1761 1954 1866 1991 itaque
1892 1952 2079 1989 diligentius
2096 1956 2142 1980 at-

1136 2010 1302 2039 tendentes
1317 2008 1401 2047 quod
1422 2008 1562 2046 predicta
1586 2016 1650 2037 non
1668 2008 1736 2036 sine
1760 2010 1866 2036 nostra
1887 2010 1917 2034 et
1938 2005 2038 2044 ipsius
2059 2004 2143 2033 sedis

1136 2064 1256 2102 injuria
1276 2066 1306 2092 et
1325 2066 1506 2100 contemptu
1528 2064 1710 2098 attemptata
1733 2060 1798 2089 fore
1824 2063 2018 2094 noscuntur,
2036 2062 2066 2087 et
2087 2066 2143 2087 no-

1135 2116 1237 2145 lentes
1256 2120 1289 2145 nt
1311 2115 1409 2144 iidem
1438 2115 1577 2144 decanus
1601 2118 1631 2144 et
1652 2113 1808 2143 Geraldus
1830 2113 1868 2142 de
1893 2116 1977 2141 tanta
2002 2112 2143 2150 ipsorum

1136 2169 1259 2199 malitia
1288 2168 1488 2206 glorientur,
1525 2167 1710 2196 discretioni
1746 2171 1848 2195 vestre
1882 2174 1937 2204 per
1974 2164 2144 2202 apostolica

1136 2222 1250 2260 scripta
1266 2222 1297 2250 in
1324 2222 1439 2250 virtute
1458 2220 1639 2250 obedientie
1665 2219 1806 2248 districte
1830 2218 2031 2257 precipiendo
2052 2226 2142 2246 man-

1136 2278 1248 2306 damns
1264 2279 1421 2315 qnatenus
1439 2273 1632 2308 Geraldum,
1651 2273 1807 2302 decanum
1824 2280 1858 2301 ac
1874 2271 2056 2301 ι1011311110111
2075 2279 2142 2308 pre-

1137 2331 1250 2366 dictos,
1271 2337 1396 2358 necnon
1413 2332 1442 2356 et
1457 2327 1483 2356 si
1503 2335 1581 2365 qnos
1599 2326 1695 2362 alios,
1714 2334 1794 2364 quos
1811 2334 1866 2363 per
1884 2325 2001 2354 famam
2020 2329 2074 2353 aut
2090 2332 2144 2361 per

1136 2384 1324 2421 indaginem
1351 2391 1415 2411 non
1448 2380 1662 2418 sollempnem
1688 2378 1877 2409 inveneritis
1906 2377 2079 2416 culpabiles
2109 2377 2143 2405 111

1137 2436 1315 2476 premissis,
1336 2444 1373 2465 ex
1390 2438 1478 2473 parte
1497 2437 1606 2463 nostra
1622 2441 1678 2462 vos
1695 2432 1743 2461 vel
1762 2431 1841 2461 alter
1858 2435 2000 2461 vestrum
2018 2440 2073 2468 per
2090 2438 2144 2459 vos

1138 2491 1185 2520 vel
1206 2499 1261 2528 per
1280 2489 1379 2518 alium
1402 2487 1611 2526 peremptorie
1633 2486 1729 2515 citare
1752 2485 1868 2514 curetis
1892 2488 1925 2513 ut
1950 2483 2035 2512 infra
2062 2482 2142 2512 duo-

1138 2552 1209 2573 rum
1221 2543 1383 2572 mensium
1399 2540 1535 2579 spatium
1550 2543 1618 2577 post
1633 2538 1815 2568 citationem
1831 2535 2016 2574 hujusmodi
2033 2535 2144 2564 inime-

1136 2598 1218 2626 diate
1235 2595 1439 2634 sequentium
1457 2593 1570 2632 prelati
1587 2591 1743 2621 Geraldus
1769 2595 1798 2619 et
1814 2590 1952 2619 decanus
1968 2597 2002 2617 ac
2020 2587 2143 2617 ι1011311-

1136 2661 1192 2682 nes
1211 2650 1438 2690 personaliter,
1460 2648 1578 2686 reliqui
1598 2656 1673 2676 vero
1696 2655 1749 2684 per
1768 2649 1983 2684 procuratores
2002 2643 2144 2681 ydoneos

1134 2705 1173 2734 ad
1191 2705 1248 2734 1100
1265 2702 1446 2742 specialiter
1459 2700 1659 2736 constitutos,
1672 2698 1840 2737 apostolico
1857 2707 1889 2727 se
1903 2696 2081 2735 conspectui
2098 2704 2144 2724 re-

1134 2761 1338 2797 presentem,
1372 2755 1484 2785 facturi
1511 2758 1541 2784 et
1569 2753 1725 2791 recepturi
1752 2760 1846 2790 super
1869 2749 2032 2789 premissis
2060 2748 2144 2787 quod

1134 2811 1210 2841 ordo
1229 2810 1398 2839 dictaverit
1421 2807 1573 2842 rationis;
1594 2807 1699 2844 a'perte
1716 2804 1887 2843 predic-turi
1909 2803 2026 2833 eisdem
2047 2802 2142 2841 quod,

1135 2865 1162 2894 si
1182 2864 1291 2893 venire
1310 2860 1573 2899 contempserint.
1595 2869 1629 2888 ex
1651 2863 1725 2888 tunc
1744 2867 1796 2888 eos
1815 2866 1877 2887 non
1893 2856 1997 2887 solum
2014 2860 2142 2885 senten—

1137 2918 1212 2946 tiam
1232 2913 1573 2945 excommunicationis
1591 2913 1755 2941 incurrere
1782 2920 1893 2940 verum
1918 2910 2012 2939 etiarn
2036 2908 2145 2938 Geral-

1134 2971 1210 3000 ilum
1231 2974 1259 2999 et
1277 2969 1433 2998 decanum
1450 2965 1605 3004 predictos
1622 2965 1770 2994 omnibus
1784 2963 1948 2993 beneficiis
1964 2963 2028 2991 suis
2046 2962 2142 2991 eccle-

1135 3023 1267 3053 siasticis
1290 3021 1427 3060 privatos
1446 3028 1513 3049 esse
1540 3018 1688 3047 volumus
1704 3017 1771 3055 ipso
1791 3017 1882 3046 facto.
1905 3016 1975 3045 Non
1998 3016 2141 3044 obstante

1134 3076 1244 3115 quavis
1261 3076 1342 3105 dicte
1355 3073 1439 3104 sedis
1455 3072 1667 3109 indulgentia,
1683 3071 1913 3109 cujuscumque
1929 3068 2048 3098 tenoris
2065 3067 2145 3097 exis-
