2342 3652
627 328 846 367 PREMIERE
869 326 1024 366 ANNEE.
1049 353 1087 358 —
1110 334 1295 364 LETTRES
1318 334 1543 365 CURIALES.
2082 331 2135 360 129

93 422 106 437 ι
126 410 214 439 Inter
233 407 397 437 universas
416 405 539 435 orbis...
561 422 600 425 —
620 404 691 433 Dat.
714 404 830 439 Reate,
853 412 873 432 v
895 402 1049 432 kalendas

49 461 191 498 octobris,
206 468 293 490 anno
310 459 423 498 primo.
448 471 460 484 n

88 515 126 544 In
141 523 168 544 e.
186 522 229 542 m.
245 512 380 547 Jacoho,
399 511 533 541 Sanctae
550 511 669 539 Mariae
685 509 718 538 in
740 509 799 538 Via
819 509 895 538 Lata
915 507 1049 537 diacono

50 566 216 601 cardinali,
234 564 514 603 archipresbytero
529 563 679 593 basilicae
695 562 828 592 Sanctae
845 560 964 590 Mariae
980 560 1047 589 Ma—

47 621 136 662 ioris,
151 624 182 650 et
200 643 218 649 ..
237 618 345 649 Sancti
366 617 459 647 Pauli
479 617 518 646 de
535 616 621 647 Urbe
639 624 673 645 ac
693 638 712 644 ..
733 614 840 645 Sancti
856 613 996 643 Dionisii
1014 613 1048 642 in

49 673 192 709 ancia,
203 671 396 702 parisiensis
411 670 579 705 dioecesis,
595 668 860 698 monasteriorum
868 666 1046 702 abbatibus,

50 726 178 758 mandat
191 729 226 755 ut
240 724 411 764 praedictis
429 722 604 758 canonicis,
617 720 789 759 capellanis
805 723 836 749 et
852 719 1049 749 beneficiatis

51 787 158 812 eorum
169 777 311 808 redditus
329 777 452 815 integre
463 775 639 805 ministrari
656 773 783 803 faciant.
802 772 873 802 Dat.
895 775 1046 811 utsupra.

84 1025 188 1054 Littera
203 1024 238 1051 de
253 1031 355 1051 securo
371 1022 516 1049 conductu
531 1029 583 1057 pro
599 1022 709 1048 nuntiis
724 1021 839 1048 Alfonsi
849 1042 856 1053 ‚
881 1021 939 1046 nati
954 1029 1048 1055 quon-

50 1076 112 1104 dam
128 1075 202 1102 Petri
219 1073 285 1101 olim
300 1073 377 1108 regis
395 1072 575 1107 Aragonum.
594 1071 676 1104 (Res.
696 1071 738 1102 44,
757 1079 782 1097 c.
800 1070 843 1102 68,
861 1070 878 1097 f.
901 1070 946 1097 101
964 1071 1012 1103 ro.)

321 960 679 994 Sainte-Marie-Majeure,
696 959 729 986 25
746 959 900 986 novembre
917 958 993 985 1288.

87 1190 225 1220 Nicotaus
243 1193 294 1218 etc.
318 1188 539 1217 Venerabilibus
553 1186 704 1223 fratribus
722 1187 871 1215 uniuersis
886 1186 1048 1223 archiepis-

51 1244 128 1282 copis
139 1248 164 1273 et
179 1243 330 1281 episcopis,
348 1250 382 1270 ac
397 1241 512 1270 dilectis
525 1240 601 1278 filiis
617 1241 725 1275 electis,
743 1240 911 1276 abbatibus,
928 1240 1048 1276 priori—
1064 1277 1068 1280 .

51 1297 113 1333 bus,
128 1297 263 1333 decanis,
281 1295 522 1331 archidiaconis,
539 1295 707 1332 prepositis,
722 1294 859 1332 plebanis
879 1299 904 1323 et
921 1294 992 1322 aliis
1008 1303 1049 1324 eo-

50 1350 206 1382 ousiarum
219 1349 357 1388 prelatis,
376 1357 487 1378 necnon
505 1353 531 1377 et
548 1348 697 1376 nobilibus
716 1348 789 1376 viris
810 1347 1045 1383 marchionibus,

51 1403 214 1440 comitibus,
222 1403 356 1438 ducibus,
374 1402 547 1437 baronibus,
559 1401 767 1438 potestatibus,
783 1401 954 1436 rectoribus,
969 1402 1050 1439 eapi-

33 1449 38 1454 ⁵
52 1457 155 1493 tamis,
168 1456 353 1491 consulibus,
371 1455 506 1484 consiliis
521 1459 547 1483 et
562 1454 798 1483 comunitatibus
812 1459 870 1482 lam
887 1455 1045 1483 civitatum

51 1518 139 1549 quam
163 1513 332 1538 castrorum
359 1513 384 1537 et
406 1509 540 1537 aliorum
563 1508 694 1537 locorum
718 1508 757 1536 ad
774 1516 848 1544 quos
875 1508 970 1536 littere
997 1508 1048 1536 iste

48 1563 247 1602 pervenerim,
263 1562 391 1591 salutem
408 1566 460 1591 etc.
478 1560 540 1590 Eos
557 1564 645 1598 rogat
660 1564 690 1589 et
706 1560 851 1590 hortatur
866 1564 900 1589 ut
920 1560 1048 1590 nuntios

51 1614 188 1651 attonsi,
207 1614 273 1644 nati
288 1614 449 1653 quondam
472 1614 558 1644 Petri
579 1613 655 1643 olim
677 1614 760 1652 regis
776 1615 962 1651 Aragonum
979 1638 985 1649 ,
1009 1613 1048 1643 ad

52 1667 155 1699 §edem
168 1666 372 1706 apostolicam
387 1676 420 1697 se
440 1667 684 1704 transferentes,
701 1675 774 1696 cum
791 1666 922 1696 familiis
938 1676 1048 1697 eorum

52 1729 107 1761 per
121 1725 216 1751 terras
231 1724 260 1750 et
275 1720 434 1750 districtus
451 1729 524 1751 suos
540 1721 675 1750 transire
692 1720 791 1750 libere
811 1721 1006 1759 permittant.

92 1785 106 1802 ι
122 1773 249 1804 Pridem
266 1779 334 1813 post
350 1778 493 1804 nostre...
516 1792 553 1796 —
574 1775 646 1804 Dat.
674 1775 771 1804 Reate
793 1774 875 1813 apud
899 1774 1048 1804 Sanctam

54 1827 183 1858 Mariam
197 1827 350 1866 Maj0rem
363 1852 369 1864 ,
383 1837 425 1857 vn
439 1827 593 1858 kalendas
604 1827 795 1866 decem-bris,
811 1836 896 1858 anno
906 1813 1021 1866 primo.
1034 1840 1048 1855 n

85 2011 259 2041 saa-(³41

85 2074 123 2103 Ut
135 2082 230 2110 supra.
246 2074 328 2108 (Rae.
346 2075 389 2106 44,
406 2083 432 2101 c.
449 2075 496 2109 69,
512 2076 532 2102 f.
550 2076 597 2102 101
614 2082 662 2109 v⁰;
680 2076 746 2103 Lar.
764 2086 799 2104 nn
813 2077 912 2107 Tam,
931 2076 953 2110 Ι,
980 2077 1050 2108 165.)

354 2012 699 2048 831υῐε·1113ν1ε-Μ3]“ειιι·θ,
712 2014 743 2041 '25
756 2015 909 2041 novembre
925 2014 998 2042 1288.

90 2174 250 2206 Carissimo
278 2178 312 2206 in
337 2177 454 2207 Christo
483 2178 547 2214 filio
575 2178 741 2216 Phylippo,
768 2180 833 2216 reyi
858 2180 1050 2209 Francorum

0 2270 2 2280 ,
52 2227 177 2259 illustri.
196 2229 276 2259 llum
290 2234 379 2268 rogat
393 2235 428 2260 ut
446 2230 623 2269 praedictos
640 2232 770 2262 nuntios
787 2241 843 2270 per
862 2237 961 2262 terras
978 2241 1050 2262 suas

0 2295 1 2305 ι
53 2283 116 2312 tute
129 2281 264 2312 transire
278 2283 449 2321 permittat.

91 2343 105 2360 α
121 2333 249 2381 Pridem
264 2340 332 2373 post
347 2339 492 2366 nostre...
509 2352 547 2358 —
562 2336 633 2366 Dat.
655 2342 690 2367 ut
706 2346 812 2377 supra.
834 2349 847 2364 a

54 2419 59 2425 .
90 2385 128 2416 In
143 2395 169 2417 e.
188 2386 292 2424 m.'J.,
308 2388 377 2426 regi
390 2389 627 2427 Majoricarum.

90 2437 129 2468 In
143 2447 170 2469 e.
190 2448 233 2470 m.
248 2439 375 2477 Carolo,
393 2442 459 2479 regi
474 2443 662 2480 Aragouum
678 2442 830 2482 (Pei-Tri„
848 2444 988 2483 22834*).

87 2624 270 2654 “2-843
366 2626 712 2663 Sainte-Marie-Majeure,
725 2630 758 2657 ‘25
771 2631 924 2657 novembre
939 2630 1013 2658 1288.

86 2685 126 2713 Ut
139 2694 235 2723 supra.
255 2687 337 2723 (Reg.
355 2689 397 2721 44,
415 2697 440 2715 c.
458 2690 501 2720 70,
517 2690 537 2716 f.
556 2691 602 2717 101
621 2694 673 2724 vo.)

90 2787 197 2818 Dilecto
211 2789 276 2826 filio
290 2790 331 2826 J.‚
349 2791 433 2820 tituli
447 2791 553 2821 Sancte
569 2793 675 2823 Cecilie
687 2796 858 2833 presbytero
874 2796 1050 2832 cardinali,

53 2841 208 2877 apostolice
221 2843 298 2892 sedis
314 2844 425 2881 leqato,
452 2844 582 2874 mandat
606 2850 762 2884 quatenus
788 2848 914 2878 studeat
937 2853 970 2878 ut
993 2858 1049 2879 rex

53 2889 246 2924 Francorum
261 2895 391 2925 nuntios
406 2895 532 2927 Alfonsi
546 2906 600 2936 per
615 2903 714 2929 terras
737 2909 809 2930 suas
826 2905 890 2932 tute
913 2902 1051 2932 transire

95 3008 109 3024 ι
123 2997 251 3029 Pridem
265 3005 333 3039 post
350 3006 493 3033 nostre...
509 3020 548 3026 —
564 3004 626 3035 Dat
642 3010 676 3035 ut
692 3015 800 3046 supra.
821 3020 834 3035 n

193 3064 263 3092 Rae.
284 3066 405 3095 Niconis
425 3068 478 3095 IV.

1413 398 1780 433 Sainte—Marie-MaJeure,
1801 397 1831 423 27
1848 396 2003 422 novembre
2024 395 2097 423 1288.

1166 463 1205 492 In
1229 473 1255 493 e.
1282 472 1325 492 m.
1353 463 1520 498 Carolum,
1549 461 1801 501 primogenitum
1833 458 1936 489 clarae
1963 459 2137 488 memoriae

1129 515 1164 546 C.
1184 517 1268 554 regis
1289 516 1433 553 Siciliae,
1461 521 1548 554 rogat
1567 520 1600 545 ut
1623 514 1802 553 praedictos
1819 513 1948 542 nuntios
1965 521 2020 551 per
2038 516 2136 541 terras

1131 579 1202 599 suas
1220 570 1472 600 ultramontanas
1489 569 1624 599 transire
1643 567 1815 606 permittat.

1172 635 1185 649 ι
1203 623 1334 653 Pridem
1350 627 1441 662 prout
1457 628 1524 653 te...
1543 640 1580 643 —
1596 622 1667 651 Dat.
1688 621 1789 650 Rome
1804 620 1888 658 apud
1903 619 2053 649 Sanctam
2072 618 2136 648 Ma-

1130 676 1211 705 riam
1229 677 1382 715 Maiorem
1396 699 1402 711 ‚
1419 684 1438 705 v
1455 675 1608 704 kalendas
1628 673 1807 704 decembris
1821 697 1827 709 ‚
1843 681 1928 703 anno
1945 673 2059 710 primo.
2082 683 2094 698 ι)

1184 822 1271 850 644

1166 882 1206 909 Ut
1224 890 1320 917 supra.
1340 881 1422 915 (Rae.
1440 882 1487 911 44,
1505 889 1530 907 c.
1547 881 1590 913 71,
1608 881 1626 906 f.
1646 880 1694 907 10?
1712 881 1759 912 r0.)

1410 818 1768 853 Sainte-Marie-Majeuro,
1784 819 1817 844 25
1835 818 1987 845 novembre
2008 817 2083 844 1288.

1171 986 1279 1014 Dilecto
1294 985 1358 1021 filio
1373 984 1466 1013 nobili
1479 985 1546 1012 viro
1558 1005 1578 1012 ..
1600 982 1760 1012 senescallo
1773 982 1938 1010 Provintie.
1954 981 2035 1010 Eum
2051 984 2139 1019 rogat

1133 1043 1165 1069 ut
1183 1038 1358 1077 praedictos
1374 1036 1504 1066 nuntios
1520 1035 1648 1066 Alfousi
1666 1034 1776 1064 venire
1792 1033 1892 1064 libere
1907 1033 2083 1072 permittat.

1173 1104 1186 1119 α
1202 1091 1283 1122 Cum
1300 1091 1381 1121 sicut
1396 1090 1611 1129 accepimus...
1628 1104 1668 1110 —
1686 1088 1758 1117 Dat.
1776 1087 1906 1122 ibidem,
1924 1096 1967 1115 vn
1984 1086 2138 1117 kalendas

1131 1146 1319 1182 decembris,
1336 1152 1422 1175 anno
1438 1143 1554 1182 primo.
1576 1155 1588 1169 n

1202 1293 1288 1320 645
1440 1287 1797 1322 Sainte-Marie-Majeure,
1817 1287 1846 1314 18
1859 1287 1972 1321 janvier
1992 1285 2066 1312 1289.

1166 1354 1299 1382 Perusini
1323 1354 1445 1380 citantur
1469 1359 1564 1379 coram
1589 1350 1657 1377 sede
1683 1350 1849 1384 apostolica.
1873 1348 1956 1382 (Res.
1974 1348 2020 1381 44,
2043 1356 2068 1375 c.
2088 1348 2136 1379 7‘2,

1130 1405 1149 1432 f.
1171 1404 1217 1431 10?
1233 1405 1281 1435 νο.)

1171 1494 1278 1523 Dilecto
1304 1490 1367 1528 filio
1396 1491 1575 1527 Pereqrino,
1601 1489 1750 1526 preposito
1776 1487 1809 1515 tle
1837 1487 1949 1520 Vana,
1981 1486 2139 1522 capellano

1132 1553 1242 1577 nostro.
1276 1546 1311 1575 Ei
1335 1544 1466 1574 mandat
1490 1547 1647 1582 quatenus
1676 1544 1883 1579 potestatem,
1911 1539 2136 1577 capitaneum,

1130 1599 1300 1630 consilium
1317 1603 1344 1627 et
1360 1605 1530 1628 commuue
1547 1595 1730 1629 Perusinos,
1744 1593 1811 1631 qui.
1826 1592 2017 1630 contemptis
2034 1592 2139 1621 omni-

1130 1654 1188 1683 bus
1205 1652 1337 1682 monitis
1349 1655 1379 1681 et
1393 1649 1544 1680 minaciis
1559 1656 1657 1687 papae
1671 1651 1701 1676 et
1714 1646 1903 1676 nuntiorum
1920 1645 2000 1683 ejus,
2020 1644 2140 1674 iterum

1131 1707 1292 1736 civitatem
1326 1709 1356 1734 et
1391 1704 1476 1733 cives
1513 1701 1710 1739 Fuligiuates
1744 1698 1942 1728 multimodis
1979 1696 2140 1727 molestiis

1131 1760 1344 1795 offenderunt,
1361 1766 1397 1787 ac
1412 1757 1507 1787 etiam
1525 1759 1626 1785 castra
1642 1754 1870 1783 Antinnanum
1883 1755 1914 1781 et
1927 1749 2137 1787 Turricellae,

1132 1814 1318 1853 Spoletanae
1341 1812 1505 1845 dioecesis,
1532 1816 1612 1847 quae
1633 1806 1751 1837 nobilis
1774 1806 1835 1835 viri
1853 1803 2015 1843 Raynaldi
2029 1803 2140 1842 Napo-

1130 1866 1232 1897 leonis
1250 1866 1288 1895 de
1304 1864 1461 1902 Fulgineo
1476 1866 1561 1897 sunt,
1577 1864 1700 1891 armata
1716 1867 1818 1888 manu
1835 1861 1998 1896 ceperunt,
2016 1856 2091 1886 citet
2107 1859 2141 1885 ut

1132 1920 1217 1950 infra
1233 1919 1349 1957 viginti
1367 1917 1434 1947 dies
1450 1920 1519 1956 post
1536 1915 1720 1945 citationem
1745 1921 1800 1951 per
1826 1914 2063 1950 procuratorem
2085 1918 2139 1939 seu

1132 1973 1304 2012 syndicum
1322 1973 1525 2008 compareant
1540 1976 1648 1997 coram
1666 1965 1741 1995 sede
1755 1964 1939 2004 apostolica.

1174 2039 1187 2053 α
1205 2025 1436 2056 Perusinorum
1453 2030 1581 2060 gressus
1597 2027 1784 2050 erroneos..
1803 2034 1842 2040 —
1861 2018 1922 2047 Dat
1939 2017 2040 2047 Rome
2057 2015 2141 2054 apud

1132 2080 1282 2110 Sanctam
1299 2078 1435 2108 Mariani
1452 2076 1618 2114 Majorem,
1638 2083 1677 2103 xv
1692 2072 1847 2102 kalendas
1862 2070 2016 2101 februarii
2030 2094 2036 2105 ,
2055 2076 2141 2098 anno

1132 2134 1247 2173 primo.
1267 2145 1281 2159 ³>

1202 2278 1288 2307 646
1432 2271 1793 2307 Sainte-Marie—Majeure,
1814 2271 1845 2298 18
1861 2270 1974 2305 janvier
1993 2269 2068 2296 1289.

1167 2341 1306 2368 Homines
1330 2339 1416 2366 castri
1440 2338 1475 2364 de
1500 2336 1610 2372 Speuo,
1635 2334 1807 2369 spoletanae
1829 2332 1990 2363 dioecesis,
2015 2331 2140 2357 citantur

1132 2398 1227 2418 coram
1243 2389 1311 2416 sede
1327 2388 1492 2423 apostolica.
1511 2386 1592 2420 (Rau.
1611 2385 1653 2417 44,
1671 2394 1695 2410 c.
1714 2384 1757 2416 73,
1777 2383 1796 2409 f.
1816 2382 1864 2409 103
1880 2383 1928 2414 r0.)

1172 2479 1273 2508 Eidem
1291 2476 1420 2506 mandat
1431 2480 1588 2514 quatenus
1599 2473 1746 2503 homiues
1761 2470 1865 2501 Castri
1879 2470 1917 2499 de
1930 2468 2047 2508 Spello,
2065 2467 2140 2506 Spo—

1132 2533 1256 2562 letanae
1271 2529 1441 2565 dioecesis,
1463 2529 1537 2558 citet
1557 2531 1590 2557 ut
1615 2526 1699 2555 infra
1718 2525 1831 2562 viginti
1848 2523 1916 2552 dies
1934 2527 2002 2561 post
2017 2521 2137 2551 citatio-

1133 2594 1208 2616 nem
1223 2593 1278 2623 per
1292 2586 1527 2622 procuratorem
1545 2590 1599 2610 seu
1619 2579 1792 2618 syndicum
1809 2579 2013 2614 compareant
2029 2582 2140 2604 coram

1133 2640 1206 2670 sede
1221 2637 1400 2677 apostolica,
1411 2636 1450 2666 de
1466 2635 1576 2665 eadem
1592 2642 1685 2663 causa
1697 2641 1759 2671 qua
1774 2626 1923 2660 Perusini
1935 2628 2132 2667 responsuri.

1174 2706 1187 2721 <t
1206 2693 1359 2722 Excessus
1374 2688 1573 2719 detestabiles
1588 2692 1655 2717 et...
1675 2703 1713 2707 —
1732 2685 1802 2714 Dat.
1820 2688 1855 2713 ut
1870 2690 1975 2721 supra.
1997 2692 2010 2708 n

1433 2831 1796 2865 Sainte-Marie-Majeure‚
1814 2829 1846 2856 18
1858 2829 1972 2864 janvier
1988 2826 2067 2854 1289-

1204 2839 1288 2869 (342

1167 2903 1271 2930 Contra
1286 2900 1452 2927 Perusinos.
1470 2897 1552 2930 (Rae.
1570 2895 1613 2928 44,
1630 2903 1656 2921 c.
1674 2893 1717 2926 74,
1734 2893 1754 2919 f.
1774 2892 1822 2919 103
1838 2894 1885 2923 πθ.)

1171 3005 1275 3034 Eidem
1295 3000 1424 3031 mandat
1443 3003 1599 3038 quatenus
1618 2996 1656 3025 ad
1676 2995 1838 3026 civitatem
1857 2992 2047 3023 Perusinam
2064 2999 2138 3030 per-

1969 3058 1997 3084 17
