2477 3637
291 410 345 435 fist·
1038 403 1274 434 REGISTRES
1295 404 1349 433 DE
1371 403 1554 433 NICOLAS
1579 404 1634 433 IV.

295 473 527 509 ludulgnntiam
548 472 642 501 unius
656 472 733 500 anni
746 476 772 499 et
792 481 827 500 xi,
843 471 966 500 dierum
984 471 1127 500 concedit
1142 470 1294 499 omnibus

291 525 604 563 ivrepoeniteutilms
621 530 649 553 et
661 524 813 553 ronlessis
829 524 882 562 qui
895 523 1061 553 ecclesiam
1077 523 1240 561 hospitalis
1253 523 1294 552 le-

289 587 451 616 prosorum
470 578 602 606 Sanctae
627 577 748 606 Mariae
774 575 982 613 Magdalenae
1008 576 1046 605 de
1071 576 1154 605 Pede
1178 575 1293 611 Acuti,

288 631 478 667 Λιιῑιμηίιιω1
494 630 662 664 dioecesis,
680 629 774 658 certis
791 629 902 657 [liebus
922 629 1132 657 visitaverint.

329 699 340 710 u
365 685 443 714 Lora
462 687 643 712 sanctoruni
660 682 847 711 oninium...
867 697 906 703 —
930 682 1000 710 Dat.
1020 686 1173 719 utsupra.
1198 692 1210 707 n

328 739 362 767 ln
378 748 404 765 e.
424 746 479 771 nr,
494 744 547 774 pro
563 734 694 764 ecclesia
712 734 819 764 Sancti
837 733 953 772 Angeli
970 734 1122 764 Civitatis
1137 733 1293 764 Castella-

288 800 359 820 11:10.
384 790 420 818 :nl
450 788 603 826 hospitale
625 788 820 826 pontificium
845 788 953 817 Sancti
977 788 1114 826 Spiritus
1138 788 1172 816 iu
1199 787 1293 817 Saxia

285 845 322 872 ‹l=¹
345 843 428 873 Urbe
444 846 614 880 spectante.

328 911 339 922 u
359 896 428 925 Vite
452 895 602 934 perennis
617 895 754 933 gloria...
777 912 816 916 —-
840 895 910 924 Dat.
934 899 968 924 ut
990 904 1096 933 supra.
1118 906 1131 921 »

328 950 361 978 lu
380 958 406 978 e.
426 958 481 980 m..
503 957 557 987 pro
570 948 702 978 ecrlesia
723 948 831 978 Sancti
851 947 971 987 Ypoliti
988 948 1134 978 Civitatis
1145 947 1294 977 Castella-

286 1011 356 1039 nae,
376 1003 414 1031 ad
432 1002 516 1031 idem
537 1001 694 1040 hospitale
707 1005 879 1040 spectante.
899 1002 969 1031 Dat.
988 1006 1142 1039 utsupra.

794 1081 924 1109 (li-vieto.
941 1080 957 1107 9
973 1080 1124 1107 decembre
1143 1080 1220 1108 1290.

326 1144 362 1173 In
380 1153 407 1174 e.
429 1153 472 1173 1n.
491 1143 653 1173 universis
669 1143 790 1173 Christi
809 1143 959 1173 fidelibus
976 1152 1031 1182 per
1050 1143 1291 1181 Belvacensem,

286 1197 577 1234 Rotlioinagensem
598 1201 627 1226 et
645 1197 899 1226 Ambianensem
919 1197 1065 1226 civitates
1084 1201 1114 1226 et
1132 1196 1292 1227 dioeceses

284 1251 474 1280 constitutis.
498 1250 736 1287 Indulgentlam
761 1255 889 1280 centum
909 1250 1034 1280 dierum
1055 1251 1201 1281 concedit
1223 1259 1293 1280 oni-

284 1303 377 1332 nibus
393 1312 464 1333 vere
478 1303 714 1341 poenitentibus
731 1308 760 1333 et
773 1304 927 1333 confessis
942 1304 996 1342 qui
1011 1304 1163 1334 fratribus
1180 1303 1293 1334 domus

284 1355 478 1394 leprosorum
496 1356 534 1385 de
552 1356 634 1386 Malo
650 1357 746 1394 Rege,
760 1356 966 1386 Belvacensis
979 1356 1144 1394 dioecesis,
1158 1366 1291 1387 manum

283 1410 423 1439 caritatis
439 1410 647 1448 porrexerint.

325 1474 338 1488 ιι
368 1463 527 1499 Quoniam
554 1466 587 1492 ut
615 1463 695 1492 ait...
726 1479 766 1486 —-
796 1463 868 1493 Dat.
899 1464 982 1502 apud
1011 1465 1292 1502 Urbemveterem,

285 1525 304 1544 v
319 1515 390 1545 idus
406 1516 594 1553 decembris,
611 1525 697 1547 anno
716 1517 818 1547 tertio.
838 1529 852 1544 n

353 1701 595 1730 3859-3861

322 1762 473 1798 Philippus
490 1764 664 1791 monasterio
681 1763 778 1791 Sancti
795 1764 953 1792 salvatoris
971 1764 1089 1799 Maioris
1104 1766 1193 1792 abbas
1210 1774 1292 1801 prae-

283 1813 386 1839 ficitur.
403 1812 485 1844 (stac.
502 1813 545 1844 45,
562 1822 587 1840 c.
604 1813 664 1845 603,
683 1813 702 1839 1.
723 1813 767 1840 121
787 1815 832 1845 r0.)

776 1702 903 1737 Orvieto‚
921 1703 954 1730 ‘20
970 1702 1122 1730 decembre
1140 1704 1218 1731 1290.

322 1915 485 1952 ΡΙιῃΙίμμο,
505 1916 602 1945 abbati
624 1918 802 1946 monasterii
824 1916 931 1946 Sancti
958 1917 1128 1947 Salvatoris
1150 1919 1290 1956 Major-is,

282 1968 321 1996 ad
344 1977 505 1998 romanam
534 1968 685 1999 ecclesiam
715 1971 801 2000 nullo
829 1971 928 2000 medio
949 1972 1148 2009 pertinentis,
1172 1973 1292 2002 ordinis

281 2022 311 2050 S.
335 2022 499 2057 Benedicti,
517 2022 637 2052 Reatino
652 2024 785 2052 diocesis.
804 2023 886 2053 Eum
903 2032 921 2053 a
936 2023 1067 2054 vinculo
1084 2033 1147 2063 quo
1162 2033 1291 2057 monas-

283 2074 361 2104 terio
379 2074 569 2104 Sanctorum
588 2076 737 2106 Andreae
754 2080 784 2106 et
800 2076 949 2106 Silvestri
971 2080 1096 2108 tenetur
1111 2078 1247 2109 absolvit
1262 2084 1292 2110 et

283 2129 476 2158 monasterio
492 2128 599 2158 Sancti
616 2129 792 2160 Salvator-is
810 2130 955 2169 Majoris‚
967 2140 1023 2170 per
1039 2132 1291 2171 resignationem

284 2180 386 2218 Egidii
402 2182 542 2218 vacanti,
557 2183 703 2213 abbatem
719 2183 874 2221 praeficit.

324 2246 337 2259 «
357 2234 440 2263 Dum
456 2239 573 2265 attente
589 2237 892 2268 considerationis...
910 2255 949 2261 —
965 2239 1037 2268 Dat.
1055 2239 1138 2278 apud
1155 2240 1291 2271 Urbem-

283 2291 440 2323 veterem‚
460 2297 513 2317 xm
531 2288 684 2319 kalendas
699 2290 862 2328 januarii,
879 2300 966 2322 anno
983 2293 1084 2322 tertio.
1104 2305 1119 2319 »

323 2338 360 2367 Iu
377 2348 403 2368 e.
424 2348 465 2368 m.
489 2362 508 2368 ..
530 2341 627 2378 priori
643 2346 674 2371 et
691 2343 863 2373 conventui
882 2345 1068 2375 monasterii
1090 2345 1199 2376 Sancti
1220 2346 1289 2376 Sal—

282 2391 398 2421 vatoris
416 2393 545 2431 Majoris
568 2395 698 2424 mandat
715 2399 747 2425 ut
773 2396 913 2435 praefato
931 2397 1039 2428 abbati
1061 2398 1200 2429 debitam
1215 2400 1290 2431 obe-

281 2443 435 2474 dientiam
452 2446 634 2483 praebeant.

324 2496 359 2525 In
377 2506 403 2527 e.
423 2507 466 2527 m.
486 2499 643 2529 universis
660 2501 802 2532 vassallis
817 2503 1004 2533 monasterii
1018 2503 1126 2535 Sancti
1145 2505 1290 2538 Salvato-

282 2549 325 2578 ris
344 2550 487 2589 MaJ'oris.

353 2736 468 2764 3862
771 2740 898 2774 Orvieto,
915 2743 948 2770 24
965 2744 1120 2772 novembre
1137 2745 1214 2773 1290.

318 2796 501 2831 Dispensatio
517 2801 700 2827 matrimonii.
719 2801 803 2835 (Rea.
821 2804 863 2837 45,
881 2812 906 2831 c.
923 2805 984 2836 604,
1007 2807 1025 2832 s.
1044 2807 1090 2834 121
1109 2814 1150 2841 r⁰;
1170 2807 1286 2843 Poma„

282 2846 390 2878 aine.)

329 2963 354 2989 1»
368 2965 492 2993 ‹nratiti
510 2967 603 3001 fratri
622 2989 640 2996 ..
659 2969 790 3006 rpiscopo
807 2970 1036 3002 tinniet-aderisi
1051 2975 1222 3005 committit
1234 2984 1286 3014 po-

285 3019 423 3044 testatuum
451 3016 656 3055 dispensandi
680 3029 752 3050 cum
776 3022 874 3052 nobili
896 3024 964 3054 viro
981 3026 1133 3057 Jolianne
1149 3028 1232 3059 dicto
1249 3029 1288 3060 de

285 3067 415 3097 Laniare
436 3073 463 3098 vt
477 3070 626 3101 Johauna
642 3073 804 3111 Imgrosse,
822 3076 957 3108 muliere
973 3079 1054 3118 ejus,
1075 3081 1155 3111 utin
1176 3083 1287 3113 matri-

1380 470 1488 499 monio
1506 470 1589 508 quod
1613 470 1687 500 olim
1704 473 1930 499 contraxerunt
1956 473 1985 499 et
2002 470 2034 498 in
2056 478 2119 508 quo
2142 469 2224 499 filios
2243 479 2383 510 procrea-

1380 527 1464 554 runt,
1484 523 1667 559 ignorantes
1682 522 1854 560 quamdam
1867 521 2035 551 mulierem
2050 531 2067 551 a
2078 522 2227 552 Johanne
2239 528 2313 554 ante
2327 525 2384 556 hoc

1379 576 1622 606 matrimonium
1643 575 1813 605 carnaliter
1830 576 1991 613 cognitam
2013 576 2117 605 eidem
2135 576 2303 607 Johannae
2321 581 2384 608 ter-

1379 629 1421 658 tio
1443 629 1733 667 consanguinitatis
1758 629 1858 667 gradu
1879 629 2083 667 conjunctam
2110 638 2198 666 esse,
2220 639 2385 662 remanere

1379 682 1516 710 valeant.

1420 747 1434 761 «
1456 735 1571 765 Petilio
1593 735 1701 764 dilecti
1721 734 1818 766 filii...
1842 753 1881 758 —
1905 736 1975 766 Dat.
1998 737 2081 775 apud
2100 736 2383 775 Urbemveterem,
2419 774 2423 779 ,

1378 797 1433 817 vni
1450 787 1604 817 kalendas
1621 787 1818 825 decembris,
1838 797 1924 818 anno
1938 789 2039 819 tertio.
2058 801 2072 815 ν

1449 946 1700 974 3863-3886

1412 1008 1579 1035 Tei-minum
1604 1008 1732 1035 decimae
1757 1018 1772 1035 a
1797 1009 1873 1035 clero
1900 1009 2108 1041 Vll-dunensis,
2131 1009 2290 1045 Tussensis,
2314 1009 2387 1038 Leo-

1377 1057 1486 1083 diensis
1501 1061 1529 1083 et
1545 1057 1683 1094 Metensis
1699 1057 1875 1084 dioecesium
1890 1059 1949 1092 regi
1964 1058 2098 1086 Franciae
2110 1067 2160 1093 pro
2177 1059 2292 1094 negotio
2305 1060 2387 1095 regni

1376 1106 1541 1141 Aragoniae
1559 1107 1712 1133 solvendae
1732 1111 1877 1142 prorogat.
1896 1107 1977 1140 (Rae.
1995 1108 2038 1141 45,
2056 1117 2079 1135 c.
2099 1109 2161 1143 605,
2178 1109 2197 1135 f.
2217 1108 2262 1136 12¹
2281 1110 2334 1142 νο.)

1871 946 1998 977 Orviem,
2016 946 2048 974 ‘2⁶2
2066 948 2220 974 novembre
2238 947 2313 976 ¹290.

1423 1209 1592 1238 Venerabili
1604 1211 1701 1246 fratri
1721 1232 1740 1239 ..
1758 1211 1891 1248 episcopo
1907 1215 1933 1240 ct
1951 1210 2065 1240 dilectis
2080 1211 2155 1248 fillis
2169 1211 2300 1249 capituto
2321 1211 2386 1242 Vir-

1376 1263 1581 1299 (ltmcnsibus,
1601 1271 1717 1292 necnon
1738 1264 1817 1292 clero
1840 1264 1975 1293 civitatis
1990 1268 2017 1292 et
2033 1264 2157 1293 dlocesis
2179 1264 2384 1295 Virdunenst's.

1378 1328 1392 1341 «
1405 1315 1453 1345 Ad
1469 1316 1711 1346 universitatem
1721 1321 1898 1346 vestram...
1909 1316 1994 1346 Sane
2005 1321 2145 1356 porrecta
2154 1317 2245 1348 nobis
2254 1327 2290 1348 ex
2300 1321 2386 1357 parte

1376 1374 1481 1399 vestra
1494 1369 1603 1408 petitio
1617 1370 1800 1399 continebat
1813 1370 1909 1408 quod,
1921 1379 1994 1400 cum
2011 1379 2069 1400 nos
2082 1370 2159 1400 olim
2173 1370 2340 1402 carissimo
2351 1371 2386 1402 in

1376 1422 1502 1453 Christo
1514 1422 1580 1452 filio
1593 1445 1613 1452 ..
1629 1424 1696 1461 regi
1706 1413 1844 1453 'Francie
1855 1423 1974 1452 illustri
1988 1424 2145 1454 decimam
2160 1424 2306 1454 omnium
2317 1423 2386 1454 red-

1377 1476 1503 1506 dituum
1525 1480 1556 1507 et
1582 1481 1795 1516 proventuum
1820 1475 2112 1507 ecclesiasticorum
2130 1477 2164 1506 in
2187 1477 2386 1508 Vix-dunensi

1376 1530 1504 1560 civitate
1516 1534 1546 1560 et
1559 1530 1688 1566 diocesi,
1702 1538 1757 1568 pro
1774 1531 1903 1568 negotio
1919 1530 2011 1575 regni
2028 1530 2202 1568 Aragonie‚
2217 1539 2272 1569 per
2287 1530 2385 1561 trien-

1376 1583 1468 1613 nium
1486 1583 1726 1622 percipiendam
1741 1583 1781 1613 ab
1796 1583 1881 1622 ipso,
1899 1584 2087 1613 auctoritate
2102 1583 2274 1624 apostolica
2288 1583 2396 1630 duxe-·

1376 1637 1478 1666 rimus
1500 1636 1757 1672 concedendam,
1787 1637 1881 1666 certis
1906 1646 1960 1675 per
1988 1641 2112 1667 nostras
2137 1636 2260 1667 litteras
2286 1637 2386 1676 ipsius

1376 1690 1498 1720 decime
1515 1689 1736 1720 collectoribus
1754 1690 1924 1730 deputatis,
1942 1699 1996 1720 vos
2010 1690 2051 1720 ob
2064 1694 2149 1720 certa
2167 1691 2356 1729 gravamina
2367 1699 2386 1721 a

1375 1743 1570 1782 quibusdam
1589 1743 1790 1782 processibus
1808 1743 1966 1774 dictorum
1985 1743 2204 1780 collectorum,
2220 1747 2256 1774 ut
2269 1743 2386 1774 asseri·

1376 1797 1429 1833 tis,
1447 1796 1486 1826 ad
1502 1796 1611 1826 sedem
1634 1796 1839 1835 apostolicam
1863 1796 2063 1836 appellastis,
2086 1801 2117 1827 et
2138 1796 2178 1827 de
2200 1796 2386 1836 hujusmodi

1374 1850 1587 1890 appellatione
1602 1850 1715 1881 confisi
1732 1851 1869 1881 eandem
1885 1851 2044 1881 decimam
2062 1851 2217 1881 hactenus
2239 1859 2304 1882 non
2321 1850 2386 1882 sol-

1374 1904 1475 1935 vistis.
1496 1904 1601 1940 Quare
1615 1912 1672 1943 pro
1687 1909 1775 1943 parte
1793 1900 1897 1934 vestra
1919 1904 1979 1934 suit
2003 1904 2096 1935 nobis
2120 1900 2386 1944 humiliter'sup-

1374 1957 1526 1996 plicatum
1545 1962 1578 1988 ut
1593 1958 1706 1987 vestris
1722 1957 1756 1987 in
1778 1957 1838 1988 hac
1855 1961 1943 1996 parte
1958 1957 2202 1995 gravaminibus
2219 1957 2387 1997 providero

1374 2011 1412 2042 de
1428 2012 1625 2049 benignitate
1643 2011 1815 2050 apostolica
1832 2020 2030 2041 curaremus.
2049 2011 2169 2041 Verum
2189 2010 2264 2042 licet
2279 2011 2384 2042 inten-

1375 2066 1471 2096 tionis
1493 2069 1598 2095 nostre
1617 2065 1714 2095 suerit
1742 2069 1772 2095 et
1791 2065 1904 2095 existat
1929 2068 1962 2094 ut
1984 2065 2094 2095 eadem
2115 2065 2240 2096 decima
2261 2065 2386 2104 integre
2412 2095 2414 2098 .

1374 2118 1587 2157 persolvatur,
1610 2127 1667 2148 nos
1685 2118 1827 2148 volentes
1853 2117 2086 2148 nichilominus
2105 2118 2195 2149 vobis
2215 2127 2311 2158 super
2325 2117 2385 2149 hoc
2408 2115 2412 2119 ’

1374 2172 1413 2202 de
1429 2172 1549 2202 salubri
1567 2172 1709 2202 remedio
1732 2172 1918 2211 providere,
1943 2172 2092 2211 quodque
2114 2176 2223 2202 nostra
2245 2171 2386 2211 predicta

1373 2226 1537 2256 concessio
1556 2225 1741 2256 nullatenus
1758 2224 1973 2263 dispendiosis
1988 2224 2166 2263 litigiorum
2188 2224 2414 2257 anfractibus

1373 2280 1567 2317 involvatur,
1590 2279 1764 2309 terminum
1785 2278 1955 2309 solut-ionis
1976 2278 2119 2317 ejusdem
2145 2279 2269 2309 decime
2290 2275 2406 2330 primi·

1373 2336 1463 2371 anni,
1477 2334 1544 2374 qui,
1558 2333 1763 2370 utasseritur,
1775 2333 1808 2362 in
1817 2333 1895 2363 festo
1903 2332 2088 2363 Nativitatis
2100 2332 2232 2363 Domini
2241 2332 2384 2372 proximo

1374 2393 1508 2419 venturo
1524 2386 1751 2425 complebitur,
1777 2395 1880 2424 usque
1904 2385 1943 2415 ad
1967 2385 2084 2415 festum
2101 2385 2286 2415 Nativitatis
2301 2384 2384 2426 beati

1371 2441 1529 2473 Johannis
1558 2441 1698 2480 Baptiste
1723 2441 1868 2479 proximo
1894 2439 2037 2469 futurum
2068 2439 2158 2470 vobis
2185 2439 2225 2470 de
2254 2437 2387 2479 speciali¹

1372 2496 1473 2535 gratia
1489 2503 1715 2535 prorogamus,
1734 2493 1876 2524 volentes
1899 2493 1985 2532 quod
2005 2497 2081 2523 tunc
2101 2501 2157 2532 pro
2179 2492 2262 2524 dicto
2279 2493 2381 2532 primo

1371 2557 1458 2581 anno
1475 2549 1634 2579 decimam
1649 2548 1775 2586 integre
1800 2546 1988 2586 persolvatis
2011 2546 2166 2583 eandem,
2193 2551 2224 2577 et
2245 2555 2282 2577 ex
2308 2551 2383 2578 tunc

1371 2613 1428 2644 per
1442 2603 1521 2633 duos
1538 2610 1640 2632 annos
1658 2600 1844 2631 immediate
1861 2603 2030 2640 sequentes
2044 2600 2079 2630 in
2095 2599 2221 2631 duobus
2237 2599 2383 2631 terminis

1371 2656 1513 2696 quolibet
1528 2663 1625 2691 anno,
1644 2654 1849 2684 medietatem
1865 2653 2013 2684 videlicet
2033 2653 2067 2683 in
2084 2653 2215 2684 Domini
2237 2657 2268 2684 et
2285 2653 2382 2684 aliam
2400 2646 2402 2651 ’

1371 2710 1576 2740 medietatem
1595 2708 1629 2738 in
1649 2707 1735 2738 beati
1748 2707 1910 2738 Johannis
1928 2707 2068 2746 Baptiste
2087 2707 2302 2738 Nativitatem
2312 2713 2381 2746 pre-

1371 2764 1529 2794 dictarum
1546 2761 1782 2797 festivitatibus,
1800 2761 1916 2790 dictam
1937 2760 2094 2790 decimam
2111 2759 2308 2800 persolvatis.
2324 2758 2380 2790 Ge·
2396 2791 2398 2796 ,

1373 2820 1516 2847 terum...
1543 2814 1897 2850 excommunicationis,
1920 2813 2140 2852 suspensionis
2166 2816 2197 2843 et
2221 2810 2382 2844 interdicti

1372 2870 1558 2906 sententias,
1580 2869 1606 2898 si
1623 2877 1702 2907 quas
1719 2868 1884 2899 occasione
1901 2867 1982 2897 dicte
1997 2867 2120 2897 decime
2146 2866 2301 2897 hactenus
2316 2872 2393 2897 non-

1372 2923 1474 2954 solute
1496 2922 1627 2953 forsitan
1646 2921 1842 2958 incurristis,
1860 2921 1898 2950 ad
1919 2919 2077 2951 cautelam
2092 2920 2280 2951 auctoritate
2292 2926 2382 2959 apos-
2400 2924 2403 2927 ’

1372 2977 1466 3008 tolica
1491 2976 1682 3007 relaxamus.
1718 2976 1947 3014 Dispensantes
1974 2983 2046 3004 cum
2074 2979 2216 3004 vestrum
2241 2971 2397 3012 singulis

1373 3040 1467 3070 super
1485 3029 1722 3067 irregularitate
1739 3029 1764 3059 si
1780 3037 1874 3068 quam
1899 3028 2027 3058 forsitan
2045 3027 2286 3058 contraxistis...
2306 3025 2376 3057 Dat.

1372 3083 1455 3123 apud
1465 3081 1934 3118 Urbemveterem,xkalendas
1946 3080 2137 3117 decembris,
2150 3089 2236 3111 anno
2246 3079 2347 3110 tertio.
2363 3089 2377 3106 ι
2400 3053 2436 3125 i:
