2477 3637
192 359 250 389 418
940 347 1176 379 REGISTRES
1199 347 1253 377 DE
1275 345 1459 377 NICOLAS
1482 346 1538 376 IV.

194 422 433 461 Indulgentiam
449 419 547 450 unius
565 417 643 447 anni
666 421 694 446 et
710 426 747 445 xi.
767 415 892 445 dierum
911 414 1056 445 concedit
1074 414 1120 444 eis
1145 413 1200 452 qui

193 476 358 508 ecelesiam
391 475 503 503 Beatae
535 470 654 500 Mariae
690 469 728 498 de
767 467 956 504 Brevelaco,
991 467 1201 497 Eboracensis

193 529 363 563 dioecesis,
388 527 420 555 in
449 523 585 562 singulis
611 523 720 552 beatae
748 522 867 551 Mariae
898 520 1034 558 virginis
1061 524 1091 550 et
1118 519 1200 549 beati

193 582 352 613 Johannis
371 579 530 617 Baptistae
553 577 591 606 de
608 575 780 606 Brevelaco
799 574 1041 609 festivitatibus,
1065 581 1119 612 per
1133 576 1202 602 octo

194 637 261 665 dies
281 633 466 663 festivitates
489 631 573 668 ipsas
599 628 784 658 immediate
809 631 977 667 sequentes
997 631 1028 656 et
1049 626 1084 655 in
1110 626 1202 655 anni-

194 687 332 719 versario
355 686 407 715 die
429 683 638 714 dedicationis
654 682 799 721 ejusdem
818 680 968 711 ecclesiae
988 679 1200 709 visitaverint.

237 755 248 767 ιι
277 741 358 770 Loca
381 742 562 768 sanctorum
588 736 774 766 omnium...
804 751 841 756 —-
868 734 938 764 Dat.
967 734 1090 768 Rome,
1118 731 1202 771 apud

195 796 344 825 Sanctam
360 792 496 822 Mariam
512 791 685 829 Majorem,
700 798 742 818 vn
762 796 864 818 nonas
885 786 955 826 (sic)
977 786 1099 822 martii,
1117 792 1202 814 anno

195 853 298 878 terno.
317 858 331 873 »

267 1026 380 1055 2401

234 1087 420 1123 Dispensatio
436 1094 524 1121 super
540 1085 701 1120 pluralitate
716 1084 932 1110 beneficiorum.
952 1081 1032 1114 (Res.
1051 1081 1100 1112 45,
1117 1088 1143 1107 e.
1162 1080 1204 1112 55,

196 1139 217 1165 f.
234 1137 250 1165 9
272 1143 315 1169 vo;
332 1136 400 1162 Lar.
417 1144 451 1162 nu
467 1134 566 1165 Tuum,
584 1133 637 1164 ΠΙ,
654 1134 707 1165 48.)

529 1022 891 1056 Sainte-MarIe-Majeure,
913 1020 945 1047 ‘20
963 1027 1039 1046 mars
1055 1018 1132 1046 1290.

237 1240 381 1277 Mayislro
407 1237 570 1267 Guz‘tlelmo
600 1236 677 1264 (licto
699 1235 801 1270 Mlllli,
828 1234 939 1263 decano
965 1233 1080 1262 ecclesie
1102 1232 1208 1262 Sancti

197 1294 337 1331 Sepulcri
352 1293 386 1321 de
405 1292 546 1325 Caclomo,
564 1290 732 1326 BaJ'ocensz‘s
749 1288 884 1323 diocesis,
903 1285 1050 1323 indulget
1067 1289 1101 1315 ut
1116 1293 1208 1323 prae-

198 1351 244 1377 ter
273 1346 463 1375 decanatum
495 1351 589 1372 suum
619 1350 722 1372 unum
742 1340 830 1370 aliud
854 1339 1047 1369 beneficium
1068 1339 1209 1377 recipere

198 1399 307 1439 possit.

239 1465 254 1479 «
284 1450 465 1491 Apostolice
488 1449 571 1479 sedis
599 1448 820 1486 benignitas...
837 1464 875 1468 —
900 1447 972 1476 Dat.
996 1447 1107 1483 Rome,
1125 1445 1209 1484 apud

200 1507 350 1537 Sanctam
375 1504 510 1534 Mariam
532 1503 686 1542 Majorem
701 1525 710 1539 ,
732 1511 787 1531 xm
806 1500 961 1531 kalendas
976 1499 1106 1539 aprilis,
1123 1507 1209 1530 anno

202 1560 305 1591 tertio.
325 1571 338 1587 7>

275 1746 394 1775 2402

239 1809 352 1837 Domus
367 1807 505 1843 quaedam
521 1807 658 1842 episcopo
674 1805 864 1832 Ambiancnsi
881 1805 1051 1831 restituitur.
1065 1803 1148 1837 (Rus.
1166 1804 1209 1838 45,

203 1867 228 1886 c.
249 1859 291 1889 56.
308 1859 327 1886 f.
350 1859 435 1890 101·⁰;
454 1857 522 1883 [ΛΡ.
540 1865 574 1883 nu
590 1855 690 1886 Tuan„
707 1854 759 1886 111,
771 1854 825 1886 26.)

540 1742 898 1777 Sainte-Marie-Majeure,
915 1741 949 1768 23
965 1749 1043 1768 mars
1060 1741 1138 1768 1290.

253 1961 419 1991 Venerabili
430 1960 524 1997 fratri
536 1959 708 1994 Gnillelmo,
722 1958 853 1995 episcopo
864 1957 1073 1986 Ambianensi.
1087 1968 1100 1983 α
1115 1956 1213 1994 Expo-

206 2015 297 2044 suisti
310 2013 402 2044 nobis
416 2012 500 2051 quod
514 2013 547 2041 in
566 2016 618 2041 tua
631 2011 749 2041 diocesi
763 2010 900 2049 quedam
915 2010 1027 2040 domus
1043 2009 1215 2039 constituta

207 2067 384 2098 dinoscitur
417 2075 478 2104 que
506 2065 720 2094 Petronosum
752 2063 926 2101 vulgariter
953 2067 1158 2101 nuncupatur
1185 2067 1216 2092 et

206 2130 268 2160 que
286 2129 359 2150 cum
385 2119 536 2149 omnibus
562 2118 654 2148 bonis
677 2122 707 2147 et
727 2117 854 2156 juribus
876 2125 912 2146 ac
930 2116 1134 2155 pertinentiis
1149 2116 1215 2146 suis

207 2174 247 2204 ad
272 2182 417 2203 mensam
436 2171 668 2201 Ambianensis
689 2171 826 2210 episcopi
852 2169 946 2209 pleno
966 2171 1039 2209 Jure
1060 2169 1217 2208 pertinuit

207 2228 247 2258 ab
263 2227 396 2266 antiquo
411 2249 416 2260 ‚
435 2225 509 2255 licet
531 2226 613 2255 bone
629 2225 785 2254 memorie
807 2223 1009 2253 Theobaldus
1024 2247 1030 2260 ,
1051 2223 1216 2262 episcopus

207 2280 455 2316 Ambianensis,
473 2279 675 2318 predecessor
692 2283 781 2316 tuus,
799 2277 922 2316 aliquos
938 2277 1108 2307 canonicos
1123 2286 1216 2315 regu-

172 2364 174 2369 ,
207 2335 291 2365 lares
307 2335 342 2364 in
359 2344 395 2364 ea
410 2333 556 2363 statuerit
571 2332 750 2368 servitores,
769 2331 929 2370 assignata
944 2331 989 2361 eis
1005 2339 1061 2370 pro
1078 2331 1162 2361 victu
1178 2330 1217 2360 de

208 2389 309 2428 ipsius
335 2388 448 2418 domus
475 2386 653 2416 redditibus
682 2385 788 2424 aliqua
817 2385 963 2424 portione
974 2408 983 2422 ‚
1011 2385 1215 2415 administra-

209 2438 330 2472 tionem
346 2440 561 2480 spiritualium
575 2444 604 2469 et
619 2438 844 2478 temporalium
857 2447 893 2468 ac
908 2447 1116 2478 personarum
1127 2438 1217 2468 insti-

210 2495 367 2525 tutionem
384 2494 419 2523 in
436 2503 472 2523 ea
488 2493 549 2523 sibi
566 2493 697 2532 suisque
713 2492 950 2522 successoribus
967 2491 1135 2522 retinendo
1147 2514 1157 2528 ,
1174 2492 1219 2521 ita

209 2549 294 2588 quod
309 2549 337 2578 si
353 2548 519 2577 memorati
541 2546 688 2576 canonici
704 2545 854 2576 cederent
870 2545 920 2575 vel
937 2545 1145 2581 decederent,
1164 2548 1219 2575 aut

209 2607 335 2641 propter
355 2602 497 2640 ipsorum
514 2600 673 2630 defectum
698 2608 754 2629 seu
772 2599 880 2638 culpas
903 2608 955 2629 eos
971 2599 1009 2629 de
1024 2599 1107 2629 dicta
1124 2599 1219 2630 domo

210 2655 410 2693 contingeret
424 2655 576 2690 amoveri,
594 2653 736 2683 redditus
751 2661 806 2692 pro
817 2653 947 2683 illorum
962 2653 1049 2683 victu
1064 2653 1219 2691 assignati

211 2708 331 2738 eisdem
346 2707 445 2737 libere
458 2716 493 2737 ac
509 2707 602 2746 pleno
616 2707 687 2745 jure
703 2706 742 2736 ad
754 2715 899 2737 mensam
916 2706 1217 2744 redirenteandem,

213 2761 360 2800 quodque
388 2761 527 2799 prefatus
553 2761 718 2799 episcopus
748 2769 802 2799 per
832 2759 990 2790 seculares
1017 2759 1218 2798 presbyteros

213 2819 316 2853 posset
331 2815 365 2844 in
378 2814 510 2845 ecclesia
524 2815 608 2844 infra
624 2818 710 2853 septa
721 2814 835 2844 domus
849 2818 1023 2843 memorate
1039 2817 1219 2844 constructa

213 2867 316 2897 facere
333 2868 498 2897 deserviri.
515 2868 597 2898 Cum
614 2871 733 2903 autem,
752 2872 785 2897 ut
803 2867 929 2904 asseris,
945 2875 1056 2897 omnes
1071 2867 1218 2897 canonici

215 2921 386 2958 supradicti
400 2912 464 2960 jam
483 2922 636 2951 cesserint
651 2921 700 2951 vel
716 2920 911 2950 decesserint
927 2925 981 2951 aut
999 2929 1017 2950 a
1037 2920 1131 2950 domo
1151 2920 1219 2959 ipsa

214 2982 250 3002 ex
266 2974 369 3003 causis
392 2974 543 3011 legitimis
560 2975 624 3004 sint
646 2975 765 3011 amoti,
782 2973 947 3013 providere
964 2983 1059 3013 super
1082 2973 1159 3010 hoc,
1178 2982 1218 3003 ne

216 3034 328 3056 mensa
344 3027 482 3065 predicta
500 3028 564 3057 suis
578 3028 705 3066 juribus
724 3027 940 3065 defraudetur,
963 3027 1002 3058 de
1018 3027 1217 3066 benignitate

1283 411 1375 442 solita
1397 420 1594 441 curaremus.
1618 411 1684 440 Nos
1704 410 1827 448 itaque,
1855 409 1917 438 tuis
1934 409 2221 448 supplicationibus
2237 410 2289 438 in-

1283 464 1407 498 clinati.
1430 464 1602 503 predictam
1619 463 1768 498 domum,
1786 470 1859 491 cum
1879 462 2030 492 omuibus
2048 461 2140 491 bonis
2159 465 2188 491 et
2203 462 2288 499 juri-

1283 518 1342 548 bus
1357 518 1438 553 suis,
1457 518 1539 546 sicut
1554 525 1589 545 ea
1602 517 1686 554 juste
1704 514 1844 554 possides
1860 519 1890 544 et
1911 515 2034 553 quiete,
2061 514 2118 543 tibi
2142 519 2172 544 et
2189 523 2242 552 pro
2261 518 2290 544 te

1283 570 1521 601 succrssoribus
1539 570 1600 599 tuis
1618 578 1654 599 ac
1673 569 1778 598 eidem
1796 577 1907 598 mense
1923 569 2108 598 auctoritate
2123 567 2291 606 apostolica

1283 624 1512 655 confirmanius
1530 629 1601 659 utel,
1620 631 1720 660 usque
1743 621 1994 652 communimus.
2015 620 2106 650 Nulli
2124 630 2198 658 ergo
2213 623 2289 657 etc„

1284 682 1390 707 nostre
1415 676 1667 707 ‹·011fi1·mationis
1692 679 1750 705 etc.
1784 675 1854 704 Dat.
1887 675 2004 711 Rome,
2034 674 2118 714 apud
2143 673 2292 704 Sanctam

1286 731 1420 761 Mariam
1439 730 1609 768 Majorem,
1626 737 1645 758 x
1659 727 1814 758 kalendas
1830 727 1951 766 aprilis,
1968 735 2054 757 anno
2072 727 2176 757 tertio.
2197 738 2211 753 n

1357 902 1478 932 2403

1321 966 1496 993 Consulatus
1511 964 1658 992 communi
1674 962 1798 990 Faneusi
1819 962 2015 989 confirmatur.
2033 961 2117 996 (Rea.
2135 961 2180 993 45.
2197 969 2224 989 c.
2241 962 2292 1000 57,

1286 1015 1305 1042 f.
1323 1015 1356 1042 10
1373 1022 1415 1048 r⁰;
1434 1014 1552 1047 Poma,
1568 1012 1677 1044 23230.)

1623 900 1984 935 Sainte·Ma1·ie-Majeure,
1998 900 2032 927 23
2049 908 2127 927 mars
2143 899 2222 927 1290.

1329 1117 1450 1146 Dile’clis
1464 1116 1539 1154 filiis
1561 1138 1581 1146 ..
1603 1116 1745 1154 potestati
1761 1119 1786 1144 ει
1802 1114 1961 1144 communi
1977 1113 2167 1143 Fanensibus
2183 1120 2298 1143 consu-

1289 1170 1391 1200 latum
1407 1179 1481 1200 cum
1498 1169 1721 1209 jurisdictione
1737 1167 1806 1206 ejus
1823 1171 1854 1197 et
1876 1167 1986 1198 omnia
2010 1165 2178 1205 privilegia
2199 1166 2244 1196 eis
2259 1165 2299 1196 ab

1290 1224 1480 1253 Innocentio
1495 1223 1545 1253 III
1559 1246 1567 1259 ‚
1586 1222 1741 1260 Gregorio
1759 1220 1858 1251 VIIII
1875 1224 1905 1250 et
1921 1220 2052 1250 Urbano
2067 1219 2135 1250 1111
2151 1227 2301 1250 concessa

1290 1276 1470 1307 confirmat.

1333 1343 1347 1357 «
1374 1330 1436 1367 Qui
1459 1329 1525 1360 zelo
1546 1329 1762 1360 devotionis...
1786 1344 1825 1351 —
1851 1328 1922 1357 Dat.
1947 1328 2070 1365 Rome,
2096 1327 2180 1366 apud
2200 1325 2300 1357 Sauc-

1291 1389 1356 1415 tam
1373 1382 1510 1413 Mariam
1527 1383 1694 1422 Majorem,
1711 1392 1731 1412 x
1745 1381 1900 1412 kalendas
1915 1380 2040 1419 aprilis,
2058 1388 2144 1410 anno
2159 1380 2262 1410 tertio.
2282 1389 2298 1410 )
2328 1409 2334 1416 ,

1346 1569 1605 1599 2404-2405
1644 1567 2007 1602 Sainte-Marie—MaJeure,
2024 1566 2057 1594 21
2074 1574 2152 1594 mars
2168 1566 2246 1594 1290.

1328 1633 1374 1660 Ad
1402 1633 1576 1660 solutionem
1605 1631 1767 1658 debitorum
1792 1630 1937 1657 Eduensis
1963 1629 2114 1657 ecclesiae.
2140 1628 2224 1664 (Rm.
2247 1628 2300 1664 45,

1292 1691 1317 1710 c.
1335 1682 1378 1714 58,
1396 1682 1415 1708 f.
1435 1681 1466 1709 10
1482 1683 1529 1715 re.)

1340 1785 1508 1814 Venerabili
1535 1784 1633 1821 fratri
1660 1784 1792 1821 Huyoni,
1824 1783 1956 1820 episcopo
1981 1781 2131 1818 Etiamsi,
2160 1779 2304 1810 coneedit

1294 1838 1416 1869 fructus
1435 1842 1465 1867 et
1490 1841 1664 1876 proventus
1679 1836 1777 1875 primi
1799 1835 1879 1865 anni
1904 1835 2052 1865 omnium
2074 1833 2304 1864 beneficiorum

1295 1891 1584 1922 ecclesiasticorum
1596 1899 1678 1929 qnae
1693 1890 1727 1919 in
1744 1880 1885 1919 Eduensi
1899 1888 2033 1919 ecclesia
2049 1896 2150 1928 usque
2164 1887 2204 1918 ad
2219 1887 2305 1918 bien-

1296 1946 1388 1975 nium
1405 1953 1518 1975 vacare
1543 1943 1713 1982 contigerit
1724 1965 1731 1979 ‚
1750 1943 1784 1972 in
1810 1942 2004 1973 solutionem
2021 1941 2202 1972 debitorum
2219 1941 2305 1980 ers-

1297 1998 1370 2029 dem
1396 1997 1548 2028 ecclesiae
1568 1996 1820 2033 convertendos,
1844 1995 1910 2026 illis
1930 1995 2095 2026 dumtaxat
2113 1994 2250 2033 exceptis
2270 1993 2306 2024 in

1297 2052 1416 2092 quibus
1430 2051 1615 2081 auctoritate
1640 2050 1823 2080 litterarum
1837 2049 1924 2080 sedis
1940 2048 2130 2088 apostolicae
2141 2049 2196 2087 jus
2210 2047 2306 2078 alicui

1298 2105 1494 2144 acquisitum
1512 2108 1569 2134 est.

1344 2171 1357 2186 u
1378 2158 1460 2189 Cum
1482 2157 1691 2188 ecclesiarum
1708 2156 1894 2188 omnium...
1918 2172 1957 2178 —
1970 2156 2054 2186 Dat·
2079 2155 2202 2192 Rome,
2223 2152 2306 2195 apud

1300 2212 1449 2243 Sanctam
1473 2211 1610 2242 Mariam
1632 2211 1808 2249 Maiorem,
1833 2219 1875 2240 xn
1901 2206 2056 2240 kalenda‘s
2073 2209 2199 2248 aprilis,
2222 2215 2306 2239 anno

1300 2267 1402 2297 tertio.
1423 2277 1438 2293 »

1340 2321 1379 2350 In
1396 2329 1423 2350 e.
1440 2328 1483 2349 m.
1505 2341 1524 2348 ..
1548 2318 1692 2358 episcopo
1718 2317 1966 2354 Matisconensi,
1993 2339 2015 2348 ..
2041 2316 2151 2348 Sancti
2169 2306 2307 2354 Benigni

1300 2378 1330 2405 et
1347 2397 1367 2405 ..
1393 2373 1501 2403 Sancti
1517 2372 1671 2411 Stephani
1690 2372 1728 2402 de
1744 2371 1884 2402 Divione
1901 2371 2169 2401 monasteriorum
2184 2369 2305 2400 abbati-

1300 2428 1379 2465 bus,
1407 2425 1622 2464 Lingonensis
1645 2424 1817 2462 dioecesis,
1842 2424 1974 2454 mandat
1997 2427 2155 2463 quatenus
2181 2421 2305 2454 eosdem

1301 2481 1422 2511 fructus
1450 2484 1480 2509 et
1503 2482 1676 2518 proventus
1703 2477 1865 2516 praedicto
1892 2478 2037 2517 episcopo
2060 2485 2116 2517 per
2136 2475 2306 2507 biennium

1301 2536 1426 2573 integre
1444 2532 1623 2563 ministrari
1640 2531 1769 2562 faciant.

1373 2706 1490 2736 2406
1641 2704 2000 2740 Sainte-Marie-Majeure,
2017 2703 2051 2732 23
2067 2711 2143 2731 mars
2159 2703 2236 2732 1290.

2331 2399 2361 2464 κζ,

2346 2336 2378 2390 ⁴·
2335 2154 2371 2315 *afim-s„-
2349 2117 2363 2140 ··
2336 1775 2375 2106 eamve-vm&
2351 1570 2378 1759 ms*-
2359 1540 2371 1549 ·
2357 1499 2365 1507 ·
2370 1467 2379 1479 .
2368 1445 2377 1454 -

1338 2768 1382 2795 De
1399 2768 1650 2804 procurationibus
1664 2768 1767 2803 legatis
1783 2770 1811 2794 et
1829 2767 1938 2795 nuntiis
1953 2766 2134 2794 exhibendis.
2154 2765 2237 2800 (Rea.
2253 2763 2304 2798 45,
2350 2780 2356 2789 ·

1302 2826 1328 2845 c.
1345 2818 1390 2853 59,
1406 2818 1426 2845 f.
1445 2817 1477 2845 10
1493 2818 1543 2850 vo.)

1349 2920 1514 2949 Venerabili
1525 2921 1621 2956 fratri?
1635 2942 1656 2949 ..
1671 2920 1803 2957 episcopo
1814 2919 1982 2949 Narniensi
1995 2918 2126 2949 mandat
2137 2921 2303 2957 quatenus,
2335 2929 2339 2937 ¹

1301 2973 1563 3012 quotiescumque
1594 2972 1783 3012 apostolicae
1812 2972 1895 3003 sedis
1925 2972 2022 3011 legati
2051 2976 2082 3003 et
2112 2971 2221 3002 nuntii
2249 2978 2304 3010 per

1301 3026 1470 3062 ortanam,
1492 3025 1635 3056 Civitatis
1659 3025 1859 3057 castellanae
1882 3030 1912 3056 et
1932 3025 2128 3065 Nepesinam
2148 3024 2304 3055 dioeceses
