2477 3637
562 14 577 23 ⁴
784 0 2477 165 ἦ

326 446 380 477 176
1070 442 1305 474 REGISTRES
1325 443 1381 472 DE
1404 441 1587 472 NICOLAS
1610 441 1666 471 IV.

324 513 436 549 Rome,
453 511 536 551 apud
551 511 699 541 Sanctam
714 510 849 540 Mariam
861 510 1026 548 Majorem‚
1044 518 1099 539 vni
1116 509 1188 540 idus
1204 509 1325 546 martii,

323 574 408 595 anno
425 565 574 595 secundo.
595 577 608 591 ¹>

393 738 478 765 *393
681 736 1034 771 Sainte-Maric-Majeure,
1051 736 1066 762 8
1083 745 1158 764 mars
1175 736 1253 763 1289.

356 799 564 833 Indulgentiae.
583 799 665 833 (Rae.
684 799 732 830 44,
750 807 776 826 c,
792 800 842 832 99.
861 800 879 826 s.
900 799 945 826 ¹32
963 805 1009 833 v⁰;
1026 799 1093 826 Lar.
1110 808 1145 827 uu
1160 799 1264 831 Tuam,
1280 798 1322 831 ΙΙ,

319 848 374 880 56.)

361 964 513 993 Universis
532 964 645 993 Christi
668 964 808 1000 fidelibus
821 969 972 1001 presentes
995 965 1110 994 litteras
1131 966 1321 1002 inspecturis.

318 1017 558 1055 Indulgentinm
575 1017 670 1047 nnius
689 1017 768 1047 anni
787 1022 817 1047 et
837 1017 1047 1056 quadraginta
1063 1018 1187 1048 dierum
1208 1027 1321 1049 conce-

316 1070 363 1100 dit
378 1071 583 1100 visitantibus
600 1070 764 1101 ecclesiam
786 1071 901 1100 Beatae
920 1072 1039 1100 Mariae
1058 1072 1095 1101 de
1115 1072 1214 1109 Mari,
1239 1073 1320 1102 Are-

315 1123 447 1153 latensis
469 1124 638 1161 dioecesis,
667 1125 700 1153 in
722 1134 784 1163 qua
806 1129 989 1154 sanctarum
1014 1125 1133 1154 Mariae
1154 1125 1264 1155 Jacobi
1291 1129 1321 1155 et

316 1176 442 1207 Salome
458 1186 586 1215 corpora
603 1177 806 1216 requiescunt
820 1202 826 1214 ‚
846 1178 878 1207 in
894 1177 1119 1207 festivitatibus
1135 1179 1319 1208 earumdem

315 1235 508 1260 sanctarum.

357 1296 370 1310 α
398 1284 478 1314 Loca
494 1289 676 1314 sanctorum
693 1284 876 1315 omnium...
895 1301 932 1306 —
950 1285 1010 1314 Dat
1026 1289 1179 1324 utsupra.
1203 1297 1216 1312 n

383 1456 469 1484 ’794
649 1455 1005 1490 sainte-Marie-Majeure,
1024 1456 1056 1482 *23
1073 1464 1149 1483 mars
1167 1456 1244 1484 1289.

346 1517 388 1544 De
413 1518 622 1553 compositione
648 1518 722 1544 inter
755 1526 851 1551 regem
886 1522 914 1545 et
952 1519 1096 1545 antistites
1125 1518 1316 1554 Portugalliae

309 1567 415 1594 habita.
432 1566 514 1599 (Rae.
533 1567 576 1600 44,
593 1575 619 1593 c.
640 1567 696 1598 100,
715 1568 735 1594 f.
754 1567 801 1594 '1372
820 1573 866 1600 νος
887 1567 991 1595 Purra.
1007 1568 1117 1601 2291‘2.)

348 1684 392 1712 Aa
412 1684 625 1713 certitudinem
651 1685 838 1721 presentium
865 1687 892 1713 et
917 1685 1098 1714 memoriam
1121 1686 1312 1722 sitturorum.

308 1736 495 1774 Promnlgat
510 1737 631 1766 litteras
649 1737 687 1766 de
710 1737 826 1776 quibus
851 1738 883 1766 in
902 1737 1014 1767 litteris
1031 1747 1126 1776 supra
1144 1740 1314 1779 transcrip-

308 1791 348 1820 tis
375 1790 409 1819 fit
438 1791 578 1826 mentio,
610 1799 665 1829 per
698 1800 776 1829 quas
808 1791 1005 1830 Dionysius,
1039 1792 1255 1830 Portugalliae
1285 1797 1316 1823 et

307 1843 455 1881 Algarbii
476 1853 545 1880 rex,
567 1845 830 1882 compositionem
854 1845 939 1874 inter
961 1845 1123 1884 episcopos
1144 1847 1194 1876 sui
1221 1847 1314 1885 regni

306 1901 336 1927 et
355 1902 571 1936 procuratores
589 1897 731 1927 habitam
751 1898 904 1928 notificat.

348 1962 362 1977 «
388 1951 453 1980 Hec
481 1955 528 1980 est
557 1951 696 1980 forma...
723 1968 762 1973 —-
794 1952 865 1981 Dat.
898 1953 1016 1989 Rome,
1048 1954 1131 1992 apud
1165 1954 1314 1984 Sanctam

308 2004 442 2033 Mariam
468 2004 639 2042 Maiorem,
663 2014 680 2033 x
703 2004 856 2035 kalendas
874 2006 994 2044 aprilis,
1016 2015 1102 2037 anno
1123 2008 1273 2038 secundo.
1298 2019 1311 2035 n

377 2170 462 2198 ¹295
638 2171 998 2207 Sainte-Marie-Majeure,
1016 2173 1050 2200 23
1067 2181 1143 2200 mars
1161 2173 1239 2201 1289.

344 2219 386 2246 De
403 2219 502 2246 eodem
519 2220 634 2254 negotio
655 2220 738 2253 (Rau.
756 2221 798 2252 44,
815 2230 840 2247 c..
858 2222 915 2255 101,
931 2222 1014 2249 [133
1026 2229 1069 2253 vo:
1085 2221 1189 2249 Po'r‘rn.
1202 2223 1312 2256 29913.)

343 2341 509 2372 Carissimo
527 2344 558 2371 in
574 2343 690 2372 Christo
703 2344 767 2380 silio
780 2345 922 2381 Dyonisio
936 2368 942 2381 ,
955 2345 1020 2382 reyi
1036 2346 1210 2383 Portitqaiie
1221 2347 1310 2376 iltns-

303 2396 356 2424 tri.
374 2395 497 2432 Regem
514 2396 731 2433 portugalliae
749 2397 885 2427 absolvit
906 2397 945 2427 ab
969 2399 1311 2430 excommunicationis

303 2449 462 2478 sententia
477 2458 590 2487 qnam,
608 2450 843 2480 ordinationem
860 2460 877 2480 a
893 2451 1045 2489 Gregorio
1062 2461 1142 2491 papa
1165 2453 1193 2482 X
1219 2461 1309 2483 occa-

302 2502 391 2532 sione
416 2502 592 2532 discordiae
619 2503 703 2533 inter
728 2504 886 2534 antistites
911 2510 941 2535 et
960 2514 1067 2543 regem
1094 2506 1309 2544 portugalliae

301 2556 467 2585 existentis
486 2556 603 2586 editam
625 2566 689 2587 non
709 2558 876 2595 servando,
896 2559 1042 2588 incurrit.

341 2622 354 2636 α
380 2610 441 2639 Fili
458 2611 625 2641 carissime
645 2611 868 2642 celsitudini...
889 2629 928 2634 —
943 2613 1015 2642 Dat.
1034 2618 1067 2643 nt
1083 2623 1188 2653 supra.
1208 2626 1221 2641 n

371 2782 455 2810 296

335 2843 376 2870 De
393 2845 491 2871 codem
509 2848 622 2879 negotio
636 2847 716 2880 (Itan.
730 2848 771 2879 44,
785 2856 811 2874 c.
832 2848 888 2878 102,
907 2849 925 2874 f.
946 2849 993 2875 133
1009 2856 1054 2882 v0;
1073 2849 1177 2877 PO'rTn.
1197 2850 1306 2883 22914.)

635 2783 997 2820 Sainte-Mnrie—Majeure,
1016 2785 1048 2812 ‘23
1065 2794 1140 2813 mars
1158 2786 1234 2813 1289.

339 2954 381 2981 Act
402 2956 611 2984 rrrtitndinrm
641 2959 826 2993 presentium
861 2961 887 2987 et
908 2960 1085 2988 memoriam
1113 2961 1302 2996 futurorum.

299 3005 462 3035 lutei-‹iivii
481 3009 651 3037 sentvn'ias
670 3010 701 3037 in
723 3010 937 3047 l‘ortngalliao
953 3016 981 3040 et
1000 3011 1145 3047 Algzirbii
1169 3021 1302 3050 regnum

298 3058 375 3087 latas
393 3058 520 3096 relaxat,
540 3064 567 3088 et
585 3061 729 3099 indulget
743 3064 885 3100 personis
904 3063 1060 3101 wligiosis
1073 3064 1200 3094 eilaicis
1219 3065 1302 3103 ejus-

298 3111 368 3140 dem
393 3112 482 3147 reg-'ni
505 3113 580 3150 qui,
606 3119 712 3143 contra
734 3116 968 3146 ordinationem
994 3117 1138 3154 Gregorii
1156 3126 1254 3157 papae
1271 3118 1301 3147 X

1410 508 1584 541 veniendo,
1607 508 1948 538 excommunicationis
1973 510 2166 540 sententiam
2196 511 2408 552 incurrerint,

1411 565 1445 591 ut
1469 570 1487 590 a
1508 561 1574 590 suis
1599 561 1771 591 ordinariis
1796 560 1845 590 vel
1870 570 1980 591 eorum
2009 563 2136 593 vicariis
2161 564 2200 593 ab
2227 564 2410 604 hujusmodi

1410 615 1567 644 sententia
1585 614 1706 644 absolvi
1725 614 1864 653 possint;
1888 615 2028 654 ipsisque
2044 616 2215 647 ordinariis
2236 622 2266 647 et
2287 618 2411 650 vicariis

1409 676 1461 697 eos
1477 667 1662 697 absolvendi
1681 672 1712 697 et
1732 667 1941 706 dispensandi
1965 676 2037 698 cum
2055 668 2120 699 illis
2135 670 2192 708 qui
2209 671 2253 701 sic
2269 670 2363 710 legati
2377 680 2410 703 se

1407 721 1527 750 divinis
1550 721 1762 751 immiscendo
1785 721 2051 759 irregularitatem
2072 725 2288 754 contraxerint
2309 724 2409 755 licen-

1408 775 1485 804 tiam
1502 775 1656 804 concedit.

1448 841 1460 855 α
1481 829 1568 858 Licet
1585 828 1740 858 malorum
1756 829 1937 858 incentor...
1956 845 1993 850 —
2010 829 2081 859 Dat.
2103 834 2136 860 ut
2151 839 2256 870 supra.
2275 843 2288 858 n

1477 1001 1560 1030 ⁸79?

1440 1064 1482 1091 Ne
1499 1065 1525 1090 in
1542 1065 1636 1099 aliquo
1654 1065 1733 1099 regni
1751 1064 1864 1091 Scotino
1881 1065 1941 1092 loco
1959 1065 2135 1099 alienigenae
2150 1066 2184 1092 ad
2200 1066 2408 1101 professionem

1404 1117 1431 1140 et
1452 1113 1578 1139 habitum
1603 1114 1751 1148 regulares
1766 1113 1876 1140 admitti
1893 1114 2108 1148 prohibeantur.
2127 1114 2207 1143 (Rau.
2226 1115 2258 1142 44
2271 1137 2277 1146 .
2294 1122 2320 1143 e.
2337 1115 2405 1148 103,

1403 1162 1421 1188 f.
1443 1162 1489 1189 134
1506 1169 1549 1194 r⁰;
1569 1162 1671 1190 l’o’rrn.
1690 1163 1797 1196 2292-3.)

1751 1001 2104 1037 Sainte-Marie-Majeure,
2124 1003 2162 1029 i·r
2175 1003 2246 1030 avril
2262 1003 2338 1032 1289.

1445 1264 1599 1293 Unirersis
1615 1269 1764 1302 presentes
1777 1265 1893 1294 litteras
1905 1266 2095 1302 inspecturis,
2108 1275 2162 1304 per
2177 1275 2305 1305 reanum
2313 1267 2407 1298 Scotie

1401 1317 1582 1346 constitutis.

1443 1381 1456 1395 α
1484 1369 1534 1398 Ad
1563 1370 1762 1400 audientiam
1790 1375 1969 1401 nostram...
1999 1388 2031 1392 —
2066 1371 2137 1402 Dat.
2172 1372 2294 1410 Rome,
2323 1373 2407 1413 apud
2431 1374 2436 1379 “

1382 1422 1550 1452 .Sanctam
1580 1423 1716 1453 Mariam
1753 1424 1923 1462 Major-em,

1968 1424 2115 1455 kalendis
2151 1425 2283 1465 aprilis,
2321 1435 2406 1459 anno

1399 1476 1550 1506 secundo.
1576 1488 1588 1503 n

1452 1658 1538 1686 238

1432 1720 1605 1747 Immunitas
1620 1719 1755 1747 Clarissis
1770 1728 1921 1748 concessa.
1937 1721 2021 1755 (Rau.
2034 1721 2078 1753 44,
2095 1729 2121 1749 e.
2139 1722 2199 1754 104,
2216 1722 2237 1749 f.
2255 1723 2303 1750 134
2321 1725 2371 1757 1·⁰.)

1766 1658 2118 1693 Sainte-Marie-Majeure,
2138 1659 2153 1686 5
2168 1660 2238 1686 avril
2256 1660 2335 1688 1289.

1430 1822 1593 1860 vUniversis
1608 1824 1768 1852 abbatissis
1783 1828 1809 1852 et
1828 1825 2024 1853 conventibus
2046 1826 2304 1855 monasteriorum
2318 1826 2403 1856 ordi-

1396 1877 1445 1905 nis
1465 1876 1573 1906 Sancte
1597 1876 1683 1906 Clare
1703 1886 1757 1914 per
1780 1878 1904 1906 Italiam
1930 1878 2103 1906 constitutis
2136 1877 2283 1908 concedit
2308 1882 2342 1909 ut
2364 1878 2403 1910 de

1395 1929 1573 1965 fructibus,
1596 1929 1774 1959 redditibus
1797 1933 1827 1959 et
1852 1930 2058 1968 proventibus
2079 1930 2147 1960 suis
2161 1930 2321 1961 decimam
2346 1940 2403 1971 pro

1397 1982 1522 2020 negotio
1547 1983 1630 2019 regis
1651 1982 1778 2012 Siciliae
1798 1982 1979 2021 deputatam
1995 1983 2117 2013 solvere
2137 1992 2201 2014 non
2221 1988 2399 2016 teneantur.

1439 2049 1452 2064 α
1481 2037 1692 2066 Attendentes
1715 2037 1889 2074 benignius
1904 2037 2026 2076 quod...
2042 2053 2083 2060 —
2106 2038 2177 2068 Dat.
2194 2038 2306 2075 Rome,
2318 2038 2401 2079 apud

1395 2090 1544 2120 Sanctam
1558 2090 1693 2120 Mariam
1706 2091 1871 2129 Majorem,
1886 2090 1981 2120 nonis
1989 2090 2110 2129 aprilis,
2127 2099 2213 2122 anno
2222 2091 2394 2122 secundo.»

1466 2264 1551 2292 '299
1740 2263 2093 2298 Sainte-Maric-Majeure,
2110 2264 2144 2292 28
2161 2272 2238 2292 mars
2250 2265 2328 2293 1289.

1430 2327 1472 2353 De
1502 2327 1621 2353 decimis
1644 2336 1659 2352 a
1685 2327 1858 2353 monasterio
1885 2326 1982 2354 Sancti
2008 2327 2155 2362 Bernardi,
2182 2327 2398 2356 Cameracensis

1393 2377 1546 2409 dioecesis,
1571 2376 1738 2410 redemptis.
1757 2375 1841 2411 (Rau.
1867 2376 1917 2408 44,
1940 2384 1965 2402 et
1996 2377 2064 2409 105,
2091 2377 2110 2403 f.
2136 2377 2184 2404 134
2212 2382 2254 2409 ¹¹⁰3
2277 2376 2344 2405 LAP-
2361 2385 2395 2406 nu

1392 2425 1490 2457 Tnem,
1509 2425 1544 2456 ΙΙ,
1563 2425 1616 2457 46.)

1435 2551 1454 2558 ..
1474 2529 1576 2557 abbati
1593 2532 1618 2557 et
1642 2529 1803 2557 conventui
1824 2529 2003 2557 monasterii
2026 2529 2083 2558 loci
2107 2529 2211 2558 Sancti
2229 2528 2393 2567 Bernardi,

1393 2582 1596 2611 Cisterciensis
1615 2582 1749 2614 ordinis,
1778 2581 2000 2612 Cameracensis
2022 2583 2155 2613 diocesis.
2180 2594 2192 2609 ‹
2217 2581 2394 2620 Religionis

1391 2640 1492 2666 vestre
1509 2640 1686 2665 meretur...
1707 2635 1853 2665 Exhibita
1872 2635 2030 2675 siqnidem
2056 2636 2147 2666 nohis
2167 2631 2272 2666 vestra
2288 2634 2394 2675 petitio

1390 2689 1573 2719 continebat
1595 2688 1678 2726 quod
1698 2697 1790 2718 vos...
1820 2688 1975 2727 quasdam
2005 2688 2147 2718 decimas
2178 2688 2218 2719 de
2246 2688 2410 2719 manibus.

1389 2742 1509 2772 nobilis
1526 2742 1586 2771 viri
1610 2741 1744 2771 Arnoldi
1764 2741 1801 2771 de
1820 2742 1960 2773 Lovanio
1978 2746 2008 2772 et
2024 2741 2142 2772 nobilis
2162 2741 2310 2772 mulieris
2328 2740 2392 2772 Eli-

1388 2797 1495 2832 zabet,
1528 2795 1634 2825 uxoris
1659 2796 1727 2834 ejus
1741 2818 1749 2832 ‚
1779 2795 1982 2825 dominorum
2015 2796 2052 2825 de
2085 2795 2206 2832 Breda,
2234 2795 2390 2826 Leodien-

1389 2850 1431 2879 sis
1454 2850 1606 2885 diocesis,
1630 2858 1708 2888 quas
1733 2849 1791 2887 ipsi
1813 2854 1842 2878 et
1871 2850 2087 2888 progenitores
2116 2849 2216 2888 ipsius
2240 2848 2388 2887 Elizabet,

1387 2903 1509 2933 domini
1526 2902 1669 2941 ejusdem
1686 2902 1744 2932 loci
1761 2902 1799 2932 de
1820 2903 1942 2938 Breda,
1967 2908 2119 2942 tanquam
2136 2902 2215 2933 alios
2231 2910 2302 2933 suos
2318 2901 2389 2933 red-

1387 2957 1470 2986 ditus
1488 2956 1691 2995 possederant
1707 2956 1746 2986 ab
1763 2956 1908 2994 antiquo,
1927 2956 2016 2986 vohis
2034 2961 2064 2986 et
2077 2956 2272 2986 monasterio
2288 2959 2388 2986 vestro

1385 3010 1612 3048 redemptionis
1637 3010 1726 3039 titulo
1749 3010 1955 3049 acquisiistis,
1985 3014 2015 3039 et
2031 3009 2069 3039 ad
2086 3009 2118 3039 id
2135 3017 2292 3039 consensu
2308 3008 2387 3040 hone

1386 3064 1537 3093 memorie
1567 3063 1750 3093 Leodionsis
1775 3063 1913 3102 episcopi
1937 3068 1966 3092 et
1999 3067 2159 3093 rectorum
2180 3061 2219 3092 de
2241 3061 2386 3098 Woude,

1386 3140 1405 3147 ..
1423 3117 1461 3147 de
1479 3116 1644 3147 Loenhout
1659 3122 1689 3146 et
1709 3140 1727 3147 ..
1747 3116 1779 3146 S.
1798 3116 1907 3146 Jacohi
1920 3116 2011 3154 juxta
2027 3115 2152 3145 Eberne
2168 3114 2384 3151 ecclesiarum,
