2477 3637
229 364 287 394 206

301 431 390 460 955
847 425 942 458 Rieu,
959 426 994 453 ζ28
1015 427 1069 454 mai
1089 427 1163 455 1289.

265 493 477 520 Tabellionatus
492 491 628 518 officium.
644 489 727 523 (Rea.
745 489 777 516 44
790 511 796 520 ‚
813 496 840 515 o.
857 488 908 516 ‘229
924 489 944 516 f.
963 489 1011 516 157
1028 492 1080 522 νο.)

275 595 441 625 Venerabili
464 594 560 629 fratri
586 592 768 628 BoemundO,
797 591 1018 629 archiepiscopo
1048 593 1233 630 Treverensi,

229 649 410 680 facultatem
427 646 571 677 concedit
586 644 794 675 creandit’duo
819 644 1019 675 tabelliones.

273 715 283 727 a
303 702 351 731 Ne
367 704 587 731 contractuum
604 699 799 729 memoria...
814 714 854 720 —
870 698 941 728 Dat.
963 698 1072 735 Reate,
1088 707 1107 727 v
1125 698 1236 729 kalen-

229 755 283 785 das
295 753 394 793 junii,
411 761 496 783 anno
508 752 658 782 secundo.
680 764 694 779 ι)

297 941 384 970 956
841 938 937 971 Rieti,
960 938 992 965 ’23
1009 939 1064 965 mai
1086 938 1161 965 1289.

262 1003 308 1030 Ad
329 1004 499 1029 solutionem
523 1002 684 1029 debitorum
706 1001 845 1028 ecclesiae
868 1000 1065 1027 Treverensis.
1086 1000 1168 1034 (Res.
1186 1001 1231 1034 44,

227 1060 252 1080 c.
268 1052 329 1086 230,
347 1052 365 1079 f.
387 1052 433 1078 157
451 1055 501 1079 v⁰.l

266 1161 367 1190 Eidem
385 1159 567 1190 facultatem
585 1159 729 1190 concedit
746 1158 944 1198 percipiendi
960 1159 1097 1196 fructus⁷
1122 1159 1231 1189 reddi-

227 1218 278 1244 tus
306 1218 336 1244 et
366 1218 537 1252 proventus
573 1213 669 1252 primi
703 1213 782 1242 anni
814 1212 961 1242 omnium
1000 1212 1232 1242 beneficiorum

225 1267 510 1297 ecclesiasticorum
534 1276 616 1305 quae
637 1267 672 1296 in
700 1266 840 1296 ecclesiis
865 1266 1073 1296 Treverensis
1095 1266 1232 1297 civitatis

225 1324 255 1350 et
270 1320 423 1350 dioecesis
439 1328 540 1358 usque
555 1320 594 1349 ad
611 1319 788 1349 triennium
804 1327 915 1349 vacare
928 1319 1109 1357 contigerit,
1123 1319 1162 1350 ad
1174 1319 1233 1350 sol-

223 1372 325 1403 venda
343 1373 549 1402 'l'reverensis
566 1372 716 1402 ecclesiae
732 1372 837 1402 debita
856 1362 1107 1403 convertendos(

264 1438 278 1452 «
299 1425 391 1456 Circa
410 1434 520 1455 curam
538 1425 793 1464 quarumlibet...
810 1442 849 1448 —
866 1426 937 1455 Dat.
956 1426 1069 1463 Reate,
1086 1436 1105 1456 x
1121 1426 1232 1457 kalen-

223 1479 381 1518 dasjunii‚
398 1487 483 1509 anno
501 1479 653 1510 secundo.
676 1490 690 1505 »
941 1468 944 1469 ⁷

292 1666 377 1694 95⁸⁷
848 1666 940 1699 Rieti,
956 1667 990 1694 28
1006 1668 1062 1694 mai
1079 1667 1157 1696 1289.

257 1728 300 1755 De
317 1728 469 1756 residentia
492 1729 735 1757 beneficiatorum.
754 1729 837 1763 (Rea.
856 1731 905 1762 44,
923 1739 948 1757 c.
964 1731 1030 1762 231,
1056 1732 1075 1758 f.
1103 1732 1152 1759 157
1179 1733 1229 1767 vu.)

262 1839 366 1868 Eidem
382 1838 514 1868 mandat
529 1842 562 1868 ut
583 1838 738 1877 praelatos
757 1843 786 1869 et
805 1839 887 1870 alios
903 1840 1033 1871 clericos
1051 1841 1230 1872 saeculares

222 1892 277 1931 qui
298 1891 454 1922 beneficia
477 1892 510 1921 in
535 1891 676 1922 ecclesiis
699 1893 904 1923 Treverensis
925 1894 1078 1924 dioecesis
1099 1904 1229 1935 accepe-

223 1949 298 1974 runt
329 1949 420 1982 cogat
439 1945 478 1974 ad
508 1945 713 1975 residendum
743 1946 777 1975 in
803 1946 922 1976 eisdem
951 1947 1109 1985 ecclesiis⁷
1140 1954 1170 1979 et
1190 1949 1229 1979 ad

223 1998 464 2037 suscipiendum
488 1999 616 2029 ordines
635 2008 715 2038 qnos
732 2000 866 2038 requirit
888 2001 1118 2032 beneficiorum
1134 2012 1228 2041 onus,

224 2052 285 2081 nisi
302 2061 396 2090 super
411 2052 471 2082 hoc
485 2052 696 2090 indulgentiis
713 2053 777 2083 sint
792 2054 923 2084 muniti.

264 2117 278 2131 «
306 2106 462 2135 lntimasti
488 2106 580 2135 nobis
595 2106 718 2144 quod...
738 2123 776 2128 —
800 2107 869 2137 Dat.
894 2108 1007 2144 Reate,
1031 2119 1051 2139 v
1076 2109 1229 2140 kalendas

219 2158 317 2196 junii,
335 2167 420 2188 anno
438 2159 588 2189 secundo.
611 2171 624 2185 n

293 2345 380 2372 958
843 2346 935 2381 Rieu,
952 2346 985 2373 28
1003 2348 1057 2374 mai
1079 2348 1155 2376 1289.

259 2406 390 2433 Facultas
405 2406 580 2433 absolvendi.
598 2407 682 2440 (Rea.
701 2408 749 2440 44,
763 2415 792 2435 ·c.
809 2408 876 2440 232,
893 2409 912 2436 f.
932 2410 979 2436 157
998 2413 1046 2442 νο.)

262 2516 364 2545 Eidem
381 2515 562 2546 facultatem
576 2517 720 2547 concedit
733 2517 897 2548 relaxandi
909 2521 1085 2550 sententias
1101 2530 1228 2553 excom-

222 2569 449 2599 municationis
465 2578 545 2608 quas
557 2570 689 2609 quidam
708 2571 839 2610 praelati
853 2575 882 2601 et
898 2572 1006 2603 clerici
1020 2575 1089 2613 eJus
1101 2574 1228 2605 dioece-

223 2622 266 2651 sis
279 2621 496 2653 incurrerunt.

263 2686 276 2700 α
299 2674 450 2713 Exposuit
467 2680 519 2705 tua
538 2676 755 2707 fraternitas...
774 2694 812 2699 —
832 2678 902 2709 Dat.
925 2683 1078 2719 utsupra.
1101 2693 1114 2707 ⁷>

292 2860 378 2887 959
848 2864 934 2897 Rieti,
953 2866 1059 2894 Qssimai
1076 2867 1155 2896 1289.

223 2921 325 2948 Contra
342 2923 528 2956 pluralitatem
546 2925 760 2953 beneficiorum.
777 2926 862 2962 (Rau.
879 2929 928 2960 44,
945 2936 970 2955 c.
988 2928 1038 2956 233
1050 2951 1056 2961 ,
1074 2930 1092 2958 f.
1114 2931 1163 2958 Υ158
1178 2934 1224 2964 1-0.)

265 3032 366 3060 Eidem
389 3032 517 3062 mandat
537 3039 693 3071 quatenus
714 3036 866 3074 quosdam
895 3038 1069 3069 monachos
1095 3044 1125 3069 et
1147 3039 1225 3070 alias

978 360 1214 392 REGISTRES
1237 361 1291 392 DE
1313 360 1497 392 NICOLAS
1520 361 1577 391 IV.

1320 436 1469 467 personas
1487 427 1663 466 regulares,
1678 427 1736 466 qui
1751 427 1824 458 sine
1839 427 2080 467 dispensatione
2098 430 2204 470 plures
2221 431 2323 463 admi·

1319 482 1524 511 nistratioues
1539 481 1692 518 retinent,
1706 485 1926 520 prosequatur.

1359 546 1374 562 «
1391 535 1429 564 In
1447 537 1554 564 nostra
1569 533 1802 565 constitutus...
1820 551 1858 556 —
1875 535 1947 565 Dat.
1966 539 2123 575 utsupra.
2142 549 2156 564 n

1387 706 1476 736 960
1945 707 2038 740 Rieti,
2055 707 2088 736 28
2104 709 2160 736 mai
2176 709 2254 738 1289.

1353 768 1486 796 Facultas
1501 769 1667 797 conferendi
1683 769 1832 797 beneficia.
1855 769 1938 804 (Rae.
1957 771 2006 804 44,
2023 779 2048 798 c.
2065 771 2135 804 234,
2158 772 2177 799 f.
2203 772 2254 801 158
2276 775 2323 810 τῦ.)

1356 873 1459 902 Eidem
1487 871 1669 902 facultatem
1697 871 1846 902 concedit
1874 873 2062 912 providendi
2089 873 2128 904 de
2159 873 2322 908 beneficiis

1316 924 1540 955 ecclesiasticis
1558 933 1640 964 quae
1657 925 1691 954 in
1708 925 1900 955 Treverensi
1918 925 2055 956 dioecesi
2079 931 2165 957 tanto
2185 931 2322 967 ternpore

1316 983 1509 1009 vacaverunt
1533 979 1617 1018 quod
1643 988 1754 1009 eorum
1782 970 1970 1010 collatio'ad
1992 980 2100 1011 sedem
2121 981 2323 1020 apostolicam

1314 1031 1463 1062 devoluta
1478 1036 1535 1062 est.

1357 1097 1371 1112 α
1388 1086 1430 1116 Ut
1444 1085 1696 1116 benivolentiam
1711 1085 1916 1124 spatialem...
1935 1102 1976 1109 —
1990 1086 2061 1116 Dat.
2081 1090 2117 1117 ut
2131 1095 2238 1126 supra.
2259 1099 2274 1115 n

1385 1258 1468 1286 961
1934 1256 2028 1289 Rieu,
2048 1257 2079 1284 12
2090 1257 2155 1292 juin
2173 1257 2252 1286 1289.

1349 1320 1484 1347 Facultas
1506 1320 1672 1347 conferendi
1692 1320 1840 1348 beneficia.
1860 1319 1942 1353 (REG-
1961 1320 1993 1346 44
2007 1340 2015 1354 ,
2039 1327 2065 1347 0.
2081 1319 2150 1355 5235,
2173 1320 2193 1347 f.
2212 1321 2262 1349 158
2275 1321 2322 1355 Ν.)

1353 1424 1455 1453 Eidem
1475 1422 1658 1452 facultatem
1683 1422 1830 1453 concedit
1844 1422 1985 1453 faciendi
2003 1422 2103 1461 recipi
2126 1422 2159 1452 in
2183 1421 2324 1462 qualibet
2351 1412 2355 1414 Y
2410 1416 2412 1425 ’

1314 1477 1447 1507 ecclesia
1463 1476 1629 1514 collegiata
1644 1476 1854 1506 Treverensis
1872 1475 2026 1506 dioecesis
2047 1484 2151 1506 unum
2169 1475 2320 1507 clericum

1313 1531 1348 1560 in
1364 1530 1569 1567 canonicum,
1586 1538 1622 1559 ac
1639 1529 1829 1568 providendi
1846 1529 1876 1559 ei
1891 1529 1930 1559 de
1949 1529 2141 1569 praebenda.

1354 1596 1368 1611 «
1388 1584 1564 1614 Personam
1581 1588 1669 1613 tuam
1686 1591 1761 1613 eo...
1779 1599 1818 1605 —-
1838 1583 1912 1613 Dat.
1932 1583 2033 1613 Reate
2045 1607 2052 1620 ‚
2082 1592 2104 1613 11
2130 1582 2202 1613 idus
2219 1582 2319 1622 junii,

1312 1646 1398 1668 anno
1418 1637 1569 1668 secundo.
1587 1649 1601 1664 n

1382 1810 1469 1838 982
1933 1810 2028 1841 Rieti,
2045 1809 2079 1836 23
2098 1810 2155 1836 mai
2171 1809 2248 1837 1289.

1311 1872 1416 1899 Contra
1435 1872 1610 1899 feudatarius
1629 1871 1817 1899 Treverensis
1840 1872 1990 1899 ecclesiae.
2017 1871 2100 1907 (Rae.
2128 1871 2176 1904 44,
2202 1879 2226 1898 ο.
2253 1871 2318 1905 236,

1311 1922 1330 1948 f.
1350 1921 1399 1948 158
1417 1922 1465 1954 1¹⁰.)

2344 1653 2366 1837 &Ca-000
2344 1565 2366 1627 *22-
2359 1531 2362 1539 -

2351 1843 2363 1908 ’ΒΧ

1351 2025 1456 2053 Eidem
1489 2023 1672 2053 facultatem
1706 2023 1854 2054 concedit
1883 2022 2101 2062 compellendi
2130 2022 2318 2054 feudatarius
2348 2060 2361 2069 „

1311 2077 1463 2107 ecclesiae
1479 2077 1687 2107 'Fi-everensis
1707 2077 1746 2106 ad
1761 2076 1926 2106 fidelitatis
1942 2080 1972 2106 et
1990 2076 2136 2115 homagii
2153 2077 2319 2116 Juramen-
2352 2072 2354 2074 ’

1312 2134 1378 2159 tum
1396 2129 1457 2159 sibi
1474 2130 1710 2168 praestandum.

1353 2195 1366 2210 «
1388 2183 1572 2213 Devotionis
1590 2188 1640 2212 tue
1656 2183 1879 2214 inducimur...
1900 2199 1941 2206 —
1955 2182 2027 2212 Dat.
2046 2183 2158 2220 Reate,
2175 2191 2195 2212 x
2210 2181 2325 2214 kalen-s

1310 2237 1366 2267 das
1378 2236 1477 2275 junii,
1495 2244 1581 2266 anuo
1594 2237 1744 2267 secundo.
1764 2249 1776 2263 »

1383 2403 1470 2432 963
1934 2402 2027 2435 Rieti,
2045 2402 2080 2430 23
2096 2402 2152 2429 mai
2170 2402 2247 2430 1289.

1348 2465 1453 2493 Contra
1468 2465 1606 2500 quasdam
1624 2465 1829 2492 beneficiorum
1851 2465 2019 2492 collationes
2034 2466 2061 2492 in
2078 2465 2211 2492 ecclesiis
2231 2465 2316 2493 colle-

1312 2516 1398 2551 giatis
1412 2515 1599 2542 Trevercnsis
1614 2515 1753 2541 ecclesiae
1770 2515 1869 2542 saetas.
1886 2514 1970 2549 (Reo-
1987 2515 2035 2549 44,
2050 2523 2076 2542 c.
2093 2514 2144 2542 237
2155 2537 2161 2547 ,
2178 2515 2197 2542 f.
2211 2514 2260 2542 158
2275 2519 2312 2548 τος

1311 2566 1378 2592 ΒΜ).
1396 2573 1430 2592 nu
1446 2563 1548 2594 ΤΗΕιι,
1566 2563 1607 2596 ΙΙ,
1626 2563 1698 2596 119.)

2343 2205 2354 2214 ι.

1355 2692 1374 2711 3.
1392 2668 1491 2697 abbati
1506 2667 1682 2696 monasterii
1697 2666 1730 2695 de
1745 2666 1854 2696 Sancto
1870 2666 2022 2703 Michaele,
2043 2666 2239 2696 Vir-dunensis
2250 2666 2314 2696 dio·
2335 2696 2341 2702 ,

1313 2723 1395 2751 cesis.
1415 2733 1427 2746 ιι
1448 2719 1682 2757 Intelleximus,
1702 2719 1905 2757 significante
1923 2719 2014 2749 nobis
2030 2719 2205 2750 venerabili
2222 2719 2314 2750 fratre
2339 2751 2342 2754 ,

1313 2778 1421 2805 nostro
1440 2773 1641 2809 Boemnndo,
1659 2773 1900 2812 archiepiscopo
1916 2773 2104 2804 Treverensi
2117 2797 2123 2810 ‚
2138 2772 2222 2812 quod
2233 2779 2312 2803 non-

1312 2827 1395 2858 nulli
1405 2826 1529 2865 prelati,
1539 2827 1651 2856 decani
1664 2831 1694 2856 et
1707 2826 1847 2865 capitula
1858 2826 2097 2864 collegiatarum
2107 2825 2310 2856 ecclesiarum

1311 2880 1516 2911 Treverensis
1534 2880 1670 2910 civitatis
1684 2884 1714 2909 et
1728 2879 1875 2917 diocesis,
1894 2879 1949 2910 uhi
1964 2884 2010 2910 est
2023 2883 2128 2910 certus
2143 2877 2312 2909 canonico-

1311 2943 1381 2964 rum
1399 2942 1552 2963 numerus
1567 2934 1745 2971 institutus,
1757 2933 1935 2972 juramenti
1945 2932 2127 2963 munimine
2139 2931 2309 2969 roboratus,

1309 2987 1343 3017 in
1361 2987 1508 3025 predictis
1525 2986 1677 3024 ecclesiis,
1699 2986 1797 3016 nullis
1811 2986 1846 3015 in
1865 2987 1911 3016 eis
1927 2985 2098 3025 prebendis
2115 2983 2308 3022 vacantibus,

1310 3041 1343 3070 111
1361 3040 1496 3078 singulis
1515 3049 1623 3070 earum
1644 3040 1792 3071 videlicet
1811 3039 2018 3079 quamplures
2039 3042 2168 3077 nepotes
2184 3041 2214 3068 et
2233 3043 2310 3068 con-
