2342 3652
907 362 1140 398 TROISIEME
1161 359 1318 398 ANNnn.
2100 369 2156 398 507

560 436 692 468 Orvieto,
709 436 723 462 5
739 435 902 470 septembre
919 435 996 462 1290.

103 501 142 531 In
157 509 186 530 e.
203 508 245 528 m.
259 522 266 534 ,
286 506 342 537 pro
357 497 490 527 ecclesia
505 497 641 526 fratrum
663 497 827 526 minorum
851 497 1067 527 Landunensi.

66 555 136 585 Dat.
150 552 234 591 apud
245 551 521 586 Urbemveterem,
540 550 636 580 nonis
650 550 850 588 septembris,
867 559 952 580 anno
964 551 1068 581 tertio.

67 607 124 647 (En
138 614 258 643 marga
274 604 412 640 Porrn„
431 603 556 640 23381.)

104 660 143 690 In
171 668 198 688 e.
225 667 282 695 m.‚
312 666 368 696 pro
393 657 527 687 ecclesia
553 657 686 686 fratrum
714 657 878 686 minorum
906 657 1069 686 Bemensi.

67 713 166 752 (lbid.;
183 712 320 747 Po‘rTn„
339 710 462 749 23382.)

571 777 698 810 Orvieto,
713 777 729 804 9
742 777 904 811 septembre
924 776 1000 803 1290.

107 842 146 872 In
168 850 195 871 e.
219 849 262 869 m.
287 863 305 869 ..
331 840 432 879 priori
456 844 487 869 et
506 840 657 869 fratribus
679 840 792 869 domus
815 840 931 869 Beatae
952 839 1072 868 Mariae

67 899 140 926 ante
154 898 276 933 portam
292 893 401 923 Sancti
417 893 583 923 Cristofori
599 893 636 922 de
661 893 761 931 burgo
777 893 887 923 Sancti
905 893 1050 932 Sepulcri
1063 917 1071 929 ,

67 947 188 980 ordinis
204 947 236 977 S.
259 947 452 985 Augustini,
475 946 673 977 Castellanae
696 946 868 983 dioecesis,
891 955 946 984 pro
963 956 1071 976 eorum

67 1001 209 1034 ecclesia.

108 1067 123 1083 «
145 1054 310 1085 Gloriosus
334 1054 421 1083 Deus
445 1054 516 1084 in...
542 1070 580 1075 —
600 1054 671 1083 Dat.
692 1054 775 1092 apud
796 1054 1071 1091 Urbemvetereni,

67 1118 88 1139 v
101 1107 173 1138 idus
188 1107 387 1146 septembris,
405 1116 491 1137 anno
507 1107 608 1137 tertio.
627 1119 639 1133 »
651 1106 755 1146 (Ibid.)

642 1186 768 1218 Orvieto,
790 1187 825 1212 1ΘΓ
840 1188 907 1213 aont
927 1187 999 1213 1290.

106 1251 143 1280 In
153 1259 181 1280 e.
197 1259 239 1279 m.
255 1250 413 1280 universis
421 1250 543 1280 Christi
555 1250 714 1286 fidelibus,
727 1259 782 1289 pro
794 1250 925 1280 ecclesia
940 1251 1073 1281 Sanctae

68 1304 186 1334 Mariae
200 1304 238 1333 de
255 1304 359 1341 Salas,
380 1303 530 1334 Oscensis
550 1303 716 1333 dioecesis
739 1304 809 1333 Dat.
829 1304 912 1342 apud
932 1304 1071 1334 Urbem-

68 1361 216 1393 veterem,
234 1356 382 1386 kalendis
397 1357 537 1394 augusti,
554 1365 640 1386 anno
658 1357 759 1386 tertio.

107 1413 145 1443 In
159 1421 186 1442 e.
204 1421 262 1449 m.‚
277 1421 333 1451 pro
345 1412 479 1442 ecclesia
491 1412 625 1442 Sanctae
639 1413 760 1442 Mariae
775 1413 813 1442 de
831 1413 930 1443 Podio
946 1414 982 1442 de
1000 1415 1072 1443 Bar-

69 1466 182 1501 bastro,
200 1465 351 1495 Oscensis
366 1465 531 1495 dioecesis.

552 1533 678 1566 Orvieto,
701 1534 727 1559 11
746 1534 908 1568 septembre
926 1534 1001 1561 1290.

108 1595 145 1625 In
159 1603 186 1625 e.
200 1604 257 1632 m.‚
271 1604 326 1634 pro
343 1595 477 1625 ecclesia
489 1595 623 1625 Sanctae
641 1596 760 1625 Mariae
774 1596 857 1626 della
874 1597 971 1626 Pecza
988 1602 1074 1627 extra

69 1657 174 1678 muros
197 1648 293 1678 castri
316 1649 355 1678 de
375 1648 553 1685 Guarcino,
574 1648 741 1678 Alatrinae
764 1649 928 1681 dioecesis,
949 1651 1019 1680 Dat.
1042 1656 1075 1680 ut

69 1711 172 1740 supra,
191 1711 226 1731 111
244 1702 316 1732 idus
334 1702 532 1740 septembris,
550 1711 636 1732 anno
653 1703 756 1732 tertio.
777 1716 788 1727 »

137 1888 254 1916 3142

106 1949 292 1986 Privilegium
304 1950 527 1985 jurisdictionis.
545 1951 628 1983 (Heu.
646 1952 686 1983 45,
705 1960 730 1978 c.
748 1953 807 1982 361,
826 1953 844 1979 f.
863 1953 895 1979 7?
912 1956 962 1986 νο.)

648 1889 776 1924 Orviet0‚
792 1890 825 1916 ‘23
841 1892 906 1917 aout
927 1891 1002 1918 1390.

108 2053 224 2082 Dileclis
242 2053 317 2090 filiis
340 2054 519 2093 Reytnatdn,
535 2055 647 2084 abbati.
666 2060 692 2084 et
714 2057 875 2084 conventui
896 2059 1074 2085 monasterii

65 2105 173 2136 Sancti
191 2107 331 2144 Dyonz'sii
350 2108 385 2136 in
406 2107 536 2136 Francia
550 2132 556 2144 ,
582 2108 621 2136 ad
638 2117 797 2137 romanam
818 2110 971 2138 ecclesiam
989 2111 1074 2139 nullo

67 2160 164 2189 medio
175 2161 369 2198 pertinentis,
382 2161 500 2190 ordinis
512 2161 541 2190 S.
557 2162 717 2197 Benedicti,
731 2162 913 2192 parisiensis
921 2164 1070 2193 (lioec‘esis.

66 2212 116 2242 Ad
135 2212 238 2242 instar
255 2212 411 2242 Celestini
435 2222 532 2252 papae
551 2214 619 2248 111³,
639 2214 765 2244 inhibet
784 2228 796 2242 ιι
818 2224 857 2244 ne
877 2215 991 2254 aliquis
1017 2225 1073 2254 pro
1119 2231 1122 2233 Δ

66 2265 297 2296 monachorum
313 2266 634 2303 delictis,dummodo
650 2268 772 2297 abbatis
787 2269 836 2298 sui
854 2273 1005 2307 tanquam
1022 2277 1072 2298 or-

67 2317 186 2348 dinarii
208 2319 327 2358 judicis
342 2319 503 2350 voluerint
521 2325 603 2350 stare
618 2321 783 2357 mandato,
802 2322 835 2351 in
858 2322 1005 2351 ecclesias
1023 2322 1072 2352 vel

67 2371 214 2402 homines
229 2377 351 2403 vestros
373 2373 421 2403 vel
440 2374 473 2403 in
494 2373 566 2403 illos
581 2374 637 2413 qui
656 2375 746 2404 vobis
763 2375 902 2405 decimas
925 2375 972 2404 vel
995 2375 1073 2406 alios

66 2425 208 2456 redditus
224 2429 374 2457 tenentur
391 2427 555 2463 exolvere,
577 2429 796 2466 suspensionis
817 2438 870 2458 seu
887 2437 1072 2459 excommu-

67 2479 234 2510 nicationis
250 2479 365 2510 audeat
381 2481 574 2510 sententiam
595 2481 809 2520 promulgare.
832 2495 845 2508 >1

109 2544 122 2559 tx
145 2532 276 2563 Dudum
301 2533 336 2563 in
355 2533 495 2565 felicis...
522 2551 562 2556 —
588 2535 659 2564 Dat.
686 2536 770 2574 apud
797 2536 1070 2570 Urbernveterem,

68 2594 86 2615 x
102 2584 255 2616 kalendas
271 2587 475 2625 septembris,
496 2596 581 2618 anno
599 2588 701 2618 tertio.
720 2601 733 2615 n

87 2770 89 2772 '
138 2766 258 2795 3143
649 2768 776 2799 Orvieto,
793 2769 826 2796 23
841 2771 909 2796 aodt
926 2769 1002 2797 1‘290.

106 2827 288 2863 Privilegium
302 2829 525 2863 jurisdictionis.
542 2830 624 2863 (Rea.
643 2831 686 2862 45,
703 2839 728 2857 c.
746 2831 809 2865 362,
825 2831 844 2858 f.
863 2832 895 2858 72
912 2834 963 2864 νο.)

109 2930 238 2967 Eisdem,
255 2931 295 2961 ad
313 2931 415 2961 instar
432 2932 614 2962 Innocentii
630 2933 716 2969 mli,
733 2933 880 2972 indulget
897 2938 930 2963 ut
948 2933 1075 2963 nulium

69 2990 177 3013 eorum
200 2983 462 3014 immunitatibus
482 2985 715 3024 praejudicium
738 2987 771 3015 in
792 2991 951 3024 posterum
977 2995 1075 3024 gene-

71 3037 156 3066 retur
170 3037 333 3067 occasione
346 3038 584 3068 constitutionis
598 3047 660 3077 qua
676 3039 765 3068 sedes
781 3039 952 3078 apostolica
967 3039 1076 3069 statuit

1154 440 1313 473 exemptos
1326 435 1446 465 ratione
1458 435 1564 465 delicti
1575 445 1630 465 seu
1644 440 1822 465 contractus
1833 440 1887 465 aut
1898 435 1979 464 alius
1992 436 2036 464 rei
2050 444 2155 465 coram

1154 486 1295 516 locorum
1310 488 1481 518 ordinariis
1497 489 1662 518 conveniri
1682 497 1781 527 posse.

1196 552 1209 566 α
1229 539 1310 569 Cum
1327 540 1402 570 olini
1419 542 1557 571 felicis...
1576 558 1617 565 --
1632 542 1703 571 Dat.
1725 546 1757 571 ut
1775 550 1879 581 supra.
1905 555 1917 567 »

1225 719 1345 747 3144

1192 779 1376 817 Privileginni
1390 783 1609 817 jurisdictionis.
1627 783 1708 815 (Risu.
1729 778 1771 814 45,
1789 792 1813 810 c.
1833 784 1892 814 363,
1910 784 1929 810 f.
1952 783 1984 810 72
2002 787 2053 816 νο,)

1734 721 1859 752 Orvieto,
1878 721 1910 748 *23
1926 723 1992 747 aout
2011 721 2086 748 1290.

1195 886 1322 914 Eisdem.
1341 885 1391 914 Ad
1406 886 1506 914 instar
1522 885 1645 915 Urbani
1658 885 1743 921 IIII¹‚
1755 885 1880 914 inhibet
1896 895 1934 915 ne
1951 886 2024 924 quis
2040 886 2159 915 archie-

1157 937 1301 976 piscopus
1326 938 1375 967 vel
1401 938 1565 976 episcopus
1593 943 1702 967 contra
1728 947 1799 972 eOS,
1827 939 1946 976 absque
1971 939 2159 968 auctoritate

1155 992 1280 1020 romani
1297 991 1455 1030 pontificis
1475 990 1523 1020 vel
1541 991 1637 1028 legati
1655 1000 1673 1020 a
1689 991 1801 1026 latere,
1820 993 2159 1022 excommunicationis

1156 1045 1205 1074 vel
1230 1045 1391 1074 interdicti
1421 1049 1475 1074 aut
1505 1045 1722 1082 suspensionis
1753 1046 1926 1074 sententias
1956 1045 2160 1083 promulgare

1156 1099 1263 1137 possit.

1197 1164 1211 1178 «
1229 1152 1373 1190 Dignum
1389 1157 1435 1181 est
1451 1157 1518 1182 et...
1538 1169 1576 1173 -
1591 1152 1660 1181 Dat.
1683 1156 1836 1190 utsupra.
1857 1164 1869 1177 >³

1228 1332 1344 1361 3145

1193 1394 1326 1420 Facultas
1341 1394 1509 1420 absolvendi
1527 1404 1541 1419 a
1558 1395 1704 1420 canonicis
1719 1394 1879 1420 sententiis.
1895 1393 1976 1425 (Rae.
1997 1395 2040 1425 45,
2057 1402 2081 1419 c.
2101 1393 2159 1421 364.

1157 1444 1175 1470 f.
1194 1443 1226 1469 72
1242 1445 1295 1475 νο.)

1735 1330 1860 1361 Orvieto,
1879 1330 1912 1357 23
1929 1331 1994 1356 aout
2015 1330 2089 1357 1290.

1199 1546 1303 1575 Dilecto
1316 1548 1380 1583 lilio
1394 1547 1437 1579 R.,
1452 1547 1550 1574 abbati
1566 1547 1742 1575 monasterii
1753 1546 1856 1575 Sancti
1871 1547 2008 1583 Dyonisii
2023 1547 2054 1574 in
2067 1546 2161 1574 Fran—

1157 1601 1214 1635 cta,
1232 1601 1270 1628 (ch
1283 1609 1441 1628 romanam
1461 1600 1612 1629 ecclesiam
1630 1600 1714 1628 nullo
1730 1600 1826 1628 medio
1836 1601 2025 1636 pertinentis,
2044 1600 2162 1628 ordinis

1158 1654 1188 1682 S.
1206 1654 1366 1690 Benedicti,
1383 1654 1565 1681 Par-issensz's
1581 1653 1730 1687 dioecesis,
1749 1652 1929 1681 facultatem
1948 1652 2092 1681 concedit
2108 1652 2161 1681 ab·

1158 1706 1301 1736 solvendi
1315 1706 1488 1735 monachos
1503 1707 1687 1736 [nonasterii
1703 1706 1752 1735 sui
1769 1707 1807 1735 ab
1824 1706 2162 1735 excommunicationis

1158 1758 1317 1788 sententia
1333 1767 1428 1796 qnam
1444 1766 1499 1796 pro
1519 1758 1692 1796 injectione
1708 1766 1865 1787 manuum
1886 1758 1920 1786 in
1940 1756 2072 1787 clericos
2086 1766 2161 1787 con-

1159 1812 1320 1841 traxerint.

1201 1879 1212 1890 «
1233 1865 1360 1894 Dudum
1378 1864 1540 1902 quondam
1560 1886 1579 1893 ..
1597 1864 1748 1894 abbate...
1765 1880 1804 1886 —
1822 1864 1893 1893 Dat.
1913 1869 2069 1902 utsupra.
2091 1876 2102 1889 n

1228 2050 1345 2078 3146

1193 2112 1326 2139 Facultas
1342 2112 1529 2147 recuperandi
1547 2112 1619 2138 bona
1634 2122 1649 2138 a
1665 2112 1873 2139 detentoribus.
1889 2113 1975 2143 (Rea.
1994 2114 2040 2144 45,
2058 2121 2084 2139 c.
2102 2113 2162 2145 365,

1156 2162 1175 2188 f.
1193 2163 1225 2189 73
1243 2165 1289 2195 r⁰.)

1738 2049 1864 2080 Orvieto,
1882 2050 1914 2076 23
1931 2051 1998 2076 aont
2016 2050 2092 2077 1290.

1197 2268 1311 2301 Eidem,
1329 2266 1368 2295 ad
1386 2266 1487 2295 instar
1505 2265 1654 2301 Grefzorii
1672 2265 1721 2302 X,
1740 2268 1925 2303 potestatem
1941 2265 2087 2295 concedit
2104 2266 2166 2294 exi-

1156 2320 1254 2357 gendi
1270 2324 1300 2349 et
1316 2319 1526 2357 recuperandi
1542 2327 1560 2348 a
1575 2318 1792 2348 detentoribus
1810 2318 2023 2356 possessiones
2046 2323 2075 2346 et
2089 2318 2164 2355 jura

1156 2373 1342 2403 monasterii
1358 2373 1407 2402 sui
1425 2372 1488 2401 nisi
1504 2372 1688 2401 centenaria
1704 2375 1810 2401 currat
1827 2371 2023 2409 prescriptio.

1199 2439 1211 2451 «ι
1230 2425 1318 2455 Sicut
1334 2434 1435 2463 nuper
1449 2425 1666 2464 accepimus...
1686 2441 1721 2446 -—
1742 2425 1812 2453 Dat.
1831 2429 1986 2462 utsupra.
2006 2436 2020 2450 »

1229 2611 1343 2640 314³?
1737 2610 1864 2641 Orvieto,
1882 2610 1915 2637 23
1930 2611 1999 2637 aout
2014 2610 2092 2636 1290.

1192 2674 1325 2701 Facultas
1341 2673 1506 2700 absolvendi
1521 2682 1537 2699 a
1553 2673 1700 2699 canonicis
1716 2673 1878 2699 sententiis.
1896 2672 1979 2705 (Rae.
1997 2672 2039 2705 45,
2057 2680 2084 2698 c.
2102 2671 2161 2702 366,

1157 2724 1177 2750 f.
1196 2723 1229 2750 73
1244 2724 1293 2755 ro.)

1198 2826 1301 2855 Eidem
1321 2824 1503 2854 facultatem
1525 2824 1666 2854 concedit
1687 2823 1872 2854 absolvendi
1891 2831 2044 2861 personas
2070 2821 2164 2852 villae

1159 2879 1267 2909 Sancti
1288 2878 1438 2917 Dionysii
1460 2882 1490 2907 et
1512 2877 1647 2907 aliorum
1670 2877 1811 2907 locorum
1834 2885 1910 2907 suae
1927 2875 2165 2915 jurisdictionis

1158 2932 1198 2962 ab
1213 2931 1550 2962 excommunicationis
1562 2930 1731 2960 sententiis
1748 2938 1827 2968 quas
1841 2937 1897 2967 pro
1912 2928 2053 2959 violenta
2068 2928 2167 2966 injec-

1161 2986 1245 3015 tione
1261 2993 1414 3014 manuum
1432 2984 1466 3014 in
1482 2984 1612 3014 clericos
1627 2984 1834 3014 incurrerint.

1201 3050 1214 3065 u
1231 3038 1383 3068 Volentes
1398 3038 1505 3076 aliqua
1520 3037 1615 3068 tibi...
1633 3054 1670 3059 ——
1684 3037 1755 3067 Dat.
1776 3041 1809 3066 ut
1824 3045 1930 3075 supra.
1946 3047 1960 3062 ν
