2477 3637
325 412 383 444 158
1073 408 1310 440 REGISTRES
1331 409 1386 440 DE
1408 407 1592 445 NICOLAS
1614 409 1671 439 IV.

325 491 340 507 n
364 478 521 509 rabilibus
542 478 619 507 viris
635 477 786 514 magistro
811 474 951 505 Berardo
973 474 1012 504 de
1032 474 1180 513 Neapoli,
1203 475 1329 506 domiui

326 545 340 560 »
365 542 443 571 pape
459 531 596 569 notario,
614 529 746 560 domiuo
763 529 857 557 fratre
874 527 1041 564 Roderico‚
1060 527 1327 567 Compostellano,

324 598 339 614 »
363 591 393 616 et
410 586 563 623 magistro
593 583 716 616 Garsia,
749 582 927 619 Seguntiuo
961 580 1088 617 electis,
1120 589 1157 611 ac
1185 581 1329 612 discretis

323 648 340 669 ›
363 639 441 668 viris
456 637 587 667 domiuo
604 635 777 666 Fernando
790 634 950 667 Roderiei,
962 633 1082 664 decano
1097 634 1228 664 ecclesie
1239 635 1328 665 Abu-

321 701 338 722 »
362 691 472 725 tensis,
493 689 653 727 magistris
672 688 856 724 Laurentio,
876 687 1039 718 scolastico
1054 687 1327 725 Wratislavieusi,

326 757 339 771 ι)
361 743 538 773 Guillelmo
556 742 594 771 de
609 742 748 772 Godorio
764 741 801 770 de
821 740 996 779 Rupeforti,
1021 745 1159 776 cantore,
1180 744 1210 770 et
1234 739 1328 770 Guil-

322 809 336 824 »
361 796 456 827 lelmo
479 796 518 825 de
537 794 701 833 Gregosso,
715 795 868 824 canonico
881 793 1179 828 Colimbrieusibus,
1203 801 1327 824 necnon

322 862 336 878 η
361 850 455 880 Petro
473 849 511 879 de
531 849 666 887 Aguyar
683 848 722 877 de
740 847 880 886 Campou
896 851 926 877 et
942 846 1061 876 Didaco
1071 846 1181 876 Didaci
1196 846 1234 875 de
1249 846 1329 876 civi-

321 915 335 931 »
360 907 422 933 tate
453 902 639 942 Yspalensi,
677 901 842 931 canonicis
875 900 1165 936 Bracharcnsibus,
1196 900 1329 930 testibus

322 968 335 983 n
360 956 491 994 rogatis,
508 960 538 985 et
556 955 702 994 pluribus
717 954 799 984 aliis.
821 955 925 991 Etego
939 953 1090 984 Nicolaus
1111 952 1328 983 Bai-tholomei

320 1019 335 1039 r
359 1009 398 1039 de
414 1009 588 1044 Guarciuo,
609 1007 757 1043 clericus,
769 1007 954 1037 auctoritate
969 1011 1075 1036 sancte
1086 1015 1217 1037 romane
1233 1005 1329 1036 eccle-

322 1075 334 1089 »
357 1063 401 1093 sie
420 1062 564 1092 notarius
574 1061 735 1100 publicus,
750 1061 805 1099 qui
820 1060 957 1099 predicte
972 1059 1204 1098 compositioni,
1222 1068 1327 1090 coram

320 1128 334 1143 ι)
358 1116 547 1146 memoratis
565 1115 704 1144 dominis
718 1113 939 1144 cardinalibus
957 1114 1045 1149 facte,
1066 1122 1129 1143 una
1144 1122 1217 1143 cum
1233 1113 1327 1143 dictis

319 1182 333 1197 »
359 1170 493 1199 testibus
514 1170 546 1198 iu
565 1168 701 1198 ecclesia
719 1168 835 1206 prefata
859 1177 988 1206 presens
1011 1167 1154 1203 interfui,
1176 1167 1214 1197 de
1235 1175 1327 1196 man-

320 1236 333 1250 »
357 1224 428 1253 dato
444 1223 585 1261 ipsorum
597 1221 809 1251 rai-dinanum
829 1226 858 1251 et
874 1221 913 1251 ad
931 1230 1037 1259 preces
1052 1220 1186 1259 partium
1203 1220 1325 1259 predic-

318 1288 332 1303 »
357 1281 482 1312 tarum,
515 1276 623 1305 ouiuia
655 1279 684 1304 et
719 1275 850 1312 singula
881 1274 1060 1313 supradicta
1087 1274 1220 1313 scripsi,
1243 1274 1324 1304 etin

317 1341 329 1355 2
358 1328 519 1368 publicam
555 1328 689 1358 sormam
720 1328 841 1365 redegi,
873 1329 1000 1366 meique
1030 1328 1171 1357 nominis
1196 1322 1329 1365 signum

318 1394 330 1408 n
356 1382 427 1411 feci.
452 1382 487 1411 Et
515 1390 592 1417 uos,
617 1382 824 1411 miseratione
846 1380 957 1410 diviua
973 1381 1069 1410 frater
1098 1381 1144 1417 L.,
1168 1380 1326 1413 Ostiensis

317 1427 332 1462 3>
359 1440 388 1465 et
411 1436 620 1465 Velletrcusis
637 1436 813 1473 episcopus,
833 1435 880 1470 P.‚
903 1434 985 1464 tituli
1002 1434 1108 1464 Sancti
1126 1434 1225 1464 Marci
1240 1443 1325 1473 pres-

317 1499 332 1518 i>
356 1490 460 1528 bytcr,
479 1494 509 1518 ct
529 1489 583 1524 B„
602 1489 709 1519 Sancti
729 1488 853 1518 Nicolai
872 1488 905 1517 in
928 1487 1062 1518 Carcere
1085 1487 1235 1518 Tulliano
1256 1487 1324 1517 dia-

318 1555 331 1570 n
356 1552 455 1572 conus
479 1542 657 1572 cardinales
680 1541 831 1581 predicti,
855 1542 892 1571 ad
920 1542 1073 1580 maiorem
1096 1541 1324 1580 premissorum

319 1609 332 1623 »
357 1596 505 1626 omnium
520 1596 705 1625 firmitatem
721 1600 751 1626 et
761 1595 989 1625 certitudinem
1004 1595 1180 1634 pleniorem
1193 1603 1324 1634 presens

316 1662 327 1676 ι
356 1650 519 1688 publicum
535 1650 788 1679 instrumentum
805 1649 985 1687 sigillorum
996 1654 1177 1679 nostrorum
1188 1649 1323 1679 fecimus

315 1715 327 1729 n
354 1703 549 1741 appensione
565 1703 699 1732 muniri.
727 1715 740 1729 ι)

356 1755 446 1785 Nulli
460 1765 534 1793 ergo
551 1760 610 1785 etc.
629 1757 960 1786 nostreauuotationis
972 1756 1251 1786 etcoustitutionis
1262 1760 1318 1787 etc.

316 1808 349 1838 Si
369 1809 440 1847 quis
457 1813 563 1838 autem
595 1813 653 1839 etc.
681 1810 752 1840 Dat.
774 1810 989 1854 Romaapud
1013 1809 1161 1839 Sanctam
1186 1810 1322 1840 Mariam

316 1863 482 1901 Majorem,
505 1863 597 1893 nouis
613 1863 731 1899 martii,
749 1872 834 1893 anno
851 1863 1000 1894 secundo.
1021 1875 1034 1890 »

386 2016 463 2043 Ul?

352 2078 392 2104 Dc
407 2078 506 2104 eodem
526 2079 649 2112 nogotio.
671 2077 758 2113 (Rue.
776 2079 818 2109 lili,
836 2087 861 2105 c.
878 2079 920 2110 51,
934 2079 951 2105 f.
970 2079 1015 2105 1²30
1028 2085 1074 2111 v0;
1095 2078 1198 2106 Ροττιι.
1212 2078 1322 2112 9ῗ899.)

658 2015 1028 2050 sainte-Marie-Majeure,
1047 2017 1060 2042 7
1078 2024 1154 2043 mars
1172 2016 1249 2044 1289.

355 2182 397 2209 ,id
412 2185 586 2218 perpetuam
605 2182 650 2208 rei
670 2182 861 2210 memoriam.
891 2192 904 2207 α
917 2164 1073 2211 ⁴Occurrit
1093 2185 1200 2211 nostre
1216 2182 1321 2212 consi-

315 2234 487 2264 derationis
503 2234 665 2263 obtutibus
682 2235 720 2263 ab
736 2235 869 2272 antiquo
887 2234 920 2263 in
928 2240 972 2263 ter
985 2234 1118 2273 prelatos
1131 2235 1223 2272 regui
1243 2235 1319 2264 Por-

316 2287 434 2324 tugalie
451 2291 482 2316 et
498 2286 655 2323 Algarbii,
667 2296 702 2317 ac
712 2287 778 2316 suis
794 2287 916 2317 vicibus
933 2291 1102 2325 regnantes
1114 2287 1147 2316 in
1164 2296 1210 2323 eo,
1226 2296 1321 2326 super

316 2339 525 2370 ecclesiarum
545 2340 895 2379 ecclesiasticarumque
918 2349 1126 2379 personarum
1142 2341 1269 2380 juribus
1291 2345 1322 2371 et

314 2394 519 2431 oppressione
540 2393 696 2423 libertatis
716 2394 940 2431 ecclesiastice,
957 2398 1024 2424 orta
1042 2395 1214 2430 contentio,
1235 2398 1321 2425 tanto

314 2447 453 2485 profecto
472 2455 508 2475 ex
530 2447 679 2485 temporis
695 2447 907 2477 diuturnitate
922 2446 1096 2484 molestior,
1114 2452 1233 2486 quanto
1250 2447 1320 2477 ani-

314 2500 427 2529 mabus
456 2500 637 2530 incolarum
668 2501 760 2538 regni
788 2500 937 2539 predicti,
967 2501 1084 2539 quibus
1113 2505 1159 2531 est
1187 2501 1322 2540 proinde

315 2554 521 2583 carismatum
556 2554 741 2584 divinorum
772 2554 896 2584 diutius
928 2554 1098 2584 interdicta
1124 2555 1320 2593 communio,

313 2608 457 2645 graviora
476 2607 616 2646 pericula
643 2608 820 2645 ingerebat,
848 2613 973 2647 propter
995 2608 1090 2647 quod,
1117 2617 1191 2639 cum
1207 2608 1322 2639 habeat

313 2661 409 2690 ctiam
426 2661 582 2691 naturalis
598 2661 769 2691 instinctus
790 2665 823 2691 ut
843 2662 949 2700 quivis
965 2662 1031 2692 suis
1047 2662 1207 2693 laboribus
1220 2663 1319 2692 finem

314 2714 453 2744 votivum
482 2716 646 2753 presertim
674 2714 809 2744 libenter
836 2715 999 2754 imponat,
1026 2720 1111 2746 tauto
1131 2715 1317 2753 instantius,

314 2769 427 2796 uostris
460 2768 657 2806 fratrumque
695 2772 874 2798 nostrorum
910 2768 1072 2798 laboribus
1103 2777 1165 2799 non
1200 2768 1318 2805 vitatis,

315 2821 418 2850 eidem
435 2822 630 2851 contentioni
649 2822 799 2860 sopiende
816 2822 1011 2859 vacavimus,
1030 2827 1150 2862 quanto
1167 2823 1268 2861 magis
1283 2831 1318 2852 ex

315 2874 413 2903 officii
429 2874 532 2904 debito
547 2875 585 2903 ad
602 2875 803 2905 subditorum
828 2875 962 2906 salutem
982 2876 1158 2912 afficimur,
1181 2881 1318 2915 quanto-

319 2936 380 2964 que
397 2928 545 2957 novimus
561 2929 599 2958 ad
617 2928 647 2957 id
664 2938 682 2958 a
700 2929 805 2967 longis
821 2934 904 2959 retro
922 2930 1118 2968 temporibus
1138 2939 1192 2968 per
1212 2929 1320 2960 sedem

314 2979 516 3017 apostolicam
535 2980 708 3011 laboratum
723 3006 729 3018 ‚
751 2985 842 3019 prout
861 2982 1110 3021 subscriptorum
1125 2982 1236 3019 series,
1250 2990 1322 3021 pro-

316 3033 444 3062 lixitatis
459 3033 586 3062 vitaude
602 3035 702 3071 gratia
718 3043 783 3064 non
803 3034 934 3073 singula
949 3039 1106 3073 repetens,
1124 3034 1177 3065 sed
1192 3043 1319 3065 summa

315 3096 421 3117 :erum
448 3087 574 3124 fastigia
599 3088 807 3128 suffragantia
833 3089 865 3117 iu
896 3088 954 3118 hoc
982 3092 1088 3119 nostro
1116 3089 1318 3127 partiumque

1391 2235 1562 2265 ‘sententia
1577 2234 1760 2271 innodatus,
1774 2243 1838 2264 non
1853 2234 1972 2274 absque
1983 2235 2168 2264 animarum
2183 2234 2334 2274 periculo,
2348 2235 2389 2274 q‘

1413 475 1580 514 proposito,
1600 475 1760 505 succincto
1785 482 1943 511 sermone,
1967 479 2123 514 quantum
2149 476 2268 515 absque
2287 478 2336 508 sui
2363 487 2411 511 se-

1412 527 1559 558 ductione
1586 527 1704 566 patitur
1729 526 1802 557 facti
1826 527 1974 565 diffusio,
2000 536 2204 567 prosequens,
2221 530 2408 563 manifestat.

1413 581 1543 611 Dudum
1576 580 1737 620 siquidem
1753 588 1859 611 corani
1890 579 1992 611 felicis
2021 581 2247 612 recordationis
2277 583 2412 618 Martino

1411 644 1489 674 papa
1520 635 1600 671 1111,
1632 634 1853 673 predecessore
1885 639 2003 671 nostro,
2031 634 2092 665 fuit
2119 644 2155 665 ex
2182 632 2434 671 venerabilium&

1411 688 1545 718 fratrum
1563 692 1743 719 nostrorum
1763 711 1782 718 ..
1803 687 2035 726 archiepiscopi
2052 688 2280 720 Bracharensis
2295 692 2392 732 etepi
2411 679 2423 702 s

1410 749 1559 780 coporum
1578 741 1668 778 regui
1686 740 1819 778 predicti
1835 744 1921 778 parte
1939 741 2132 779 propositum
2158 742 2242 781 quod
2264 743 2417 776 nonnul
2432 741 2439 746 ’

1411 802 1446 824 ex
1463 794 1551 833 ipsis,
1564 803 1629 824 una
1644 803 1716 824 cum
1736 793 2011 833 predecessoribus
2028 793 2178 831 aliorum,
2196 800 2415 836 contraquou

1410 847 1483 877 dam
1521 847 1704 883 Alfonsum,
1739 846 1923 884 Pol-tugalie
1943 851 1973 876 et
2002 847 2147 885 Algarhii
2171 857 2290 886 regem,
2321 859 2407 890 sup.

1411 900 1547 939 iuJuriis
1564 906 1593 931 et
1608 900 1851 938 gravaminibus
1876 908 1937 939 que
1956 900 2031 937 sibi,
2057 901 2198 931 ecclesiis
2220 906 2250 931 et
2272 894 2412 946 persons

1417 953 1654 990 ecclesiasticis,
1681 955 1714 984 in
1730 954 1934 992 derogatione
1950 954 2159 985 ecclesiastice
2179 954 2343 993 libertatis,
2377 971 2411 998 ιχ,

1410 1007 1547 1037 eundem
1580 1017 1686 1046 regem
1714 1011 1744 1037 et
1771 1016 1843 1037 suos
1870 1007 2006 1045 irrogata
2034 1012 2064 1038 et
2092 1008 2226 1047 irrogari
2251 1009 2414 1047 dicebant

1409 1068 1514 1090 corani
1538 1061 1587 1099 pie
1615 1061 1768 1091 memorie
1789 1060 1955 1091 Clemente
1973 1061 2052 1097 IIII,
2070 1061 2235 1100 quosdam,
2257 1067 2288 1092 et
2310 1066 2411 1102 posis
2455 1093 2457 1098 Α

1409 1122 1515 1144 coram
1531 1113 1698 1144 recolende
1715 1114 1943 1144 recordatiouis
1955 1113 2106 1152 Gregorio
2122 1115 2173 1151 X,
2190 1115 2326 1146 summis
2339 1124 2398 1156 pou

1410 1166 1558 1202 tificibus,
1571 1167 1982 1206 predecessoribusuostriS,
1997 1172 2058 1197 tam
2075 1166 2147 1198 illos
2162 1177 2260 1207 quam
2274 1167 2412 1202 nonnul,

1408 1220 1454 1250 los
1469 1219 1548 1249 alios
1566 1220 1716 1250 articulos
1732 1220 1927 1257 obtuleruut,
1947 1225 1976 1250 et
1989 1220 2128 1251 eundem
2144 1230 2264 1260 regem,
2283 1225 2318 1252 ut
2332 1223 2375 1264 inj
2406 1263 2407 1266 Ἰ

1409 1274 1473 1303 rias
1489 1278 1518 1303 et
1535 1274 1734 1311 gravamina,
1751 1283 1812 1313 que
1825 1274 1967 1304 seriatim
1984 1274 2248 1313 exprimunturin
2262 1274 2370 1316 illis,j
2387 1290 2401 1303 ι,

1408 1327 1547 1365 irrogata
1567 1327 1741 1365 corrigeret
1759 1332 1789 1357 et
1810 1327 1842 1356 in
1860 1328 2003 1357 futurum
2019 1337 2037 1357 a
2053 1327 2214 1358 similibus
2228 1327 2403 1363 abstinere·

1409 1390 1463 1420 per
1479 1381 1581 1410 varias
1597 1380 1782 1419 apostolicas
1804 1381 1863 1410 sub
1880 1385 1965 1410 certa
1988 1381 2089 1411 forma
2107 1381 2227 1412 litteras
2248 1381 2380 1414 obtinus
2395 1380 2404 1408 ¹¹:

1408 1434 1544 1464 moneri.
1563 1433 1719 1478 Quodque
1735 1433 1820 1463 idem
1839 1433 2041 1472 predecessor
2056 1434 2242 1472 Gregorius,
2262 1439 2402 1474 reputa

1408 1487 1571 1527 premissis
1592 1496 1686 1525 super
1707 1486 1766 1517 hoc
1794 1487 2028 1517 monitionibus
2053 1488 2191 1526 paritum
2213 1496 2277 1518 non
2307 1488 2400 1519 fuis
2459 1518 2461 1523 ⁴

1406 1540 1569 1579 quandam
1586 1549 1680 1579 super
1698 1540 1848 1578 predictis
1867 1540 2085 1579 provisionem
2107 1549 2162 1571 seu
2179 1541 2399 1572 ordinationem
2450 1546 2461 1555 ·“

1406 1593 1445 1622 de
1461 1593 1596 1623 fratrum
1614 1601 1745 1622 suorum
1763 1593 1895 1622 consilio
1910 1592 2020 1630 edidit,
2041 1593 2239 1623 diversarum
2256 1601 2403 1633 penarum·

1407 1651 1437 1676 et
1452 1646 1685 1676 sententiarum
1705 1646 2048 1676 excommunicationis
2071 1650 2102 1677 ot
2120 1646 2284 1677 interdicti
2308 1646 2391 1687 adj-t

1407 1700 1492 1730 tione
1508 1699 1672 1737 vallatam3
1701 1708 1835 1739 eamque
1854 1704 1917 1729 tam
1933 1700 1973 1729 ab
1988 1701 2056 1738 ipso
2072 1708 2145 1738 rege
2168 1709 2264 1739 quam
2283 1701 2324 1730 ab
2344 1700 2391 1741 ej„

1406 1753 1640 1783 successoribus
1668 1753 1702 1782 in
1726 1761 1824 1791 regno
1852 1753 1992 1791 predicto
2018 1753 2127 1783 statuit
2151 1757 2181 1783 et
2210 1753 2352 1784 decrevit
2378 1752 2398 1779 '³

1404 1810 1594 1845 perpetuum
1621 1806 1866 1836 observandam.
1896 1806 1932 1835 Et
1959 1806 2033 1845 quia
2058 1815 2117 1836 nec
2139 1806 2244 1837 dictus
2265 1815 2320 1837 rex
2343 1815 2368 1838 e
2383 1812 2402 1831 ι’

1404 1859 1635 1894 observaverat,
1657 1868 1715 1888 nec
1727 1859 1913 1898 Dyonisius,
1930 1868 1982 1888 rex
1999 1859 2180 1898 Pol-tugalie
2203 1864 2234 1890 et
2249 1859 2380 1898 Algarb‘
2391 1870 2408 1898 ι,

1403 1913 1504 1952 ipsius
1520 1913 1558 1943 Α.
1580 1912 1676 1948 filius,
1700 1916 1731 1942 et
1749 1912 1784 1942 iu
1805 1912 1922 1955 ‘eodem
1939 1920 2038 1950 reguo
2054 1921 2228 1950 successor,
2244 1911 2401 1944 observ'

1405 1967 1553 2004 curabat,
1571 1966 1657 1996 idem
1675 1975 1827 2005 reguum,
1846 1966 1929 2005 quod
1951 1975 2005 2005 per
2021 1966 2149 1996 eosdem
2168 1966 2305 2005 prelatos
2319 1975 2360 1998 au

1405 2029 1441 2050 ex
1466 2020 1560 2050 certis
1585 2021 1689 2050 causis
1716 2020 1819 2050 fuerat
1847 2019 2064 2056 interdictum,
2093 2029 2149 2059 per
2176 2019 2311 2050 eandem
2336 2012 2400 2051 dlrsl

1404 2073 1636 2113 predecessoris
1663 2073 1813 2111 Gregorii
1850 2073 2066 2113 provisionem
2093 2082 2148 2103 seu
2175 2073 2403 2104 ordination

1404 2127 1615 2158 ecclesiastico
1630 2127 1800 2157 interdicto
1816 2127 1998 2165 subjectum
2016 2127 2130 2164 extitit,
2147 2131 2178 2157 et
2194 2127 2299 2158 adhuc
2317 2127 2397 2171 etiq

1404 2181 1574 2217 existebat,
1597 2181 1746 2220 idemque
1769 2190 1822 2210 rex
1847 2181 2043 2219 Dyonisius,
2069 2178 2392 2222 excommunicatioif
2424 2177 2426 2180 ¹

1404 2288 1537 2328 proinde
1550 2288 1619 2327 jam
1640 2287 1760 2318 diutius
1782 2289 1909 2318 fuerant
1929 2288 2116 2318 divinorum
2137 2291 2354 2319 sacramentor
2372 2283 2396 2313 ιῖῐ

1406 2341 1647 2381 participatione
1658 2341 1779 2380 private
1793 2352 1799 2377 ;
1817 2346 1942 2380 propter
1958 2341 2042 2380 quod
2058 2342 2297 2381 archiepiscopo
2309 2345 2341 2372 et

1405 2394 1520 2434 quibus
1536 2404 1572 2424 ex
1589 2393 1718 2433 prelatis
1733 2393 1806 2424 aliis
1821 2394 2013 2433 supradictis
2028 2403 2103 2425 cum
2117 2394 2231 2425 eodem
2245 2393 2395 2434 rege

1405 2448 1506 2486 nisio,
1528 2448 1611 2486 apud
1635 2447 1740 2478 locum
1765 2449 1818 2487 qui
1847 2448 1965 2478 dicitur
1989 2447 2148 2486 Guardia,
2189 2447 2388 2479 convenien

1404 2502 1474 2537 bus,
1493 2501 1531 2531 ad
1547 2501 1633 2540 pacis
1649 2506 1679 2531 et
1694 2501 1861 2531 concordie
1878 2502 1963 2531 iuter
1979 2511 2012 2532 se
2031 2505 2198 2532 tractatum
2213 2500 2384 2532 habendu¹¹

1405 2555 1517 2595 prefati
1532 2554 1659 2584 articuli
1677 2555 1760 2585 dicto
1779 2556 1845 2593 regi
1864 2556 2020 2594 Dyonisio
2035 2556 2069 2585 in
2080 2564 2139 2598 sua
2155 2555 2297 2594 generali
2312 2563 2350 2586 cu
2374 2562 2386 2580 ¹1

1404 2607 1647 2648 quampluribus
1671 2608 1840 2647 religiosis
1869 2609 2057 2648 baronibus,
2087 2609 2247 2640 militibus
2274 2613 2305 2639 et
2326 2608 2386 2639 no

1404 2661 1505 2691 nullis
1525 2661 1563 2691 de
1582 2662 1866 2692 communitatibus
1878 2662 2022 2701 ejusdem
2034 2663 2127 2701 regni
2138 2662 2178 2692 ad
2188 2662 2248 2693 hoc
2258 2660 2377 2692 incad-
2429 2654 2432 2660 ⁶

1405 2715 1493 2745 curia
1508 2707 1718 2753 congregatis,
1737 2715 1880 2753 exhibiti,
1894 2720 1925 2746 et
1937 2724 2043 2746 eoram
2061 2724 2097 2746 eo
2113 2715 2183 2746 lecti
2199 2715 2303 2754 plene,
2317 2723 2336 2754 p
2354 2726 2378 2739 :—
2396 2734 2398 2736 >

1404 2777 1440 2798 ac
1451 2767 1622 2807 diligenter
1635 2769 1767 2807 expositi
1781 2770 1964 2799 extiterunt.
1982 2769 2136 2809 Idemque
2151 2778 2204 2799 rex
2220 2765 2387 2808 Dyonisi
2416 2762 2420 2766 ”

1404 2821 1443 2851 de
1467 2829 1623 2851 consensu
1646 2827 1677 2851 et
1701 2823 1836 2853 consilio
1858 2823 1945 2853 curie
1968 2823 2068 2861 ipsius
2091 2822 2386 2853 consiliariorum··-

1403 2883 1545 2910 suorum,
1564 2875 1603 2905 ad
1620 2876 1746 2906 eosdem
1763 2876 1914 2907 articulos
1930 2876 2140 2915 singulariter
2156 2876 2257 2906 libera
2272 2878 2303 2906 et
2316 2883 2345 2906 s·
2358 2873 2387 2906 ιῨῑ.

1406 2933 1497 2958 tanea
1510 2928 1604 2959 volun
1613 2933 1672 2959 tale
1688 2930 1865 2968 respondit,
1893 2929 2133 2969 archiepiscopo
2149 2933 2181 2959 et
2197 2928 2326 2969 prelatis
2348 2936 2389 2970 ἰιι

1402 2981 1475 3012 dem
1517 2983 1754 3022 acceptantibus
1783 2984 2005 3023 responsiones
2033 2983 2146 3023 ipsius,
2176 2983 2203 3013 si
2229 2990 2323 3022 super
2355 2979 2414 3028 ''⁶¹22st-

1401 3035 1570 3073 apostolice
1587 3036 1672 3066 sedis
1688 3037 1899 3067 interveniret
1917 3045 2078 3068 assensus.
2100 3035 2286 3067 Memoratis
2301 3043 2342 3066 au

1402 3089 1641 3129 archiepiscopo
1669 3095 1700 3121 et
1724 3090 1854 3130 prelatis
1884 3090 1957 3121 aliis
1981 3099 2017 3121 ac
2042 3090 2126 3121 dicto
2152 3098 2229 3129 rege
2252 3079 2408 3129 „yon-jer
