2477 3637
200 362 259 393 224
954 353 1191 384 REGISTRES
1213 353 1268 384 DE
1290 350 1474 382 NICOLAS
1498 350 1554 381 IV.

278 427 392 456 ¹039
813 420 904 453 Rieti,
920 420 936 446 ‘2
951 420 1044 455 juillet
1060 420 1138 447 1289.

237 492 282 519 Ad
302 490 453 517 ecclesiam
477 487 688 522 vapincensem
705 483 898 511 reficiendam.
917 483 1000 516 (Res.
1023 484 1069 514 44,
1095 492 1121 510 c.
1148 483 1209 517 283,

202 542 222 568 s.
242 541 290 568 169
304 547 347 569 νος
365 538 431 565 Lw.
448 546 481 564 nu
497 536 596 565 Tum,
612 534 650 567 ΙΙ,
672 533 742 566 160.)

242 643 343 672 Eidem
363 638 508 676 indulget
529 642 563 667 nt
578 637 700 666 fructus
719 635 816 674 primi
837 634 915 664 anni
932 634 1163 664 beneficiorum
1182 638 1212 664 et

203 694 409 725 ecclesiarum
436 700 517 730 quae
545 689 577 718 in
602 698 658 719 sua
682 689 808 718 civitate
826 692 854 716 et
883 687 1020 717 dioecesi
1045 695 1146 725 usque
1171 687 1211 716 ad

204 746 378 776 triennium
404 753 517 774 vacare
544 742 714 780 contigerit
733 741 893 780 percipere
918 739 1035 776 valeat,
1057 740 1090 768 in
1115 739 1212 769 fabri-

202 809 270 830 cam
298 798 448 828 ecclesiae
472 796 682 836 Vapincensis
705 795 805 824 nimia
829 798 982 823 vetustate
1005 796 1212 832 consumptae

204 858 234 883 et
256 854 400 892 inceptae
423 851 462 881 ab
484 850 560 881 olim
586 858 681 889 opere
702 852 888 884 sumptuoso
914 846 1052 886 reparari
1078 854 1212 876 conver-

203 906 324 937 tendos.

244 972 257 986 «
281 957 457 989 Desideriis
483 957 545 987 tuis
570 956 642 986 in...
657 954 782 985 -'—Dat.
804 955 920 991 Reate,
940 963 971 983 vi
995 962 1096 984 nonas
1121 952 1210 992 julii,

201 1021 287 1042 anno
303 1011 454 1041 secundo.
476 1023 489 1037 ι»

275 1199 390 1227 1040
816 1195 902 1229 Κίρῐί,
919 1196 935 1222 ‘2
948 1195 1043 1230 juillet
1060 1194 1138 1221 1289.

238 1262 372 1289 Facultas
388 1260 522 1288 testandi.
541 1260 623 1293 (Res.
641 1259 683 1292 44,
701 1267 726 1286 c.
743 1259 805 1290 284,
822 1259 841 1286 f.
863 1259 961 1289 1701·0;
978 1258 1045 1285 Lar.
1063 1266 1097 1284 nu
1113 1240 1211 1289 Tasin,

201 1310 238 1342 11,
258 1312 329 1343 161.)

240 1421 356 1450 Eidem.

245 1487 257 1501 «
284 1473 365 1510 Quia
382 1473 537 1512 presentis
553 1472 656 1502 vite...
673 1489 711 1494 -—
727 1472 799 1502 Dat.
818 1475 853 1502 ut
870 1479 976 1509 supra.
996 1483 1007 1495 »

276 1661 387 1689 1041

237 1723 364 1750 Licentia
385 1724 527 1750 alienandi
552 1724 626 1750 bona
652 1723 819 1750 monasterii
847 1722 1043 1749 Fiscanensis.
1061 1721 1144 1756 (Rae.
1163 1721 1210 1753 44,

201 1780 226 1798 c.
243 1772 304 1804 285,
323 1773 341 1799 f.
362 1773 409 1799 170
425 1779 464 1804 r03
481 1772 548 1800 Lu».
567 1781 602 1800 nu
617 1772 716 1804 Tuam,
733 1771 775 1803 Π,
795 1772 867 1804 162.)

802 1659 897 1692 Rieti,
913 1660 927 1685 7
940 1658 1046 1693 juilllet
1062 1657 1140 1685 1‘289.

247 1882 467 1912 Venerabilibus
481 1883 634 1919 fratribus
650 1905 670 1913 ..
691 1883 844 1920 Bajocenst
857 1905 876 1912 ..
895 1887 921 1911 el
942 1882 1116 1911 Lexoviensl
1131 1882 1210 1920 epis-

202 1937 283 1974 copis
299 1935 429 1965 mandat
442 1940 617 1974 quatenus,
636 1936 851 1975 inquisitione
873 1935 1046 1974 diligenter
1067 1935 1165 1974 sacta,
1185 1935 1212 1964 si

202 1987 246 2018 ita
263 1988 409 2028 expedire
427 1989 579 2026 viderint,
609 2013 629 2019 ..
656 1989 762 2020 abbati
787 1991 817 2019 et
835 1989 1007 2019 conventui
1023 1988 1211 2019 monasterii

202 2041 422 2079 Fiscanensis,
438 2042 478 2072 ad
496 2050 664 2072 romanam
687 2042 851 2073 ecclesiam
876 2041 965 2072 nullo
984 2041 1089 2071 medio
1110 2041 1210 2080 perti-

202 2095 323 2133 nentis,
343 2095 467 2125 ordinis
486 2096 518 2126 S.
540 2096 725 2131 Benedicti,
749 2095 1019 2133 Rotnomagensis
1039 2094 1209 2131 dioecesis,

202 2147 364 2178 licentiam
383 2149 512 2187 petitam
532 2149 719 2179 auctoritate
740 2148 912 2187 apostolica
935 2147 1111 2178 concedant
1129 2147 1212 2186 prio—

202 2207 307 2232 ratum
322 2202 362 2231 de
380 2202 515 2240 Cogues,
532 2203 676 2232 maneria
693 2202 732 2232 de
746 2202 963 2240 Stagningues
974 2201 1052 2231 etde
1064 2201 1166 2231 Brede
1182 2204 1212 2230 et

201 2255 359 2294 quaedam
389 2255 452 2285 alia
482 2255 735 2293 Lincolniensis,
763 2254 971 2286 Cicestrensis
1001 2258 1031 2285 et
1057 2263 1211 2294 quarum-

201 2308 275 2338 dam
291 2309 428 2339 aliarum
449 2309 661 2347 dioecesium,
681 2309 786 2339 eidem
809 2308 1003 2338 monasterio
1025 2307 1212 2337 immediate

202 2363 354 2402 subiecta,
365 2364 567 2403 permutandi
579 2372 652 2394 cum
665 2363 739 2393 aliis
751 2363 847 2393 rebus
858 2362 1092 2399 immobilibus,
1105 2361 1211 2392 eidem

201 2417 396 2447 monasterio
413 2416 606 2454 utilioribus,
621 2417 655 2446 in
672 2425 771 2455 regno
789 2415 943 2446 Franciae
960 2415 1040 2445 sins.

243 2482 256 2497 α
278 2470 426 2509 Exposita
451 2470 542 2501 nobis
569 2469 798 2500 dilectorum...
817 2486 853 2491 —
879 2469 950 2499 Dat.
976 2469 1093 2506 Reate,
1116 2468 1212 2499 nonis

199 2523 284 2563 julii,
301 2532 388 2553 anno
406 2523 557 2553 secundo.
576 2535 589 2550 »

262 2698 387 2740 '1042
786 2709 874 2742 nien,
892 2710 933 2736 ior
946 2709 1042 2746 jmnet
1059 2709 1138 2738 1289.

234 2775 276 2801 Do
300 2775 398 2810 regula
413 2775 618 2801 heremitarum
633 2773 740 2801 Montis
756 2772 888 2801 Carmeli.
904 2773 987 2807 (Rae.
1005 2773 1055 2808 44,
1081 2780 1108 2800 c.
1129 2772 1182 2800 286
1204 2793 1210 2803 ,

202 2825 221 2852 f.
240 2825 290 2851 170
311 2832 352 2857 1·0;
374 2824 478 2852 Porta.
494 2824 604 2858 22991.)

241 2927 360 2956 Dilectis
375 2926 450 2963 filiis
467 2949 486 2955 ..
507 2928 608 2964 priori
623 2927 760 2965 generali
777 2932 802 2957 et
818 2927 969 2964 fratribus
986 2927 1106 2956 ordinis
1121 2926 1208 2955 here-

202 2980 353 3008 mitarum
376 2979 410 3008 cle
428 2979 522 3008 Monte
546 2979 679 3009 Carmeli
696 2979 841 3018 regulam
867 2979 907 3009 ab
932 2978 1124 3009 Innocentio
1145 2978 1212 3008 IIII

200 3032 379 3070 mitigatam
396 3036 426 3062 et
441 3032 480 3062 ab
495 3032 678 3064 Alexandro
694 3033 759 3064 1111
780 3033 1014 3064 corrobaratam
1031 3033 1211 3064 confirmat.

1334 427 1348 447 tt
1366 417 1448 447 Cum
1469 425 1487 446 a
1506 416 1634 446 nobis...
1652 432 1690 437 —-
1714 415 1784 446 Dat.
1810 415 1925 452 Reate,
1944 415 2090 446 kalendis
2111 415 2200 455 julii,
2217 424 2303 448 anno

1294 470 1446 501 secundo.
1468 481 1482 497 »

1369 672 1483 702 1043
1886 668 1972 700 Rieu,
1993 669 2031 695 ier
2041 669 2136 704 juillet
2154 668 2230 696 1‘289.

1329 736 1449 763 Gemma
1471 734 1645 761 monasterio
1661 733 1786 760 Lentasii
1805 732 2013 759 Mediolanensi
2033 732 2180 759 abbatissa
2201 732 2303 767 praefi·-
2319 757 2334 770 ,,

1293 785 1377 812 citur.
1394 784 1478 819 (Rso.
1498 784 1542 815 44,
1555 792 1580 811 c.
1597 783 1660 815 ς287,
1678 783 1697 809 1⁶.
1718 782 1762 809 171
1786 783 1832 813 ι’ῦ.)

1341 899 1561 930 Venerabilibus
1576 899 1726 936 fratribus
1743 921 1763 927 ..
1784 898 1931 927 Laudensi
1946 903 1972 926 el
1993 921 2014 927 ..
2032 897 2211 927 Novariensi
2224 898 2301 936 epis·
2325 896 2332 926 ἲ

1294 954 1375 991 copis
1390 955 1522 983 mandat
1537 957 1694 992 quatenus
1713 951 1879 988 Gemmae,
1898 960 2006 990 quam,
2033 955 2107 980 tunc
2130 950 2303 982 monialem

1296 1006 1483 1037 monasterii
1499 1006 1638 1036 Lentasii
1656 1004 1921 1038 Mediolanensis,
1936 1003 2060 1034 ordinis
2076 1003 2108 1034 S.
2126 993 2300 1044 Benedicti,
2337 1035 2344 1045 ,

1295 1062 1364 1098 post
1377 1063 1512 1089 mortem
1527 1058 1737 1095 Concordiae,
1758 1056 1922 1096 quondam
1937 1056 2128 1094 abbatissae,
2142 1065 2215 1096 pars
2229 1065 2303 1088 eon·
2320 1053 2326 1058 ⁴
2362 1084 2367 1093 ,

1295 1116 1409 1142 ventus
1431 1112 1528 1150 elegit
1550 1112 1760 1148 abbatissam,
1780 1119 1881 1150 quum
1902 1110 2002 1140 altera
2026 1119 2098 1149 pars
2120 1110 2301 1150 Andrean,
2332 1110 2333 1114 ’

1297 1166 1392 1196 etiam
1410 1165 1600 1202 monialem,
1625 1165 1776 1203 eligeret,
1797 1169 1827 1194 et
1850 1164 1942 1203 cujus
1966 1163 2154 1194 electionem
2179 1163 2324 1203 Petrus.-

1296 1218 1404 1249 Sancti
1428 1219 1591 1249 Eustachii
1610 1219 1764 1249 diaconus
1785 1217 1977 1255 cardinalis,
1998 1217 2136 1257 partium
2160 1214 2302 1257 auditor,

1295 1272 1514 1310 confirmavit,
1538 1273 1798 1303 benedictionem
1815 1271 2024 1311 impendant,
2044 1271 2203 1310 recepturi
2216 1270 2256 1302 ab
2268 1279 2318 1307 ea.
2354 1299 2372 1315 ,ὁ

1294 1326 1457 1356 fidelitatis
1469 1327 1703 1365 juramentum.
2333 1352 2341 1364 4

1336 1393 1349 1407 «
1376 1374 1490 1410 Petitio
1512 1380 1627 1411 dilecte
1651 1380 1723 1410 in...
1749 1397 1787 1402 —
1806 1380 1878 1410 Dat.
1900 1379 2015 1415 Reate,
2041 1377 2190 1410 kalendis
2212 1366 2335 1418 julii,..

1294 1443 1380 1465 anno
1397 1434 1548 1465 secundo.
1570 1446 1584 1461 ι)
2303 1423 2308 1426 ’

1368 1635 1484 1664 1044
1874 1633 1969 1665 Rieti,
1988 1633 2021 1661 ¹19
2035 1632 2140 1668 juilllet
2154 1631 2234 1660 1289.

1330 1681 1517 1732 Dispensatio
1533 1697 1717 1725 matrimonii.
1732 1697 1816 1731 (Res.
1835 1697 1878 1731 44,
1895 1704 1920 1724 c.
1937 1696 2012 1728 2872.
2030 1695 2049 1722 f.
2067 1696 2114 1723 171
2133 1697 2180 1729 ro.)

1341 1815 1506 1844 Venerabili
1527 1815 1622 1851 fratri
1647 1837 1667 1845 ..
1692 1815 1823 1852 episeopo
1849 1813 1971 1843 Reatino
1994 1811 2127 1842 mandat
2147 1816 2309 1852 quatenus
2328 1816 2329 1822 ¹
2345 1802 2354 1808 „

1293 1877 1366 1898 cum
1387 1867 1486 1898 nobili
1505 1867 1573 1898 viro
1590 1867 1768 1901 Francisco,
1785 1867 1917 1897 domino
1934 1866 1973 1896 de
1984 1866 2087 1896 Rocca
2097 1865 2258 1904 Raudisii,
2275 1861 2311 1897 οἵ
2326 1864 2330 1890 j

1294 1921 1462 1960 Philippa,
1485 1925 1560 1951 nata
1577 1921 1692 1951 nobilis
1714 1920 1778 1950 viri
1794 1919 1945 1950 Pandulfi
1962 1919 2000 1949 de
2016 1919 2105 1950 Colle
2119 1918 2183 1950 alto
2195 1943 2202 1956 ,
2218 1919 2320 1964 diue-x
2332 1939 2342 1962 ¹.
2364 1940 2366 1947 ,

1294 1975 1374 2005 cesis
1395 1975 1563 2012 Reatinae,
1591 1974 1755 2012 dispenset
1776 1977 1809 2003 ut
1829 1973 1862 2002 in
1887 1973 2094 2003 matrimonio
2116 1971 2315 2013 quod,1am·
2342 1968 2345 1969 ⁷
2378 1972 2381 1979 ’

1293 2028 1358 2058 fere
1375 2028 1544 2058 biennium
1562 2032 1620 2064 est,
1637 2027 1822 2065 ignorantes
1838 2035 1871 2056 se
1887 2030 2001 2065 quarto
2017 2025 2314 2064 consanguinitati!-

1293 2082 1394 2121 gradu
1413 2082 1599 2120 conjunctos
1615 2090 1682 2111 esse
1694 2103 1701 2117 ‚
1719 2084 1964 2116 contraxerunt,
1982 2087 2152 2110 remanere
2167 2078 2304 2110 valeant.
2328 2098 2338 2114 -,
2367 2087 2378 2092 ·’

1335 2147 1348 2163 «
1369 2135 1412 2164 Ex
1429 2139 1515 2173 parte
1530 2134 1675 2164 dilecti...
1693 2150 1731 2155 —
1746 2134 1817 2163 Dat.
1837 2133 1952 2170 Reate,
1972 2141 2040 2162 x1111
2065 2131 2223 2162 kalendas
2240 2139 2304 2162 au—
2355 2126 2359 2127 ⁷

1294 2189 1397 2228 gusti,
1415 2197 1501 2219 anno
1520 2187 1672 2218 secundo.
1692 2199 1706 2215 »

1367 2430 1482 2459 ¹045
1917 2428 2004 2462 Rieti,
2024 2428 2058 2456 30
2069 2429 2135 2464 juin
2152 2427 2232 2456 1289.

1329 2493 1461 2520 Facultas
1483 2491 1649 2519 conferendi
1668 2491 1818 2519 beneficia.
1839 2490 1922 2525 (Rae.
1950 2491 1995 2526 44,
2018 2499 2043 2518 c.
2068 2490 2132 2526 288,
2151 2491 2171 2519 f.
2193 2489 2241 2519 171
2257 2494 2302 2524 v03
2357 2502 2365 2509 ·

1294 2542 1360 2570 Lm.
1378 2551 1413 2569 nu
1426 2541 1526 2573 Tacit,
1543 2540 1586 2574 ΙΙ,
1606 2541 1678 2575 164.)

1339 2659 1507 2689 Venerabili
1521 2659 1673 2695 fratria„
1684 2659 1817 2697 episeopo
1835 2657 2026 2696 Vapincensi,
2037 2655 2223 2687 facultatem
2232 2661 2302 2686 con-
2319 2685 2324 2690 ,
2355 2686 2366 2691 ,,

1294 2712 1377 2744 cedit
1394 2711 1571 2751 recipiendi
1587 2715 1617 2742 et
1636 2711 1776 2741 faciendi
1793 2711 1891 2750 recipi
1907 2719 2010 2741 unum
2025 2709 2180 2741 clericum
2198 2708 2234 2738 in
2251 2714 2319 2738 eur
2354 2736 2355 2739 ,
2374 2720 2383 2750 2

1294 2767 1390 2798 clesia
1402 2765 1609 2804 Vapincensi,
1620 2765 1655 2795 in
1669 2774 1731 2804 qua
1745 2765 1885 2805 receptio
1896 2764 2125 2795 canonicorum
2138 2766 2168 2794 et
2178 2760 2306 2794 collatio

1295 2819 1550 2860 praebendarum
1567 2818 1606 2848 ad
1623 2819 1729 2858 ipsum
1748 2823 1779 2849 et
1798 2818 1977 2857 capitulum
1994 2816 2210 2848 communiter
2230 2822 2305 2855 per·
2319 2812 2337 2843 2¹.
2367 2856 2370 2859 v

1295 2872 1417 2908 tinent,
1437 2871 1471 2901 in
1488 2871 1680 2902 canonicum
1701 2875 1732 2902 et
1748 2872 1782 2901 in
1799 2872 1942 2909 fratrem,
1959 2879 1995 2901 ac
2016 2868 2205 2910 providendi
2220 2867 2250 2899 ei
2263 2866 2306 2898 do
2327 2857 2343 2912 3*

1295 2925 1487 2965 praebenda.
2326 2962 2340 2969 η

1337 2990 1351 3006 α
1373 2979 1547 3009 Personam
1561 2983 1648 3009 tuam
1659 2987 1734 3010 eo...
1745 2995 1786 3001 —
1799 2978 1873 3009 Dat.
1890 2978 2000 3015 Reate,
2012 2986 2034 3007 11
2049 2975 2204 3007 kalendas
2214 2971 2303 3014 julii,
2320 2971 2349 3018 ''⁴'‘

1294 3040 1381 3062 anno
1398 3031 1549 3063 secundo.
1569 3041 1584 3062 1
