2477 3637
281 390 317 420 32
424 418 428 422 ,
1029 383 1263 415 REGISTRES
1285 384 1340 414 DE
1359 383 1544 415 NICOLAS
1567 384 1622 414 lv.

323 467 336 482 α
355 455 472 485 Petitio
488 454 673 484 dilectorum
693 452 869 483 filiorum...
887 468 926 474 —
943 452 1012 481 Dat.
1032 451 1142 487 Reate,
1158 460 1214 480 vui
1231 449 1285 480 ka-

281 509 394 540 lendas
411 509 549 547 augusti,
566 516 651 537 anno
669 507 781 545 primo.
803 518 815 532 n

352 707 535 736 lna-201
913 703 1004 737 Rieu,
1021 705 1036 730 8
1052 705 1120 731 aont
1136 703 1214 730 1988.

316 770 424 803 Regem
450 769 614 803 Huugariae
640 772 670 794 ut
693 767 727 794 ad
751 767 902 794 ecclesiam
933 767 1117 793 christianam
1141 767 1237 793 redeat
1259 770 1287 793 et

279 819 404 853 reginam
423 818 454 844 Ε.
473 818 506 844 ad
523 826 554 844 se
572 820 707 847 resumat,
722 816 860 843 hortatur.
879 815 961 849 (Res.
980 816 1022 846 44,
1038 824 1063 842 c.
1085 815 1142 849 106,
1157 815 1222 842 1125
1238 822 1284 848 v0;

280 867 395 900 Pei-Tu„
412 867 522 900 22764.)

319 983 483 1013 Carissimo
502 984 531 1011 in
552 983 669 1012 Christo
686 982 750 1019 filio
775 983 802 1011 L.
826 983 888 1021 reyi
915 982 1045 1019 Unyarz'e
1069 982 1196 1011 illustri.
1217 993 1229 1007 «
1252 981 1285 1011 Si

279 1044 386 1074 sparsa
396 1035 556 1065 semina...
570 1034 738 1073 Religione
747 1034 926 1064 christiana
934 1034 1114 1073 postposita,
1125 1033 1172 1064 vel
1183 1035 1286 1073 potius

277 1089 416 1127 abjecta,
435 1089 466 1118 in
491 1093 672 1127 contemptu
695 1088 797 1118 divini
814 1088 973 1125 nominis,
993 1092 1020 1117 te
1036 1097 1108 1117 cum
1124 1088 1282 1124 Tartaris,

278 1142 475 1179 Sarracenis,
487 1143 657 1180 Neugeriis
670 1147 700 1172 et
714 1143 851 1181 Paganis
862 1142 1101 1172 couversatione
1113 1141 1285 1180 dampnata

280 1196 485 1227 confederare
502 1196 558 1236 (te)
578 1196 710 1233 diceris,
730 1195 910 1235 specialiter
926 1195 1053 1225 vivendi
1070 1204 1142 1225 cum
1164 1195 1283 1224 eisdem

279 1250 450 1288 Nengeriis
470 1258 582 1280 norma
599 1254 725 1288 sumpta
744 1253 774 1279 et
790 1249 911 1288 abjecta
928 1249 1028 1279 immo
1046 1249 1150 1287 potins
1166 1248 1284 1278 carceri

279 1302 390 1332 tradita
407 1302 594 1332 immaniter
616 1311 713 1332 uxore
735 1303 878 1341 propria.
901 1301 1049 1331 videlicet
1070 1301 1235 1331 carissima
1250 1301 1284 1330 in

276 1356 403 1386 Christo
418 1356 484 1386 filia
500 1360 607 1386 nostra
625 1356 659 1385 E.
678 1356 791 1394 regina
807 1355 953 1393 Ungarie
968 1355 1097 1392 illustri,
1117 1354 1284 1385 deseviens

276 1410 308 1438 in
323 1413 351 1438 te
360 1409 465 1448 ipsum
476 1414 505 1438 et
518 1409 639 1447 regiam
649 1409 780 1439 domum
792 1409 958 1447 Ungarie..
967 1432 972 1437 .
982 1408 1115 1438 Unde...
1124 1407 1283 1438 celsitudi-

276 1471 348 1492 nem
365 1463 486 1500 regiam
503 1471 681 1499 monemus,
694 1471 842 1501 rogamus
855 1466 885 1491 et
898 1462 1064 1492 hortamur
1079 1465 1210 1498 attente,
1228 1470 1283 1499 per

275 1516 444 1555 apostolica
471 1515 525 1545 tibi
553 1516 667 1555 scripta
689 1516 899 1552 mandantes,
918 1519 1076 1554 quatenus
1098 1514 1285 1550 eorumdem

275 1570 491 1605 Tartarei-um,
507 1569 768 1606 Sarracenornm,
782 1569 1017 1607 Neugeriorum
1034 1572 1063 1598 et
1080 1568 1283 1605 Paganorum

276 1632 309 1651 nc
325 1622 465 1652 aliorum
481 1622 662 1652 infidelium
682 1622 826 1651 dimissis
848 1622 1044 1652 erroribus...
1063 1630 1124 1660 que
1145 1620 1235 1651 docet
1255 1625 1286 1650 et

276 1680 380 1705 servat
396 1675 590 1705 universalis
610 1675 758 1711 ecclesia,
780 1675 867 1705 velut
882 1675 1042 1714 plantatus
1060 1675 1094 1704 in
1114 1674 1208 1704 domo
1224 1674 1285 1704 Do-

278 1729 357 1758 mini
374 1729 484 1758 devote
500 1729 717 1759 conversionis
733 1728 845 1758 studiis
862 1728 1080 1767 amplectaris,
1098 1732 1128 1757 et
1148 1727 1283 1757 eandem

279 1782 420 1819 reginam
438 1791 604 1811 resumens
619 1787 647 1811 et
665 1783 697 1811 in
715 1790 825 1812 securo
839 1786 921 1811 statu
937 1790 1141 1818 conservans,
1155 1789 1237 1819 eam,
1252 1784 1286 1811 ut

278 1836 416 1871 teucris,
442 1835 580 1864 maritali
602 1835 769 1864 affectione
793 1839 998 1874 pertractes...
1025 1835 1062 1864 Et
1081 1844 1120 1864 ne
1140 1834 1285 1864 videatur

277 1889 427 1919 correctio
448 1893 579 1927 paterna
604 1893 761 1927 tepescere
784 1888 868 1918 circa
892 1888 996 1918 filium
1020 1888 1282 1927 delinquentem,

279 1942 452 1971 venerabili
474 1942 563 1971 fratri
584 1946 691 1972 nostro
710 1966 728 1971 ..
749 1941 985 1980 archiepiscopo
1006 1942 1230 1979 strigoniensi,
1245 1941 1284 1971 de

277 1997 324 2035 cuj
332 2006 366 2025 us
380 1996 662 2034 circumspectione
673 2004 709 2025 ac
719 1995 899 2025 examinata
914 1995 1068 2034 probitate
1079 1995 1282 2032 confidimus,

278 2059 332 2087 per
346 2050 425 2079 alias
442 2049 582 2078 diversas
597 2048 720 2078 litteras
736 2053 863 2078 nostras
881 2049 1101 2088 injungimus,
1121 2038 1153 2079 ut
1172 2049 1206 2078 in
1225 2049 1284 2079 hac

278 2107 363 2141 parte
380 2102 467 2131 datas
486 2102 547 2131 sibi
561 2112 579 2131 a
597 2102 727 2132 domino
745 2102 878 2131 virtutes
901 2111 1052 2132 exercens
1079 2106 1107 2132 te
1126 2112 1144 2131 a
1161 2103 1204 2132 sic
1226 2111 1282 2131 ne-

279 2156 414 2195 phandis
433 2155 592 2185 erroribus
615 2156 792 2185 retrahat...
812 2156 849 2184 Et
864 2156 891 2184 si
912 2155 988 2184 dicti
1012 2156 1153 2192 Tartari,
1171 2155 1282 2185 Sarra—

278 2210 360 2245 ‹reni,
379 2209 532 2246 Neugerii
549 2212 578 2238 et
593 2209 715 2247 Pagani
731 2209 919 2247 dampnatos
935 2218 1007 2238 suos
1028 2213 1158 2239 conatus
1175 2213 1284 2239 contra

278 2262 448 2292 ratholicos
464 2262 538 2291 fidei
556 2262 747 2301 professores
763 2262 936 2292 exercitare
953 2262 1125 2298 voluerint,
1143 2271 1183 2292 ne
1198 2262 1283 2300 ipso-

279 2326 348 2345 rum
366 2315 540 2345 invalescat
556 2316 705 2345 severitas
722 2316 755 2345 in
774 2315 979 2354 dispendium
1002 2315 1076 2345 fidei
1093 2315 1281 2352 christiane,

279 2375 384 2399 ronti-a
401 2369 556 2407 predictos
572 2369 736 2403 Tamaros,
758 2368 948 2399 Sarracenos
962 2392 967 2404 ,
988 2369 1165 2407 Neugerios
1180 2373 1210 2398 et
1227 2369 1283 2398 Pa-

277 2432 375 2460 ganos
398 2432 433 2452 ac
458 2422 536 2452 alios
556 2422 746 2452 adherentes
772 2422 891 2452 eisdem
905 2445 912 2458 ,
932 2421 982 2452 vel
1002 2430 1054 2452 eos
1072 2422 1105 2452 in
1124 2422 1186 2451 hiis
1205 2430 1282 2461 quo-

279 2476 371 2506 modo
389 2476 463 2505 libet
478 2476 718 2505 confoventes..
737 2475 859 2505 studeat
876 2475 1008 2505 sollicite
1024 2470 1198 2514 proponere
1215 2484 1283 2504 ver-

278 2532 353 2559 bum
384 2529 486 2559 crucis
518 2534 549 2559 et
576 2533 684 2559 contra
716 2533 744 2559 te
781 2528 975 2567 specialiter,
1010 2528 1073 2558 nisi
1110 2528 1284 2568 predictam

280 2584 423 2621 reginam
441 2583 663 2621 resumpseris
677 2586 707 2612 et
723 2591 793 2612 eam
811 2586 844 2612 ut
862 2582 1036 2620 predicitur
1055 2586 1119 2612 tute
1138 2586 1286 2612 tractave-

278 2638 336 2674 ris,
355 2640 497 2666 exerceat
521 2644 690 2666 censuram
707 2635 952 2665 ecclesiasticam
968 2636 1152 2665 auctoritate
1178 2639 1285 2666 nostra

279 2690 434 2719 munitus.
459 2690 498 2719 Et
521 2689 755 2719 nichilominus
776 2689 869 2719 certis
893 2689 1039 2727 regibus,
1061 2689 1213 2726 ducibus,
1233 2697 1285 2719 co-

280 2743 411 2772 mitibus
434 2747 464 2772 et
486 2743 658 2773 baronibus
683 2751 719 2772 ac
740 2742 853 2781 populo
870 2742 1000 2772 illarum
1018 2743 1156 2782 partium
1173 2743 1285 2772 scribi-

280 2806 350 2826 mus
364 2819 372 2833 ,
393 2802 426 2826 ut
448 2806 541 2835 super
566 2796 631 2826 hiis
653 2796 891 2836 archiepiscopo
908 2797 1058 2826 assistant
1077 2797 1202 2832 eidem,
1228 2804 1286 2825 nec

280 2850 476 2880 cessabimus
499 2854 795 2889 quantumcumque
820 2849 936 2886 invite,
954 2850 979 2879 si
995 2849 1183 2889 oportuerit,
1201 2848 1285 2888 quod

283 2911 345 2933 non
368 2903 544 2938 credimus,
563 2903 601 2932 ad
625 2907 711 2933 tuam
734 2903 964 2933 correctionem
987 2907 1089 2942 partes
1116 2901 1285 2941 apostolice

280 2956 504 2985 sollicitudinis
517 2979 525 2992 ‚
545 2957 625 2986 sicut
648 2957 810 2995 expediet,
828 2957 993 2986 adhibere.
1016 2957 1076 2986 Per
1095 2955 1154 2986 hoc
1177 2960 1284 2985 autem

281 3009 363 3048 quod
389 3013 417 3038 te
436 3009 469 3038 in
495 3009 631 3047 presenti
647 3009 750 3039 littera
769 3019 842 3039 cuin
863 3009 952 3039 solite
971 3008 1202 3039 benedictionis
1218 3007 1284 3037 elo—

281 3063 356 3101 quio
372 3062 558 3098 salutamus,
576 3063 652 3100 quia
668 3062 810 3091 nondum
829 3062 867 3091 de
884 3062 1067 3101 hujusmodi
1085 3061 1147 3091 tuis
1161 3060 1282 3091 actibus

1369 454 1453 489 patet
1472 450 1564 481 nobis
1591 450 1707 480 veritas
1731 454 1931 481 narratorum
1944 475 1952 491 ‚
1969 457 2094 482 scutum
2115 452 2251 491 alicujus
2273 452 2374 483 confi-

1369 503 1477 533 dentie
1494 512 1557 534 non
1575 512 1734 541 assumas,
1755 504 1927 542 quominus
1950 504 2091 535 hominis
2111 511 2141 536 et
2157 506 2289 536 canonis
2305 515 2374 535 sen-

1371 557 1489 594 tentiis,
1505 557 1532 587 si
1551 566 1604 587 eas
1622 557 1727 588 forsan
1744 557 1931 595 incurreris,
1948 559 1990 588 sis
2006 559 2159 597 ligatus...
2178 560 2247 589 Dat.
2264 559 2372 595 Reate.

1369 618 1402 639 Vl
1418 609 1490 640 idus
1505 611 1647 648 augusti,
1667 618 1752 640 anno
1766 611 1880 649 primo.
1901 623 1914 637 n

1410 662 1448 692 In
1471 672 1498 692 e.
1517 672 1560 692 m.
1581 687 1600 693 ..
1620 663 1859 702 archiepiscopo
1877 663 2090 701 Strigoniensi
2116 665 2246 695 mandat
2263 670 2373 704 quate-

1369 724 1442 752 nus,
1460 716 1485 745 si
1501 716 1678 754 praedictus
1694 725 1746 746 rex
1765 716 1910 754 reginam
1930 726 2092 748 resumere
2108 727 2143 748 ac
2161 723 2224 748 tute
2243 723 2374 748 tractare

1370 769 1527 806 noluerit,
1545 779 1619 800 eum
1642 770 1679 799 ad
1704 770 1734 799 id
1759 779 1812 808 per
1832 778 2001 800 censuram
2022 771 2267 801 ecclesiasticam
2286 780 2372 802 com-

1369 822 1475 862 pellat.
1495 823 1564 852 Dat.
1585 827 1619 852 ut
1636 832 1730 862 supra
1746 823 1897 862 (l'or‘ru.‚
1916 822 2037 862 22765).

1410 876 1447 905 ln
1468 885 1496 906 e.
1521 885 1564 906 rn.
1587 876 1773 907 Lodomerio
1789 876 2026 915 archiepiscopo
2049 876 2263 915 Strigouiensi
2282 886 2374 907 man-

1368 929 1421 959 dat
1436 934 1593 968 quatenus
1609 930 1635 959 si
1655 930 1804 969 praedicti
1822 929 1958 966 Tartari,
1977 930 2156 967 Sarraceni,
2175 931 2330 969 Neugerii
2346 936 2376 961 et

1369 983 1490 1021 Pagani
1515 991 1588 1013 suos
1610 988 1740 1014 conatus
1763 989 1870 1013 contra
1894 983 2064 1013 catholicos
2091 993 2236 1014 exercere
2266 984 2373 1015 volue-

1369 1037 1450 1073 rint,
1470 1041 1580 1066 contra
1605 1045 1657 1067 eos
1686 1041 1715 1066 el
1738 1036 1928 1066 adherentes
1950 1036 2068 1066 eisdem
2088 1037 2239 1067 omnibus
2255 1037 2374 1068 Christi

1367 1089 1516 1120 fidelibus
1531 1099 1586 1128 per
1605 1099 1738 1128 regnum
1760 1091 1920 1128 Ungariae
1947 1098 1982 1119 ac
2006 1099 2060 1129 per
2084 1089 2251 1120 Poloniam
2267 1114 2274 1127 ,
2294 1084 2375 1122 Boe-

1369 1144 1487 1180 miam,
1512 1144 1695 1179 Austriam,
1714 1143 1842 1173 Stiriam
1859 1168 1865 1179 ,
1882 1142 2083 1173 Carinthiam
2095 1165 2103 1179 ,
2124 1142 2324 1173 Sclavoniam
2346 1149 2377 1174 et

1368 1197 1509 1226 Ystriam
1533 1196 1663 1226 verbum
1683 1198 1785 1226 crucis
1808 1201 1970 1235 proponat.
1996 1196 2094 1235 Eique
2111 1196 2257 1226 concedit
2272 1201 2373 1236 potes-

1370 1254 1463 1279 tatem
1480 1249 1637 1287 largieudi
1651 1250 1801 1280 omnibus
1817 1251 1861 1280 sic
1876 1250 1980 1280 crucis
1996 1249 2197 1288 signaculum
2211 1258 2374 1280 assumen-

1369 1303 1454 1333 tibus
1480 1303 1614 1333 eaudem
1644 1302 1878 1341 indulgentiam
1907 1313 2002 1343 quam
2032 1304 2065 1333 in
2097 1303 2214 1333 Terrae
2241 1303 2376 1334 Sanctae

1368 1357 1546 1387 subsidium
1579 1356 1851 1395 proficiscentibus
1885 1358 2031 1388 concedit
2067 1357 2242 1396 apostolica
2273 1356 2373 1388 sedes.

1368 1410 1440 1440 Dat.
1457 1414 1494 1445 >ut
1514 1419 1609 1448 snpra
1626 1409 1775 1449 (Pomm,
1793 1410 1913 1450 22766).

1409 1465 1446 1494 ln
1464 1474 1490 1493 e.
1509 1473 1553 1493 m.
1570 1463 1816 1502 archiepiscopis
1834 1467 1865 1493 et
1883 1464 2036 1502 episcopis
2054 1472 2090 1494 ac
2105 1463 2234 1501 electis,
2253 1464 2376 1495 abbati-

1367 1519 1437 1555 bus,
1456 1517 1626 1556 prioribus,
1637 1516 1776 1553 decanis,
1794 1516 2038 1553 archidiaconis,
2053 1517 2250 1556 praepositis,
2267 1517 2374 1556 pleba-

1368 1572 1418 1601 nis
1437 1575 1467 1601 et
1482 1570 1553 1600 aliis
1569 1569 1775 1600 ecclesiarum
1791 1569 1939 1608 praelatis
1951 1579 1986 1600 ac
2002 1570 2168 1606 ministris,
2186 1571 2375 1609 guardianis

1368 1629 1398 1655 et
1413 1623 1612 1660 custodibus,
1632 1631 1667 1652 ac
1683 1622 1829 1661 capitulis
1847 1626 1877 1652 et
1898 1623 2108 1653 conventibus
2133 1623 2374 1662 Cisterciensis,

1368 1679 1400 1709 S.
1413 1677 1590 1714 Benedicti,
1601 1676 1939 1713 Praemonstratensis,
1951 1676 2204 1716 praedicatorum
2222 1681 2253 1708 et
2269 1678 2375 1708 mino-

1368 1741 1439 1761 rum
1457 1732 1591 1760 fratrum
1603 1730 1804 1769 aliorumque
1821 1730 1970 1760 ordinum
1985 1735 2015 1760 et
2031 1730 2181 1761 universo
2197 1730 2281 1761 clero
2298 1731 2376 1761 Hos-

1367 1784 1522 1824 pitalique
1539 1784 1570 1814 S.
1591 1783 1751 1814 ,Iohannis
1768 1783 2036 1820 Jerosoliniitani,
2057 1782 2191 1814 militiae
2205 1783 2327 1823 Templi
2347 1788 2377 1814 et

1368 1838 1503 1869 Sanctae
1521 1837 1641 1867 Mariae
1654 1837 1923 1867 Theotonicorum
1938 1837 2109 1875 magistris,
2120 1837 2376 1875 praeceptoribus

1367 1896 1397 1923 et
1411 1891 1561 1921 fratribus
1580 1900 1635 1929 per
1654 1899 1789 1928 regnum
1815 1890 1975 1928 Ungariae
1990 1899 2025 1920 ac
2046 1891 2286 1929 circumpositas
2303 1899 2374 1929 pro-

1366 1946 1486 1975 vintias
1495 1945 1684 1975 constitutis.
1697 1944 1757 1973 Eos
1770 1943 1913 1973 hortatur
1924 1948 2082 1983 quatenus
2093 1948 2203 1974 contra
2214 1943 2374 1980 Tartaros,

1367 1999 1570 2035 Sarracenos,
1582 1998 1771 2036 Neugerios,
1787 1997 1933 2035 Pagauos
1947 2002 1977 2026 et
1989 1996 2068 2027 alios
2081 1996 2257 2035 praedictos
2271 1996 2374 2026 eidem

1366 2053 1601 2091 archiepiscopo
1628 2051 1666 2081 ad
1693 2051 1934 2090 requisitionem
1961 2051 2029 2089 ejus
2052 2050 2212 2080 assistant.
2241 2050 2312 2080 Dat.
2341 2055 2376 2080 ut

1367 2114 1462 2145 supra
1477 2105 1629 2145 (Pomm,
1648 2103 1769 2143 22768).

1406 2160 1444 2189 ln
1463 2169 1490 2189 e.
1509 2168 1552 2188 m.
1573 2182 1593 2188 ..
1609 2158 1760 2189 Poloniae
1780 2166 1839 2188 ac..
1861 2157 2050 2188 Sclaveniae
2069 2157 2206 2195 aliisque
2228 2156 2372 2194 ducibus,

1366 2212 1617 2249 marchionibus,
1637 2211 1806 2241 comitibus
1822 2215 1852 2240 et
1868 2210 2060 2246 baronibus,
2085 2219 2120 2239 ac
2139 2210 2290 2240 universo
2317 2218 2370 2248 po-

1366 2267 1441 2306 pulo
1456 2266 1575 2297 Christi
1598 2265 1744 2295 fidelibus
1761 2274 1814 2304 per
1829 2273 1966 2302 regnum
1987 2263 2148 2302 ngariae
2164 2272 2201 2293 ac
2215 2262 2296 2294 alias
2312 2264 2374 2294 cir-

1366 2320 1558 2360 cumpositas
1574 2319 1747 2358 provintias
1763 2317 1942 2348 constitutis
1958 2317 2110 2356 (Pomm,
2129 2316 2252 2356 22768).

1406 2376 1446 2405 In
1462 2383 1487 2404 e.
1506 2382 1550 2403 m.
1568 2397 1587 2402 ..
1605 2372 1671 2410 regi
1689 2372 1907 2402 Romanorum
1930 2371 2079 2407 (Pomm,
2098 2369 2220 2409 22768).

1406 2428 1445 2458 In
1460 2436 1486 2457 e.
1505 2435 1548 2456 m.
1569 2449 1589 2456 ..
1607 2425 1675 2464 regi
1694 2424 1843 2455 Boemiae
1861 2424 2012 2463 (porra,
2029 2423 2151 2463 22768).

1407 2482 1445 2512 111
1462 2490 1489 2511 e.
1506 2490 1548 2510 m.
1564 2502 1586 2509 ..
1603 2479 1677 2509 duci
1692 2478 1840 2509 Austriae
1858 2477 2009 2517 (Poma,
2028 2477 2151 2517 22768).

1439 2681 1527 2709 202
1999 2677 2090 2712 Rieti,
2107 2677 2123 2704 8
2138 2677 2205 2704 aont
2222 2676 2301 2704 1288:

1402 2742 1631 2777 Arcliiepiscopo
1649 2740 1840 2775 strigoniensi
1853 2733 1969 2767 mandat
1980 2743 2011 2767 ut
2022 2739 2054 2766 E.
2067 2739 2194 2774 reginam
2208 2738 2372 2774 Hungariae

1367 2802 1382 2819 a
1398 2800 1512 2819 carcere
1529 2791 1648 2817 liberare
1664 2789 1787 2817 studeat.
1805 2789 1885 2824 (Rae.
1904 2789 1952 2821 44,
1971 2797 1997 2816 c.
2015 2788 2088 2820 106²,
2105 2788 2123 2814 s.
2141 2787 2174 2814 ‘26
2191 2794 2235 2819 r⁰;
2252 2786 2369 2818 Porri-1..

1365 2840 1475 2872 22767.)

1412 2949 1576 2979 Venerabili
1587 2949 1690 2985 fratri.
1699 2950 1933 2988 ‚archiepiscopo
1943 2946 2146 2985 strigoniensi
2158 2944 2288 2975 mandat
2298 2951 2373 2983 qua-

1368 3007 1459 3033 tenus
1475 3003 1566 3040 ,juxta
1588 3005 1728 3031 tenorem
1746 3001 1925 3032 litterarum
1946 3001 1973 3031 ei
1996 3000 2190 3030 directarum
2206 3007 2224 3028 a
2239 2995 2373 3035 collegio

1367 3054 1580 3086 cardinalium
1597 3054 1729 3084 ecclesia
1748 3058 1879 3084 vacante
1901 3063 1956 3092 per
1977 3058 2110 3083 mortem
2132 3050 2268 3082 Honorii
2285 3048 2371 3086 1111,
