2342 3652
950 374 1182 414 TnotsmME
1204 373 1361 413 ANNEE.
2145 384 2202 414 553

105 453 297 494 prebendam
324 452 609 490 Magdeburgensis
639 452 782 487 ecclesie,
809 460 844 481 ac
875 451 1038 481 ecclesiam
1072 450 1110 479 de

107 508 242 542 Brezna,
273 505 572 542 Brandeburgensis
606 505 756 540 diocesis,
790 513 898 534 curam
930 504 1111 533 animarum

108 560 289 593 habentem,
308 558 460 587 canonice
477 561 640 586 assecutus
657 557 753 586 fueris
773 561 846 586 ante
872 556 1019 594 generale
1036 564 1110 585 con-

108 613 219 643 cilium
248 611 464 649 Lugdunense
490 611 664 639 novissime
698 610 903 646 celebratum,
933 614 999 648 post
1027 609 1111 638 idem

109 664 296 700 concilium,
314 664 353 693 de
371 663 606 700 Wodenswege
632 668 662 692 et
688 663 726 692 de
742 663 924 693 Urekelene
946 662 1110 697 ecclesias,

111 717 395 757 Magdeburgensis
418 720 447 746 et
472 716 749 746 Halberstadensis
776 716 971 752 diocesium,
1004 723 1112 745 curam

111 772 293 803 animarum
319 770 484 805 babentes,
512 770 673 808 recepisti,
696 778 753 799 nec
769 770 852 798 infra
868 778 1006 805 annum,
1025 770 1114 807 juxta

111 830 252 856 tenorem
282 823 519 854 constitutionis
555 822 590 851 in
625 823 735 852 eodem
771 823 906 852 concilio
934 830 1028 861 super
1055 821 1115 851 hoc

111 878 216 914 edite,
248 881 276 907 te
303 877 405 907 fecisti
435 877 468 905 in
507 876 729 914 presbyterum
760 876 960 914 promoveri,
999 884 1115 913 easque

110 935 220 963 contra
245 930 507 961 constitutionem
535 929 719 968 hujusmodi
747 929 898 958 continue
926 928 1058 958 tenuisti
1085 932 1116 957 et

109 984 276 1025 percepisti
302 984 422 1013 fructus
450 982 682 1012 nichilominus
710 991 745 1011 ex
773 982 931 1011 eisdem...
965 982 1030 1012 Nos
1052 981 1113 1010 ita-

109 1046 208 1077 que...
235 1036 424 1066 dilectorum
449 1035 589 1064 filiorum
616 1034 775 1064 nobilium
808 1035 949 1064 virorum
979 1057 998 1064 ..
1024 1034 1115 1064 ducis

111 1090 248 1121 Saxonie
265 1098 301 1119 ac
318 1111 338 1118 ..
359 1087 556 1118 marchionis
574 1088 883 1125 Brandeburgensss,
906 1097 960 1127 pro
978 1092 1005 1117 te
1025 1088 1115 1118 nobis

110 1143 277 1174 humiliter
292 1141 552 1181 supplicantium,
572 1146 602 1171 et
617 1141 680 1170 tuis
696 1141 816 1170 devotis
831 1141 1115 1179 supplicationibus

109 1197 268 1232 inclinati,
290 1195 347 1225 tibi
380 1199 414 1225 ut
442 1194 664 1224 canonicatum
690 1198 720 1223 et
747 1194 939 1232 prebendam
959 1203 994 1223 ac
1016 1194 1114 1223 eccle-

110 1251 187 1280 siam
205 1250 242 1279 de
260 1249 382 1279 Brezna
398 1248 565 1287 predictos,
589 1256 663 1277 cum
681 1247 833 1276 fructibus
853 1247 958 1277 medio
976 1252 1114 1286 tempore

110 1312 146 1334 ex
175 1302 296 1333 eisdem
323 1301 465 1332 ecclesiis
492 1300 601 1330 minus
628 1299 713 1329 licite
743 1299 913 1338 perceptis,
946 1309 1026 1338 quos
1058 1300 1115 1329 tibi

110 1356 303 1387 remittimus
325 1355 364 1385 de
386 1354 488 1393 gratia
506 1353 640 1392 spetiali,
660 1354 759 1391 possis
784 1353 869 1382 licite
897 1353 1055 1389 retinere3
1073 1353 1116 1382 ita

110 1415 216 1440 tamen
234 1408 320 1448 quod
335 1408 475 1447 aliquam
491 1407 701 1446 quantitatem
718 1406 933 1444 predictorum
952 1406 1114 1435 fructuum

109 1473 128 1493 a
145 1468 183 1499 te,
201 1467 235 1492 ut
250 1462 433 1501 predicitur,
451 1459 563 1490 illicite
583 1464 817 1498 perceptorum,
838 1461 927 1498 juxta
944 1459 1116 1489 arbitrium

111 1517 186 1547 boni
210 1517 283 1553 viri,
303 1516 336 1545 in
361 1515 547 1545 earumdem
575 1513 782 1543 ecclesiarum
813 1513 982 1542 utilitatem
1008 1522 1116 1552 perpe-

111 1575 197 1600 tuam
213 1572 408 1604 convertere,
430 1571 460 1596 et
484 1566 582 1596 dictas
607 1566 646 1596 de
666 1566 896 1603 Wodenswege
921 1570 951 1595 et
973 1566 1011 1594 de
1033 1565 1115 1595 Ure-

110 1622 223 1653 kelene
245 1621 393 1652 eeclesias
424 1621 558 1651 omnino
579 1620 754 1656 dimittere,
781 1623 874 1657 teque
902 1619 1003 1649 facere
1033 1619 1116 1648 infra

108 1684 231 1706 anuum
249 1674 426 1714 promoveri
443 1674 477 1703 in
499 1673 720 1713 presbyterum
740 1673 890 1708 tenearis;
909 1672 965 1702 tibi
980 1672 1115 1702 auctori-

110 1733 170 1759 tate
184 1728 380 1767 presentium
392 1726 637 1764 indulgemus...
658 1726 731 1754 Dat.
743 1725 827 1764 apud
841 1725 1113 1761 Urbemveterem‚

110 1791 175 1812 xnn
191 1780 346 1811 kalendas
363 1779 558 1816 novembris,
576 1787 662 1809 anno
680 1779 782 1809 tertio.
809 1791 822 1805 ν)

182 1955 299 1983 35ἵ8

145 2016 386 2043 Constitutionem
408 2016 565 2042 Alexandri
585 2020 613 2042 et
635 2015 791 2042 Clementis
811 2015 867 2042 1111
888 2020 986 2042 contra
1002 2024 1052 2042 eos
1067 2016 1116 2050 qui

109 2068 253 2102 apostatas
274 2065 383 2092 ordinis
405 2066 548 2092 minorum
567 2064 696 2091 detinent
724 2065 825 2099 eisque
849 2064 943 2090 favent
967 2065 1116 2091 confirmat

109 2118 194 2150 atque
210 2115 302 2141 iterat.
320 2113 403 2147 (Rm.
421 2115 463 2146 45,
480 2122 505 2140 c.
524 2114 584 2145 508,
601 2113 621 2140 f.
640 2113 689 2140 103
706 2119 748 2145 r⁰;
767 2113 883 2147 Po‘r‘rn„
900 2114 1009 2146 23449.)

598 1952 724 1985 Orvieto,
744 1954 781 1979 1²³r
796 1954 950 1979 novembre
969 1953 1044 1980 1290.

147 2204 300 2239 Nicotaus,
317 2207 370 2233 etc.
396 2203 620 2232 Venerabilibus
642 2203 794 2239 fratribus
819 2204 973 2232 universis
997 2203 1114 2232 archie-

106 2257 237 2295 piscopis
265 2261 291 2285 et
314 2257 457 2293 episcopis
477 2264 511 2285 ac
531 2256 645 2285 dilectis
666 2254 740 2292 filiis
754 2255 923 2291 abbatibus,
946 2255 1113 2293 prioribus,

108 2310 383 2348 archipresbytero,
409 2310 540 2346 decanis,
571 2310 809 2346 archidiaconis,
835 2310 970 2347 plebanis
995 2315 1020 2338 et
1044 2310 1116 2338 attis

109 2363 303 2393 ecclesiarum
319 2363 445 2401 prelatis
461 2367 487 2391 et
503 2363 682 2397 rectoribus,
701 2363 740 2392 ad
762 2372 835 2401 quos
852 2363 948 2392 littere
970 2363 1023 2391 iste
1046 2371 1114 2400 per-

108 2417 258 2453 venerint,
277 2416 418 2452 salutem,
437 2420 491 2445 etc.

149 2479 164 2496 «
188 2467 269 2498 Cum
283 2468 328 2498 sic
343 2477 418 2498 ex...
432 2484 471 2489 —-
487 2468 558 2497 Dat.
576 2468 660 2507 apud
678 2468 951 2506 Urbemveterem,
969 2468 1115 2498 kalendis

109 2521 303 2558 novembris,
319 2529 405 2552 anno
424 2521 525 2551 tertio.
542 2533 556 2548 »

181 2693 297 2722 3529

145 2753 330 2781 Confirmatio
350 2755 508 2782 litterarum
525 2756 631 2790 quibus
647 2755 780 2783 Clemens
802 2766 873 2792 papa
889 2757 945 2783 1111
963 2757 1117 2784 declaravit

111 2802 212 2829 fratres
227 2803 440 2838 praedicatores
459 2804 488 2830 in
510 2805 717 2839 temporalibus
732 2806 816 2832 honis
838 2806 995 2832 succedere
1018 2814 1115 2840 posse.

111 2849 193 2883 (Rae.
210 2851 253 2883 45,
270 2859 295 2878 c.
313 2852 373 2884 509,
391 2852 410 2879 f.
429 2852 477 2879 103
494 2859 535 2886 r⁰;
553 2852 671 2886 Pom-Ta„
687 2853 794 2885 23457.)

615 2693 740 2726 Orvieto,
759 2694 775 2722 9
793 2694 945 2721 novembre
968 2695 1043 2722 1290.

151 2961 171 2969 ..
191 2941 337 2980 mayistro
353 2945 379 2970 et
395 2943 545 2977 fratribus
563 2943 682 2972 ordinis
695 2943 935 2980 predicatorum.

152 3003 166 3019 «
189 2992 270 3022 Cum
285 2991 362 3023 olim
376 3002 449 3023 ex...
469 3011 508 3016 —
525 2995 595 3026 Dat.
611 2995 694 3034 apud
714 2996 988 3034 Urbemveterem,
1006 3006 1025 3026 v
1043 2996 1115 3026 idus

112 3046 306 3083 novembris,
324 3055 410 3077 anno
430 3048 530 3078 tertio.
551 3060 564 3076 n

254 3111 326 3139 Rae.
348 3112 470 3141 N1cotas
490 3114 543 3141 IV.

1266 450 1383 478 3580

1231 511 1415 546 Dispensatio
1445 520 1532 546 super
1561 512 1672 538 defectu
1705 511 1849 537 natalium,
1875 511 1957 543 (Rae.
1988 512 2038 541 45,
2069 520 2094 537 c.
2124 511 2201 542 5092,

1195 560 1213 586 f.
1233 560 1280 586 103
1299 561 1350 592 v0.)

1740 449 1867 479 Orvieto,
1884 450 1897 475 7
1915 450 2030 476 octobre
2051 450 2129 476 1290.

1242 661 1406 691 Venerabili
1422 663 1518 698 fratri
1541 685 1559 691 ..
1580 663 1711 699 episcopo
1728 662 1941 691 colimbriensi
1960 661 2146 696 committit,
2164 660 2203 690 ad

1196 715 1383 744 instantiam
1415 738 1434 746 ..
1465 715 1548 752 regis
1580 714 1808 752 Portngalliae,
1837 718 1870 743 ut
1895 723 1967 743 cum
1998 714 2090 743 Petro
2118 714 2203 743 Mar-

1198 767 1270 801 tini,
1291 767 1410 797 scolare
1434 767 1678 797 Colimbriensis
1701 767 1865 802 dioecesis,
1891 766 2052 804 dispenset
2073 771 2115 802 ut,
2140 774 2202 795 non

1197 820 1341 850 obstante
1369 820 1491 849 defectu
1522 820 1677 849 natalium
1701 828 1795 858 quem
1824 820 1954 857 patitur,
1982 829 1997 848 e
2020 819 2204 857 presbytero

1198 873 1326 910 genitus
1342 878 1372 902 et
1387 873 1503 909 soluta,
1520 873 1559 901 ad
1576 881 1686 902 omnes
1705 872 1834 902 ordines
1851 872 2029 910 promoveri
2050 876 2079 902 et
2101 871 2203 901 eccle-

1199 926 1363 956 siasticum
1381 926 1573 955 beneficium
1590 926 1733 955 obtinere
1749 925 1859 954 valeat.

1240 991 1253 1006 «
1280 980 1322 1009 Ex
1341 983 1428 1018 parte
1447 979 1642 1008 carissimi...
1662 994 1700 999 —
1724 979 1795 1007 Dat.
1818 978 1901 1016 apud
1924 977 2202 1013 Urbemveterem,

1199 1033 1293 1063 nonis
1308 1033 1457 1069 octobris,
1474 1040 1560 1062 anno
1578 1031 1679 1061 tertio.
1699 1043 1713 1057 n

1269 1204 1380 1232 3581

1236 1265 1381 1294 Potestas.
1403 1265 1570 1295 consilium,
1593 1271 1746 1290 commune
1766 1267 1794 1289 et
1818 1262 1934 1297 quidam
1954 1262 2001 1288 alii
2019 1262 2098 1288 cives
2120 1262 2205 1287 castri

1706 1201 1834 1234 Orvieto,
1853 1201 1867 1227 5
1884 1200 2038 1227 novembre
2058 1200 2134 1226 1290.

1200 1315 1299 1341 Sancti
1322 1314 1485 1341 Geminiani
1509 1322 1603 1340 coram
1625 1313 1693 1339 sede
1717 1313 1873 1347 apostolica
1895 1311 2027 1338 citantur.
2053 1310 2134 1344 (Rae.
2159 1311 2205 1341 45,

1199 1373 1224 1390 c.
1242 1364 1306 1394 510,
1323 1364 1343 1390 f.
1365 1364 1411 1390 103
1429 1364 1478 1397 νο.)

1245 1453 1411 1482 Venerabili
1426 1452 1522 1487 fratri
1541 1473 1559 1479 ..
1579 1451 1711 1488 episcopo
1727 1450 1912 1479 Florentino.
1939 1460 1950 1474 α
1977 1447 2104 1478 Clamor
2125 1447 2206 1477 vali-

1198 1506 1258 1535 dus
1277 1510 1307 1535 et
1324 1504 1504 1534 insinuatio
1524 1503 1667 1533 luctuosa
1682 1502 1869 1532 dilectorum
1890 1501 2031 1531 filiorum
2052 1523 2072 1530 ..
2093 1510 2205 1539 prepo-

1200 1559 1253 1588 siti
1274 1563 1303 1587 et
1322 1557 1452 1596 capituli
1475 1556 1574 1596 plebis
1596 1564 1630 1585 ac
1653 1555 1730 1585 cleri
1753 1555 1847 1585 castri
1873 1554 1983 1584 Sancti
2001 1554 2205 1590 Geminiani,

1201 1611 1373 1641 Vulterane
1389 1610 1535 1644 diocesis,
1550 1618 1652 1647 nuper
1668 1608 1705 1637 ad
1722 1607 1892 1646 apostolice
1909 1607 1992 1636 sedis
2007 1606 2206 1636 audientiam

1199 1664 1398 1704 pertulerunt
1433 1663 1516 1701 quod
1547 1667 1610 1691 tam
1639 1662 1750 1699 Nepo,
1781 1665 1914 1699 potestas
1943 1668 2004 1698 que
2034 1668 2119 1689 nunc
2149 1664 2205 1696 est,

1199 1726 1295 1756 quam
1325 1715 1477 1746 nonnulli
1500 1715 1556 1744 alii
1583 1715 1638 1753 qui
1666 1718 1887 1753 precesserunt
1911 1713 2060 1748 eundem,
2082 1721 2206 1742 necnon

1198 1770 1369 1801 consilium
1389 1774 1419 1799 et
1436 1778 1606 1799 commune
1630 1768 1729 1807 ipsius
1745 1768 1879 1797 castri...
1897 1766 2073 1805 capitulum
2096 1770 2125 1795 et
2142 1766 2207 1795 cle-

1199 1833 1270 1854 rum
1282 1823 1475 1862 predictos...
1492 1821 1730 1852 contumeliosis
1740 1821 1869 1859 injuriis
1879 1819 2208 1857 etgravibusjacturis

1198 1877 1335 1913 afficere,
1350 1876 1476 1905 turbare
1490 1875 1643 1905 molestiis
1652 1883 1688 1904 ac
1700 1874 1831 1904 offensis
1841 1874 1993 1912 impetere
2006 1882 2206 1912 presumpse-

1199 1934 1284 1965 runt,
1299 1937 1398 1967 usque
1409 1928 1487 1958 adeo
1501 1931 1726 1967 persequentes
1739 1927 1866 1957 eosdem
1882 1926 1965 1965 quod
1976 1926 2035 1964 ipsi
2050 1929 2207 1955 tantorum

1199 1984 1358 2014 malorum
1375 1984 1513 2022 perferre
1529 1983 1719 2012 discrimina
1735 1986 1972 2020 nequeuntes...
1984 1985 2122 2010 castrum
2139 1989 2209 2018 pre-

1198 2038 1318 2067 dictum
1335 2037 1480 2066 deserere
1502 2040 1577 2065 sunt
1598 2035 1708 2065 coacti.
1743 2035 1838 2071 Nam,
1860 2037 1892 2063 ut
1907 2034 2007 2072 ipsius
2026 2034 2081 2068 N.,
2107 2037 2209 2072 potes-

1201 2092 1288 2127 tatis,
1306 2095 1337 2121 et
1357 2089 1495 2120 aliorum
1524 2088 1762 2128 precedentium
1787 2087 2000 2126 predictorum
2028 2095 2152 2116 necnon
2177 2088 2207 2114 et

1199 2144 1385 2175 eorumdem
1399 2142 1529 2173 consilii
1545 2147 1574 2172 et
1585 2141 1766 2172 communis
1776 2145 1863 2170 actus
1876 2144 1905 2169 et
1917 2148 2012 2178 opera
2023 2138 2207 2168 detestanda

1198 2197 1349 2227 seriosius
1373 2196 1603 2234 exprimantur,
1630 2194 1729 2224 iidem
1746 2201 1895 2233 personas
1915 2197 1983 2222 octo
2006 2192 2043 2222 de
2066 2191 2208 2230 predicto

1198 2250 1374 2285 communi,
1393 2258 1531 2288 quarum
1560 2247 1667 2286 alique
1693 2248 1727 2276 in
1754 2246 1819 2276 illis
1843 2246 1984 2284 partibus
2014 2245 2051 2275 de
2071 2244 2208 2274 crimine

1198 2303 1362 2343 pravitatis
1390 2301 1530 2331 heretice
1552 2305 1643 2337 sunt,
1667 2304 1761 2338 prout
1780 2299 1944 2335 asseritur,
1970 2297 2095 2336 publice
2114 2297 2206 2326 diffa-

1199 2360 1293 2392 mate,
1321 2355 1454 2384 diversis
1481 2354 1539 2383 sub
1565 2361 1775 2392 personarum
1801 2351 1986 2381 diversitate
2012 2350 2208 2388 temporibus

1198 2410 1330 2447 elegisse
1345 2417 1381 2438 ac
1398 2408 1566 2446 deputasse
1582 2410 1769 2441 noscuntur,
1787 2404 1826 2434 ad
1843 2404 2006 2443 prepositi,
2025 2402 2155 2441 capituli
2177 2407 2206 2431 et

1197 2463 1274 2493 cleri
1292 2460 1536 2499 multiplicanda
1550 2459 1738 2497 gravamina
1756 2458 1982 2496 predictorum.
2007 2456 2121 2494 Sioque
2139 2464 2204 2484 me-

1198 2520 1318 2546 morate
1333 2522 1466 2553 persone
1536 2513 1727 2543 ordinarunt
1747 2516 1781 2540 ut
1799 2520 1871 2540 cum
1890 2510 2114 2539 defunctorum
2135 2516 2205 2537 cor—

1198 2569 1328 2608 poribus
1344 2567 1428 2606 apud
1445 2566 1595 2596 ecclesias
1613 2564 1812 2595 tumulandis
1829 2563 1918 2592 nulla
1934 2561 2109 2592 luminaria
2125 2560 2208 2589 defe-

1198 2626 1324 2656 rantur3
1338 2624 1369 2650 et
1382 2619 1466 2659 quod
1483 2619 1580 2649 etiam
1595 2618 1703 2647 clerici
1719 2617 1796 2646 dicti
1810 2616 1904 2646 castri
1920 2616 1958 2645 de
1972 2614 2036 2644 hiis
2047 2623 2110 2652 que
2122 2613 2208 2652 ipsos

1199 2675 1336 2705 vendere
1355 2678 1409 2703 aut
1425 2681 1530 2702 emere
1554 2672 1685 2701 sortasse
1707 2670 1877 2708 contigerit
1900 2668 2055 2698 cabellam
2075 2672 2107 2696 ut
2133 2666 2207 2696 laici

1198 2728 1320 2758 solvere
1337 2730 1513 2756 teneantur.
1539 2725 1575 2754 Et
1591 2725 1616 2754 si
1632 2724 1705 2762 quis
1725 2723 1914 2753 clericorum
1932 2723 2073 2760 ipsorum
2094 2720 2132 2749 de
2147 2719 2208 2748 ali-

1198 2789 1260 2821 quo
1276 2789 1311 2810 ex
1327 2779 1437 2810 eodem
1459 2777 1625 2808 communi
1641 2775 1805 2815 querelam
1820 2775 1946 2805 duxerit
1969 2772 2206 2812 deponendam,

1199 2836 1227 2865 ei
1251 2833 1373 2873 justitia
1402 2831 1528 2871 penitus
1555 2831 1741 2867 denegetur.
1769 2828 1830 2864 Qui
1860 2836 1933 2857 vero
1955 2834 2152 2865 quemquam
2169 2834 2205 2854 ex

1199 2888 1317 2927 prefato
1332 2885 1495 2916 communi
1511 2891 1711 2923 quacumque
1729 2891 1824 2912 causa
1838 2881 1930 2911 citari
1946 2879 2066 2914 fecerit,
2084 2879 2206 2917 quique

1199 2940 1359 2971 citationis
1394 2937 1579 2977 hujusmodi
1614 2935 1788 2965 confecerit
1817 2935 2070 2964 instrumentum
2084 2955 2091 2969 ,
2128 2940 2208 2970 pene

1198 2994 1305 3033 gravis
1328 2993 1504 3022 inflictione
1528 2990 1733 3020 mulctentur.
1755 2989 1896 3018 Potestas
1918 2991 2061 3026 preterea
2084 2990 2115 3016 et
2139 2994 2206 3024 per-

1199 3057 1275 3079 sone
1303 3046 1438 3086 predicti
1468 3044 1614 3075 statuisse
1641 3043 1793 3072 dicuntur
1823 3045 1856 3071 ut
1880 3040 1989 3070 nullus
2018 3039 2056 3069 de
2085 3039 2207 3077 prefato

2034 3106 2067 3131 70
