2477 3637
283 400 322 431 80
1038 390 1273 432 REGISTRES
1295 391 1349 421 DE
1371 388 1555 420 NICOLAS
1578 388 1633 418 IV.

287 470 352 496 este
383 467 529 503 saperent
555 462 712 497 heresim,
738 460 861 489 ratione
885 457 1071 497 hujusmodi
1102 457 1199 488 officii
1227 457 1287 486 sibi

287 517 448 549 commissi
465 526 497 546 se
514 515 698 545 nullatenus
717 513 947 548 intromittant;
965 511 1018 541 sed
1036 519 1087 541 eos
1104 510 1288 550 relinquant

288 571 355 601 suis
368 569 529 609 judicibus
545 576 626 607 pena
639 567 744 596 debita
760 564 970 602 castigandos.
991 563 1128 599 Quidam
1144 563 1289 601 insuper,

288 628 324 654 ut
339 623 474 659 adicitis,
493 630 547 661 pro
566 621 629 650 hiis
646 629 706 658 que
722 618 959 657 {commiserunt
976 618 1009 646 in
1030 617 1154 651 heresi,
1173 616 1288 646 astrin-

287 681 367 715 gunt
382 685 414 705 se
430 673 673 713 inquisitoribus
688 672 746 702 sub
766 671 961 709 obligatione
978 670 1132 700 bonorum
1156 677 1287 699 suorum

287 729 327 759 ad
343 727 561 767 recipiendum
579 725 618 755 ab
633 725 678 754 eis
696 723 902 763 penitentiam
925 727 955 752 et
968 721 1189 760 complendam
1205 744 1210 756 ,
1233 720 1287 749 sed

287 790 324 812 ea
337 781 410 810 licet
424 780 568 818 injuncta
593 786 656 808 non
673 782 776 806 tamen
793 780 935 814 peracta,
957 775 1036 814 quin
1054 775 1157 813 potius
1174 775 1206 803 in
1227 778 1288 803 toto

287 834 337 864 vel
351 834 384 863 in
404 837 492 872 parte
502 831 657 869 neglecta,
677 829 844 860 decedunt.
861 829 1014 865 Queritur
1029 836 1103 866 ergo
1117 832 1223 857 utrum
1240 827 1288 856 in-

287 887 456 927 quisitores
468 885 529 924 ipsi
543 883 591 914 vel
604 884 659 922 qni
675 884 707 913 in
725 891 834 913 eornm
847 882 951 912 locum
968 881 1152 916 succedunt,
1170 880 1289 919 possint

286 940 326 970 ad
343 938 600 970 satisfaciendum
618 945 672 976 pro
690 936 768 975 ipsis
787 935 945 965 defunctis
962 935 1095 964 heredes
1116 934 1164 963 vel
1181 934 1286 963 deten-

288 998 369 1024 tores
387 993 542 1022 bonorum
560 991 605 1020 sic
624 989 845 1019 decedentium
866 993 1016 1018 coartare.
1041 988 1089 1017 Ad
1105 987 1188 1026 quod
1208 986 1287 1016 ‹lici-

286 1055 359 1077 mus
374 1046 474 1085 quod,
499 1045 525 1074 si
543 1053 597 1083 per
618 1042 802 1081 hujusmodi
828 1041 1037 1080 penitentiam
1059 1040 1189 1078 aliquod
1207 1048 1288 1069 onus

287 1101 326 1131 ad
344 1100 478 1130 salutem
501 1098 667 1137 proficiens
688 1097 872 1135 impositum
888 1095 983 1124 fuerit
1005 1094 1037 1122 in
1055 1094 1148 1123 bonis
1166 1098 1287 1131 tempo—

287 1153 408 1184 ralibus
422 1152 654 1191 exequendum,
670 1150 708 1180 ad
722 1148 991 1187 complementum
1004 1148 1103 1185 ipsius
1114 1156 1169 1185 per
1183 1146 1288 1184 inqui-

288 1207 398 1236 sitores
410 1205 478 1243 cogi
494 1204 610 1234 debent
626 1203 772 1235 heredes,
793 1201 843 1231 vel
858 1201 910 1230 alii
931 1201 968 1230 ad
986 1209 1063 1238 quos
1079 1200 1160 1229 bona
1176 1198 1288 1228 talium

288 1268 360 1290 cum
383 1267 439 1288 suo
459 1266 555 1287 onere
571 1257 779 1286 devenerunt.
807 1254 991 1291 lnjungitur
1013 1253 1107 1281 etiam
1127 1251 1289 1290 aliquibus

287 1313 326 1343 ad
336 1320 451 1351 penam
468 1311 500 1340 in
518 1309 693 1349 penitentia
709 1316 763 1347 pro
780 1307 885 1337 heresi
900 1307 940 1336 ab
954 1306 1053 1344 ipsius
1071 1305 1164 1344 pestis
1180 1304 1288 1342 inqui-

287 1365 438 1396 sitoribus
463 1368 496 1393 ut
512 1372 625 1392 usuras
643 1361 830 1396 restituant,
861 1360 900 1389 ad
917 1359 1001 1397 quod
1019 1358 1238 1396 obligaverant
1254 1357 1288 1386 in

286 1418 407 1458 judicio
426 1416 556 1446 ecclesie
578 1424 610 1444 se
627 1419 656 1444 et
673 1423 740 1443 sua.
760 1414 797 1442 In
819 1421 880 1451 qno
900 1412 1043 1450 queritur
1060 1416 1167 1440 utrum
1184 1411 1289 1449 iuqui-

288 1472 400 1501 sitores
413 1471 483 1508 ipsi,
497 1469 546 1498 vei
559 1469 613 1507 qui
630 1467 844 1497 succeduntin
857 1465 960 1495 locum
973 1474 1094 1502 eorum,
1110 1464 1147 1493 ad
1163 1472 1289 1503 respon-

288 1524 428 1554 dendum
452 1531 556 1553 coram
578 1531 610 1551 se
631 1520 901 1559 conquerentibus
918 1519 956 1548 de
973 1518 1079 1548 usuris
1103 1517 1288 1557 hujusmodi

285 1581 316 1608 et
327 1577 366 1606 ad
383 1576 615 1606 restitutionem
632 1583 755 1611 earum,
772 1574 798 1603 si
815 1573 853 1602 de
869 1573 947 1611 ipsis
963 1572 1150 1608 constiterit,
1168 1571 1288 1609 possint

283 1629 472 1669 compellere
498 1629 601 1658 taliter
625 1629 821 1666 penitentes,
847 1630 938 1665 prout
956 1626 995 1655 ab
1020 1625 1065 1655 eis
1084 1625 1118 1654 in
1140 1624 1215 1654 aliis
1236 1624 1287 1653 in-

279 1683 402 1724 junctis
419 1683 479 1712 sibi
501 1682 684 1721 penitentiis
702 1680 772 1710 fieri
790 1680 966 1709 consuevit.
984 1679 1033 1708 Ad
1056 1678 1140 1718 quod
1156 1686 1288 1716 respon-

285 1739 397 1768 demus
417 1737 616 1775 questionem
639 1744 732 1773 snper
754 1734 858 1763 usuris
879 1738 997 1763 motam
1019 1737 1127 1762 contra
1147 1731 1286 1770 talesju-

282 1791 441 1821 dicialiter
469 1799 532 1819 non
554 1789 668 1818 debere
689 1788 793 1817 audiri
817 1787 856 1816 ab
877 1786 1122 1825 inquisitoribus
1143 1784 1284 1822 heresis,

282 1856 342 1878 nec
359 1846 463 1876 decidi
477 1870 484 1884 ,
501 1844 645 1874 nolentes
663 1843 745 1883 quod
761 1852 816 1881 per
831 1851 942 1871 causas
955 1841 1139 1880 hujusmodi
1154 1840 1288 1870 offendi—

282 1901 391 1931 culum
408 1898 534 1937 negotio
550 1898 623 1927 fidei
644 1901 842 1936 preparetur,
858 1905 909 1925 eos
935 1901 1039 1925 tamen
1060 1895 1098 1924 ad
1120 1894 1287 1924 restitutio-

281 1963 357 1984 nem
374 1961 561 1989 usurarum,
585 1952 622 1981 de
640 1951 755 1989 quibus
771 1949 965 1987 constiterit,
991 1947 1179 1987 compellere
1197 1952 1283 1986 pote-

282 2012 358 2038 runt
390 2007 506 2046 quibus
539 2006 572 2034 in
606 2004 854 2034 satisfactionem
890 2011 945 2042 pro
982 2002 1120 2041 predicto
1149 2002 1285 2031 crimine

281 2061 467 2101 hujusmodi
496 2059 729 2089 restitutionem
762 2058 796 2087 in
824 2057 1031 2096 penitentiam
1062 2056 1282 2094 injunxerunt.

282 2117 365 2147 Sunt
380 2120 410 2145 et
426 2114 481 2144 alii
498 2114 553 2152 qni
572 2113 706 2142 confessi
723 2116 798 2141 sunt
816 2112 847 2140 in
865 2110 987 2150 judicio
1002 2110 1040 2139 de
1057 2109 1163 2139 heresi
1179 2118 1283 2138 coram

281 2168 527 2208 inquisitoribus
552 2166 736 2205 hujusmodi
762 2165 938 2204 pravitatis,
969 2163 1022 2193 sed
1042 2168 1213 2201 antequam
1239 2162 1284 2191 eis

280 2224 503 2262 injungeretur
519 2220 694 2258 penitentia
710 2219 922 2248 decesserunt.
943 2218 1044 2255 Super
1060 2224 1122 2255 quo
1138 2215 1284 2254 queritur

281 2277 308 2307 si
326 2275 458 2305 heredes
476 2274 587 2303 talium
603 2271 749 2311 compelli
770 2275 891 2310 possuit
909 2271 948 2300 ab
963 2269 1210 2308 inquisitoribus
1222 2292 1230 2305 ‚
1251 2272 1284 2297 ut

279 2330 319 2361 ad
332 2331 474 2369 ipsorum
484 2327 655 2358 arbitrium
667 2326 863 2355 satisfaciant
878 2333 933 2363 pro
947 2324 1117 2359 defunctis,
1136 2323 1283 2362 precipue

279 2392 353 2414 cum
368 2383 480 2418 iidem,
500 2381 577 2410 dum
594 2380 754 2416 viverent,
773 2378 811 2408 ad
825 2378 1051 2417 penitentiam,
1070 2385 1165 2414 qnam
1179 2375 1284 2414 inqui-

279 2438 392 2467 sitores
419 2435 464 2465 eis
492 2433 611 2463 vellent
632 2433 820 2471 injungere,
850 2431 934 2460 bona
962 2439 1018 2460 sua
1042 2429 1284 2468 inquisitoribus

277 2489 464 2528 obligarint.
490 2487 550 2517 Cui
574 2485 733 2525 questioni
759 2485 803 2514 sic
827 2484 980 2514 duximus
1005 2482 1281 2521 respondendum,

280 2543 363 2583 quod
376 2545 544 2581 postquam
562 2539 638 2569 tales
652 2547 713 2568 non
732 2538 937 2567 decesserunt
952 2536 1082 2566 heretici
1098 2559 1103 2571 ,
1124 2535 1177 2565 sed
1197 2535 1282 2564 rein-

278 2595 434 2636 corporati
453 2594 557 2633 potius
573 2592 704 2622 ecclesie
722 2591 856 2626 unitati,
883 2598 945 2620 non
969 2590 1114 2619 videmus
1136 2588 1219 2627 quod
1239 2590 1284 2617 eis

277 2655 346 2691 post
361 2653 512 2685 mortem,
529 2646 578 2676 vel
596 2655 706 2676 eorum
722 2644 905 2681 heredibus,
921 2644 976 2682 qui
992 2643 1031 2673 ad
1049 2642 1283 2672 successionem

278 2705 390 2735 talium
409 2702 634 2737 admittuntur,
652 2700 692 2729 sit
708 2699 878 2729 satisfactio
895 2707 950 2737 pro
976 2697 1114 2727 extincto
1133 2697 1200 2735 J‘am
1219 2695 1281 2725 cri-

276 2759 364 2788 mine
383 2755 593 2796 injungenda.
610 2755 647 2784 In
664 2762 700 2784 eo
716 2761 789 2783 vero
805 2762 878 2782 casu
894 2753 926 2781 in
945 2760 1008 2790 quo
1023 2750 1156 2780 heredes
1172 2750 1226 2789 huj
1234 2759 1282 2779 us-

276 2810 362 2841 modi
378 2810 417 2839 ad
436 2808 668 2838 successionem
685 2814 749 2836 non
766 2806 919 2835 deberent
933 2805 972 2834 ob
988 2803 1112 2842 culpam
1133 2803 1182 2832 sui
1197 2807 1281 2833 acto-

276 2864 323 2894 ris
338 2862 477 2898 admitti,
495 2869 558 2891 non
575 2861 717 2890 obstante
735 2858 818 2897 quod
832 2857 990 2889 actoribus
1005 2857 1082 2896 ipsis
1100 2855 1281 2886 viventibus

276 2918 336 2947 hoc
352 2924 414 2945 non
434 2914 529 2944 fuerit
545 2913 759 2943 intercedente
774 2920 883 2942 eornm
901 2915 1004 2941 morte
1020 2920 1074 2950 per
1090 2909 1280 2940 sententiam

276 2969 488 3005 declaratum,
519 2967 558 2996 ad
585 2966 845 2995 confiscationem
870 2965 1027 2994 bonorum
1053 2967 1121 3002 post
1145 2967 1280 2992 mortem

275 3021 507 3053 nichilominus
532 3019 728 3058 procedatur.
758 3018 930 3057 AdJ‘ecistis
955 3022 1097 3056 preterea
1118 3015 1279 3052 negotium

277 3085 332 3107 seu
349 3074 491 3105 officium
507 3072 727 3112 inquisitionis
743 3076 852 3101 contra
869 3071 1028 3100 hereticos
1049 3069 1164 3099 dilecto
1179 3067 1244 3098 filio
1259 3090 1277 3096 ..

1372 456 1470 495 priori
1480 456 1612 485 fratrum
1620 453 1851 492 predicatorum
1862 451 2200 482 Parisiensiumasede
2208 450 2379 490 apostolica

1370 510 1466 539 fuisse
1483 509 1541 538 snb
1556 516 1591 537 ea
1605 507 1706 537 forma
1719 506 1925 536 commissum
1938 528 1946 542 ,
1965 508 1997 535 ut
2014 505 2100 535 idem
2117 513 2211 544 super
2227 504 2285 535 hoc
2305 513 2377 543 pos-

1370 566 1416 592 set
1433 561 1599 600 inquirere
1624 565 1685 590 tam
1713 568 1767 599 per
1789 568 1822 588 se
1845 567 1940 597 quam
1963 567 2018 597 per
2042 558 2119 588 alios
2133 581 2140 595 ,
2159 566 2237 597 quos
2259 557 2298 587 ad
2319 557 2378 588 hoc

1371 616 1511 654 ydoneos
1533 617 1702 653 reputaret.
1724 613 1761 642 In
1778 620 1841 651 quo
1858 611 2003 651 queritur
2020 615 2127 641 utrum
2149 611 2225 641 tales
2240 610 2377 648 delegati

1371 668 1418 698 vel
1433 667 1629 705 subdelegati
1645 666 1805 702 existant,
1828 669 1858 694 et
1873 664 1949 704 quid
1968 664 2090 703 possint
2107 664 2202 694 etiam
2217 663 2260 693 sic
2274 663 2376 694 electi.

1371 723 1472 761 Super
1486 730 1548 760 (100
1560 720 1664 750 taliter
1679 720 1830 750 duximus
1843 718 2074 754 ordinandum,
2093 717 2176 756 quod
2191 717 2276 747 idem
2292 717 2378 756 prior

1371 775 1467 813 possit
1483 778 1544 803 tres
1561 773 1608 804 vel
1631 777 1766 812 quatuor
1787 771 1929 811 ydoneos
1954 771 1993 800 ad
2011 770 2071 800 hoc
2095 779 2173 809 opus
2193 778 2376 807 assumere,

1371 828 1424 866 qui
1452 836 1559 866 parem
1584 835 1655 856 curn
1682 827 1750 865 ipso
1774 825 1914 855 habeant
1944 827 2150 862 potestatem,
2178 828 2208 853 et
2230 831 2378 854 amovere

1370 881 1460 916 illos,
1480 890 1514 910 ac
1532 881 1674 919 ipsorum
1688 879 1756 909 1000
1772 878 1851 908 alios
1866 878 2069 914 substituere,
2089 877 2377 916 quotienscumque

1371 934 1486 963 viderit
1501 933 1670 972 expedire;
1689 933 1749 971 ipsi
1772 936 1878 961 tamen
1899 931 1997 969 priori
2013 935 2043 960 et
2057 930 2129 959 aliis
2147 931 2191 960 sic
2207 929 2379 968 assumptis

1371 986 1590 1017 committendi
1615 986 1778 1015 dumtaxat
1799 985 1965 1015 citationes
1986 987 2017 1013 et
2037 983 2287 1013 examinationes
2313 986 2376 1012 tes-

1373 1040 1464 1076 tium,
1485 1048 1558 1069 cnin
1576 1039 1614 1068 de
1636 1038 1818 1077 hujusmodi
1842 1037 1980 1066 crimine
1996 1040 2025 1066 et
2041 1036 2289 1066 circumstantiis
2307 1036 2378 1075 ejus

1371 1093 1555 1132 inquiritur,
1575 1101 1611 1122 ac
1626 1092 1884 1122 denuntiationes
1903 1090 2137 1120 sententiarum
2155 1114 2160 1125 ,
2183 1098 2262 1129 quas
2282 1098 2379 1128 snper

1371 1145 1433 1175 hiis
1449 1150 1557 1175 contra
1573 1144 1729 1183 quoslibet
1744 1145 1914 1181 contigerit
1941 1143 2034 1178 ferri,
2052 1147 2084 1173 et
2107 1142 2171 1172 hiis
2192 1142 2313 1172 similia
2329 1142 2377 1172 fa-

1371 1198 1477 1228 ciendi
1489 1198 1672 1228 conceditur
1687 1199 1726 1227 ab
1741 1197 1849 1227 eadem
1865 1197 1939 1226 sede
1956 1196 2098 1226 facultas.
2113 1196 2275 1233 Questioui
2291 1204 2376 1234 vero,

1371 1261 1433 1290 qua
1450 1251 1594 1290 queritur
1611 1260 1718 1281 utrum
1735 1251 1924 1280 constitutus
1936 1251 1968 1279 in
1986 1250 2095 1286 sacris,
2114 1249 2330 1288 deprehensus
2342 1249 2377 1278 in

1373 1304 1476 1334 heresi
1495 1308 1524 1333 et
1541 1308 1665 1343 propter
1682 1304 1740 1334 hoc
1757 1304 1981 1333 inininrantlus
2000 1308 2160 1342 perpetuo,
2179 1303 2266 1342 prius
2285 1303 2325 1333 sit
2339 1303 2379 1334 ab

1371 1357 1540 1387 ordinibus
1555 1366 1573 1386 a
1591 1366 1648 1387 suo
1662 1358 1805 1396 episcopo
1824 1357 2064 1395 degradandus,
2084 1361 2257 1396 antequam
2275 1356 2378 1387 trada-

1372 1414 1423 1440 tur
1441 1410 1626 1449 hnjusmodi
1642 1411 1828 1448 penitentie.
1855 1410 2094 1449 Respondemus
2111 1409 2195 1449 quod
2212 1409 2304 1446 talis,
2323 1409 2378 1448 qui

1372 1469 1418 1494 est
1438 1468 1587 1503 perpetuo
1606 1464 1846 1499 immnrandus,
1877 1465 1961 1503 prins
1984 1464 2075 1493 debet
2092 1473 2109 1493 a
2128 1464 2194 1493 suis
2209 1463 2379 1493 ordinibus

1372 1517 1549 1555 degradari.
1564 1517 1722 1547 Nonnulli
1738 1526 1862 1556 quoque
1879 1517 1998 1552 clerici,
2013 1521 2053 1553 et,
2067 1517 2151 1555 quod
2164 1521 2210 1547 est
2224 1516 2376 1553 deterius,

1371 1571 1546 1601 sacerdotes
1565 1575 1706 1609 pretextu
1726 1570 1859 1609 pecunie
1886 1570 1935 1599 vel
1951 1570 2089 1609 alicujus
2107 1570 2230 1600 servitii
2257 1574 2376 1609 tempo-

1371 1625 1447 1655 ralis
1461 1625 1673 1654 inveniuntur
1687 1624 1859 1663 aliquando
1873 1624 2093 1663 inquisitionis
2106 1624 2261 1663 impedire
2280 1631 2377 1662 nego-

1372 1679 1472 1714 tium,
1499 1677 1686 1708 instruendo
1707 1678 1817 1707 citatos
1840 1677 2052 1707 hereticorum
2076 1677 2243 1707 credentes
2265 1676 2304 1706 de
2325 1685 2377 1707 ce-

1370 1731 1465 1761 landa
1502 1731 1633 1760 veritate
1647 1754 1655 1767 ‚
1695 1731 1830 1760 falsitate
1866 1730 2021 1767 dicenda,
2061 1730 2108 1760 vel
2142 1739 2194 1760 eos
2235 1729 2378 1761 indebite

1370 1784 1545 1814 liberando.
1560 1784 1605 1813 De
1619 1784 1736 1822 quibus
1750 1784 1894 1822 queritur
1911 1788 2019 1813 uti-uin
2033 1784 2239 1822 inquisitores
2255 1783 2378 1822 possint

1371 1837 1447 1867 tales
1465 1846 1574 1876 capere
1590 1846 1625 1866 ac
1644 1837 1738 1866 etiam
1756 1837 1893 1865 retinere
1909 1860 1915 1871 ,
1936 1841 1990 1866 ant
2006 1837 2089 1875 quod
2106 1837 2150 1866 sic
2166 1840 2291 1874 accepta
2305 1844 2376 1866 res-

1371 1892 1485 1921 tituant
1507 1894 1674 1920 coarctare.
1700 1890 1843 1919 Dubium
1869 1890 1976 1928 itaque
1997 1898 2060 1919 non
2078 1890 2203 1919 videtur
2220 1889 2305 1928 quod
2326 1889 2376 1919 hii

1368 1953 1447 1984 quos
1471 1947 1592 1974 constat
1617 1952 1762 1973 exercere
1788 1942 1925 1981 predicta
1955 1952 1991 1972 ea
2025 1943 2144 1973 faciunt
2170 1943 2204 1972 in
2232 1943 2375 1974 savorem

1368 1998 1506 2028 heretice
1525 1997 1699 2036 pravitatis;
1717 2006 1814 2035 quare
1831 2000 1962 2035 possunt
1979 2006 1996 2025 a
2015 1996 2374 2035 talibusperinqnisito-

1368 2061 1417 2081 res
1432 2051 1600 2089 compesci,
1617 2055 1647 2080 et
1663 2060 1743 2088 pena
1758 2050 1863 2079 debita
1876 2050 2035 2088 castigari,
2052 2054 2114 2079 tarn
2126 2059 2181 2089 per
2195 2050 2374 2089 captionem

1367 2113 1575 2144 personarum
1592 2112 1687 2142 quarn
1707 2108 1802 2133 etiam
1825 2103 1923 2139 alias,
1949 2108 2039 2141 prout
2057 2103 2149 2142 culpa
2169 2103 2304 2141 exigerit
2319 2103 2374 2134 de-

1367 2158 1555 2197 linquentis.
1586 2157 1676 2193 Quod
1703 2162 1809 2186 antem
1836 2157 2036 2195 postmodum
2062 2157 2266 2195 querebatur,
2294 2164 2374 2195 quo-

1367 2212 1460 2242 modo
1479 2215 1583 2240 essent
1611 2210 1766 2249 puniendi
1796 2209 1932 2247 religiosi
1957 2210 2010 2248 qui
2033 2209 2248 2240 inveniuntur
2263 2210 2297 2239 in
2313 2209 2372 2240 he-

1367 2266 1463 2295 resim
1480 2264 1650 2302 deliquisse
1663 2287 1670 2301 ,
1688 2273 1759 2293 cuni
1780 2264 1937 2293 seculares
1955 2269 2118 2302 peccantes
2130 2263 2164 2293 in
2182 2263 2282 2293 simili
2299 2272 2373 2294 casu

1366 2318 1603 2348 immurationis
1625 2316 1674 2346 vel
1692 2316 1755 2346 alia
1780 2326 1859 2355 pena
1884 2317 2073 2355 plectantur.
2092 2317 2169 2355 Ejus
2185 2316 2300 2347 solutio
2322 2325 2373 2347 sa-

1367 2371 1406 2401 tis
1425 2375 1525 2410 patet,
1543 2380 1616 2400 cuni
1632 2375 1753 2400 certum
1770 2371 1811 2399 sit
1828 2370 1904 2399 tales
1923 2371 1953 2399 in
1975 2370 2032 2400 hoc
2051 2375 2080 2400 et
2097 2371 2130 2400 in
2148 2369 2373 2400 consimilibus

1366 2424 1589 2462 delinquentes
1605 2424 1733 2462 gravius
1750 2424 1845 2453 etiam
1868 2423 2064 2453 secularibus
2085 2423 2276 2462 puniendos
2297 2423 2373 2453 Fre-

1366 2482 1500 2516 quenter
1523 2477 1618 2506 etiam
1643 2477 1729 2506 vobis
1753 2477 1791 2506 ab
1816 2476 1986 2515 apostolica
2011 2477 2084 2506 sede
2103 2476 2316 2507 committitur
2339 2479 2375 2507 ut

1367 2534 1429 2559 tam
1446 2530 1600 2560 hereticos
1611 2552 1618 2566 ,
1635 2529 1811 2565 credentes,
1830 2534 2050 2568 receptatores,
2069 2530 2206 2560 fautores
2220 2533 2250 2560 et
2265 2529 2373 2560 defen-

1366 2593 1451 2614 sores
1475 2592 1605 2621 eorum,
1632 2593 1728 2622 quam
1754 2584 1894 2622 ipsornin
1924 2584 2008 2613 filios
2035 2588 2065 2614 et
2085 2588 2214 2623 nepotes
2240 2591 2276 2614 ac
2300 2582 2373 2614 illos

1365 2637 1461 2667 etiam
1478 2637 1532 2675 qui
1558 2637 1771 2675 predictorum
1789 2637 1972 2667 interventu
1995 2637 2043 2667 vel
2060 2638 2161 2676 gratia
2178 2636 2251 2667 talia
2266 2639 2373 2667 essent
2404 2671 2406 2677 Ι
2429 2631 2431 2634 ⁴
2446 2639 2447 2646 ¹

1334 2699 1336 2702 ’
1364 2690 1503 2729 adempti
1522 2689 1569 2719 vel
1591 2695 1835 2728 assequerentur
1856 2691 1888 2720 in
1909 2695 2086 2729 posterum,
2105 2690 2249 2729 privandi
2266 2698 2370 2730 perso-

1364 2743 1511 2780 natibus,
1529 2742 1739 2781 dignitatibus
1755 2748 1785 2772 et
1801 2743 1974 2773 honoribus
1990 2744 2246 2783 quibuscumque
2261 2752 2297 2773 ac
2314 2742 2371 2773 be-

1364 2797 1488 2827 neficiis
1505 2796 1728 2826 ecclesiasticis
1744 2801 1776 2826 et
1789 2797 1902 2826 officiis
1915 2797 2061 2836 publicis,
2074 2796 2112 2826 de
2129 2797 2370 2827 diocesanorum

1364 2849 1425 2885 vel,
1448 2850 1492 2880 eis
1504 2849 1701 2885 absentibus,
1719 2849 1911 2880 vicariorum
1926 2859 2057 2880 suorum
2074 2849 2217 2887 consilio,
2227 2849 2371 2880 habeatis

1363 2903 1496 2933 liberam
1514 2902 1709 2932 facultatem.
1729 2903 1820 2938 Quod
1845 2903 1983 2942 qualiter
1999 2903 2136 2942 intelligi
2153 2903 2266 2933 debeat
2286 2902 2368 2942 peti-

1362 2956 1452 2986 vistis
1468 2955 1610 2995 ejusdem
1630 2956 1713 2985 sedis
1731 2957 1857 2987 oraculo
1872 2957 2036 2987 declarari.
2059 2957 2124 2987 Hoc
2143 2965 2219 2987 sane
2237 2956 2276 2987 de
2291 2955 2369 2986 filiis

1363 3015 1393 3040 et
1408 3010 1572 3048 nepotibus
1589 3009 1716 3039 illorum
1731 3009 1956 3048 hereticorum,
1973 3011 2172 3041 credentium
2190 3015 2221 3041 et
2231 3010 2368 3041 aliorum

1363 3062 1559 3102 hujusmodi,
1576 3064 1629 3101 qui
1645 3063 1737 3093 modo
1751 3063 1827 3094 tales
1841 3073 1908 3094 esse
1921 3064 2106 3103 probantur,
2119 3063 2379 3102 intelligendum⁴
