2477 3637
282 389 338 418 552

283 456 314 483 in
337 454 453 482 Christo
473 452 536 488 lilio
553 452 661 485 jhu-ic,
682 455 749 478 nuto*
768 450 919 486 qnondam
945 448 1055 477 nobilis
1077 448 1139 476 viri
1155 446 1285 475 Ranaldi

282 507 390 536 ,tlnrhci
407 505 495 533 nutet·
512 505 544 532 ‹lc
563 504 644 531 frte.
663 502 741 531 Cum
759 501 806 530 eis
821 501 982 539 dispensat
998 504 1042 534 ut,
1062 507 1125 529 nou
1141 498 1285 528 obstante

281 563 392 598 quarto
405 555 694 593 consanguinitatis
705 553 804 593 gradu
817 562 879 592 quo
890 552 1051 590 conjuncti
1065 555 1150 587 sunt,
1165 556 1282 584 tamen,

280 611 318 641 ad
337 610 490 640 sedandas
508 609 590 638 inter
607 608 821 646 progenitores
839 605 1023 644 discordias,
1041 603 1283 634 matrimonium

282 663 468 693 contrahere
485 661 621 690 valeant.

323 728 334 743 ι
358 715 490 745 {tomani
506 713 664 752 pontilicis
681 712 891 751 precellens...
907 728 945 733 —
961 711 1029 740 Dat.
1048 709 1132 749 apud
1150 709 1284 739 Urbem-

280 774 428 803 veterem,
445 777 485 796 vu
503 767 574 796 idus
590 766 783 802 novembris,
797 774 882 795 anno
900 765 1001 795 tertio.
1021 776 1034 790 n

321 822 356 850 In
375 830 401 850 e.
422 830 463 849 ni.
482 820 634 850 llicardo.
655 824 726 849 nato
749 818 864 848 nobilis
885 818 943 847 viri
967 816 1205 847 Fortibracbiae
1227 816 1283 846 Ja-

279 874 348 904 cobi
365 873 558 912 Nepoleonis
573 873 610 902 de
631 873 705 902 liliis
726 873 798 903 L'rsi
811 897 818 910 ,
838 876 868 902 et
885 871 1015 909 Egidiae
1030 894 1035 906 ,
1057 874 1149 900 natae
1165 869 1283 899 nobilis

280 928 339 958 viri
380 927 571 966 Nepoleonis
608 926 722 964 Angeli
763 924 1059 960 Malambranchae,
1099 922 1282 953 cancellarii

280 982 386 1012 Urbis.

349 1168 466 1195 3523
785 1165 910 1196 Orvicto,
927 1165 943 1191 1.»
961 1164 1113 1191 novembre
1133 1163 1208 1190 1290.

315 1230 498 1262 l'ririlcgium
524 1229 716 1255 conservatori
739 1229 893 1255 comitatus
920 1227 1075 1262 Vcnaysini
1096 1234 1279 1253 concessum.

278 1278 359 1311 (Res.
379 1279 420 1310 45,
437 1288 462 1305 c.
479 1279 540 1312 505,
558 1279 574 1305 f.
597 1278 642 1305 ¹02
660 1280 705 1311 v0).

316 1381 466 1415 Nicotaus,
486 1386 538 1410 etc.
563 1380 785 1409 l'enerabillbus
800 1380 949 1415 fratribus
965 1378 1106 1416 episcopis
1121 1383 1146 1407 et
1165 1377 1281 1407 dilectis

277 1433 351 1470 filiis
367 1434 482 1462 clericis
498 1439 523 1462 el
538 1434 708 1470 reliyiosis,
727 1433 879 1462 nobilibus
895 1433 988 1468 viris,
1008 1432 1179 1467 baronibus,
1197 1439 1281 1460 com-

280 1488 480 1516 munitatibus
500 1496 615 1524 qnoque
637 1495 670 1515 ac
692 1487 867 1515 hominibus
890 1485 1039 1515 universis
1060 1485 1281 1513 habitatoribus

277 1541 434 1568 comitatus
467 1540 641 1577 l'enoysini,
667 1540 706 1568 ad
732 1548 894 1568 romanam
922 1539 1074 1568 ecclesiam
1099 1538 1186 1576 pleno
1207 1538 1281 1575 jure

275 1595 445 1633 spectantis,
463 1594 602 1629 salutem,
619 1598 671 1622 etc.
688 1604 701 1618 α
721 1592 762 1622 Ut
775 1601 810 1622 ex
825 1592 963 1630 gratia...
983 1591 1079 1621 Vobis
1094 1591 1280 1621 anctoritate

276 1648 472 1688 presentium
499 1645 705 1684 indulgemus
728 1649 761 1675 ut
782 1645 975 1675 venerabilis
1002 1645 1097 1674 frater
1124 1648 1230 1674 noster
1257 1667 1277 1674 ..

277 1701 442 1740 episcopus
459 1699 770 1738 Carpentoratensis,
789 1707 843 1728 sen
861 1697 995 1737 quilibet
1011 1697 1093 1727 alius
1109 1706 1279 1728 conserva-

277 1760 323 1786 tor
337 1764 392 1784 seu
406 1757 652 1789 conservatores,
668 1762 763 1792 super
776 1752 986 1789 libertatibus,
1003 1752 1277 1789 immunitatibus,

274 1808 484 1846 indulgentiis
499 1811 530 1836 et
546 1807 656 1845 gratiis
674 1807 760 1836 vobis
778 1807 817 1836 ab
833 1806 942 1836 eadem
961 1806 1033 1836 sede
1052 1806 1208 1836 concessis
1225 1805 1280 1835 de-

276 1866 402 1902 putatus
420 1870 474 1891 seu
493 1860 635 1899 deputati
653 1860 692 1890 ab
709 1869 756 1897 ea,
774 1864 827 1889 aut
843 1860 937 1889 etiam
955 1859 989 1888 in
1006 1864 1167 1898 posterum
1185 1859 1279 1898 depu-

276 1915 378 1952 tandi,
402 1923 441 1944 ne
464 1913 634 1944 commissa
656 1913 714 1943 sibi
739 1913 881 1943 executio
907 1913 942 1942 in
968 1912 1031 1942 hiis
1055 1922 1116 1951 qne
1139 1916 1276 1951 statum,

275 1977 425 2009 personas
446 1976 482 1997 ac
505 1967 586 1997 bona
608 1971 711 1996 vestra
732 1971 761 1996 et
779 1966 872 1996 etiam
892 1966 1062 2004 judeorum
1085 1966 1165 1995 inibi
1187 1965 1279 1996 habi-

276 2022 413 2051 tantium
434 2020 625 2057 contingunt
647 2017 885 2057 quomodolibet
908 2018 1010 2048 valeat
1034 2018 1201 2057 impediri,
1225 2027 1278 2047 ex-

274 2073 515 2108 communicari,
535 2072 684 2102 interdici
700 2076 754 2101 aut
770 2071 921 2111 suspendi
944 2080 1007 2101 non
1027 2072 1150 2110 possint
1169 2075 1278 2102 aucto-

274 2128 366 2158 ritate
393 2127 569 2156 litterarum
601 2125 684 2155 sedis
710 2125 877 2164 apostolice
904 2125 953 2154 vel
983 2124 1200 2163 delegatorum
1225 2128 1280 2154 aut

274 2185 530 2211 conservatorum
568 2188 622 2209 seu
655 2183 858 2209 executorum
888 2179 988 2217 ipsius
1024 2179 1279 2217 quibuscumque

274 2234 416 2273 personis
438 2242 677 2269 concessarum,
700 2242 760 2272 que
780 2232 907 2271 plenam
924 2237 953 2262 et
969 2241 1149 2271 expressam
1171 2232 1210 2262 de
1225 2233 1277 2262 in-

275 2287 362 2317 dulto
384 2286 567 2326 hujusmodi
584 2295 619 2316 ac
636 2286 822 2316 nominibus
840 2286 972 2324 propriis
994 2285 1178 2316 eorumdem
1202 2294 1277 2315 con-

274 2346 470 2370 servatorum
491 2340 578 2369 vobis
594 2339 814 2378 deputatorum
835 2338 884 2368 vel
903 2339 1156 2377 deputandorum
1176 2343 1205 2369 et
1223 2347 1277 2369 co—

274 2394 387 2423 mitatu
408 2393 590 2432 Venaysino
612 2401 674 2422 non
695 2392 828 2422 fecerint
849 2393 1086 2422 mentionem...
1105 2392 1177 2422 Dat.
1194 2392 1277 2431 apud

275 2446 548 2483 Urbemveterem,
567 2456 586 2475 v
601 2446 672 2475 idus
689 2445 881 2482 novembris,
899 2454 985 2475 anno
1003 2446 1102 2476 tertio.
1123 2458 1137 2472 »

342 2624 588 2654 3554-3525

309 2687 490 2721 I’rivilcginm
509 2687 721 2722 jurisdictionis
744 2687 843 2714 incolis
861 2688 1014 2714 comitatus
1030 2687 1190 2723 Venaysini
1207 2696 1278 2715 con-

780 2624 904 2655 Orvieto,
925 2625 939 2650 5
956 2624 1110 2651 novembre
1129 2625 1205 2652 ¹290.

272 2745 396 2763 cessum.
415 2738 496 2769 (litto.
516 2738 556 2767 45,
574 2746 599 2763 c.
618 2738 688 2768 5052,
707 2738 725 2764 s.
748 2737 793 2763 10³2
809 2739 861 2770 vo.)

312 2840 425 2868 Eisdem
445 2841 604 2876 episcopis,
623 2845 675 2869 etc.
695 2852 708 2865 α
729 2838 817 2869 Sicut
837 2839 876 2868 ad
896 2843 1041 2869 nostrum
1058 2840 1203 2878 pervenit
1217 2849 1276 2869 au-

273 2891 372 2921 ditum
386 2914 393 2927 ,
413 2892 559 2922 nonnulli
579 2892 685 2922 clerici
703 2897 733 2922 et
749 2892 821 2922 laici
842 2901 895 2921 vos
912 2901 1016 2922 coram
1038 2892 1173 2922 diversis
1188 2893 1275 2931 judi-

273 2945 360 2973 cibus
381 2955 431 2983 per
450 2945 567 2975 litteras
584 2946 768 2984 apostolicas
786 2946 906 2975 faciunt
922 2946 960 2975 ad
976 2946 1133 2985 judicium
1151 2946 1276 2976 evocari

273 3002 303 3027 et
321 2998 451 3035 fatigant
470 2999 655 3037 plerumque
676 2999 836 3029 laboribus
859 3003 888 3028 et
907 2999 1068 3037 expensis,
1091 3007 1274 3038 quanquam

273 3052 425 3082 ordinarii
440 3054 533 3082 vestri
546 3063 638 3092 super
647 3054 749 3084 causis
761 3054 798 3083 ad
811 3063 920 3084 eornm
931 3054 1035 3084 sorum
1046 3054 1272 3092 spectantibus,

1029 379 1264 411 REGISTRES
1288 380 1341 409 DE
1364 377 1547 408 NICOLAS
1571 379 1626 408 IV.

1365 452 1401 473 ac
1421 447 1523 473 rector
1545 444 1626 473 dicte
1648 448 1728 474 terre
1752 453 1806 483 per
1828 443 1936 475 sedem
1955 443 2161 483 apostolicam
2184 444 2371 485 deputatus,

1366 507 1460 536 super
1474 497 1536 527 hiis
1549 506 1610 536 qne
1623 497 1662 527 ad
1675 498 1932 536 jin-isdictionem
1947 506 2036 528 suam
2052 497 2223 537 pertinent,
2236 498 2275 528 de
2284 499 2372 531 vobis

1366 550 1467 588 parati
1499 550 1638 580 existant
1667 549 1798 581 cuilibet
1828 550 2038 589 conquerenti
2070 550 2221 580 exhibere
2249 551 2372 590 justitie

1366 602 1649 640 complementum.
1672 603 1738 633 Nos
1754 603 1854 641 igitur
1869 603 1969 642 quieti
1991 607 2110 641 vestre,
2129 611 2169 633 ne
2189 603 2292 634 taliter
2310 603 2372 635 im-

1366 655 1537 694 petamini,
1558 655 1723 694 providere
1745 655 1904 693 volentes,
1923 655 2012 686 vobis
2033 656 2220 686 auctoritate
2239 665 2370 694 presen-

1367 708 1446 738 tium
1464 707 1671 747 indulgemus
1690 713 1740 745 ut,
1760 709 1902 749 quandiu
1918 718 2024 739 coram
2043 708 2134 752 dictis
2150 708 2323 740 ordinariis
2341 713 2372 741 et

1365 765 1484 791 rectore
1502 770 1538 791 ac
1553 762 1619 792 suis
1634 763 1824 793 officialibus
1843 763 1943 802 parati
1958 762 2097 800 fueritis,
2113 767 2149 792 nt
2164 763 2370 802 premittitur,

1365 819 1446 844 stare
1466 815 1550 853 juri,
1574 824 1629 854 per
1651 815 1837 855 hujusmodi
1862 816 1983 846 litteras
2005 816 2208 855 impetratas,
2235 824 2371 856 quarum

1363 869 1551 899 auctoritate
1569 869 1678 899 nullus
1698 869 1825 900 habitus
1841 874 1887 900 est
1904 878 2084 909 processus,
2103 874 2134 901 et
2150 871 2244 900 etiam
2268 870 2371 911 impe-

1366 921 1504 958 trandas,
1519 926 1580 960 que
1596 922 1634 952 de
1650 923 1852 962 presentibus
1867 932 1930 953 non
1947 923 2081 953 fecerint
2097 923 2306 960 mentionem,
2322 932 2372 954 su-

1364 984 1419 1014 per
1434 976 1600 1014 premissis
1614 976 1776 1007 molestari
1793 977 1832 1007 ab
1847 976 2009 1016 aliquibus
2026 975 2211 1007 nullatenus
2228 976 2370 1012 valeatis.
2403 973 2406 978 ’

1365 1028 1520 1059 Volumus
1538 1029 1634 1060 etiam
1653 1033 1687 1060 ut
1699 1029 1788 1069 judei
1805 1030 2001 1060 habitatores
2020 1029 2096 1060 dicti
2112 1029 2282 1060 comitatus
2297 1029 2371 1070 qui-

1363 1089 1424 1120 que
1444 1082 1477 1111 in
1498 1086 1659 1121 posterum
1679 1083 1799 1113 ibidem
1821 1087 2009 1122 perpetuum
2028 1082 2184 1121 elegerint
2198 1081 2372 1114 incolatum

1363 1135 1549 1174 hujusmodi
1568 1135 1693 1167 indulto
1707 1137 1879 1175 gaudeant,
1897 1137 1977 1167 sicut
1992 1136 2049 1166 alii
2066 1136 2278 1176 supradicti...
2299 1135 2370 1167 Dat.

1363 1189 1446 1228 apud
1463 1189 1739 1227 Urbemveterem,
1758 1191 1852 1221 nonis
1869 1190 2063 1227 novembris,
2079 1198 2166 1220 anno
2184 1190 2286 1221 tertio.
2305 1201 2320 1217 n

1876 1270 2003 1301 Orvieto‚
2019 1270 2035 1298 6
2052 1269 2206 1297 novembre
2223 1269 2302 1297 1290.

1405 1332 1441 1362 In
1455 1341 1482 1362 e.
1495 1341 1538 1363 m.
1552 1355 1572 1364 ..
1586 1332 1732 1373 episcopo
1743 1333 2035 1372 Carpentoratensi.
2046 1345 2059 1360 α
2073 1332 2237 1364 Intellecto
2249 1332 2371 1364 dudum
2407 1357 2410 1363 .

1364 1387 1487 1424 quod...
1506 1386 1709 1416 Fraternitati
1727 1391 1777 1417 tue
1795 1396 1849 1425 per
1863 1386 2035 1426 apostolica
2050 1386 2166 1425 scripta
2181 1386 2373 1418 mandamus

1364 1440 1517 1478 quatinus
1535 1440 1663 1470 eosdem
1682 1440 1856 1480 episcopos,
1876 1440 2019 1477 clericos,
2040 1439 2217 1478 religiosos,
2235 1439 2370 1478 nobiles,

1362 1492 1509 1528 barones,
1526 1493 1772 1524 communitates
1793 1503 1829 1524 ac
1846 1494 1993 1525 homines
2017 1498 2047 1524 et
2065 1494 2160 1524 etiam
2175 1493 2289 1533 judeos
2307 1501 2371 1525 nou

1364 1546 1529 1585 permittas
1545 1556 1599 1586 per
1618 1551 1646 1577 te
1663 1547 1711 1577 vel
1728 1547 1828 1577 alium
1843 1557 1897 1578 seu
1914 1547 1993 1578 alios
2009 1551 2119 1578 contra
2136 1546 2257 1578 indulti
2272 1546 2371 1578 nostri
2408 1587 2410 1590 r

1363 1603 1506 1630 tenorem
1526 1600 1565 1630 ab
1580 1600 1743 1639 aliquibus
1762 1601 1933 1632 molestari.
1962 1602 2033 1631 Dat.
2060 1600 2144 1640 apud
2160 1600 2372 1632 Urbemvete-

1363 1663 1444 1690 rem,
1462 1663 1517 1684 vni
1533 1654 1605 1684 idus
1623 1655 1820 1692 novembris,
1837 1664 1923 1685 anno
1941 1655 2044 1685 tertio.
2066 1666 2078 1681 n

1435 1828 1554 1857 352ss
1894 1828 2021 1862 Orvieto‚
2040 1829 2071 1856 15
2087 1828 2204 1856 octobre
2222 1827 2300 1856 1290.

1399 1890 1533 1918 Facultas
1546 1890 1712 1918 conserendi
1729 1891 1866 1918 beneficia
1881 1891 2088 1918 ecclesiastica.
2105 1890 2187 1926 (Rau.
2207 1890 2250 1923 45,
2266 1898 2292 1918 c.
2309 1889 2371 1923 506,

1363 1940 1382 1967 f.
1402 1940 1451 1967 102
1469 1942 1519 1970 νο.)

1409 2044 1576 2073 Venerabili
1611 2044 1707 2080 fratri
1742 2042 1919 2079 Guillelmo,
1958 2044 2159 2081 arciepiscopo
2194 2043 2370 2080 Viennensi,
2415 2067 2417 2070 .
2451 2035 2454 2051 ³

1362 2097 1544 2127 facultatem
1572 2097 1717 2127 concedit
1743 2096 1930 2127 conterendi
1959 2096 2116 2126 beneficia
2144 2094 2370 2132 ecclesiastica,

1362 2150 1401 2181 ad
1420 2149 1621 2181 collationem
1643 2159 1698 2189 per
1722 2150 2009 2189 praesentationem
2034 2149 2217 2188 aliquorum
2241 2156 2372 2188 exemp·

1363 2208 1466 2234 torum
1494 2212 1558 2233 non
1585 2203 1791 2242 pertinentia,
1810 2211 1892 2243 quae
1913 2203 1946 2232 in
1975 2202 2151 2233 Viennensi
2176 2201 2302 2232 civitate
2320 2200 2370 2232 vel

1362 2257 1499 2288 dioecesi
1520 2261 1606 2287 tanto
1626 2261 1766 2296 tempore
1786 2257 1853 2295 jam
1873 2260 2025 2287 vacarunt
2044 2255 2129 2295 quod
2144 2255 2287 2295 ipsorum
2305 2253 2369 2286 col·
2412 2255 2413 2258 ’
2464 2255 2466 2258 ’

1361 2311 1437 2341 latio
1451 2311 1491 2340 ad
1505 2310 1612 2340 sedem
1628 2310 1833 2349 apostolicam
1848 2310 1996 2340 devoluta
2011 2313 2068 2347 est,
2081 2309 2208 2350 singula
2224 2307 2370 2340 videlicet

1361 2363 1497 2402 singulis
1515 2364 1658 2403 personis
1673 2363 1807 2400 idoneis,
1821 2367 1852 2393 et
1864 2362 2040 2393 inducendi
2056 2363 2247 2403 personasin
2259 2369 2369 2394 eorum

1361 2417 1558 2456 corporalem
1576 2417 1822 2456 possessionem.

1403 2484 1416 2499 α
1441 2471 1508 2501 Tue
1523 2470 1637 2501 merita
1654 2470 1885 2501 sinceritatis...
1910 2487 1949 2493 —
1969 2470 2039 2500 Dat.
2060 2469 2144 2509 apud
2162 2469 2370 2500 Urbemvete-
2404 2493 2414 2505 ,

1361 2535 1441 2562 rem,
1459 2525 1565 2555 idibus
1580 2524 1732 2562 octobris,
1748 2532 1833 2555 anno
1853 2524 1954 2556 tertio.
1972 2535 1985 2551 »

1432 2685 1547 2714 35⁸2&
1887 2682 2018 2714 Orvicto,
2038 2682 2070 2710 19
2085 2682 2202 2709 octobre
2218 2681 2295 2709 1290.

1397 2747 1581 2782 Dispensatio
1596 2754 1683 2781 super
1704 2746 1862 2781 pluralitate
1878 2745 2083 2772 beneficiorum
2103 2743 2365 2771 ecclesiasticorum

1360 2800 1388 2823 et
1408 2796 1542 2823 remissio
1568 2795 1712 2822 fructuum
1734 2795 1830 2822 illicite
1855 2797 2065 2830 perceptorum.
2091 2792 2175 2826 (Rea.
2193 2793 2244 2825 45,
2259 2801 2285 2821 o.
2301 2791 2364 2825 507,

1359 2846 1378 2872 s.
1400 2845 1446 2872 103
1463 2847 1508 2876 ιθ.)

1399 2949 1509 2983 Otloni,
1527 2948 1664 2984 diacono,
1682 2947 1826 2976 canonico
1845 2946 2102 2986 Maqdebnryensi.
2121 2957 2135 2972 α
2156 2944 2280 2976 Meritis
2294 2943 2363 2974 lau-

1358 3001 1472 3031 dabilis
1504 2999 1792 3030 conversationis...
1826 2998 1974 3029 Exhibita
2003 2998 2165 3038 siquidem
2190 2997 2283 3028 nobis
2312 3001 2362 3027 tua

1357 3054 1467 3094 petitio
1492 3053 1675 3083 continebat
1698 3052 1781 3091 quod
1809 3057 1839 3082 tu
1868 3052 1967 3089 olim,
1993 3052 2049 3091 qui
2075 3051 2298 3082 canonicatum
2331 3051 2362 3080 et

2400 2128 2408 2135 Α

2406 2143 2415 2158 ἱ
