2342 3652
928 358 1156 398 nnnxlnME
1179 358 1336 398 ANNnE.
1798 356 1801 357 ⁷
2110 371 2168 402 357

85 435 191 466 Sancti
206 433 334 463 Andree
351 432 509 471 predicto,
527 436 557 462 et
575 431 710 470 quilibet
725 431 807 462 alius
825 432 1014 470 cardinalis,
1034 432 1085 462 cui

84 487 225 527 ejusdem
241 485 405 524 hospitalis
419 485 527 515 Sancti
542 484 673 514 Andree
686 485 916 523 patrocinium,
933 490 967 515 ut
984 485 1085 524 predi-

84 541 182 576 citur,
199 539 430 577 committetur,
449 537 563 567 habeat
591 541 622 566 et
641 537 757 567 habere
780 538 892 567 debeat
909 537 1083 567 institutio-

84 601 177 628 nem,
194 591 452 627 destitutionem,
475 590 709 626 visitationem,
732 591 960 620 correctionem
984 595 1013 620 et
1034 599 1083 620 re-

82 644 304 676 formationem
322 643 558 680 omnimodam,
577 651 641 672 non
658 643 761 672 solum
779 648 955 680 rectorum,
973 652 1085 672 verum

84 699 177 729 etiam
190 697 322 727 fratrum
339 696 503 735 hospitalis
520 696 661 734 ejusden]
682 705 760 734 quos
776 697 815 726 ad
831 697 900 735 ejus
918 696 1085 726 servitium

83 750 250 789 contigerit
264 750 418 788 deputari.
440 750 552 788 Tuque
564 773 572 787 ,
590 749 636 778 fili
653 749 818 787 magister,
844 754 874 779 et
890 758 1084 780 successores

84 805 143 841 tui,
159 803 213 842 qui
231 811 286 841 pro
305 806 443 840 tempore
463 802 594 838 fuerint,
615 801 801 840 hujusmodi
820 806 956 831 rectores
975 806 1004 830 et
1020 801 1082 830 fra-

83 861 160 893 tres,
177 857 266 895 juxta
284 855 463 893 predictum
479 863 668 889 numerum,
689 854 728 883 de
745 854 846 892 ipsius
862 854 960 884 vestri
976 854 1084 892 hospi—

83 910 153 942 talis
184 908 333 939 fratribus
364 912 582 947 representare
603 907 729 946 possitis
752 912 781 936 et
807 908 901 937 etiam
926 907 1083 945 debeatis,

82 963 225 1004 quotiens
250 962 353 992 eidem
380 960 537 991 cardinali
568 965 700 999 patrono
729 960 891 990 videbitur
915 960 1082 999 expedire,

82 1015 310 1047 nichilominus
327 1019 511 1044 remanente
527 1014 583 1044 tibi
600 1018 628 1044 et
645 1014 879 1044 successoribus
896 1014 972 1053 ipsis
990 1014 1023 1043 in
1041 1014 1085 1043 eis

82 1069 262 1101 obedientia
286 1072 454 1105 consueta,
479 1067 566 1097 salva
591 1068 776 1098 auctoritate
797 1067 972 1097 cardinalis
1001 1068 1085 1105 ejus-

82 1124 163 1154 dem.

120 1177 267 1206 Preterea
276 1175 310 1205 in
320 1174 470 1213 hospitali
480 1174 618 1214 predicto
631 1174 800 1204 laudabilis
815 1179 843 1204 et
857 1175 964 1204 contin
970 1184 1008 1204 na
1015 1175 1086 1204 hos-

81 1229 218 1270 pitalitas
240 1229 445 1264 observetur,
476 1232 506 1258 et
529 1228 677 1258 divinum
702 1228 845 1258 officinm
864 1227 1085 1266 sollempniter

81 1283 254 1314 celebretur
272 1281 413 1318 ibidem,
437 1290 495 1311 nec
518 1281 560 1311 sit
584 1281 665 1311 illud
688 1281 784 1311 alicui
800 1280 960 1311 censuale.
980 1281 1086 1311 Vestri

81 1339 185 1375 autem
203 1334 324 1364 ordinis
341 1335 453 1364 fratres
469 1343 547 1373 quos
565 1335 604 1364 ad
620 1335 725 1380 ipsum
739 1334 900 1364 declinare
917 1335 1086 1373 contigerit

81 1389 218 1426 benigne
232 1387 316 1417 inibi
332 1387 526 1427 recipiantur
543 1391 572 1418 et
589 1388 754 1418 caritative
773 1392 947 1418 tractentur
961 1412 967 1424 ,
995 1393 1087 1427 prout

80 1442 114 1472 in
129 1441 276 1472 domibus
293 1441 390 1471 vestri
406 1441 605 1479 recipiuntur
621 1442 742 1472 ordinis
760 1446 790 1471 et
808 1446 992 1472 tractantur.

119 1496 158 1526 In
173 1495 259 1525 Urbe
270 1495 402 1533 insuper
415 1503 548 1525 romana
564 1496 651 1525 curia
663 1496 829 1532 existente,
844 1519 864 1527 ..
884 1496 968 1534 prior
981 1500 1012 1525 et
1027 1496 1086 1525 fra-

81 1553 143 1579 tres
158 1548 253 1578 vestri
270 1548 394 1578 ordinis
409 1549 531 1578 curiam
557 1553 727 1587 sequentes
751 1549 900 1585 eandem,
921 1558 994 1579 cum
1013 1549 1085 1579 hos—

80 1601 169 1642 pitali
195 1601 333 1640 portatili
362 1606 392 1632 et
420 1602 544 1632 familia
569 1602 754 1632 eorumdem
771 1625 778 1639 ,
804 1603 838 1632 in
864 1603 947 1633 dicto
977 1603 1085 1633 Sancti

81 1655 208 1686 Andree
231 1654 381 1694 hospitali
408 1655 547 1694 benigne
577 1656 791 1694 recipiantur,
819 1656 882 1685 vite
907 1657 1086 1686 necessaria

80 1709 161 1739 inibi
186 1709 378 1748 percepturi,
405 1713 435 1738 et
457 1709 567 1739 tandiu
592 1709 823 1740 habitationem
848 1711 881 1739 in
907 1710 963 1740 illo
987 1710 1086 1740 libere

80 1761 219 1792 habituri
245 1762 398 1801 quamdiu
423 1763 456 1792 in
485 1763 554 1801 ipsa
580 1763 666 1793 Urbe
684 1763 773 1792 curia
791 1763 900 1796 eadem
922 1764 1084 1793 residebit.

117 1816 156 1846 In
179 1815 252 1846 aliis
277 1816 374 1846 etiam
396 1815 475 1847 locis
498 1816 532 1846 in
553 1817 672 1855 quibus
697 1816 782 1846 idem
803 1817 958 1856 hospitale
976 1817 1085 1847 Sancti

78 1868 206 1899 Andree
217 1870 433 1907 possessiones
444 1869 581 1900 habetet
594 1869 703 1900 domos
717 1874 840 1900 tantum
854 1871 1085 1901 habitationem

76 1921 223 1959 habeant,
241 1922 351 1952 eadem
369 1922 459 1952 curia
473 1923 556 1952 inibi
571 1923 746 1960 residente,
764 1923 843 1954 alias
858 1928 965 1954 autem
984 1924 1085 1963 ipsius

77 1974 241 2015 hospitalis
260 1976 342 2006 bona
358 1985 414 2015 pro
432 1976 537 2015 priore
553 1977 767 2016 fratribusque
784 1978 934 2016 predictis
949 1978 1082 2013 curiam,

78 2032 112 2058 ut
129 2029 345 2068 premittitur,
367 2030 575 2068 sequentibus
591 2035 801 2060 memoratam
820 2031 858 2060 ad
881 2036 984 2070 partes
1005 2031 1084 2060 alias

78 2080 260 2111 nullatenus
276 2081 461 2112 deserantur
482 2083 602 2121 absque
627 2084 740 2122 prefati
766 2084 938 2114 cardinalis
957 2084 1085 2122 patroni

77 2133 206 2165 licentia
221 2138 250 2165 et
265 2135 462 2173 beneplacito
478 2136 614 2174 spetiali.

117 2187 313 2218 Ordinamus
334 2189 465 2228 insuper
493 2193 522 2219 et
541 2189 689 2219 volumus
713 2194 767 2228 ut,
788 2190 908 2220 eisdem
930 2191 1032 2228 priore
1050 2199 1085 2220 ac

79 2241 226 2271 fratribus
247 2242 280 2271 in
301 2242 450 2281 hospitali
470 2242 578 2272 Sancti
603 2244 733 2273 Andree
755 2244 968 2274 residentibus
987 2243 1084 2282 preli-

79 2293 167 2331 bato,
191 2294 363 2324 elemosine
387 2299 416 2325 et
435 2305 637 2335 quecumque
662 2296 744 2327 bona
771 2296 903 2327 mobilia
925 2306 986 2336 que
1010 2301 1086 2326 tunc

81 2346 183 2377 eidem
209 2347 360 2386 hospitali
387 2348 526 2387 portatili
551 2349 793 2388 relinquentur,
821 2350 1005 2387 dabuntur,
1030 2358 1084 2379 seu

81 2399 159 2430 alias
176 2400 215 2430 ad
232 2402 336 2440 ipsum
353 2402 508 2440 hospitale
525 2403 749 2442 undecumque
765 2404 982 2442 pervenerint,
1000 2412 1086 2433 com-

81 2454 233 2484 munibus
249 2463 457 2493 personarum
484 2456 653 2495 utriusque
674 2457 840 2496 hospitalis
858 2457 969 2487 usibus
985 2457 1085 2495 appli-

81 2511 208 2545 centur,
227 2508 269 2538 ita
288 2509 372 2547 quod
388 2509 420 2538 in
445 2518 521 2539 usus
540 2511 667 2540 eosdem
693 2511 854 2541 esculenta
874 2515 903 2540 et
919 2511 1087 2550 poculenta

81 2567 141 2598 que
157 2559 234 2598 ipsis
249 2561 347 2599 priori
361 2566 390 2591 et
407 2562 559 2592 fratribus
573 2563 610 2593 de
626 2565 713 2593 curia
730 2573 784 2594 seu
802 2565 894 2595 domo
909 2568 963 2594 aut
979 2564 1084 2602 hospi-

81 2611 124 2642 tio
139 2604 277 2642 Romani
300 2614 487 2652 Pontificis,
512 2624 567 2645 seu
590 2616 669 2647 alias
695 2617 940 2656 undecumque,
966 2617 1087 2655 prefata

81 2663 214 2696 rbmana
228 2667 316 2697 cui-la
331 2668 363 2697 in
382 2668 492 2698 eadem
513 2669 601 2699 Urbe
616 2675 771 2708 morante,
790 2670 994 2710 pervenerint
1011 2679 1086 2700 con-

82 2722 256 2749 vertantur.

121 2771 316 2803 Ordinamus
339 2775 435 2804 etiam
457 2779 487 2806 et
509 2776 656 2806 volumus
677 2777 779 2816 quod,
806 2778 831 2807 si
852 2777 980 2816 quando
1005 2776 1087 2806 dicto

82 2825 235 2855 cardinali
251 2827 410 2857 videbitur
425 2829 509 2867 quod
522 2838 578 2868 per
593 2830 717 2860 ordinis
735 2831 832 2861 vestri
850 2839 999 2869 personas
1015 2838 1085 2868 pre·

84 2876 182 2907 fatum
198 2878 352 2918 hospitale
369 2881 476 2911 Sancti
492 2882 621 2912 Andree
640 2892 675 2912 ac
691 2888 844 2914 rectorem
862 2887 890 2913 et
908 2884 1018 2912 fratres
1034 2883 1085 2921 ip-

85 2929 149 2960 sius
165 2931 304 2969 visitari,
321 2934 439 2971 corrigi
455 2939 485 2964 et
500 2935 680 2973 reformari,
701 2945 755 2966 seu
774 2936 808 2965 in
826 2945 862 2966 eo
878 2936 1019 2975 aliquam
1036 2936 1086 2964 in-

84 2983 286 3021 quisitionem
300 2987 366 3015 sive
378 2987 617 3025 indagationem
629 2989 698 3018 fieri
708 2990 863 3028 expediat,
874 2998 927 3019 vos
937 2997 1086 3027 personas

85 3034 184 3074 ipsas,
199 3038 289 3076 Juxta
311 3040 494 3078 petitionem
518 3050 571 3071 seu
595 3042 756 3080 optionem
778 3042 951 3072 cardinalis
969 3042 1085 3081 ipsius,

1168 432 1207 462 ad
1226 432 1411 471 hujusmodi
1434 435 1669 472 ministerium,
1687 440 1797 474 prout,
1821 436 1949 475 quando
1973 441 2003 466 et
2023 437 2168 475 quotiens

1169 485 1230 523 ipsi
1257 485 1412 515 cardinali
1439 486 1610 525 placuerit,
1639 488 1803 527 deputetis.
1830 489 2011 527 Eedemque
2036 497 2169 528 persone

1169 537 1299 567 modum
1316 543 1345 567 et
1370 539 1506 568 formam
1522 549 1600 579 quos
1616 541 1702 571 idem
1723 541 1895 571 cardinalis
1916 542 1960 571 eis
1987 542 2168 580 tradiderit,

1169 599 1224 620 seu
1241 591 1366 621 duxerit
1382 592 1587 632 [tradendos],
1604 595 1638 623 in
1656 595 1805 633 predictis
1821 596 1998 625 observent.

1208 642 1357 673 Ceterum
1375 646 1522 683 quotiens
1538 650 1713 685 pretactum
1732 648 1886 686 hospitale
1912 648 2018 678 Sancti
2040 648 2169 679 Andree

1170 696 1327 726 cardinali
1344 702 1475 736 patrono
1492 699 1621 729 destitui
1641 709 1694 730 seu
1714 709 1820 731 carere
1836 702 2015 739 contigerit,
2033 705 2135 731 rector
2151 710 2170 731 a

1168 750 1323 779 cardinali
1338 751 1503 784 institutus
1516 753 1626 782 eodem
1643 759 1673 782 et
1689 754 1798 784 fratres
1815 755 1889 784 dicti
1906 755 2070 793 hospitalis
2085 755 2170 784 infra

1168 802 1303 832 duorum
1320 805 1481 834 mensium
1500 806 1637 843 spatium
1654 811 1820 845 postquam
1838 807 1869 836 id
1885 808 1923 836 ad
1941 808 2084 837 notitiam
2101 817 2170 847 per-

1168 857 1291 885 venerit
1307 858 1490 886 eorumdem
1513 858 1595 896 apud
1615 868 1777 888 summum
1800 860 1981 897 pontificem
2004 864 2171 890 teneantur

1168 909 1287 938 instare
1303 909 1487 948 suppliciter
1509 916 1542 940 ut
1563 911 1609 940 eis
1625 911 1821 941 cardinalem
1839 912 1937 941 alium
1960 913 2098 950 benigne
2115 913 2168 943 de-

1169 967 1256 1000 putet
1271 964 1304 991 in
1321 967 1490 1001 patronum
1505 987 1510 1000 ,
1529 964 1712 1003 hujusmodi
1730 965 1861 994 sollicite
1880 966 2104 996 continuantes
2119 967 2171 996 in-

1170 1015 1330 1051 stantiam,
1350 1021 1442 1053 prout
1459 1016 1587 1046 comode
1601 1021 1759 1054 poterunt,
1776 1022 1811 1046 ut
1827 1026 1934 1047 eorum
1952 1018 2061 1056 petitio
2077 1019 2173 1048 effec-

1169 1072 1237 1097 tum
1253 1068 1387 1098 celerem
1410 1069 1568 1098 sortiatur.
1592 1070 1706 1099 Rector
1723 1075 1829 1099 autem
1846 1070 1988 1109 ejusdem
2007 1070 2172 1109 hospitalis

1170 1121 1279 1151 Sancti
1295 1122 1425 1152 Andree
1440 1123 1552 1152 fratres
1577 1124 1609 1152 in
1627 1123 1695 1161 ipso
1720 1124 1870 1161 degentes
1885 1124 1924 1153 ad
1939 1124 2173 1154 observantiam

1169 1175 1360 1214 compellere
1376 1175 1478 1205 valeat
1493 1176 1674 1214 regularem
1688 1200 1694 1213 ,
1719 1186 1863 1215 penaque
1879 1177 2037 1215 condigna
2052 1177 2173 1215 percel-

1169 1228 1235 1259 lere
1251 1228 1359 1267 culpas
1375 1233 1404 1259 et
1423 1230 1689 1267 transgressiones
1705 1239 1826 1265 eorum,
1844 1235 1937 1268 prout
1950 1230 1984 1259 in
1999 1230 2111 1268 prefati
2126 1238 2174 1260 or-

1170 1282 1256 1311 dinis
1272 1282 1382 1320 regula
1397 1283 1587 1312 continetur.
1616 1283 1707 1312 Nulli
1732 1292 1806 1321 ergo
1829 1288 1886 1313 etc.
1913 1287 2019 1313 nostre
2043 1283 2172 1313 ordina-

1172 1336 1265 1365 tionis
1282 1340 1340 1365 etc.
1358 1336 1429 1365 Dat.
1450 1336 1565 1372 Rome,
1585 1336 1668 1374 apud
1685 1336 1832 1366 Sanctam
1851 1337 1985 1366 Mariam
2001 1337 2172 1376 Majorem,

1169 1398 1187 1418 x
1204 1389 1356 1419 kalendas
1368 1390 1521 1428 januarii,
1539 1398 1624 1419 anno
1641 1390 1789 1420 secundo.
1809 1402 1822 1417 n

1244 1535 1357 1563 1998

1205 1597 1248 1623 De
1264 1598 1364 1624 eodem
1382 1599 1505 1632 negotio.
1524 1597 1606 1632 (Rae.
1622 1598 1666 1629 44,
1684 1606 1708 1625 c.
1726 1598 1786 1629 764,
1804 1598 1821 1624 f.
1839 1598 1887 1625 281
1906 1600 1958 1631 v⁰.)

1425 1534 1788 1570 Sainte-Marie-MaJeure,
1806 1535 1838 1561 ‘24
1856 1535 2006 1562 decembre
2023 1535 2101 1563 1289.

1210 1687 1318 1716 Dilecto
1334 1687 1398 1723 szlt'o
1406 1687 1521 1724 Jacobo,
1534 1686 1640 1715 Sancte
1652 1687 1745 1715 Maria
1754 1688 1787 1715 in
1805 1688 1856 1715 Via
1868 1688 1930 1716 lata
1939 1687 2061 1717 diacono
2077 1688 2174 1717 cardi-

1169 1742 1247 1776 nati,
1263 1740 1431 1769 confirmat
1442 1740 1700 1769 commissionem
1715 1739 1880 1777 hospitalis
1895 1739 2002 1769 Sancti
2012 1740 2171 1771 Andreae.

1212 1805 1226 1820 «
1250 1794 1300 1823 Ad
1314 1797 1430 1822 statum
1447 1801 1671 1831 prosperum...
1688 1809 1726 1815 -—
1745 1793 1816 1822 Dat.
1834 1793 1951 1829 Rome,
1969 1793 2052 1831 apud
2071 1793 2172 1823 Sauc-

1170 1851 1233 1877 tam
1261 1847 1396 1876 Mariam
1428 1847 1594 1885 Majorem,
1623 1855 1690 1876 vnn
1720 1845 1873 1876 kalendas
1902 1847 2060 1885 Januarii,
2087 1855 2173 1877 anno

1169 1901 1318 1931 secundo.
1337 1913 1348 1926 »

1243 2021 1357 2048 1999
1427 2020 1789 2055 saiute-iilarie-Majeure,
1809 2021 1840 2048 13
1857 2016 2007 2048 decembre
2024 2020 2101 2048 1289.

1204 2076 1388 2112 Dispensatio
1405 2077 1589 2103 matrimonii.
1608 2077 1691 2111 (Rae.
1709 2077 1750 2109 44,
1769 2085 1795 2103 c.
1815 2077 1875 2110 765,
1893 2077 1911 2103 s.
1928 2077 1977 2104 ‘281
1995 2077 2047 2110 v0.)

1215 2165 1380 2195 Venerabili
1395 2167 1491 2202 fratri
1510 2189 1528 2194 ..
1547 2167 1680 2204 episcopo
1698 2167 1900 2195 Lirzcolm'ensi
1916 2165 2084 2195 committit
2099 2173 2173 2203 qua-

1118 2230 1121 2233 ¹
1168 2223 1261 2249 tenus
1277 2229 1349 2249 cum
1366 2219 1466 2249 nobili
1482 2220 1552 2249 viro
1569 2220 1705 2249 Roberto
1721 2220 1759 2249 de
1776 2219 2016 2249 Chadesvurthe
2037 2223 2067 2248 et
2082 2219 2173 2248 Man-

1168 2272 1256 2310 geria
1269 2273 1308 2302 de
1320 2272 1460 2310 Fulbek,
1479 2273 1715 2303 Lincolniensis
1731 2273 1900 2307 dioecesis,
1915 2273 2075 2311 dispenset
2090 2275 2124 2301 ut
2139 2272 2174 2301 in

1169 2325 1378 2356 matrimonio
1398 2325 1481 2364 quod
1503 2325 1600 2363 olim,
1625 2326 1810 2363 ignorantes
1833 2325 1992 2364 quondam
2020 2325 2174 2354 Helenam

1169 2378 1287 2408 dictam
1304 2379 1437 2416 Delfen,
1463 2379 1600 2418 priorem
1625 2380 1755 2409 Roberti
1778 2389 1926 2417 uxorem,
1952 2379 2055 2408 eidem
2079 2379 2173 2408 Man-

1168 2432 1274 2470 geriae
1291 2437 1402 2471 quarto
1419 2433 1705 2470 consanguinitatis
1722 2433 1821 2470 gradu
1838 2434 2041 2471 conjunctam
2058 2432 2170 2468 fuisse,

1168 2489 1416 2523 contraxerunt,
1429 2488 1458 2515 et
1473 2486 1507 2515 in
1521 2494 1583 2524 quo
1596 2485 1702 2524 plures
1714 2486 1797 2516 filios
1809 2490 1838 2516 et
1853 2486 1935 2515 filias
1951 2487 2171 2524 procrearunt,

1168 2547 1336 2568 remanere
1354 2538 1491 2568 valeant.

1211 2603 1224 2618 α
1250 2592 1365 2621 Petitio
1383 2592 1490 2621 dilecti
1509 2592 1607 2622 filii...
1624 2609 1661 2614 —
1688 2593 1758 2622 Dat.
1776 2593 1876 2622 Rome
1892 2616 1897 2628 ‚
1921 2591 2003 2630 apud
2024 2591 2173 2620 Sanctam

1170 2646 1306 2675 Mariam
1326 2646 1480 2684 Majorem
1492 2668 1500 2682 ,
1518 2646 1622 2675 idibus
1636 2646 1831 2681 decembris,
1849 2654 1934 2675 anno
1947 2644 2095 2674 secundo.
2117 2655 2131 2670 η

1240 2788 1361 2817 2000

1205 2851 1337 2877 Facultas
1368 2852 1567 2877 reconciliandi
1599 2860 1648 2886 pei·
1676 2852 1746 2877 alios
1776 2851 1914 2878 ecclesias
1940 2855 1968 2878 et
1992 2852 2173 2880 coemeteria.

1171 2900 1252 2933 (Rae.
1270 2901 1313 2933 44,
1331 2908 1357 2926 C.
1376 2900 1434 2931 766,
1454 2900 1472 2926 f.
1489 2900 1539 2927 282
1557 2908 1594 2933 ¹¹⁰3
1613 2900 1678 2927 [ΑΡ.
1696 2910 1730 2927 Du
1745 2900 1842 2932 THEiL,
1861 2900 1898 2935 II,
1917 2901 1990 2933 371.)

1467 2789 1830 2824 Sainte-Marie-Majeure,
1850 2789 1881 2816 13
1895 2790 2006 2824 janvier
2022 2789 2101 2816 1290.

1218 2987 1383 3017 Venerabili
1398 2990 1492 3025 fratri
1508 2989 1634 3026 Symoni
1649 3011 1656 3023 ‚
1674 2990 1893 3027 archiepiscopo
1909 2990 2105 3019 Bituricensi.

1213 3054 1224 3067 a
1252 3041 1459 3079 Exigentibus
1481 3046 1531 3071 tue
1549 3042 1765 3073 devotionis...
1789 3059 1829 3065 —
1852 3043 1923 3073 Dat.
1950 3044 2065 3079 Rome,
2089 3044 2174 3082 apud
