2342 3652
931 361 1158 400 DEUXIEME
1180 360 1337 399 ANNEE.
2116 372 2172 401 305

133 451 144 463 n
162 437 245 473 Quia
260 436 441 466 debitorum
456 444 590 466 onera...
607 451 645 456 -—
663 436 733 465 Dat.
755 436 870 475 Reate,
887 445 942 465 vu1
960 436 1031 465 idus
1046 444 1094 465 oc-

91 490 187 521 tobris
200 513 207 526 ,
225 497 310 518 anno
325 488 475 518 secundo.
496 500 509 514 »

129 543 168 572 In
184 551 212 571 e.
226 551 270 571 m.
288 563 308 570 ..
324 541 469 580 episcopo
486 539 781 578 Caesaraugustam
798 546 828 570 et
844 564 864 571 ..
883 542 1031 571 sacristae
1048 549 1104 570 ec-.

91 595 205 627 etesiae
228 595 474 624 Terraconensis
496 593 627 622 mandat
648 598 805 632 quatenus
831 594 933 623 eidem
950 595 1094 632 episcopo

91 648 216 681 eosdem
238 647 360 677 fructus
383 652 413 676 et
431 650 602 685 proventus
622 645 803 674 ministrari
821 646 947 676 saciant.
968 647 1039 675 Dat.
1062 650 1096 675 ut
1114 658 1118 662 *

91 710 195 741 supra.

605 751 698 784 Ricti,
718 752 749 777 15
765 752 928 785 septembre
945 751 1022 777 1289.

130 817 168 846 In
185 825 212 846 e.
233 824 276 844 m.
296 815 475 850 Bernardo,
495 814 639 853 episcopo
658 813 933 849 Barcliinouensi‚
953 813 1097 842 concedit

89 870 223 906 fructus,
238 869 378 898 redditus
395 872 426 897 et
440 872 611 907 proventus
626 868 720 906 primi
731 868 808 896 anni
819 868 964 896 omnium
975 867 1095 896 benefi-

92 924 211 954 ciorum
219 923 339 961 quaein
353 921 608 951 Bai-chinonensi
620 921 755 950 dioecesi
765 920 910 958 usquead
919 920 1095 949 triennium

91 976 264 1011 vacabunt,
282 975 321 1005 ad
340 974 531 1004 solutionem
549 974 728 1004 debitorum
745 973 894 1003 ecclesiae
910 977 1096 1003 converten-

92 1029 165 1064 dos,
187 1028 343 1058 concedit.
362 1028 433 1057 Dat.
456 1028 569 1065 Reate,
586 1037 649 1057 xvn
668 1027 822 1057 kalendas
841 1027 993 1062 octobris,
1011 1034 1096 1055 anno

91 1082 239 1113 secundo.

130 1135 169 1165 In
185 1144 212 1165 e.
230 1144 274 1165 m.
291 1134 451 1164 Dalmatio
468 1135 506 1164 de
526 1134 633 1169 Monte
649 1133 758 1170 Olivo,
777 1133 910 1169 decano,
933 1134 1096 1163 Bernardo

90 1188 129 1218 de
157 1188 285 1226 Rippis,
317 1187 466 1217 sacristae
499 1187 762 1223 TerraconensiS,
785 1192 815 1216 et
840 1187 1033 1225 Raymnndo
1057 1187 1095 1217 00

93 1242 230 1280 Nagera,
255 1241 455 1279 praecantori
475 1240 747 1270 Barchinonensis
762 1240 980 1275 ecclesiarum,
993 1246 1094 1270 ‘man-

91 1295 143 1325 dat
174 1298 210 1324 ut
233 1294 336 1324 eidem
360 1294 505 1332 episcopo
528 1293 705 1332 praedictos
723 1293 843 1322 fructus
873 1298 902 1322 et
924 1298 1095 1331 proventus

89 1347 269 1377 ministrari
289 1347 418 1377 saciant.
436 1347 508 1376 Dat.
528 1351 682 1384 utsupra.

163 1534 181 1562 Ι
189 1533 278 1562 606

127 1596 301 1623 Permutatio
331 1596 548 1630 possessionum
574 1596 648 1622 inter
677 1597 845 1631 episcopum
875 1596 1038 1624 Eduenscm
1069 1602 1097 1624 et

91 1645 325 1680 Flavigniacense
358 1646 564 1672 monasterium
593 1645 674 1679 (Rsso.
710 1646 756 1679 44,
782 1654 807 1671 c.
834 1647 901 1677 575,
926 1647 944 1672 f.
978 1647 1027 1673 ί243
1052 1655 1094 1680 v0;

91 1694 158 1722 Lar.
172 1703 208 1722 nu
222 1694 321 1729 Tacit,
338 1694 375 1728 ΙΙ,
394 1695 468 1727 ⁵292.)

671 1533 763 1565 Rieu,
782 1534 796 1560 8
814 1534 929 1560 octobre
946 1534 1023 1561 1289.

136 1812 304 1841 Venerabili
315 1810 411 1849 fratri
426 1833 446 1840 ..
462 1812 595 1848 episcopo
611 1813 819 1841 itlavtz‘sconenst
835 1817 860 1841 et
876 1814 981 1842 dilecto
997 1814 1060 1850 filio
1077 1836 1094 1842 ..

93 1866 190 1895 abbati
204 1866 381 1894 monasterii
392 1865 496 1893 Sancti
511 1865 637 1894 Martini
651 1867 805 1895 Ecluenst's.
819 1878 831 1891 <2
848 1866 993 1905 Exposita
1008 1869 1098 1897 nobis

92 1917 285 1948 venerabilis
312 1917 420 1946 fratris
446 1918 544 1947 nostri
569 1918 730 1956 Hugonis,
758 1919 916 1949 Eduensis
941 1922 1097 1960 episcopi,

91 1971 201 2010 petitio
216 1971 400 2001 continebat
416 1971 499 2009 quod
514 1972 700 2010 episcopalis
717 1973 807 2002 sedes
821 1973 976 2003 Eduensis
993 1979 1022 2004 et
1036 1984 1099 2005 mo-

93 2025 269 2055 nasterium
288 2024 566 2062 Flavigniacense,
583 2025 704 2055 ordinis
721 2026 753 2056 S.
774 2026 950 2063 Benedicti,
970 2028 1098 2058 Eduen-

94 2077 137 2108 sis
156 2077 308 2114 diocesis,
329 2077 502 2107 nonnullas
524 2079 740 2116 possessiones
759 2083 788 2108 et
806 2080 1047 2117 jurisdictiones
1066 2082 1099 2110 in

94 2129 353 2168 Flavigniacensi
369 2135 399 2160 et
414 2131 452 2160 de
468 2131 583 2160 Allisia
600 2131 703 2169 villis,
720 2133 861 2170 ejusdem
879 2133 1030 2170 diocesis,
1049 2134 1100 2162 in—

95 2183 191 2213 simul
221 2192 276 2213 sen
309 2183 492 2222 permixtim
516 2185 660 2213 obtinere
686 2191 878 2220 noscuntur,
903 2195 937 2215 ex
965 2196 1101 2224 quarum

94 2237 306 2276 permixtione
330 2246 385 2266 seu
410 2237 639 2267 communione
662 2238 760 2267 multe
781 2239 1017 2275 contentiones,
1035 2240 1102 2269 rixe

96 2293 125 2319 et
147 2289 284 2328 injurie,
304 2291 435 2320 verbera
459 2299 585 2329 quoque
607 2292 732 2329 gravia,
750 2292 905 2331 pluraque
928 2293 1102 2323 homicidia

95 2343 256 2373 retroactis
279 2344 475 2382 temporibus
491 2349 679 2374 evenerunt.
699 2346 892 2383 Hujusmodi
908 2355 1034 2384 quoque
1049 2355 1102 2375 oc-

96 2395 223 2426 casione
250 2396 410 2435 prefatum
439 2398 668 2427 monasterium
698 2408 753 2436 per
782 2399 956 2429 nonnullos
984 2399 1102 2428 amicos

95 2449 176 2480 hone
191 2450 346 2480 memorie
362 2444 506 2486 Gerardi,
519 2451 749 2489 predecessoris
763 2453 811 2481 sui
826 2453 962 2491 episcopi
975 2453 1102 2482 Eduen-

97 2503 154 2541 sis,
173 2508 330 2534 nocturno
347 2508 503 2543 tempore,
522 2505 657 2534 fractum
675 2505 777 2535 extitit
793 2506 947 2536 violenter
965 2511 995 2535 et
1011 2506 1102 2535 bonis

97 2556 238 2587 inventis
253 2557 337 2586 inibi
353 2557 535 2596 spoliatum,
552 2558 719 2588 monacbis
738 2563 768 2588 et
785 2560 929 2597 personis
945 2559 1101 2597 pluribus,

98 2612 173 2640 tunc
198 2612 349 2649 temporis
367 2611 400 2640 111
422 2611 476 2641 1110
495 2612 720 2649 manentibus,
741 2613 878 2650 graviter
905 2612 1099 2649 vulneratis,

98 2667 222 2702 propter
240 2664 323 2702 quod
342 2664 460 2694 nobilis
477 2665 526 2693 vir
546 2688 564 2694 ..
582 2665 642 2694 dux
663 2665 850 2702 Burgundie
870 2665 998 2695 domun]
1018 2665 1101 2703 epis-

98 2715 237 2754 copalem
248 2717 442 2754 Eduensem,
455 2726 517 2747 non
533 2718 603 2747 sine
615 2717 789 2747 multorum
803 2713 989 2756 sumptuum
1005 2727 1102 2756 quan-

98 2769 184 2799 titate
199 2774 423 2805 constructam,
443 2774 471 2800 et
486 2771 520 2800 in
537 2771 646 2800 eadem
664 2771 741 2800 villa
757 2771 795 2800 de
812 2771 1016 2809 Flavigniaco
1032 2780 1103 2800 con-

99 2821 279 2859 sistentem,
298 2823 372 2852 fecit
391 2824 526 2853 totaliter
548 2824 669 2853 destrui
691 2825 818 2863 aliaque
840 2826 978 2862 dampna
995 2824 1103 2861 gravia

98 2874 242 2917 irrogari.
263 2875 343 2905 Cum
366 2882 471 2906 autem
496 2877 651 2915 prefatum
677 2878 907 2906 monasterium
930 2878 1102 2915 prioratum

100 2926 138 2957 de
158 2927 310 2959 Cholchis
332 2929 449 2958 habere
474 2935 624 2959 noscatur
648 2931 679 2959 in
709 2931 827 2959 [Moesi
852 2931 1046 2968 supradicta,
1070 2930 1103 2958 in

101 2989 162 3019 quo
180 2986 241 3011 tres
261 2982 383 3011 tantu'm
405 2983 553 3012 monachi
572 2983 714 3012 resident
729 2992 800 3012 0001
827 2984 947 3021 priore,
966 2992 1001 3012 ac
1018 2983 1103 3012 idem

102 3033 282 3073 episcopus,
300 3035 339 3065 de
355 3035 405 3064 501
423 3035 570 3073 capituli,
589 3036 753 3073 dictusque
769 3037 882 3072 abbas,
901 3037 938 3065 de
959 3036 1008 3065 sui
1028 3045 1102 3065 con-

240 3100 312 3128 ΗΒΘ.
335 3100 458 3128 Niconis
480 3101 531 3128 iv.

1176 438 1289 464 ventus
1305 437 1527 473 consensibus,
1537 437 1705 466 intendant
1716 438 1748 466 in
1759 437 1817 466 hac
1829 442 1914 474 parte
1925 437 1983 466 hoc
1990 437 2082 466 modo
2092 438 2172 467 vide-

1176 486 1249 516 licet
1268 492 1460 525 permutare,
1480 493 1513 518 ut
1532 490 1687 528 quicquid
1701 490 1789 519 sedes
1803 489 1942 528 predicta
1959 490 1992 518 in
2011 490 2094 518 villis
2109 490 2170 520 eis—

1176 540 1247 568 dem
1270 546 1299 569 et
1322 541 1469 579 hospitali
1490 543 1528 571 de
1548 543 1711 581 Nayleyo,
1730 543 1845 581 prefate
1868 543 2018 579 diocesis,
2037 544 2172 580 obtinet,

1176 592 1318 623 dominio
1346 594 1450 633 feudi,
1474 595 1557 633 quod
1587 605 1620 624 111
1651 596 1726 625 villa
1754 595 2006 633 Flavigniacensi
2037 596 2175 634 predicta

1177 645 1266 675 sedes
1284 646 1393 675 eadem
1411 648 1553 677 noscitur
1566 649 1718 684 obtinere,
1732 658 1767 678 ac
1780 649 1970 684 visitatione,
1981 649 2174 678 correctione

1177 702 1208 726 et
1226 698 1296 727 aliis
1316 699 1443 736 juribus
1465 701 1696 738 episcopalibus
1720 701 1753 729 in
1774 701 1859 730 villis
1877 701 1948 730 aliis
1964 706 1994 731 et
2009 701 2084 731 locis
2100 702 2175 740 ipsis

1177 750 1340 780 dumtaxat
1355 753 1502 790 exceptis,
1520 754 1749 794 monasterium
1771 753 1883 782 habeat
1899 758 2123 790 memoratum,
2139 763 2174 783 ac

1178 803 1263 832 idem
1276 804 1443 842 prioratus,
1461 806 1573 834 amotis
1587 805 1722 834 totaliter
1737 806 1776 834 ab
1791 814 1826 835 eo
1844 807 1946 843 priore
1961 815 1997 835 ac
2012 807 2176 836 monachis

1178 856 1351 893 prelibatis,
1369 858 1407 886 ad
1422 866 1564 886 mensam
1582 859 1737 895 pertineat
1758 858 1981 895 supradictam,
1998 864 2030 887 ut
2046 868 2099 896 per
2118 860 2176 889 hoc

1178 908 1261 937 inter
1281 910 1462 948 episcopum
1481 915 1510 938 et
1525 910 1698 947 capitulum
1717 915 1747 939 et
1767 911 1910 940 abbatem
1932 916 1962 939 et
1985 916 2176 941 conventum

1178 962 1304 990 eosdem
1332 963 1472 1000 cujusvis
1506 963 1680 1000 questionis
1711 972 1764 992 seu
1800 964 2013 992 contentionis
2046 965 2178 993 materia

1178 1014 1293 1043 suturis
1321 1015 1513 1053 temporibus
1540 1015 1762 1051 subtrahatur,
1784 1024 1819 1043 ac
1845 1015 1928 1043 idem
1956 1015 2120 1053 episcopus
2145 1016 2177 1044 in

1179 1066 1318 1104 prioratu
1343 1067 1480 1105 predicto
1505 1067 1571 1096 loco
1594 1068 1708 1105 prioris
1726 1072 1756 1096 et
1773 1067 2001 1096 monachorum
2023 1067 2178 1104 predicto-

1178 1128 1251 1148 rum
1277 1119 1409 1149 clericos
1435 1120 1605 1149 instituere
1633 1120 1806 1154 seculares,
1830 1128 1864 1148 ac
1890 1120 1983 1148 etiam
2007 1119 2180 1156 prebendas

1178 1172 1313 1202 fundare
1329 1173 1496 1202 duodecim
1515 1173 1547 1201 in
1565 1173 1691 1208 eodem,
1709 1173 1872 1210 episcopus
1886 1172 1951 1210 ipse
1967 1172 2056 1201 uobis
2071 1172 2180 1201 bumi-

1178 1225 1251 1255 liter
1272 1226 1463 1264 supplicavit
1480 1231 1512 1255 ut
1528 1226 1587 1255 sibi
1603 1235 1677 1255 cum
1694 1226 1804 1255 eodem
1821 1226 1949 1261 abbate,
1972 1225 2180 1263 predictorum

1176 1278 1215 1308 ad
1232 1278 1291 1308 boc
1307 1279 1436 1317 capituli
1451 1284 1481 1308 et
1496 1284 1671 1308 conventus
1685 1278 1853 1307 accedente
1868 1287 2036 1313 consensu,
2054 1288 2179 1316 perniu-

1179 1331 1332 1361 tationem
1345 1332 1530 1370 hujusmodi
1544 1332 1646 1361 facere
1661 1331 1773 1366 valeat,
1788 1340 1821 1360 ac
1837 1332 2006 1360 monachos
2016 1341 2032 1359 a
2042 1332 2181 1368 prioratu

1177 1394 1324 1415 amovere
1357 1386 1494 1424 predicto
1528 1389 1558 1414 et
1591 1384 1749 1414 seculares
1781 1385 1949 1413 instituere
1983 1384 2113 1414 clericos
2146 1385 2181 1413 111

1178 1439 1306 1476 eodem,
1328 1439 1355 1468 si
1381 1439 1648 1477 permutationem
1674 1439 1775 1476 ipsam
1801 1438 1967 1476 provenire
1992 1438 2179 1475 contigerit,

1178 1492 1341 1523 licentiam
1369 1494 1430 1523 sibi
1457 1493 1629 1523 concedere
1654 1492 1874 1529 dignaremur.
1900 1491 2049 1521 Volentes
2076 1491 2182 1529 itaque

1178 1556 1233 1585 per
1249 1555 1302 1576 vos
1318 1546 1446 1585 plenam
1463 1546 1579 1575 habere
1593 1544 1819 1574 certitudinem
1835 1544 1869 1572 in
1889 1544 1944 1573 liac
1962 1549 2058 1582 parte,
2071 1553 2181 1581 geren-

1179 1605 1224 1629 tes
1245 1608 1369 1638 0001100
1387 1599 1425 1628 de
1444 1603 1546 1628 vestre
1566 1597 1768 1627 discretionis
1791 1597 1947 1626 industria
1968 1597 2119 1625 fiduciam
2148 1597 2180 1625 in

1180 1653 1319 1682 Domino
1353 1652 1517 1690 spetialeni
1531 1675 1538 1688 ,
1572 1651 1758 1681 discretioni
1792 1654 1893 1679 vestre
1928 1659 1982 1688 per
2016 1650 2183 1687 apostolica

1180 1706 1296 1744 scripta
1317 1705 1508 1735 mandamns
1526 1709 1701 1743 quatenus,
1718 1703 1757 1732 ad
1778 1702 1845 1732 loca
1870 1702 2008 1740 predicta
2033 1711 2183 1741 persona-

1180 1759 1251 1789 liter
1275 1759 1478 1795 accedentes,
1501 1763 1530 1787 et
1554 1757 1707 1787 habentes
1732 1766 1786 1794 pre
1811 1755 1912 1785 oculis
1937 1755 2039 1784 solum
2061 1755 2182 1790 Deum,

1181 1822 1275 1850 super
1291 1813 1353 1841 11115
1369 1816 1399 1841 et
1413 1821 1453 1841 an
1472 1811 1600 1849 utrique
1617 1814 1764 1840 noscatur
1782 1809 1912 1838 ecclesie
1927 1809 2009 1837 dicta
2025 1812 2185 1846 permuta-

1182 1866 1223 1895 tio
1247 1865 1394 1904 expedire
1415 1864 1584 1903 inquiratis
1600 1872 1655 1902 per
1672 1863 1756 1892 viros
1772 1862 1911 1901 ydoneos
1928 1861 2053 1899 plenius
2070 1862 2184 1889 verita-

1181 1924 1259 1954 tem,
1278 1923 1308 1948 et
1327 1918 1410 1957 quod
1432 1917 1624 1947 inveneritis
1647 1921 1676 1946 et
1702 1916 1864 1945 senseritis
1888 1923 1981 1952 super
2005 1913 2071 1943 illis
2095 1914 2184 1943 nobis

1181 1973 1274 2012 plene
1303 1972 1445 2001 seriatim
1477 1976 1506 2000 et
1532 1971 1679 2000 distincte
1709 1979 1764 2008 per
1786 1972 1905 1998 vestras
1927 1968 2045 1997 litteras
2070 1967 2184 1996 seriem

1183 2027 1382 2056 continentes
1410 2024 1605 2064 presentium
1633 2024 1799 2052 intimetis.
1822 2022 1890 2051 Dat.
1910 2022 2023 2054 Reate,
2043 2030 2096 2049 vui
2115 2020 2185 2048 idus

1183 2079 1336 2115 octobris,
1353 2087 1439 2108 anno
1455 2077 1604 2108 secundo.
1629 2089 1641 2103 »

1260 2292 1513 2321 1802-1608
1737 2290 1820 2319 Hieti,
1835 2288 1850 2314 S
1868 2287 2021 2313 novembre
2038 2286 2113 2312 lese.

1219 2377 1432 2403 Tabellionatns
1447 2375 1583 2400 officinm.
1602 2373 1683 2405 (1100.
1704 2373 1750 2401 44,
1766 2380 1790 2398 c.
1809 2371 1858 2397 576
1870 2392 1876 2403 ,
1894 2372 1912 2396 1¹.
1930 2370 1979 2395 244
2001 2376 2038 2399 r⁰3
2062 2368 2125 2393 Lm.
2151 2376 2184 2393 nn

1183 2426 1287 2457 Tum,
1305 2425 1346 2456 11,
1363 2425 1439 2456 294.)

1224 2554 1350 2591 Syrnont'
1367 2553 1444 2581 dicto
1461 2553 1494 2579 de
1511 2551 1654 2588 Commta,
1670 2551 1775 2579 clerico
1796 2550 1827 2576 ιῖη
1850 2548 2014 2575 firmioribus
2029 2546 2185 2574 ordinibus

1184 2609 1359 2643 constitum,
1382 2605 1593 2634 Amtccmensts
1618 2604 1754 2639 diocesis,
1781 2601 1999 2630 tabellionatus
2025 2598 2182 2632 officium,

1184 2661 1221 2690 ad
1248 2660 1331 2698 quod
1355 2668 1410 2697 per
1432 2657 1600 2695 magistros
1620 2656 1835 2688 Mattliaeuni,
1860 2651 2185 2692 protonobilissinium

1184 2719 1345 2744 cantorem
1365 2712 1514 2741 ecclesiae
1533 2709 1755 2744 Carnotensis,
1771 2713 1800 2737 et
1816 2705 2016 2744 Raynerium
2034 2704 2072 2733 00
2088 2704 2185 2733 Casu-

1185 2768 1236 2804 lis,
1254 2766 1443 2796 canonicum
1463 2764 1681 2798 Vulteranurn,
1700 2760 1879 2799 capellanos
1896 2767 2003 2797 papae,
2023 2758 2185 2787 examina-

1187 2826 1267 2851 tores
1292 2828 1385 2857 snper
1405 2818 1463 2847 1100
1490 2817 1668 2854 deputatos,
1687 2815 1821 2844 idoneus
1843 2812 2002 2850 judicatus
2026 2815 2088 2846 est,
2108 2818 2184 2839 con-

1185 2874 1279 2904 cedit.

1227 2940 1240 2953 «
1270 2926 1318 2956 Ne
1340 2928 1559 2955 contractuum
1585 2921 1775 2950 memoria...
1800 2935 1839 2941 ——
1863 2919 1932 2948 Dat.
1960 2917 2078 2952 Rome,
2103 2916 2186 2953 apud

1186 2982 1335 3011 Sanctam
1364 2977 1497 3007 Mariani
1526 2976 1698 3013 Majorem‚
1724 2983 1752 3002 Vl
1782 2973 1853 3002 1005
1880 2970 2076 3005 novembris,
2103 2976 2187 2997 auno

1186 3032 1334 3064 secundo.
1360 3044 1373 3057 »

2002 3089 2033 3115 39
