2342 3652
935 346 1157 384 PREMIERE
1179 342 1336 382 ANNE'E.
2143 355 2177 385 31

96 433 149 458 net
164 427 348 458 nullatenus
362 425 554 464 negligatur.
576 424 667 455 Nulli
683 432 793 462 ergo...
814 422 883 451 Dat.
901 421 1011 454 Reate,
1032 419 1095 448 idi-

96 483 153 512 bus
168 481 304 519 augusti,
321 488 406 509 anno
423 479 534 518 primo.
552 491 564 505 ι

135 535 173 564 In
192 543 220 564 e.
240 543 271 562 m
293 555 312 562 ..
331 533 363 562 S.
382 532 519 562 Dionisii
535 532 569 561 in
587 530 721 560 Francia
738 532 769 558 et
785 549 805 558 ..
825 527 857 557 S.
881 525 1034 556 Germani
1056 525 1094 555 de

96 588 198 618 Pratis
215 586 406 616 Parisiensis
418 585 684 615 monasteriorum
697 581 861 612 abbatibus
874 579 1004 609 mandat
1018 587 1092 617 qua-

97 645 188 671 tenus
208 639 382 679 praedictos
410 639 531 668 fructus
555 637 674 667 eisdem
697 634 818 665 clericis
842 632 1018 662 ministrari
1044 632 1092 661 fa-

96 694 193 724 ciant.

169 865 356 894 ¹8⁸2-flSS
701 859 793 892 Rieti,
814 859 843 886 13
859 860 927 885 aont
942 859 1019 886 1288.

131 926 283 961 privilegia
292 926 404 953 clericis
414 925 489 960 regis
498 924 670 950 Francorum
681 929 828 948 concessa.
839 921 921 955 (Rao.
935 921 977 953 44,
990 929 1015 947 c.
1031 921 1092 955 101,

95 976 114 1001 f.
130 976 163 1002 ‘24
181 982 225 1006 v⁰;
244 975 308 1002 Lar.
326 984 360 1002 uu
375 975 477 1007 Tuam,
493 973 516 1007 Ι,
533 973 582 1003 35;
598 971 714 1003 Po'r‘rn„
730 969 840 1002 22773.)

135 1078 236 1107 Eidem
251 1079 316 1114 regn?
332 1076 474 1114 indulget
488 1080 522 1105 ut
539 1077 672 1112 quatuor
687 1073 874 1103 clericorum
889 1073 969 1111 ejus,
987 1073 1043 1112 qui
1059 1082 1093 1103 se

95 1130 134 1160 ad
161 1130 339 1160 litterarum
367 1129 505 1159 studium
534 1127 588 1157 ubi
617 1126 799 1157 solemniter
827 1127 912 1164 viget
943 1126 1095 1156 duxerint

97 1183 342 1220 transferendos,
361 1183 490 1219 fructus,
508 1180 649 1210 redditus
667 1183 697 1210 et
722 1184 894 1218 proventus
917 1180 1092 1210 beneficio-

96 1246 168 1267 rum
183 1245 313 1266 snorum
326 1234 605 1266 ecclesiasticorum
626 1242 682 1271 per
705 1233 970 1272 quinquennium
992 1233 1093 1271 perci-

96 1298 169 1328 pere
185 1289 316 1328 possint.

138 1354 152 1368 «
169 1342 293 1378 Quanto
310 1341 435 1380 majoris
450 1339 661 1369 devotionis...
682 1356 719 1361 —
737 1340 810 1369 Dat.
831 1344 863 1369 ut
880 1348 985 1378 supra.
1004 1352 1016 1365 n

136 1396 174 1425 In
193 1404 218 1425 e.
240 1404 281 1424 m.
301 1417 319 1423 ..
337 1394 370 1424 S.
387 1393 519 1423 Dionisii
535 1394 570 1422 in
591 1393 725 1422 Francia
741 1398 771 1422 et
787 1415 809 1422 ..
833 1394 866 1422 S.
884 1392 1037 1422 Germani
1054 1393 1092 1423 de

98 1449 200 1478 Pratis
224 1447 409 1477 Parisiensis
431 1446 697 1476 monasteriorum
723 1446 887 1476 abbatibus
911 1446 1041 1475 mandat
1061 1451 1094 1475 ut

98 1501 268 1540 praedictos
284 1501 400 1530 fructus
418 1499 537 1529 eisdem
555 1499 678 1530 clericis
694 1500 876 1529 ministrari
892 1500 1020 1529 faciant.

169 1672 364 1702 issam).
701 1671 793 1703 Rieti,
812 1671 843 1698 13
858 1672 925 1698 aoat
941 1671 1017 1698 1288.

132 1734 279 1769 Privilegia
303 1735 413 1761 clericis
435 1734 556 1768 negotiis
580 1734 658 1768 regis
679 1733 855 1760 Francorum
878 1733 1091 1760 insistentibus.

97 1782 178 1816 (Rso.
196 1782 236 1814 44,
254 1791 280 1809 c.
298 1783 356 1814 102,
372 1783 391 1809 f.
408 1783 442 1809 25
457 1788 498 1813 1·⁰;
516 1782 583 1809 LAP.
600 1791 635 1809 nu
650 1782 756 1813 Tuam,
773 1782 801 1813 Ι,
819 1782 874 1815 35.)

135 1885 236 1914 Eidem
248 1887 312 1923 regyz'
326 1885 470 1923 indulget
481 1889 514 1915 ut.
527 1884 632 1915 clerici
644 1885 737 1914 etiam
753 1893 816 1914 non
836 1883 1009 1913 familiares
1024 1885 1092 1923 ejus

98 1946 174 1976 quos
191 1937 229 1967 ad
244 1947 459 1977 quaecumque
475 1938 539 1968 loca
559 1938 682 1967 miserit
699 1946 754 1976 pro
775 1938 841 1967 suis
864 1937 999 1975 negotiis
1019 1946 1092 1967 exe-

97 1990 240 2029 quendis,
251 1991 392 2030 quandiu
407 1992 488 2021 circa
505 1991 723 2020 executionem
735 1991 936 2028 negotiorum
949 1990 1092 2028 ipsorum

97 2045 252 2081 insistent,
269 2053 321 2083 pro
333 2045 541 2075 residentibus
556 2044 736 2074 habeantur
744 2053 783 2074 ‘ac
798 2044 931 2080 fructus,
950 2043 1093 2073 redditus

99 2102 130 2127 et
161 2102 326 2136 proventus
358 2098 583 2128 beneficiorum
619 2106 751 2127 suorum
784 2097 1070 2127 ecclesiasticorum
1085 2121 1091 2133 ‚

99 2151 222 2180 etiamsi
238 2155 419 2189 personatus
441 2156 494 2181 aut
510 2151 680 2189 dignitates
705 2151 842 2180 existant
859 2156 888 2180 et
906 2160 1015 2180 curam
1034 2151 1093 2179 ha-

98 2204 192 2234 beant
215 2203 408 2241 animarum,
439 2205 606 2234 cotidianis
629 2204 907 2242 distributionibus
929 2204 1095 2233 dumtaxat

98 2257 244 2295 exceptis,
265 2257 422 2296 percipere
436 2257 570 2288 valeant.

138 2322 151 2337 ιι
175 2310 277 2348 Εκίοτήῐ
294 2319 406 2349 magne
421 2311 631 2341 devotionis...
649 2328 688 2333 -
706 2312 778 2341 Dat.
798 2316 831 2342 ut
850 2320 957 2350 snpra.
979 2323 992 2338 »

138 2363 175 2392 Iu
197 2373 223 2393 e.
248 2372 291 2392 m.
311 2388 329 2393 ..
351 2363 382 2393 S.
404 2364 538 2394 Dionisii
559 2365 592 2394 in
611 2364 745 2394 Francia
760 2368 814 2394 et..
833 2364 864 2394 S.
885 2364 1039 2394 Germani
1057 2363 1095 2393 de

98 2416 200 2445 Pratis
217 2416 402 2446 Parisiensis
414 2418 675 2448 monasteriorum
690 2418 858 2448 abbatibus
870 2417 1003 2447 mandat
1016 2426 1094 2456 qua-

100 2474 148 2499 ten
156 2478 190 2498 us
201 2469 372 2507 praedictos
383 2470 501 2500 fructus
510 2471 629 2500 eisdem
642 2470 765 2501 clericis
775 2471 953 2501 ministrari
964 2471 1092 2501 faciant.

170 2641 249 2670 191
706 2643 795 2677 Rieu,
814 2643 844 2670 13
861 2645 929 2670 aont
946 2644 1023 2671 1288.

133 2703 338 2738 Indulgentiae.
352 2703 433 2737 (nm.
446 2704 528 2735 44.'c.
542 2705 600 2739 103,
616 2705 635 2732 f.
653 2705 686 2732 25
701 2713 745 2740 r⁰3
762 2706 828 2734 Lim.
841 2715 876 2733 nn
891 2705 988 2738 Tuam,
1002 2705 1026 2738 I,
1041 2706 1095 2739 37.)

137 2803 242 2834 Eidem
264 2807 338 2843 regii.
367 2805 605 2844 Indulgentiam
640 2808 781 2838 concedit
811 2813 940 2839 centum
972 2808 1096 2837 dierum

98 2858 245 2888 omnibus
269 2868 341 2888 vere
364 2859 599 2897 poenitentibus
620 2864 649 2889 et
674 2861 824 2891 confessis
849 2862 904 2901 qui
933 2861 1095 2901 praedica-

99 2910 255 2947 tionibus,
275 2921 352 2950 quas
374 2912 483 2941 eodem
509 2921 583 2950 rege
611 2918 773 2951 praesente
796 2915 909 2945 diebus
926 2914 1098 2945 dominicis

99 2967 129 2992 et
142 2963 262 2994 festivis
280 2964 509 3004 sollempnibus
527 2965 597 2995 fieri
613 2967 782 3005 contigerit
796 2968 1012 2998 interfuerint.

143 3030 153 3042 ι·
175 3016 420 3048 Considerantes
436 3018 552 3048 eximie
568 3018 818 3049 devotionis...—
831 3021 902 3051 Dat.
916 3024 951 3050 ut
967 3029 1072 3060 supra.
1083 3033 1094 3045 »

1253 419 1335 446 192

1213 479 1256 506 De
1272 481 1481 515 compositione
1500 481 1575 506 inter
1591 481 1796 506 monasterium
1819 479 2006 506 Rothonense
2022 485 2050 508 et
2069 481 2181 508 Johan-

1177 537 1242 554 nem
1265 529 1396 555 comitem
1420 529 1584 555 Britanniae
1604 529 1709 555 habita.
1729 528 1820 562 (Rae.
1839 529 1888 560 44,
1913 537 1938 555 c.
1962 530 2026 561 104,
2044 530 2063 556 f.
2081 531 2115 557 ‘25
2139 538 2179 561 r⁰;

1176 576 1243 603 LAP.
1260 587 1295 604 nu
1310 577 1416 611 Tuam,
1433 578 1454 609 1,
1473 577 1527 612 39.)

1812 417 1887 444 Rieti
1899 439 1905 449 ,
1922 418 1937 444 2
1949 419 2014 453 juin
2033 420 2109 447 1‘288.

1222 687 1441 716 Venerabz'libus
1456 687 1603 722 fratribus
1620 708 1642 715 ..
1661 687 1779 715 Dolensi
1804 693 1830 715 et
1857 709 1876 716 ..
1899 688 2090 716 Maeloviensi
2107 689 2183 726 epis-

1176 741 1256 776 copis
1281 748 1315 768 ac
1343 741 1446 769 dilecto
1479 740 1543 776 filio
1570 762 1590 768 ..
1620 739 1833 770 archidiacono
1869 738 2023 769 Venetensi
2051 741 2183 770 mandat

1175 796 1332 831 quatenus
1352 792 1390 821 de
1411 796 1542 822 tractatu
1560 793 1667 822 habito
1683 793 1767 822 inter
1782 797 1977 822 conventum
1993 795 2182 824 monasterii

1176 845 1393 875 Rothonensis
1413 846 1452 875 ad
1476 846 1654 879 Romanam
1675 845 1840 875 ecclesiam
1858 846 1947 876 nullo
1963 847 2068 877 medio
2084 848 2181 886 perti-

1176 900 1281 928 nentis
1299 902 1328 928 et
1340 898 1524 928 Johannem
1541 898 1644 927 filium
1661 899 1824 936 quondam
1839 900 2011 937 Johannis⁷
2029 901 2177 930 comitem

1177 952 1380 988 Britanniae,
1398 952 1564 989 inquirant
1580 955 1610 980 et
1627 951 1704 990 quid
1727 951 1764 981 de
1786 961 1821 981 eo
1844 953 2004 982 senserint
2019 962 2116 992 papae
2132 954 2181 983 in-

1177 1005 1302 1041 timent⁷
1321 1009 1354 1033 ut
1368 1005 1434 1043 ipse
1453 1004 1629 1034 deliberare
1646 1005 1751 1043 possit,
1768 1010 1876 1034 utrum
1889 1006 2035 1044 expediat
2053 1015 2181 1037 monas-

1176 1059 1254 1088 terio
1278 1057 1440 1087 licentiam
1466 1058 1634 1097 praedictis
1660 1058 1766 1087 abbati
1794 1063 1823 1088 et
1852 1059 2024 1088 conventui
2050 1060 2181 1090 concedi

1175 1112 1436 1150 compositionem
1459 1116 1488 1141 et
1510 1111 1711 1141 concordiam
1733 1111 1917 1150 hujusmodi
1936 1122 2007 1142 eum
2025 1114 2182 1152 praedicto

1175 1166 1288 1195 comite
1304 1165 1453 1195 faciendi.

1216 1219 1304 1248 Inter
1321 1241 1340 1247 ..
1359 1218 1504 1248 abbatem
1526 1222 1556 1247 et
1575 1222 1769 1247 conventum
1790 1219 1975 1249 monasterii
1994 1219 2181 1249 Rothonen-

1176 1273 1217 1302 sis
1241 1282 1277 1302 ex
1299 1276 1386 1311 parte
1413 1280 1475 1301 una
1500 1275 1530 1300 et
1552 1271 1713 1310 quondam
1731 1271 1916 1302 Johannem
1942 1274 2090 1303 comitem
2109 1274 2182 1303 Bri-

1176 1326 1303 1355 tanniae
1319 1334 1354 1354 ex
1371 1324 1485 1361 altera,
1503 1324 1579 1354 olim
1603 1333 1697 1363 super
1718 1325 1883 1363 temporali
1901 1326 2123 1364 jurisdictione
2144 1327 2182 1357 de

1177 1379 1308 1415 Botono,
1326 1378 1364 1407 de
1383 1378 1491 1416 Bayn,
1509 1378 1547 1407 de
1566 1377 1675 1416 Brayn
1694 1382 1723 1407 et
1737 1377 1775 1407 de
1792 1378 1922 1416 Langon
1940 1379 2181 1417 parrochiarum

1176 1436 1206 1462 et
1228 1431 1439 1470 quorumdam
1467 1431 1603 1460 aliorum
1627 1430 1768 1460 locorum
1787 1435 1816 1460 et
1841 1431 2010 1461 hominum
2030 1432 2180 1462 habitan-

1177 1486 1258 1528 tium
1280 1485 1315 1514 in
1338 1484 1514 1523 parrochiis
1542 1489 1572 1513 et
1596 1483 1672 1513 locis
1696 1484 1863 1522 praedictis
1888 1485 1927 1514 ad
1953 1486 2181 1515 monasterium

1176 1539 1282 1577 ipsum
1298 1537 1514 1577 spectantibus
1529 1546 1565 1566 ac
1585 1537 1656 1566 aliis
1672 1537 1806 1567 diversis
1823 1538 1964 1567 articulis
1982 1543 2049 1567 orta
2066 1547 2181 1577 quaes-

1177 1592 1261 1621 tione
1275 1617 1283 1629 ,
1301 1595 1369 1629 post
1394 1590 1534 1620 diversos
1557 1598 1721 1628 processus
1738 1590 1900 1620 Honorius
1917 1600 1994 1629 papa
2008 1591 2180 1629 archiepis-

1176 1653 1251 1684 copo
1280 1644 1461 1675 Turonensi
1484 1643 1692 1673 mandaverat
1715 1648 1873 1682 quatenus
1898 1644 2016 1673 eisdem
2040 1645 2181 1682 partibus

1176 1697 1377 1728 concordiam
1402 1697 1550 1735 praebere
1568 1696 1724 1733 studeret,
1744 1697 1815 1734 sed,
1834 1697 1927 1726 dictis
1947 1697 2181 1736 archiepiscopo

1177 1756 1207 1781 et
1221 1752 1335 1781 comite
1351 1752 1472 1780 interea
1487 1751 1621 1780 mortuis
1636 1774 1642 1786 ,
1662 1750 1769 1780 nullus
1787 1751 1825 1780 ab
1847 1751 1892 1779 eis
1912 1751 2037 1780 habitus
2053 1755 2100 1780 est
2114 1760 2182 1789 pro-

1176 1813 1294 1834 cessus.
1313 1805 1431 1834 Verum
1451 1826 1468 1833 ..
1489 1804 1690 1834 Redonensis
1709 1808 1739 1833 et
1758 1827 1776 1833 ..
1802 1804 1983 1834 Briocensis
1999 1804 2135 1843 episcopi
2153 1808 2183 1833 et

1175 1858 1306 1897 qnidam
1324 1857 1382 1892 ,alii
1399 1858 1475 1887 boni
1492 1857 1551 1886 viri
1566 1881 1572 1894 ,
1590 1857 1675 1887 inter
1699 1857 1843 1887 abbatem
1864 1862 1893 1887 et
1915 1861 2107 1887 conventum
2130 1867 2181 1887 su-

1176 1911 1331 1950 pradictos
1344 1934 1352 1947 ,
1370 1920 1405 1940 ex
1427 1920 1490 1940 una
1506 1915 1613 1949 parte,
1632 1916 1662 1940 et
1685 1911 1869 1940 Johannem
1885 1911 2033 1940 comitem
2056 1911 2181 1940 Britan-

1176 1965 1267 1999 niae,
1291 1964 1541 2003 primogenitum
1566 1964 1740 2002 supradicti
1766 1965 1927 2002 quondam
1951 1964 2124 1998 Johannis,
2146 1974 2181 1994 ex

1176 2018 1293 2055 altera,
1313 2018 1550 2056 compositionis
1575 2018 1757 2047 habuerunt
1775 2022 1942 2047 tractatum
1961 2027 2054 2056 super
2070 2017 2183 2056 liujus-

1177 2072 1262 2102 modi
1280 2072 1483 2110 quaestione,
1503 2080 1585 2109 quae
1598 2071 1665 2109 jam
1682 2080 1737 2110 per
1755 2072 1908 2109 tringinta
1927 2080 2028 2101 annos
2049 2071 2182 2100 durave-

1176 2130 1224 2155 rat
1240 2126 1319 2154 etin
1340 2134 1403 2163 qua
1425 2125 1511 2154 idem
1528 2125 1759 2154 monasterium
1777 2129 1839 2154 tam
1863 2124 2020 2163 praedicta
2034 2124 2182 2162 jurisdic-

1177 2179 1261 2208 tione
1287 2186 1383 2216 quam
1411 2182 1492 2207 terra
1517 2178 1551 2206 in
1575 2187 1637 2216 qua
1664 2178 1774 2208 eadem
1801 2178 1978 2217 jurisdictio
2001 2178 2144 2208 consistit
2165 2187 2183 2207 a

1176 2233 1291 2262 comite
1307 2232 1476 2270 spoliatum
1492 2231 1562 2261 suit.

1221 2298 1233 2312 «ι
1250 2286 1294 2315 Ex
1311 2289 1398 2324 parte
1413 2285 1556 2315 dilecti...
1572 2302 1609 2306 —
1627 2285 1697 2314 Dat.
1714 2285 1823 2322 Reate,
1838 2295 1886 2314 1111
1901 2285 1972 2314 idus
1984 2285 2080 2323 junii,
2098 2293 2183 2314 anno

1179 2347 1291 2378 prlmO.
1315 2350 1327 2366 n

1252 2524 1336 2552 193
1769 2523 1861 2556 Rieti,
1877 2522 1910 2549 ‘25
1922 2523 2017 2557 juillet
2033 2522 2110 2549 1288.

1213 2586 1256 2613 De
1279 2586 1451 2621 quibusdam
1473 2586 1707 2621 possessionibus
1729 2586 1896 2611 monasterii
1919 2584 1948 2611 S.
1971 2585 2098 2611 Pastoris
2114 2585 2183 2611 alie*

1179 2636 1289 2663 nandis.
1308 2636 1390 2669 (Rae.
1410 2636 1452 2668 44,
1471 2644 1496 2661 o.
1516 2636 1575 2668 105,
1592 2635 1611 2661 f.
1628 2635 1662 2661 ‘25
1678 2636 1729 2667 v0.)
1778 2660 1781 2661 γ

1224 2752 1390 2781 Venerabili
1405 2752 1500 2787 fratri
1520 2773 1540 2780 ..
1563 2752 1695 2788 episcopo
1714 2750 1864 2779 Lesineizsi
1881 2749 2010 2779 mandat
2025 2754 2183 2788 quatenus

1178 2805 1321 2843 inquirat
1335 2803 1373 2833 de
1389 2803 1540 2842 petitione
1556 2812 1618 2841 qua
1636 2807 1811 2832 conventus
1828 2803 2012 2832 monasterii
2029 2802 2060 2832 S.
2079 2803 2184 2833 Pasto-

1179 2858 1241 2894 ris,
1261 2857 1479 2887 Cisterciensis
1503 2857 1640 2892 ordinis,
1659 2856 1812 2886 Reatinae
1830 2855 1999 2892 dioecesis,
2021 2856 2183 2886 licentiam

1179 2911 1276 2950 poscit
1299 2909 1458 2939 vendendi
1482 2909 1531 2938 vel
1557 2909 1702 2939 mutandi
1724 2909 1896 2948 quamdam
1919 2910 2087 2947 grangiam
2110 2918 2183 2939 cum

1181 2964 1289 2999 terris,
1315 2962 1566 3002 possessionibus
1590 2966 1620 2992 et
1643 2961 1809 2992 nonnullis
1832 2961 1903 2992 aliis
1929 2962 2020 2992 bonis
2045 2971 2125 3001 quae
2150 2951 2183 2991 in

1180 3017 1318 3056 Apuliae
1336 3016 1477 3055 partibus
1494 3019 1588 3046 tenet.
