2342 3652
128 69 133 72 ,

32 423 47 440 ι
65 409 162 451 patris
177 417 228 438 sui
242 405 375 446 portarii
390 405 484 444 positi
506 404 625 434 fuerint
644 404 679 432 in
704 403 854 441 predictis
878 403 955 432 locis
977 411 1032 440 per

33 476 47 492 ι
65 463 165 503 ipsos,
181 462 250 500 ipse
268 465 374 490 tamen
394 468 461 495 rex,
479 458 519 487 ad
534 457 722 487 instantiam
736 455 942 495 prelatorum,
959 463 1032 485 con-

31 529 47 546 ι
69 515 161 547 cessit
176 515 221 544 eis
238 517 273 543 ut
289 513 327 542 de
345 515 449 542 cetero
469 515 577 541 contra
603 509 799 540 voluntatem
820 518 909 539 suam
928 512 1031 546 porta-

31 581 47 598 ι
68 568 132 598 rios
146 566 264 596 hahere
284 574 348 595 non
366 563 614 603 compellantur,
638 571 696 592 nec
721 562 767 591 eis
787 561 976 600 provideant
996 560 1031 589 in

32 634 47 651 »
69 620 182 652 salario
197 619 248 648 vel
261 618 421 656 expensis,
439 618 502 647 nisi
518 616 644 655 quando
671 616 716 644 eis
740 614 894 652 placuerit
915 613 1032 642 habere

31 685 48 704 ι)
69 673 224 714 portarios
239 672 279 701 ad
300 671 495 701 voluntatem
521 678 622 705 suam,
640 668 666 697 si
682 668 743 697 sibi
760 671 790 696 et
805 666 948 696 ecclesiis
966 666 1031 694 suis

33 721 46 756 ἐ
69 726 210 758 viderint
227 725 270 763 (1)
286 724 433 763 expedire
447 734 453 760 ς
473 728 502 752 et
520 726 595 752 tunc
607 721 754 760 portariis
767 728 846 758 quos
862 719 1032 748 habuerint

33 785 58 811 ι’
70 779 260 820 provideant
276 778 313 807 de
329 777 445 807 salario
461 775 666 814 competenti,
687 778 718 803 et
737 774 838 811 major
856 772 1029 810 portarius,

33 832 48 864 ι’
69 833 197 874 quando
228 831 358 870 prelatis
387 835 418 860 et
452 828 596 868 personis
632 826 851 856 ecclesiasticis
887 825 1031 855 concedit

33 888 49 916 ι’
69 886 212 917 minores
227 884 381 923 portarios
396 907 403 919 ,
427 881 580 912 salarium
603 880 735 918 recipiat
761 879 976 915 moderatum,
1003 883 1033 907 et

34 938 260 980 §promittunt
289 937 349 975 ipsi
370 939 587 975 procuratores
609 933 747 963 eundem
777 942 883 970 regem
914 932 1032 961 dictam

33 982 49 1023 ί
69 990 306 1023 concessionem
325 992 474 1027 perpetuo
491 991 704 1017 servaturum.

35 1031 50 1052 ι’
72 1057 87 1074 ι
109 1044 286 1074 Vicesimus
301 1046 408 1071 sextus
418 1039 572 1070 articulus
589 1044 635 1069 est
651 1049 657 1068 :
676 1039 757 1068 Item
774 1039 800 1068 si
813 1038 918 1077 aliqua
933 1038 1031 1068 eccle-

30 1099 51 1127 ι·
68 1098 114 1128 sia
128 1095 348 1127 rationabilem
368 1095 407 1124 de
423 1093 584 1132 aliquibus
600 1092 853 1131 possessionibus
868 1096 1032 1130 permuta-

17 1139 48 1180 ἰο-
70 1151 186 1182 tionem
201 1148 361 1178 diocesani
377 1147 429 1177 sni
445 1147 518 1176 facit
532 1146 717 1176 auctoritate
729 1154 801 1175 cum
813 1145 889 1181 alia,
899 1144 949 1174 vel
964 1145 1032 1183 ipse

30 1206 49 1233 i
68 1203 252 1234 diocesanus
268 1210 340 1231 cum
357 1201 430 1236 alio,
449 1200 551 1230 dictus
564 1208 630 1236 rex,
648 1203 682 1228 ut
693 1198 899 1229 ecclesiarum
913 1198 1031 1228 solum-

32 1266 47 1287 ι’
60 1256 160 1288 'modo
175 1256 348 1295 profectum
366 1254 530 1292 impediat,
551 1253 736 1291 frequenter
758 1251 957 1281 obstaculum
980 1252 1030 1280 in-

31 1319 48 1345 2
63 1309 214 1349 ‘terponih
232 1307 440 1346 Respondent
464 1310 680 1344 procuratores
705 1305 818 1343 prefati
839 1305 922 1343 quod
944 1304 1030 1334 idem

31 1359 48 1391 ι’
67 1369 120 1391 rex
136 1363 281 1391 contenta
296 1359 331 1388 in
349 1358 479 1388 articulo
494 1366 663 1396 nunquam
686 1357 772 1393 fe'cit,
795 1362 824 1386 et
844 1357 1032 1395 promittunt

32 1425 48 1444 n
68 1413 151 1454 quod
165 1421 228 1443 non
243 1412 337 1441 faciet
352 1411 386 1440 in
404 1411 560 1441 futurum.

70 1478 84 1492 υ
107 1465 288 1496 Vicesimus
314 1464 467 1503 septimus
491 1463 645 1493 articulus
663 1468 708 1493 est
726 1472 732 1492 :
752 1463 830 1492 Item
850 1463 933 1501 quod
956 1472 1030 1501 pre-

31 1531 46 1549 n
66 1518 255 1558 ficitjudeos
271 1517 506 1552 indifferenter,
523 1521 636 1546 contra
653 1515 814 1554 generalis
829 1520 943 1545 statuta
959 1524 1032 1545 con-

30 1584 48 1602 t
68 1571 137 1603 citii
151 1572 315 1610 legemque
337 1574 514 1610 paternam,
532 1571 567 1599 in
589 1569 704 1599 officiis
729 1569 924 1606 christianis,
952 1578 1030 1607 quos

35 1630 48 1653 ι’
69 1625 109 1656 ad
122 1624 328 1655 deferendum
345 1624 486 1662 signum,
500 1632 562 1662 quo
573 1632 591 1652 a
607 1623 791 1652 christianis
809 1622 960 1661 qualitate
973 1622 1030 1651 ha-

34 1688 50 1708 n‘
69 1678 154 1710 bitus
169 1678 419 1716 distinguantur,
437 1676 628 1716 compellere
645 1671 783 1713 deberet,
807 1680 899 1715 prout
919 1677 951 1705 in
975 1685 1030 1713 ge-

35 1743 58 1762 2⁷
72 1732 174 1763 nerali
195 1731 330 1762 concilio
349 1735 396 1761 est
419 1734 591 1767 statutum,
614 1734 741 1769 propter
757 1729 841 1768 quod
860 1729 1031 1768 dampnate

32 1797 48 1814 n
68 1785 269 1816 comixtionis
284 1793 430 1814 excessus
446 1784 505 1814 sub
520 1784 637 1813 erroris
650 1788 750 1822 potest
765 1782 945 1813 velamento
964 1791 1031 1820 pre-

34 1839 171 1876 ·‘sumi3
193 1847 252 1868 nec
278 1838 362 1876 ipsos
381 1837 494 1876 J'udeos
517 1837 557 1866 ad
584 1836 705 1866 debitas
740 1836 879 1866 decimas
910 1834 1032 1873 persol-

34 1903 50 1920 ι
67 1891 185 1922 vendas
207 1891 355 1930 compelli
372 1891 534 1930 permittit.
551 1889 944 1929 Respondentsupradicti
959 1897 1031 1927 pro-

34 1951 50 1974 ω’
70 1950 227 1976 curatores
238 1945 322 1984 qnod
338 1944 424 1974 idem
444 1953 511 1981 rex,
525 1948 682 1983 quantum
696 1947 742 1973 est
759 1943 798 1972 ad
811 1943 934 1982 judeos,
948 1942 1031 1981 qnod

34 2009 53 2026 ι
72 2006 134 2029 non
150 1998 351 2038 preferantur
369 1997 553 2027 christianis
568 1998 600 2026 in
618 1997 731 2027 officiis
746 1995 901 2036 publicis,
922 2004 1029 2025 serva-

34 2063 50 2080 ι
68 2050 115 2082 bit
133 2052 216 2091 quod
234 2061 329 2091 super
343 2052 405 2082 hoc
423 2056 576 2081 statutum
595 2055 641 2080 est
654 2051 689 2080 in
713 2050 850 2080 concilio
871 2049 1030 2087 generali3

33 2109 51 2133 ι’
69 2109 224 2144 quantum
235 2110 281 2135 est
293 2105 332 2135 de
345 2105 456 2143 signis,
478 2104 561 2143 quod
580 2104 880 2142 distinguetjudeos
898 2112 915 2132 a
930 2103 1031 2132 chris-

35 2169 50 2186 »
61 2157 166 2188 'tianis
175 2167 231 2196 per
241 2157 371 2196 aliquod
382 2159 529 2196 signum3
545 2161 700 2196 quantum
717 2161 763 2186 est
777 2156 815 2185 de
833 2156 966 2185 decimis
978 2156 1031 2193 ju-

34 2213 52 2238 ‚5
70 2210 212 2248 deorum,
231 2212 422 2250 respondent
437 2211 519 2250 quod
535 2211 603 2250 ipse
618 2210 779 2249 permittet
793 2218 845 2239 eos
863 2208 1030 2247 compelli3

35 2267 103 2306 »pet
115 2264 304 2303 promittunt
325 2266 431 2303 ipsum
449 2273 556 2302 regem
579 2264 621 2293 ita
646 2269 796 2302 perpetuo
819 2266 1030 2292 servaturum.

51 2323 60 2329 '
75 2327 90 2344 υ
112 2316 293 2348 Vicesimus
309 2322 439 2347 octavus
457 2317 610 2347 articulus
628 2321 675 2346 est
692 2325 699 2346 :
716 2317 796 2346 Item
813 2316 841 2345 si
856 2324 917 2354 que
935 2315 1033 2345 eccle-

37 2381 52 2398 »
73 2370 119 2401 sie
133 2370 328 2401 cathedrales
344 2376 466 2407 vacent,
484 2371 569 2400 idem
585 2380 651 2407 rex,
671 2372 825 2409 majorem
843 2369 905 2399 sibi
927 2373 1033 2399 ancto-

35 2433 53 2452 ιο
70 2424 197 2454 ritatem
211 2424 379 2455 vendicare
395 2425 565 2454 intendens
583 2424 619 2453 iu
637 2424 693 2460 eis,
719 2432 772 2462 pro
787 2423 910 2453 clericis
939 2422 1033 2451 fami-

38 2472 206 2508 fiinibus
222 2478 290 2508 suis
305 2477 355 2508 vel
368 2477 439 2507 aliis
455 2478 563 2507 minus
579 2477 686 2515 dignis
700 2501 706 2512 ,
733 2477 771 2506 de
793 2476 910 2515 quibus
931 2480 1035 2514 sperat

39 2541 54 2557 ι
73 2531 156 2570 quod
172 2531 207 2561 in
230 2530 435 2561 ecclesiarum
452 2531 588 2569 negotiis
599 2555 606 2567 ,
624 2539 678 2560 seu
702 2529 966 2568 dispositionibus
982 2537 1034 2559 eo-

38 2593 53 2611 »
74 2583 231 2621 rumdem,
243 2585 313 2623 ejus
323 2584 504 2622 frequentes
519 2583 687 2613 arbitrium
700 2583 784 2621 ipsas
801 2582 948 2612 ecclesias
962 2590 1034 2611 con-

38 2644 54 2664 »
74 2639 121 2666 tra
139 2646 212 2667 eum
227 2637 262 2667 in
278 2637 344 2666 suis
359 2637 484 2676 Juribus
500 2641 531 2667 et
550 2636 750 2666 libertatibus
765 2644 829 2665 non
846 2635 1034 2671 defendent,

39 2698 54 2717 1
73 2689 218 2729 capitulis
235 2690 442 2720 ecclesiarum
462 2689 647 2729 hujusmodi
673 2688 897 2719 universaliter
915 2692 945 2718 et
969 2688 1035 2717 siu-

26 2754 54 2774 ,n
75 2743 224 2782 gulariter
239 2743 378 2782 singulis
393 2743 513 2773 litteras
529 2753 602 2773 snas
616 2743 725 2779 mittit,
742 2743 886 2781 precibus
902 2742 1036 2780 exigens

39 2806 60 2844 n.
76 2799 107 2826 et
119 2797 217 2826 minis
229 2797 380 2835 gravibus
395 2800 425 2826 et
441 2796 614 2826 terroribus
628 2796 755 2835 injectis
773 2800 807 2826 ut
824 2795 952 2825 nullum
970 2803 1038 2825 om-

39 2857 56 2879 )
76 2849 152 2880 nino
170 2850 205 2880 in
229 2850 411 2889 episcopum
428 2849 558 2887 eligant,
579 2849 643 2878 nisi
665 2857 759 2887 quem
776 2849 843 2887 ipse
862 2849 897 2878 in
920 2848 1035 2886 huius-

40 2913 55 2929 »
76 2902 161 2933 modi
186 2903 301 2933 litteris
325 2902 480 2939 nominat,
500 2901 549 2931 vel
569 2910 624 2940 per
646 2910 720 2931 suos
739 2901 813 2931 tacit
831 2902 962 2931 nuntios
982 2910 1038 2931 no-

70 3011 104 3044 (1)
119 3015 168 3038 Ms.
185 3020 190 3037 :
205 3013 313 3037 viderit,

869 326 1097 368 nnnxmun
1117 325 1275 365 ANNnE.
2061 332 2116 362 155

1115 413 1128 428 n
1153 401 1282 430 minari.
1305 401 1373 431 Hoc
1393 402 1479 431 idem
1502 401 1537 430 in
1557 400 1628 430 aliis
1652 398 1794 430 ecclesiis
1817 397 1997 427 minoribus
2019 397 2113 434 facit,

1115 466 1128 480 n
1153 455 1270 493 quibus
1295 459 1340 484 est
1362 463 1417 493 per
1438 454 1624 484 electionem
1649 453 1688 482 de
1712 451 1842 491 prelatis
1866 450 1915 480 vel
1941 451 2116 480 rectoribus

1116 519 1128 531 ι»
1153 507 1397 545 providendum.
1427 506 1632 545 Respondent
1658 508 1874 544 procuratores
1896 503 2011 542 prefati
2031 503 2115 541 quod

1115 571 1130 586 »
1154 559 1237 588 idem
1264 569 1330 596 rex,
1355 561 1380 590 si
1401 569 1509 599 preces
1530 559 1702 598 aliquando
1724 557 1860 597 porrexit
1879 566 1934 596 pro
1956 556 2116 594 aliquibus

1115 623 1130 639 ›>
1154 612 1310 650 eligendis
1323 613 1359 642 in
1371 613 1512 642 ecclesiis
1524 611 1759 642 cathedralibus
1771 614 1825 640 aut
1840 609 1922 646 aliis,
1938 618 1994 648 pro
2009 608 2117 646 dignis

1115 676 1130 691 »
1154 665 1343 703 interposuit
1371 675 1479 704 preces
1505 673 1595 700 suas,
1624 664 1722 693 nullis
1746 672 1840 701 super
1864 663 1924 692 hoc
1949 662 2047 691 minis
2069 661 2117 691 vel

1115 730 1129 743 »
1155 718 1326 748 terroribus
1351 718 1539 756 interjectis,
1560 722 1589 746 et
1604 716 1688 755 quod
1705 725 1799 754 super
1814 715 1873 745 hoc
1890 724 1954 745 non
1975 714 2118 752 gravavit

1116 782 1129 796 n
1154 780 1212 799 nec
1232 771 1370 800 intendit
1391 780 1522 808 gravare
1548 769 1697 799 ecclesias
1719 769 1769 798 vel
1791 769 1978 803 canonicos,
1999 773 2027 797 et
2045 776 2117 806 pro-

1116 834 1130 849 »
1154 823 1287 852 mittunt
1311 832 1419 861 regem
1442 824 1486 852 ita
1510 828 1658 861 perpetuo
1681 826 1892 857 servaturum,
1914 830 1971 850 nec
1993 821 2028 849 in
2051 820 2118 850 suis

1117 888 1130 902 1>
1154 876 1301 914 precibus
1316 876 1533 915 adJ'ecturum‚
1553 875 1637 914 quod
1656 874 1765 904 nullus
1784 874 1866 903 alius
1890 874 2037 911 eligatur,
2056 874 2117 902 nisi

1114 940 1126 955 ι
1154 929 1180 958 is
1196 937 1252 967 pro
1270 937 1333 967 quo
1351 928 1504 958 direxerit
1518 936 1625 966 preces
1641 936 1723 957 suas.

1155 994 1170 1009 »
1196 982 1376 1012 Vicesimus
1402 991 1504 1012 nonus
1528 981 1682 1010 articulus
1701 985 1747 1009 est
1769 993 1775 1009 z
1802 980 1882 1009 Item
1907 980 1990 1017 quod
2006 980 2118 1009 nititur
2152 989 2163 999 ·

1116 1049 1130 1063 n
1154 1036 1192 1065 ad
1219 1036 1324 1065 forum
1346 1045 1440 1065 suum
1463 1034 1717 1064 testamentarias
1742 1038 1771 1063 et
1793 1033 1871 1062 alias
1893 1033 2118 1062 ecclesiasticas

1117 1101 1130 1115 n
1156 1097 1285 1119 evocare
1316 1097 1443 1124 causas,
1472 1088 1695 1117 defunctorum
1723 1086 1910 1116 clericorum
1937 1086 2118 1124 occupando

1117 1154 1130 1169 ⁷>
1154 1142 1268 1180 legata,
1297 1151 1332 1172 ac
1364 1147 1521 1172 rectorum
1552 1141 1758 1171 ecclesiarum
1784 1140 2006 1169 decedentium
2036 1140 2119 1169 bona

1117 1208 1130 1223 »
1155 1197 1296 1235 ipsarum
1328 1195 1537 1226 ecclesiarum
1568 1194 1688 1224 intuitu
1712 1193 1882 1235 acquisita.
1914 1193 2119 1231 Respondent

1117 1261 1130 1276 n
1155 1254 1373 1287 procuratores
1388 1248 1537 1287 sepedicti
1560 1251 1589 1277 et
1610 1248 1801 1286 promittunt
1822 1246 1905 1285 qnod
1925 1256 1979 1275 rex
2004 1246 2039 1275 in
2061 1247 2120 1275 isto

1117 1313 1130 1328 υ
1155 1302 1289 1332 articulo
1302 1303 1354 1340 jus
1373 1310 1543 1331 commune
1560 1301 1706 1330 servabit.

1158 1369 1170 1383 n
1196 1356 1354 1394 Deinceps
1371 1358 1523 1384 secuntur
1539 1354 1676 1387 articuli,
1699 1354 1779 1383 sicut
1796 1354 1923 1382 formati
1940 1354 2068 1382 fuerunt
2085 1353 2119 1382 in

1115 1423 1127 1438 n
1155 1410 1270 1439 litteris
1289 1409 1412 1439 domini
1437 1408 1581 1447 Gregorii
1600 1417 1676 1447 pape
1693 1408 1735 1443 X,
1757 1417 1851 1446 super
1872 1407 1934 1436 hiis
1950 1407 1988 1436 de
2004 1407 2120 1445 quibus

1117 1476 1130 1491 »
1155 1464 1231 1493 dicti
1247 1463 1369 1502 prelati,
1388 1472 1452 1492 una
1469 1471 1541 1491 cum
1560 1461 1726 1500 premissis
1742 1461 1887 1490 articulis
1909 1460 2046 1498 predicto
2062 1460 2119 1489 do-

1117 1529 1130 1543 n
1155 1517 1245 1546 mino
1261 1516 1420 1546 Clementi
1439 1515 1573 1550 oblatis,
1593 1515 1695 1544 eidem
1717 1514 1847 1543 domino
1868 1523 1946 1552 pape¹
1970 1513 2121 1551 Gregorio

1116 1584 1129 1597 η
1155 1570 1320 1608 conquesti
1335 1569 1496 1599 dicuntur.

1156 1634 1170 1648 »
1194 1622 1388 1651 Tricesimus
1415 1620 1567 1650 articulus
1589 1624 1635 1649 est
1662 1628 1668 1649 :
1697 1619 1785 1648 Inter
1810 1618 1871 1647 alia
1902 1618 2032 1656 quidem
2059 1626 2121 1656 qne

1117 1687 1131 1702 n
1156 1675 1271 1705 nostris
1297 1679 1372 1704 sunt
1401 1673 1532 1703 auribus
1562 1673 1729 1707 intimata,
1754 1672 1907 1700 mirantes
1935 1670 2120 1700 audivimus

1117 1740 1130 1755 n
1155 1728 1240 1766 quod
1260 1732 1290 1757 tu
1303 1751 1312 1764 ,
1329 1727 1368 1757 ad
1389 1727 1471 1757 bona
1495 1726 1706 1756 ecclesiastica
1727 1725 1834 1754 oculos
1851 1724 2030 1762 cupiditatis
2053 1724 2119 1753 ini-

1115 1793 1130 1809 »
1156 1776 1248 1818 tiens,
1267 1780 1508 1816 Bracharensis,
1527 1779 1785 1814 Colimbriensis,
1803 1778 1946 1807 Visensis
1964 1782 1994 1807 et
2012 1777 2122 1807 Lame—

1116 1847 1130 1862 »
1155 1835 1259 1865 censis
1279 1834 1486 1864 ecclesiarum
1508 1833 1652 1862 redditus
1673 1837 1702 1861 et
1724 1836 1896 1870 proventus
1915 1831 2074 1869 occupasti
2093 1834 2121 1859 et

1117 1901 1130 1915 n
1156 1889 1278 1918 detines
1294 1891 1472 1925 occupatos,
1492 1886 1611 1916 civitati
1628 1884 1852 1920 Bracharensi,
1871 1893 1961 1922 cujus
1978 1883 2120 1922 proprie·

1118 1954 1132 1971 n
1158 1948 1202 1972 tas
1225 1946 1256 1971 et
1281 1941 1464 1970 dominium
1486 1939 1526 1969 ad
1546 1939 1720 1977 predictam
1745 1937 1996 1967 Bracharensem
2022 1936 2121 1966 eccle-

1118 2008 1130 2023 »
1155 1996 1237 2025 siam
1251 1994 1411 2033 pertinere
1425 1993 1542 2022 dicitnr
1557 1992 1651 2031 pleno
1665 1992 1749 2030 jure,
1767 1996 1924 2029 pretorem
1938 1990 2121 2019 auctoritate

1118 2062 1132 2077 »
1156 2049 1283 2088 propria
1307 2047 1481 2086 prefecisti.
1508 2045 1714 2085 Respondent
1743 2048 1959 2083 procuratores
1989 2043 2121 2081 predicti

1118 2115 1132 2130 ι>
1156 2102 1239 2141 quod
1259 2102 1344 2131 idem
1363 2110 1416 2130 rex
1434 2099 1535 2129 nichil
1558 2099 1674 2128 horum
1698 2097 1878 2135 occupavit,
1902 2096 1955 2126 sed
1973 2106 2034 2134 que
2053 2097 2121 2125 t'ue-

1118 2168 1131 2183 r>
1156 2161 1231 2186 runt
1242 2159 1391 2193 occupata
1407 2163 1462 2192 per
1480 2158 1601 2192 patrem
1618 2160 1713 2181 suum
1727 2151 1795 2189 ipse
1809 2150 1956 2185 restituit,
1972 2155 2001 2178 et
2017 2149 2044 2178 si
2060 2158 2122 2187 qua

1116 2222 1130 2237 αι
1152 2210 1236 2249 juste
1254 2207 1450 2238 restituenda
1465 2210 1646 2245 supersunt,
1667 2204 1857 2243 promittunt
1877 2202 1962 2241 quod
1982 2203 2048 2240 ipse
2068 2211 2122 2231 rex

1117 2275 1130 2289 n
1154 2262 1298 2292 restituet
1312 2261 1454 2298 integre;
1473 2263 1502 2289 et
1524 2259 1609 2289 idem
1631 2258 1745 2287 dicunt
1760 2257 1799 2286 de
1817 2256 1949 2286 ecclesia
1971 2254 2119 2285 Silvensi.

1114 2328 1127 2343 ιι
1156 2315 1275 2345 Dicunt
1292 2315 1388 2343 etiam
1406 2313 1466 2353 ipsi
1478 2316 1695 2351 procuratores
1712 2310 1794 2348 qnod
1811 2309 1913 2339 dictus
1931 2317 1984 2338 rex
2002 2307 2122 2337 civitati

1117 2380 1131 2395 υ
1156 2367 1370 2398 Bracharensi
1389 2370 1545 2405 pretorem
1561 2365 1716 2394 hactenus
1742 2371 1806 2392 non
1831 2362 1978 2400 prefecit,
1999 2366 2029 2390 et
2051 2368 2121 2398 pro-

1117 2434 1130 2448 n
1154 2422 1287 2451 mittunt
1301 2419 1387 2458 quod
1403 2427 1467 2449 non
1485 2418 1628 2457 preficiet
1642 2417 1675 2446 in
1693 2417 1850 2446 futurum.

1157 2486 1170 2502 »
1194 2474 1388 2504 Tricesimus
1411 2473 1534 2511 primus
1552 2471 1706 2501 articulus
1728 2475 1774 2499 est
1796 2479 1802 2498 :
1829 2469 2017 2506 Accepimus
2046 2475 2122 2496 sane

1090 2545 1093 2547 -
1119 2540 1132 2555 r>
1156 2527 1241 2567 quod
1255 2534 1298 2563 tu,
1315 2527 1350 2556 in
1371 2534 1469 2563 regno
1490 2529 1543 2554 tuo
1564 2523 1740 2563 predictam
1764 2526 1912 2559 satagens
1940 2520 2122 2549 subvertere

1118 2594 1132 2609 n
1155 2581 1352 2617 libertatem,
1378 2578 1578 2610 venerabiles
1608 2577 1722 2606 fratres
1748 2579 1871 2605 nostros
1902 2573 2065 2612 episcopos
2092 2576 2123 2601 et

1120 2649 1131 2661 »
1156 2634 1234 2664 alios
1250 2633 1455 2664 ecclesiarum
1476 2631 1622 2671 prelatos,
1649 2629 1779 2659 clericos
1800 2629 1830 2657 et
1850 2635 1999 2665 personas
2021 2624 2121 2655 eccle-

1117 2702 1129 2715 »
1157 2688 1309 2724 siasticas,
1326 2694 1451 2716 necnon
1467 2684 1603 2715 concilia
1616 2688 1646 2713 et
1659 2681 1905 2713 communitates
1923 2688 1958 2709 ac
1974 2679 2122 2709 homiues

1119 2754 1133 2769 »
1157 2741 1342 2777 civitatum,
1362 2743 1537 2769 castrorum
1553 2741 1583 2767 et
1598 2735 1749 2766 villarum
1765 2735 1908 2773 ipsarum
1929 2733 1962 2761 in
1982 2732 2122 2770 predicto

1119 2807 1133 2822 n
1157 2802 1255 2832 regno
1271 2792 1527 2827 consistentium,
1546 2790 1580 2819 in
1595 2797 1705 2819 eornm
1718 2786 1950 2826 prejudicium,
1969 2785 2122 2823 gravibus

1118 2860 1130 2875 ›
1156 2847 1285 2886 injuriis
1299 2846 1399 2876 afficis
1417 2849 1448 2874 et
1462 2842 1610 2881 dampnis
1632 2839 1891 2880 importabilibus
1913 2846 2070 2876 aggravas
2093 2842 2123 2867 et

1121 2912 1134 2927 n
1158 2899 1317 2936 molestas,
1335 2898 1518 2934 immemor,
1535 2894 1585 2925 vel
1599 2898 1814 2931 transgressor
1827 2891 1931 2930 potius
1944 2889 2122 2929 juramenti

1121 2965 1135 2981 n
1159 2953 1244 2992 quod
1268 2952 1308 2982 de
1329 2949 1545 2981 conservanda
1563 2948 1707 2978 libertate
1724 2945 1864 2985 predicta
1883 2948 1913 2973 et
1934 2942 2122 2982 provisioni-

1119 3018 1132 3033 »
1159 3005 1218 3035 bus
1245 3003 1442 3043 apostolicis,
1473 3010 1552 3041 quas
1581 2999 1716 3036 firmiter
1747 2998 1915 3029 observare
1945 2995 2063 3025 teneris
2086 2995 2120 3024 in
