2477 3637
334 385 388 416 172
1075 380 1311 412 REGISTRES
1333 381 1388 411 DE
1410 380 1594 411 NICOLAS
1617 380 1673 410 1v.

333 459 364 485 tu
383 463 419 484 ex
443 457 517 483 tunc
542 452 646 491 ipsum
678 448 885 489 peremptorie
907 448 1004 478 citare
1026 456 1174 486 procures
1193 452 1228 477 ut
1250 448 1333 478 infra

331 511 557 549 competentem
579 504 769 538 terminum,
788 502 826 531 ad
846 501 905 531 hoc
923 510 978 540 per
997 505 1025 531 te
1045 501 1264 540 prefigendum
1283 502 1332 531 ei-

332 564 416 599 dem,
435 559 641 601 personaliter
658 559 836 595 compareat
853 563 958 585 coram
972 554 1075 591 nobis,
1089 554 1229 585 facturus
1242 559 1272 584 et
1283 563 1332 585 re-

331 620 479 656 cepturus
503 622 597 652 super
618 611 675 641 hoc
705 609 788 649 qnod
813 608 939 647 justitia
962 607 1116 637 suadebit.
1143 608 1236 637 Diem
1259 616 1333 638 vero

332 668 491 701 citationis
514 671 544 696 et
566 666 717 700 formam,
734 669 764 693 et
782 662 936 702 quicquid
959 662 992 691 in
1012 661 1070 691 hac
1095 665 1182 700 parte
1205 660 1333 691 duxeris

330 722 529 756 faciendum,
548 719 638 749 nobis
654 727 708 757 per
727 722 794 747 tuas
812 716 931 746 litteras
954 715 1070 745 harum
1094 714 1209 743 seriem
1232 714 1333 744 conti-

330 781 441 807 nentes
468 774 593 804 studeas
631 772 767 802 fideliter
800 770 960 800 intimare.
988 769 1058 799 Dat.
1094 768 1212 800 Rome.
1250 767 1333 806 apud

329 831 478 862 Sanctam
502 827 637 858 Mariam
661 826 830 864 Majorem,
855 833 910 853 vin
932 823 1004 853 idus
1028 821 1154 859 martii,
1175 829 1261 851 anno
1284 830 1333 851 se-

329 884 443 915 cundo.
471 895 484 909 n

402 1019 592 1059 &Ga-288
665 1024 1022 1059 Sainto-Marie-Majonre,
1044 1024 1079 1049 1⁰¹·
1095 1022 1164 1049 avril
1184 1021 1261 1048 1289.

367 1087 410 1115 Ad
438 1086 646 1121 Eboracensem
669 1083 819 1110 ecclesiam
841 1081 1034 1108 reficiendam.
1057 1078 1139 1112 (Rea.
1163 1078 1213 1109 44,
1230 1085 1256 1104 c.
1280 1077 1330 1108 80,

330 1139 347 1164 f.
370 1137 417 1163 130
434 1138 479 1165 1¹⁰.)

375 1225 540 1255 Venerabili
558 1223 651 1259 [ratri
672 1221 818 1250 Johanni.
837 1219 1058 1255 archiepiscopo
1075 1216 1262 1249 Eboracensi,
1278 1214 1331 1243 in-

329 1279 436 1316 dulget
450 1281 482 1307 nt
493 1276 696 1314 dignitatum,
715 1272 967 1311 praebendarum
985 1274 1014 1299 et
1029 1268 1248 1302 ecclesiarum,
1267 1275 1331 1297 non

329 1334 559 1370 exemptarum,
585 1337 663 1367 quas
695 1327 728 1356 in
758 1326 884 1355 civitate
908 1332 944 1353 ac
975 1323 1110 1352 dioecesi
1140 1320 1333 1351 Eboracensi

329 1395 428 1423 usque
445 1383 482 1413 ad
501 1381 676 1411 trienninm
695 1388 804 1408 vacare
825 1385 990 1416 perunum
1010 1384 1131 1404 annum
1149 1374 1330 1411 contigerit,

327 1446 389 1478 quo
406 1437 545 1476 primum
570 1433 761 1468 vacaverint,
781 1434 953 1470 proventus
978 1428 1137 1467 percipere
1157 1426 1270 1462 valeat,
1293 1426 1332 1456 ad

328 1489 537 1530 reparandam
554 1488 783 1517 Eboracensem
795 1483 976 1520 ecelesiam,
990 1486 1146 1512 vetustate
1164 1489 1332 1520 consump-

328 1550 404 1582 tam,
426 1541 669 1577 convertendos,
683 1542 843 1570 reservata
867 1536 1026 1566 ministris
1045 1535 1078 1564 in
1102 1534 1218 1564 iisdem
1234 1534 1332 1564 hene-

327 1599 408 1629 ficiis
424 1595 676 1627 deservientibus
693 1600 833 1630 congrua
855 1590 1011 1630 portione.
1029 1589 1078 1619 Ne
1094 1589 1154 1618 hoc
1168 1587 1332 1617 indultum

327 1653 366 1683 ad
379 1650 535 1682 beneficia
548 1657 646 1688 papae
660 1646 711 1676 vel
724 1643 939 1676 cardinalium
952 1641 1125 1681 capellanis
1141 1650 1196 1671 sen
1208 1640 1333 1671 clericis

328 1704 542 1736 familiaribus
557 1701 670 1732 collata
685 1698 814 1730 extendi
833 1698 939 1736 possit.

370 1772 383 1788 α
410 1760 477 1789 Tne
508 1755 683 1787 devotionis
713 1752 916 1783 sinceritas..
944 1767 983 1772 —
1009 1749 1083 1779 Dat.
1110 1749 1223 1786 Rome,
1250 1748 1334 1787 apud

329 1815 479 1846 Sanctam
498 1809 634 1840 Mariam
660 1807 832 1846 Majorem,
849 1803 995 1834 kalendis
1018 1802 1147 1842 aprilis,
1171 1809 1258 1831 anno
1285 1810 1334 1832 se-

328 1867 460 1950 cuilrciloe.
491 1926 535 1947 m.
557 1938 578 1946 ..
607 1915 752 1954 episcopo
782 1910 986 1942 Karleolensi
1019 1908 1151 1939 mandat
1174 1912 1335 1947 quatenns

329 1973 432 2004 eidem
459 1969 603 2001 Johanni
630 1967 863 2008 praedictorum
887 1962 1120 1994 beneficiorum
1139 1963 1310 2001 proventus
1326 1984 1333 1998 ,

328 2037 402 2059 cum
419 2025 614 2060 vacaverint,
631 2021 808 2052 ministrari
824 2019 927 2049 faciat.

369 2092 384 2108 a
396 2077 582 2110 Devotionis
593 2074 760 2106 sinceritas
769 2070 1002 2103 venerabilis...
1011 2087 1050 2092 -—
1060 2070 1131 2099 Dat.
1149 2073 1185 2099 ut
1197 2077 1303 2107 supra.
1317 2079 1333 2095 »

401 2225 486 2254 '283
666 2216 1021 2251 Sainte-Marie-Majeure,
1043 2215 1081 2241 1²¹·
1096 2214 1166 2241 avril
1185 2213 1262 2241 1289.

365 2280 551 2315 privilegium
562 2277 779 2312 archiepiscopo
790 2273 966 2301 Eboracensi
980 2278 1163 2298 concessum.
1181 2270 1264 2304 (Rea.
1282 2270 1316 2297 44
1326 2291 1333 2304 ‚

329 2338 354 2358 c.
371 2330 415 2361 81,
433 2329 452 2355 f.
471 2327 521 2355 130
537 2327 584 2360 r0.)

376 2417 543 2448 Venerabili
565 2415 659 2452 fratri
675 2413 822 2448 Iohanni,
840 2411 1062 2448 archiepiscopo
1075 2409 1265 2445 Eboracensz',
1281 2408 1334 2437 in-

330 2471 440 2510 dulget
457 2475 490 2500 nt
507 2468 616 2499 nullus
633 2467 797 2505 delegatus
813 2464 862 2494 vel
884 2462 1108 2500 subdelegatus
1129 2461 1170 2491 ab
1190 2470 1242 2498 eo,
1261 2469 1334 2491 exe-

330 2530 420 2556 cutor
436 2533 490 2554 seu
513 2522 610 2553 etiam
634 2523 836 2551 conservator
855 2518 950 2557 possit
967 2517 1000 2546 in
1023 2525 1094 2546 enm
1113 2515 1333 2545 excommuni-

330 2578 463 2608 cationis
484 2575 533 2605 vel
557 2573 775 2613 suspensionis
799 2570 973 2601 sententias
997 2568 1200 2608 promulgare
1216 2568 1335 2607 absque

330 2630 457 2671 speciali
489 2629 638 2658 mandato
667 2626 752 2656 sedis
777 2623 979 2664 apostolicae.
1013 2621 1239 2652 Praesentibus
1267 2625 1336 2660 post

331 2685 505 2716 trienninm
526 2690 589 2712 non
605 2680 762 2711 valituris.

372 2750 386 2765 «
404 2735 584 2777 Apostolice
599 2734 683 2764 sedis
701 2731 921 2770 benignitas...
939 2747 977 2753 —
991 2730 1064 2761 Dat.
1084 2734 1118 2759 ut
1132 2738 1240 2768 supra.
1259 2741 1273 2756 a

404 2871 489 2898 *3¹20
676 2865 1027 2900 Sainte—Marie-MaJQure,
1047 2864 1084 2890 10¹·
1099 2863 1169 2890 avril
1187 2862 1263 2890 1289.

368 2924 407 2952 Ut
426 2926 453 2951 in
480 2923 652 2950 Eboraeensi
673 2923 794 2949 ecclesia
815 2922 942 2956 quinque
960 2928 1048 2947 novae
1066 2918 1243 2954 praebendae
1258 2919 1336 2946 ordi-

332 2977 446 3000 nentur.
463 2972 544 3005 (Rno.
563 2973 604 3004 44,
621 2980 647 2998 6.
663 2971 706 3004 82,
723 2971 741 2997 f.
762 2971 810 2998 130
825 2970 871 3003 1¹⁰.)

373 3062 474 3091 Eidem
499 3059 643 3090 concedit
660 3064 694 3088 nt
713 3059 858 3097 quinque
884 3056 1100 3097 praebendas,
1125 3065 1198 3086 cum
1221 3064 1273 3086 eas
1299 3056 1333 3086 in

1415 447 1547 477 ecclesia
1583 446 1772 476 Eboracensi
1809 455 1920 477 vacare
1956 447 2146 487 contigerit,
2183 447 2250 478 illis
2285 451 2414 484 omuino

1415 499 1550 529 exclusis
1580 508 1660 539 quae
1687 499 1771 538 apud
1796 499 1902 529 sedem
1928 500 2133 539 apostolicam
2159 502 2361 541 vacaverint,
2385 507 2416 536 οι

1415 563 1494 593 quae
1514 562 1567 592 per
1583 553 1717 583 eandem
1734 553 1840 583 sedem
1857 553 1977 584 fuerint
1993 553 2137 593 collatae,
2160 554 2313 593 dividere,
2329 565 2364 588 ac
2377 550 2419 605 ἃς

1415 607 1480 636 illis
1507 607 1550 636 sic
1578 606 1691 635 divisis
1724 606 1921 645 praebendas
1943 607 2023 637 alias
2049 607 2198 638 ordinare
2227 608 2348 647 valeat,
2372 604 2428 643 ita'

1416 664 1520 689 tamen
1538 659 1621 698 quod
1640 659 1760 689 fructus
1781 660 1980 698 praebendae
1997 661 2170 700 cujuslibet
2193 661 2240 692 sic
2257 661 2368 693 ordina
2384 686 2387 689 .
2404 670 2434 684 '-

1414 713 1453 743 ad
1469 713 1609 743 valorem
1627 721 1772 743 annuum
1793 714 2027 753 quinquaginta
2049 723 2229 746 marcarum
2247 702 2394 751 5166ϋυῖ
2411 742 2414 743 ⁷

1415 775 1487 796 rum
1499 775 1532 796 se
1543 766 1699 796 extendat.
1714 784 1751 788 —
1761 766 1843 796 Cum
1859 767 1891 797 in
1905 767 2015 798 eadem
2027 767 2159 798 ecclesia
2171 768 2303 806 triginta
2313 770 2366 800 eit
2388 783 2393 795 ·.

1415 820 1578 850 dumtaxat
1611 820 1676 850 sint
1708 821 1922 859 praebendae,
1962 830 2099 860 quarum
2138 821 2245 860 plures
2275 822 2397 862 perso?

1414 873 1561 904 oriundis
1577 873 1615 903 de
1632 874 1775 913 partibus
1789 874 1867 903 citra
1883 883 1971 904 mare
1986 874 2192 912 anglicanum
2212 873 2407 914 consistens

1415 928 1473 958 lius
1494 932 1570 957 sunt
1590 927 1741 964 collatae,
1763 928 1801 957 de
1831 928 1967 967 reliquis
1992 937 2066 958 vero
2086 928 2239 959 ecclesiae
2262 928 2408 975 predic

1414 982 1576 1012 canonicis
1589 982 1680 1020 pauci
1697 982 1858 1012 resideant
1873 982 1905 1011 in
1923 981 2046 1018 eadem,
2059 981 2194 1012 ecclesia
2209 985 2273 1012 tam
2289 981 2322 1012 in
2339 981 2384 1013 di
2401 984 2404 1008 ἶ
2443 982 2445 988 “

1414 1036 1464 1066 nis
1479 1036 1594 1066 officiis
1610 1044 1706 1074 quam
1724 1036 1835 1065 ceteris
1862 1035 1929 1066 suis
1948 1035 2076 1074 juribus
2096 1035 2269 1066 maximam
2293 1035 2372 1075 patit
2402 1056 2407 1060 -

1413 1088 1580 1120 lesionem.
2395 1083 2398 1085 ⁵

1459 1154 1471 1169 ‹
1489 1142 1637 1173 Exhibita
1653 1143 1744 1173 nobis
1763 1147 1852 1173 tua...
1870 1160 1908 1165 —
1932 1143 2002 1172 Dat.
2022 1147 2177 1182 utsupra.
2203 1154 2216 1170 n

1485 1315 1566 1344 ’2³21

1451 1378 1583 1406 Facultas
1597 1378 1761 1406 conferendi
1779 1378 1965 1414 praebendas.
1984 1378 2067 1412 (Rea.
2084 1379 2115 1406 44
2131 1401 2136 1411 ,
2152 1387 2179 1406 6.
2196 1367 2245 1413 83,
2262 1378 2283 1406 f.
2301 1377 2351 1407 130
2443 1371 2461 1424 '⁴¹

1756 1315 2110 1350 Sainte-Marie-MajeurQ
2129 1316 2169 1341 10¹·
2183 1315 2254 1343 avril
2270 1315 2348 1344 1289.
2392 1336 2406 1356 ,.
2442 1347 2443 1350 ¹

1455 1482 1555 1511 Eidem
1574 1481 1755 1511 facultatem
1770 1480 1914 1511 concedit
1929 1481 2116 1511 conferendi
2127 1480 2277 1512 ecclesias
2287 1484 2319 1511 et
2328 1489 2373 1520 pr
2389 1488 2405 1508 ι’.

1414 1535 1545 1572 bendas,
1562 1543 1671 1565 curam
1687 1535 1872 1564 animarum
1889 1535 2062 1572 habentes,
2078 1543 2159 1574 quae
2177 1534 2211 1565 in
2229 1534 2405 1566 Eboraceu
2455 1533 2457 1538 ’

1415 1588 1552 1619 dioecesi
1573 1592 1659 1618 tanto
1684 1592 1822 1627 tempore
1844 1593 2038 1618 vacaverunt
2061 1587 2147 1627 quod
2169 1596 2280 1618 earum
2296 1587 2366 1619 6011
2384 1589 2399 1613 -ἷ

1413 1642 1454 1673 ad
1465 1641 1573 1671 sedem
1583 1641 1801 1680 apostolicam,
1811 1642 1902 1680 juxta
1915 1641 2140 1671 Lateranensis
2152 1644 2269 1672 statuta
2278 1649 2336 1672 con
2358 1640 2365 1648 “
2377 1633 2397 1668 l‘x'

1415 1695 1563 1726 devoluta
1578 1699 1635 1725 est.
1653 1695 1702 1724 Ita
1722 1699 1827 1725 tamen
1846 1695 1930 1734 qnod
1946 1694 2084 1733 singulis
2099 1695 2243 1734 personis
2257 1695 2353 1726 unica
2372 1700 2399 1721 ιῖ

1416 1753 1467 1779 tur
1482 1748 1616 1779 ecclesia
1631 1748 1681 1778 vel
1699 1749 1888 1787 praebenda.

1457 1814 1471 1830 «
1490 1801 1640 1832 Volentes
1656 1805 1744 1832 tuam
1757 1801 1952 1832 bonorare...
1967 1818 2008 1824 —
2023 1801 2095 1832 Dat.
2115 1805 2150 1832 ut
2164 1810 2270 1841 supra.
2289 1813 2304 1829 n

1488 1975 1573 2004 we
1781 1974 2137 2010 Sainte-Marie-Majeure,
2155 1974 2169 2002 3
2184 1974 2256 2001 avrti
2271 1973 2349 2002 1289.
2395 1959 2399 1970 ²

1452 2038 1635 2073 Dispensatio
1646 2045 1734 2072 super
1744 2037 1856 2064 defectu
1869 2038 2015 2064 natalium.
2028 2036 2111 2070 (Rau.
2125 2037 2169 2070 44,
2180 2045 2207 2064 o.
2218 2036 2261 2068 84,
2273 2036 2294 2064 f.
2306 2035 2358 2064 130
2375 2032 2399 2062 f

1455 2141 1589 2170 Johanni
1617 2140 1744 2170 Martini
1757 2163 1764 2176 ,
1794 2141 1905 2168 rectori
1935 2139 2141 2177 parrochialis
2167 2138 2283 2169 ecclesie
2316 2138 2348 2170 S
2384 2154 2388 2164 ν

1415 2194 1569 2224 Michaelis
1591 2193 1625 2222 de
1645 2194 1742 2230 Auca,
1770 2192 1995 2222 Colimbriensis
2025 2193 2172 2230 diocesis,
2195 2200 2334 2231 quocum
2352 2191 2374 2232 j

1415 2247 1635 2286 dispensatum
1649 2249 1696 2276 est
1711 2254 1805 2284 super
1828 2245 1952 2275 defectu
1980 2244 2138 2275 natalium
2156 2254 2253 2284 quem
2269 2245 2397 2285 patitui}

1415 2301 1599 2340 presbytero
1615 2303 1708 2329 natus
1725 2303 1755 2329 et
1771 2298 1892 2335 soluta,
1911 2302 1946 2329 ut
1965 2298 2004 2328 ad
2019 2307 2132 2329 omnes
2147 2298 2278 2330 ordines
2291 2307 2371 2338 pro-¹

1416 2354 1481 2384 veri
1498 2359 1529 2384 et
1541 2352 1792 2383 ecclesiasticum
1810 2352 2023 2388 beneficium,
2046 2353 2142 2383 etiam
2166 2361 2278 2383 curam
2292 2352 2372 2383 auin
2385 2350 2399 2391 ξ’,

1416 2417 1488 2438 rum
1503 2407 1635 2444 habens,
1650 2410 1757 2436 tenere
1772 2405 1900 2442 valeret,
1918 2406 2036 2436 iterum
2049 2405 2196 2445 indulget
2209 2410 2243 2436 ut
2256 2406 2296 2436 ad
2308 2414 2351 2437 on
2368 2401 2392 2439 ι(,’τ

1415 2460 1587 2499 dignitates
1603 2463 1633 2489 et
1650 2463 1854 2498 personatus,
1881 2459 1978 2489 etiam
1994 2458 2033 2489 ad
2049 2458 2263 2498 episcopalem
2279 2459 2393 2503 diguis-

1416 2518 1497 2550 tem,
1514 2513 1635 2542 assumi
1653 2513 1761 2552 possit.

1456 2580 1471 2595 «
1489 2567 1651 2596 Virtutum
1667 2567 1780 2596 merita
1791 2566 1945 2605 quibus...
1959 2583 1995 2588 -
2010 2566 2081 2596 Dat.
2097 2565 2209 2604 Rome,
2223 2566 2306 2606 apud
2320 2565 2373 2597 Sa=
2390 2571 2397 2598 ζ

1415 2625 1479 2652 tam
1496 2620 1629 2650 Mariam
1649 2620 1813 2659 Maj0rem‚
1831 2629 1865 2649 111
1882 2628 1983 2650 nonas
1999 2619 2123 2659 aprilis,
2136 2628 2223 2651 anno
2234 2611 2388 2651 secundo¹

1487 2791 1572 2820 ¹223
1751 2791 2110 2826 Sainte-Marie-Majeure,
2131 2791 2162 2819 15
2177 2799 2255 2820 mars
2271 2791 2348 2820 1289.
2380 2822 2382 2825 ,
2428 2777 2429 2782 ¹

1452 2853 1494 2880 De
1510 2854 1745 2889 possessionibus
1765 2855 1931 2882 monasterii
1946 2854 1981 2881 de
1997 2854 2103 2881 Sancto
2120 2853 2227 2882 Savino
2251 2850 2390 2886 alienanti

1415 2903 1497 2938 (Rau.
1518 2903 1560 2934 44,
1577 2911 1603 2930 c.
1619 2903 1662 2935 85,
1680 2903 1698 2929 f.
1720 2903 1767 2931 130
1783 2905 1837 2936 νῦ.)

1456 3027 1478 3034 ..
1497 3006 1600 3043 priori
1620 3006 1738 3035 ordinis
1760 3008 1899 3043 fratrum
1917 3006 2145 3044 predicatorum
2163 3005 2277 3036 Pisano
2290 2995 2422 3045 mamis&

1415 3063 1573 3097 quatenus
1588 3059 1731 3097 inquirat
1741 3059 1780 3089 de
1793 3059 2029 3098 opportunitate
2041 3059 2204 3099 petitionis
2214 3068 2277 3098 qua
2289 3081 2309 3090 ..
2323 3066 2355 3089 a·
2387 3078 2389 3081 ν
2412 3049 2430 3083 ἶ
