2477 3637
253 351 291 382 50
1000 349 1237 381 REGISTRES
1261 351 1315 382 DE
1338 351 1521 382 NICOLAS
1546 351 1600 381 IV.

253 417 366 448 nachis
388 417 442 456 qui
473 416 511 446 ad
539 415 648 446 villam
675 414 973 454 Montispessulani,
999 415 1053 445 ubi
1083 417 1167 454 viget
1193 421 1260 447 stu-

252 471 341 501 dium
373 470 540 508 generale,
579 469 618 499 ad
656 469 798 498 studium
835 468 956 497 ibidem
988 470 1257 500 transmittuntur.

253 525 358 564 Hujus
383 523 530 554 venditae
555 523 691 561 pretium
720 522 753 551 in
780 522 895 551 Terrae
922 522 1056 552 Sanctae
1079 523 1259 553 subsidium

252 578 502 609 convertendum
522 577 658 615 deponat
676 584 773 614 penes
789 574 972 605 collectores
989 575 1141 606 decimae.

294 642 307 656 u
327 630 418 659 Lecta
430 637 535 659 coram
553 628 681 658 nobis...
695 644 732 648 —-
746 628 815 656 Dat.
837 627 952 663 Reate,
969 636 988 655 v
1004 627 1156 658 kalendas
1169 627 1257 665 julii,

251 691 336 712 anno
355 683 466 721 primo.
487 693 500 708 ι

321 854 408 883 Ξῖθ

285 915 437 942 eontentio
460 916 534 942 inter
556 916 725 951 episcopum
743 919 772 942 et
787 916 943 951 capitulum
962 916 1214 951 Peli-agoricenses
1230 921 1258 943 et

251 964 369 1000 Helyam
394 964 427 990 de
454 964 637 992 Malomonte.
657 964 745 998 (Rae.
764 965 812 997 44,
834 974 860 992 e.
886 965 952 998 160,
975 966 993 993 f.
1020 968 1113 999 401-⁰;
1139 966 1204 993 Lar.
1223 975 1257 993 nu

249 1013 352 1047 Tacit,
371 1013 398 1044 Ι,
416 1013 472 1046 57.)

768 853 859 884 Rieu,
881 855 907 881 11
926 855 1089 890 septembre
1107 855 1184 882 1288.

290 1116 455 1145 Carissimo
473 1117 506 1145 in
526 1115 643 1145 Christo
661 1117 726 1153 filio
744 1117 909 1155 Phylippo,
929 1118 993 1154 reyi
1010 1117 1199 1146 Francorum
1218 1118 1257 1146 il-

251 1169 352 1198 lustri.
371 1169 451 1198 Eum
471 1172 560 1206 rogat
574 1178 615 1199 ne
632 1169 910 1207 petragoricenses
928 1170 1108 1208 episcopum
1126 1174 1156 1199 et
1171 1170 1256 1209 capi-

250 1221 352 1252 tulum
371 1231 388 1251 a
407 1222 663 1260 Petragoriceusi
683 1222 856 1252 senescallo
871 1222 920 1252 vel
936 1222 1008 1252 aliis
1023 1223 1090 1261 regi
1106 1223 1256 1261 subjectis

248 1274 411 1305 molestari
433 1275 606 1313 permittat.
631 1291 671 1297 —
693 1275 843 1304 Exhibita
867 1298 887 1304 ..
910 1276 1048 1314 episcopi
1073 1280 1103 1305 et
1126 1276 1256 1314 capituli

249 1327 560 1365 Petragoricensium
586 1328 694 1366 petitio
715 1328 899 1358 continebat
925 1330 1009 1367 quod
1028 1329 1150 1368 pridem
1172 1329 1256 1359 inter

248 1380 343 1418 ipsos,
357 1389 392 1409 ex
406 1385 493 1418 parte
506 1389 580 1416 una,
596 1385 625 1409 et
638 1381 829 1417 magistrum
842 1380 981 1420 Helyam
995 1382 1032 1411 de
1047 1382 1254 1419 Malomonte,

247 1432 405 1462 decanum
419 1432 568 1462 ecclesiae
582 1433 619 1463 de
634 1435 748 1463 Sancto
763 1434 894 1471 Aredio,
913 1435 1152 1465 Lemovicensis
1168 1435 1255 1466 dioe-

247 1486 346 1520 cesis,
371 1495 406 1515 ex
423 1485 538 1523 altera,
564 1487 727 1516 occasione
745 1487 935 1526 provisionis
955 1497 1050 1525 quam
1067 1488 1170 1518 dictus
1187 1498 1254 1518 ma-

246 1540 345 1578 gister
361 1540 400 1568 H.
422 1549 476 1578 per
489 1540 533 1576 J.,
555 1540 636 1570 tituli
653 1540 787 1570 Sanctae
803 1541 940 1571 Ceciliae
954 1541 1174 1580 presbyterum
1191 1550 1256 1571 car-

245 1593 386 1623 dinalem
405 1617 410 1629 ,
447 1593 639 1631 apostolicae
677 1595 762 1624 sedis
791 1594 930 1633 legatum
943 1618 951 1632 ,
992 1595 1031 1625 de
1065 1596 1254 1626 canonicatu

245 1646 516 1683 Petragoricensis
552 1647 703 1677 ecclesiae
740 1648 800 1677 sibi
837 1648 951 1677 factam
982 1657 1050 1678 esse
1085 1649 1229 1687 proponit
1246 1673 1252 1686 ,

245 1700 440 1738 quaestionis
472 1701 605 1730 materia
638 1701 741 1730 extitit
766 1702 935 1737 suscitata;
971 1711 1033 1740 qua
1061 1702 1188 1731 tandem
1215 1702 1254 1732 ad

245 1752 450 1791 apostolicam
470 1753 577 1782 sedem
596 1763 652 1792 per
676 1754 921 1792 appellationem
945 1755 1091 1785 devoluta
1112 1755 1255 1793 legitime

246 1810 276 1836 et
290 1806 373 1844 apud
390 1807 497 1836 sedem
513 1808 614 1845 ipsam
635 1809 809 1846 pendente,
823 1831 842 1838 ..
862 1808 1054 1838 senescallus
1073 1809 1253 1846 Petragori-

245 1860 367 1896 censis,
385 1860 468 1897 regis
485 1860 664 1890 litterarum
683 1866 864 1899 praetextu,
882 1871 960 1900 quas
976 1863 1128 1900 magister
1142 1862 1253 1893 Geral-

245 1912 304 1941 dus
319 1912 357 1941 de
380 1912 573 1943 Malomoute
588 1937 596 1949 ‚
628 1915 780 1952 praedicti
805 1915 918 1945 decani
941 1916 1038 1945 frater
1055 1921 1085 1945 et
1102 1916 1253 1946 consilia-

245 1965 312 1994 rius
336 1966 457 2005 regius,
483 1966 586 1996 eidem
614 1967 806 2004 senescallo,
835 1978 889 2007 per
907 1969 978 1998 falsi
995 1966 1252 2007 suggestionem,

245 2018 341 2056 dirigi
359 2020 548 2057 procuravit,
568 2021 652 2058 ipsos
668 2022 700 2050 in
719 2022 863 2060 personis
877 2026 907 2052 et
924 2023 1017 2052 bonis
1032 2023 1253 2062 multipliciter

244 2071 369 2110 impetit
385 2076 414 2101 et
429 2072 584 2102 molestat.

290 2137 302 2150 ι
322 2124 556 2156 Celsitudinem
576 2128 698 2165 regiam
721 2137 795 2158 eo...
822 2145 857 2151 —
883 2130 954 2159 Dat.
983 2130 1099 2166 Beate,
1122 2139 1156 2160 111
1182 2131 1253 2161 idus

246 2178 448 2216 septembris,
466 2188 551 2210 anno
568 2181 680 2219 primo.
701 2193 713 2208 »

316 2350 401 2379 28⁰
762 2354 854 2386 Rieti,
873 2356 902 2382 11
921 2357 1085 2391 septembre
1102 2358 1179 2385 1288.

283 2412 336 2439 Pro
352 2413 474 2440 ecclesia
489 2413 729 2450 Petragoricensi.
748 2416 829 2449 (Rae.
849 2418 890 2449 44,
911 2427 937 2445 c.
957 2420 1017 2453 161,
1034 2420 1057 2446 fo
1071 2421 1103 2447 40
1118 2428 1165 2451 vo:
1184 2421 1250 2448 Lar.

245 2470 280 2489 nu
295 2461 398 2496 Tac-12,
415 2462 442 2496 1,
459 2463 516 2496 58.)

285 2565 393 2594 Dilecto
415 2566 480 2603 filio
495 2567 536 2602 J.,
554 2568 639 2596 tituli
656 2568 762 2598 Sancte
779 2570 884 2599 Cecilie
897 2572 1068 2609 presbytero
1083 2574 1250 2611 cardinali,

244 2620 401 2655 apostolice
415 2620 492 2649 sedis
509 2621 614 2657 teqato.
632 2621 714 2651 Eum
733 2627 821 2660 rogat
837 2627 870 2653 ut
888 2624 1053 2654 ecclesiam
1069 2626 1250 2664 Petragori-

244 2679 370 2700 oensem
388 2672 517 2711 speciali
532 2674 646 2703 affectu
663 2680 883 2714 prosequatur.

286 2734 298 2750 a
320 2724 408 2754 Inter
424 2729 543 2756 ceteras
560 2726 824 2758 sollicitudinis...
841 2746 874 2751 —
894 2730 965 2760 Dat.
980 2735 1014 2761 ut
1030 2740 1134 2771 supra.
1156 2744 1168 2765 ι)

317 2909 398 2938 281
760 2915 852 2948 Rieu,
875 2918 900 2944 11
920 2918 1083 2953 septembre
1102 2919 1177 2947 ¹288.

283 2969 392 3005 Regem
409 2971 582 3001 Francorum
598 2975 726 3003 hortatur
741 2982 884 3012 quatenus
895 2978 1014 3014 Helyam
1031 2980 1066 3006 de
1079 2980 1184 3015 PaJola,
1199 2981 1250 3007 ab-

247 3019 339 3045 batem
361 3022 525 3048 monasterii
543 3021 807 3059 Brantholmeusis,
832 3031 860 3054 et
882 3027 955 3055 duos
976 3029 1068 3064 ipsius
1084 3030 1248 3057 monasterii

1343 418 1516 451 monachos,
1535 426 1584 452 per
1605 417 1797 444 senescallum
1823 417 2090 454 Pet1·ag0ricensem
2111 422 2137 448 in
2163 430 2277 448 carcere
2296 422 2347 448 de-

1342 471 1452 500 tentos,
1469 467 1592 494 libertati
1609 468 1721 494 restitui
1737 467 1832 494 saciat.
1850 467 1933 502 (Rau.
1950 469 1993 501 44,
2005 478 2032 497 c.
2052 471 2110 502 162.
2128 471 2147 498 f.
2165 471 2198 497 40
2214 478 2262 502 v⁰;
2278 471 2344 499 Lu.

1342 524 1376 543 υυ
1394 515 1496 548 Tuam,
1516 516 1540 547 Ι,
1560 517 1614 549 59.)

1382 618 1546 647 Carissimo
1577 620 1607 648 in
1632 618 1750 648 Christo
1771 619 1835 656 silio
1861 640 1882 648 ..
1916 621 1980 657 regii
2002 621 2189 651 Francorum
2218 623 2344 652 illustri.

1343 683 1356 697 ιι
1371 671 1508 707 Querela
1521 672 1626 707 gravis
1641 671 1830 702 dilectorum
1842 671 1982 702 filiorum
1995 674 2100 703 fratris
2112 674 2280 704 Guillelmi
2294 675 2347 705 Ri-

1341 724 1447 760 gandi,
1466 724 1595 762 prioris,
1613 729 1643 754 et
1658 730 1834 755 conventus
1852 726 2036 756 monasterii
2054 727 2346 765 Brantholmeusis,

1340 777 1464 807 ordinis
1480 778 1511 807 S.
1533 778 1711 815 Benedicti,
1731 779 2000 816 Petragoricensis
2017 780 2163 819 diocesis,
2181 781 2274 812 nobis
2291 790 2347 813 no-

1341 831 1420 859 viter
1436 831 1581 869 patefecit
1596 832 1697 870 quod,
1719 831 1792 861 licet
1807 831 2000 862 venerabilis
2016 833 2112 863 frater
2128 840 2233 864 noster
2248 857 2268 864 ..
2284 834 2346 865 Pe-

1342 885 1566 926 trqgoricensis
1583 885 1759 923 episcopus,
1776 885 1976 915 Bernardum
1993 885 2031 916 de
2048 886 2253 923 Malomoute,
2266 887 2346 918 olim

1339 926 1484 967 abbatem
1510 938 1694 968 monasterii
1720 938 1974 977 supradictisab
1995 939 2065 978 ejus
2081 941 2254 977 regimine,
2279 941 2347 971 suis

1339 990 1442 1028 culpis
1467 991 1688 1028 exigentibus,
1716 992 1906 1021 auctoritate
1931 991 2095 1022 ordinaria
2115 993 2347 1024 sententialiter

1339 1044 1509 1073 amovisset
1524 1067 1531 1080 ‚
1549 1052 1585 1073 ac
1601 1044 1803 1082 postmodum
1822 1044 1919 1074 frater
1934 1044 2044 1074 Helias
2070 1045 2108 1074 de
2130 1045 2255 1085 Pajola,
2271 1050 2347 1077 tunc

1340 1096 1483 1134 ejusdem
1504 1098 1688 1127 monasterii
1705 1097 1895 1134 inonachus,
1911 1098 2063 1128 canonice
2080 1098 2191 1128 fuisset
2204 1107 2348 1138 assump-

1341 1153 1390 1179 tus
1412 1150 1445 1178 in
1469 1150 1615 1180 abbatem
1635 1151 1821 1181 monasterii
1849 1152 2038 1188 memorati,
2070 1156 2176 1181 tamen
2203 1156 2348 1191 pretextu

1339 1203 1553 1241 quarumdam
1573 1203 1752 1234 litterarum
1780 1204 1980 1234 celsitudinis
2000 1205 2102 1243 regie,
2129 1214 2208 1244 quas
2226 1206 2347 1244 magis—

1341 1259 1386 1285 ter
1413 1255 1569 1286 Geraldus
1594 1256 1633 1286 de
1660 1256 1871 1293 Malomonte,
1892 1258 2024 1296 predicti
2051 1258 2208 1288 Bernardi
2229 1259 2346 1296 frater,

1339 1297 1542 1339 consiliarius
1561 1313 1643 1344 tuus,
1661 1315 1695 1339 ut
1712 1310 1838 1346 dicitnr,
1858 1320 1914 1349 per
1930 1310 2000 1340 falsi
2017 1312 2244 1349 sugestionem,
2263 1334 2284 1342 ..
2302 1321 2347 1342 se-

1340 1361 1478 1391 nescallo
1496 1362 1750 1400 Petragoricensi
1766 1363 1861 1401 dirigi
1881 1365 2069 1402 procuravit,
2089 1365 2265 1396 servientes
2278 1365 2349 1405 qui-

1339 1413 1412 1444 dam
1440 1415 1610 1445 senescalli
1644 1416 1777 1454 predicti
1807 1425 1880 1446 cum
1909 1417 2045 1448 Geraldo
2067 1417 2112 1457 (l)
2135 1417 2348 1457 predictorum

1339 1468 1453 1498 nuntio
1478 1468 1649 1505 destinati,
1683 1469 1822 1499 eundem
1856 1469 2000 1508 Heliam,
2030 1471 2064 1500 in
2088 1471 2221 1501 ecclesia
2249 1472 2350 1511 ipsius

1338 1523 1542 1559 monasterii,
1560 1527 1706 1561 paratum
1721 1545 1730 1560 ‚
1748 1523 1829 1553 sicut
1844 1523 1960 1553 dicitur
1971 1549 1978 1562 ,
2000 1529 2032 1555 ut
2048 1534 2143 1564 super
2157 1525 2255 1555 altare
2271 1525 2345 1555 mis-

1338 1584 1447 1606 sarum
1464 1575 1652 1615 sollempnia
1669 1576 1843 1607 celebraret
1859 1601 1865 1614 ‚
1888 1586 1923 1607 ac
1940 1578 2020 1608 duos
2036 1579 2137 1617 ipsius
2159 1578 2347 1609 monasterii

1337 1630 1512 1661 monachos
1529 1655 1535 1667 ,
1554 1631 1680 1670 injectis
1697 1632 1730 1660 in
1750 1640 1802 1661 eos
1819 1631 1968 1661 manibus
1983 1631 2144 1670 violentis,
2158 1642 2238 1663 ausu
2253 1633 2348 1663 sacri—

1337 1683 1408 1722 lego
1423 1693 1533 1723 capere
1551 1689 1826 1723 presumpserunt,
1840 1685 1990 1724 ipsosque
2007 1686 2130 1716 vinctos
2145 1686 2185 1716 ad
2199 1685 2262 1716 alia
2279 1685 2347 1717 loca

1338 1738 1458 1768 eisdem
1477 1739 1574 1778 priori
1592 1744 1621 1768 et
1636 1739 1809 1768 conventui
1823 1747 1952 1777 prorsus
1966 1739 2129 1777 incognita
2146 1739 2348 1770 obduxerunt

1337 1801 1392 1822 seu
1411 1792 1555 1822 fecerunt
1567 1792 1699 1829 obduci,
1720 1793 1774 1831 qui
1793 1793 1838 1822 sic
1856 1793 1940 1831 capti
1954 1792 2059 1823 adhuc
2077 1792 2182 1823 taliter
2196 1793 2345 1824 detinen-

1338 1850 1403 1882 tur,
1421 1845 1475 1876 sed
1492 1846 1526 1875 in
1549 1854 1613 1884 quo
1634 1855 1746 1876 eorum
1771 1846 1913 1876 detentio
1932 1845 2000 1876 loco
2019 1846 2073 1876 fiat
2093 1855 2111 1876 a
2136 1846 2241 1886 priore
2267 1855 2344 1876 con-

1336 1903 1498 1937 ventuque
1522 1899 1670 1938 predictis
1689 1900 1816 1938 penitus
1839 1899 2015 1937 ignoratur.
2039 1899 2144 1936 Quare
2173 1908 2229 1938 pro
2257 1904 2344 1939 parte

1336 1952 1478 1991 ipsorum
1497 1952 1664 1983 humiliter
1688 1950 1853 1991 petebatur
1872 1953 2006 1983 3100015
2023 1957 2056 1982 ut
2073 1962 2167 1992 super
2182 1953 2241 1983 hoc
2256 1961 2346 1992 opor-

1337 2012 1412 2037 tune
1432 2007 1623 2045 provisionis
1650 2006 1804 2036 adhibere
1828 2006 2007 2036 remedium
2028 2007 2246 2044 dignaremur.
2262 2006 2346 2043 Quia

1336 2063 1433 2101 igitur
1451 2062 1523 2092 talia
1542 2068 1568 2092 te
1584 2070 1648 2092 non
1663 2062 1753 2092 decet
1773 2062 1988 2100 equanimiter
2005 2063 2173 2099 sustinere,
2190 2070 2265 2092 cum
2278 2062 2344 2092 Deo

1336 2116 1544 2154 displiceant,
1563 2115 1641 2153 regii
1658 2104 1802 2145 nominis
1817 2114 1988 2145 detrahant
2010 2115 2162 2151 claritati,
2180 2115 2295 2145 cedant
2308 2115 2343 2145 in

1335 2178 1430 2208 grave
1455 2169 1661 2208 dispendium
1685 2168 1895 2198 ecclesiastice
1919 2168 2075 2198 libertatis
2101 2173 2131 2198 et
2151 2169 2185 2198 in
2212 2167 2342 2207 religio-

1335 2232 1414 2252 num
1436 2223 1677 2252 subversionem
1706 2230 1770 2252 non
1802 2221 1977 2259 modicam,
2001 2230 2126 2252 necnon
2153 2225 2184 2252 et
2206 2221 2342 2261 dissipa-

1337 2278 1454 2307 tionem
1471 2276 1681 2314 multiplicem
1700 2276 1859 2305 bonoruni
1874 2280 1905 2305 et
1918 2275 2042 2313 jurium
2060 2275 2341 2312 monasteriorum,

1334 2330 1373 2360 ad
1389 2339 1524 2369 quorum
1544 2329 1819 2359 conservationem
1837 2333 1864 2358 te
1881 2329 1976 2358 debes
1990 2328 2140 2359 exhibere
2158 2327 2341 2366 sollicitum,

1335 2383 1514 2413 redundare
1540 2386 1734 2418 noscuntur,
1759 2381 1902 2420 regalem
1930 2381 2204 2420 magnificentiam
2226 2390 2343 2420 rogau-

1335 2436 1409 2466 dam
1421 2440 1540 2466 attente
1553 2435 1704 2466 duximus
1721 2439 1751 2465 et
1766 2435 1957 2465 hortandam
1974 2439 2143 2474 quatenus,
2161 2444 2217 2475 pro
2230 2435 2343 2465 divina

1334 2495 1364 2520 et
1384 2489 1552 2529 apostolice
1566 2489 1649 2519 sedis
1667 2498 1702 2518 ac
1719 2493 1826 2519 nostra
1841 2490 2032 2526 reverentia,
2049 2497 2255 2528 nequaquam
2268 2497 2341 2528 per-

1335 2544 1463 2573 mittens
1482 2547 1516 2573 ut
1529 2542 1669 2581 religiosi
1683 2542 1731 2572 vel
1748 2542 1804 2572 alii
1821 2542 1931 2572 clerici
1948 2544 2040 2581 regni
2060 2543 2102 2572 tui
2120 2551 2174 2582 per
2189 2543 2341 2573 officiales

1334 2597 1436 2635 regios
1460 2595 1627 2635 quibusvis
1649 2595 1830 2625 afficiantur
1854 2596 2000 2634 inJuriis,
2024 2596 2220 2634 impetantur
2242 2604 2340 2626 vexa-

1334 2649 1474 2680 tionibus
1497 2648 1546 2679 vel
1572 2648 1846 2679 molestationibus
1871 2649 2109 2688 perturbentur,
2134 2649 2213 2687 quin
2238 2649 2341 2688 potius

1333 2703 1399 2733 illis
1415 2703 1452 2733 de
1472 2703 1669 2741 benignitate
1686 2703 1773 2741 regia
1790 2703 1887 2732 finem
1906 2711 2044 2742 ponens,
2063 2710 2103 2732 ne
2118 2711 2174 2741 per
2188 2702 2341 2733 officiales

1333 2757 1459 2787 eosdem
1479 2756 1659 2786 inferantur
1685 2755 1818 2786 ulterius
1842 2756 2017 2786 districtius
2040 2755 2253 2795 prohibendo,
2271 2764 2339 2786 me-

1333 2813 1469 2840 moratos
1498 2809 1623 2839 Heliam
1651 2809 1796 2839 abbatem
1825 2813 1855 2839 et
1879 2808 2053 2839 monachos
2079 2808 2177 2839 facias
2207 2808 2340 2847 pristine

1332 2863 1456 2893 restitui
1471 2862 1626 2899 libertati,
1645 2867 1679 2892 ut
1693 2863 1778 2892 idern
1794 2862 1903 2893 Helias
1917 2867 2026 2893 contra
2041 2861 2179 2892 eundem
2197 2861 2336 2891 Bernar-

1331 2917 1408 2947 dum
1427 2922 1456 2946 et
1471 2925 1687 2955 quoscumque
1707 2916 1786 2947 alios
1801 2917 2016 2956 ·iujuriatores
2031 2916 2131 2954 ipsius
2146 2914 2247 2946 libere
2263 2923 2338 2954 pro-

1363 3036 1396 3066 (¹)
1412 3037 1454 3060 ns.
1471 3035 1586 3060 cerami.
