2342 3652
931 361 1164 401 TROISIEME
1186 359 1342 399 ANNEE.
2130 370 2186 399 οη

127 456 140 472 α
162 445 206 474 Ex
224 443 401 473 multorum
420 442 611 473 relatione...
635 458 675 464 -
693 441 765 471 Dat.
785 440 868 478 apud
886 439 1094 469 Urbemvete-

85 507 165 534 rem,
182 497 290 527 idibus
305 496 471 533 februarii,
493 504 578 525 anno
597 494 699 524 tertio.
721 504 736 523 ι)

159 669 278 698 4222
628 666 760 697 Orvieto,
779 665 810 692 13
826 665 930 692 fevi-ier
949 664 1024 691 1291.

125 731 311 766 Dispensatio
327 739 414 765 super
431 730 591 765 pluralitate
607 729 822 756 beneficiorum.
835 728 918 761 (Rau.
936 728 979 760 45,
997 736 1022 753 c.
1037 727 1098 757 740,

91 782 111 808 f.
131 781 176 807 251
194 781 243 812 r0.)

130 881 268 911 „Iohanni
295 881 328 909 de
354 881 516 917 Lanyemn,
544 881 653 909 rectori
678 881 792 909 ecclesie
816 880 849 908 cle
876 880 975 916 Buryo
997 879 1102 907 subtus

91 934 279 968 Scammore,
314 933 516 962 Karleocensis
550 933 686 962 diocesis.
719 932 801 961 Cum
833 939 886 968 eo,
917 930 1099 961 considera—

92 987 180 1017 tione
194 986 243 1021 E„
257 985 342 1023 regis
357 984 549 1022 Anglorum,
565 985 657 1023 cujus
669 990 716 1014 est
730 984 876 1021 clericus,
889 984 1052 1022 dispensat
1068 988 1102 1013 ut

92 1039 240 1070 ecclesias
259 1038 297 1068 de
324 1038 431 1075 Burgo
452 1038 563 1067 subtus
586 1038 764 1068 Slammore
785 1043 814 1067 et
838 1038 876 1067 de
901 1037 1100 1073 Brideshale,

92 1091 342 1123 Conventrensis
354 1095 384 1120 et
398 1090 654 1121 Licheseldensis
667 1091 875 1128 dioecesium,
891 1100 970 1129 quas
983 1091 1102 1128 absque

93 1145 331 1184 dispensatione
349 1144 433 1174 sedis
451 1143 640 1183 apostolicae
657 1144 792 1174 insimul
814 1145 964 1180 detinuit,
982 1144 1102 1174 fructus

92 1199 272 1238 percipiens
296 1207 333 1228 ex
358 1198 495 1234 eisdem,
518 1197 658 1227 retinere
683 1197 804 1235 valeat3
831 1197 1004 1228 dummodo
1031 1205 1102 1236 por-

93 1252 215 1282 tionem
232 1260 408 1290 congruam
426 1251 589 1280 fructuum
609 1251 654 1280 sic
674 1251 815 1280 indebite
832 1256 1050 1289 perceptorum
1067 1251 1102 1280 in

93 1306 274 1336 evidentem
284 1305 517 1344 praedictarum
527 1304 737 1334 ecclesiarum
747 1304 916 1334 utilitatem
927 1308 1100 1334 convertat.

136 1371 151 1386 «
169 1358 353 1388 Laudabilis
371 1357 624 1387 conversationis
640 1360 707 1387 et...
725 1373 763 1379 —
780 1358 850 1386 Dat.
869 1357 952 1395 apud
969 1357 1102 1387 Urbem-

95 1415 247 1445 veterem,
267 1410 375 1440 idibus
390 1410 555 1446 februarii,
573 1418 659 1440 anno
676 1410 776 1440 tertio.
800 1422 813 1437 n

166 1583 288 1612 4223
641 1583 768 1617 Orvicto‚
784 1584 818 1610 <20
833 1584 936 1610 fevi-ier
955 1584 1030 1612 1291.

132 1646 259 1673 Licentia
275 1645 397 1672 habendi
413 1645 500 1672 altare
515 1646 655 1681 portatile.
669 1646 752 1675 (Rae.
770 1647 812 1676 45,
830 1655 855 1673 c.
873 1647 934 1680 Til,
951 1647 969 1673 f.
994 1648 1037 1673 151
1056 1649 1103 1680 r0.)

136 1749 237 1779 Nobili·
253 1750 320 1779 viro
337 1747 497 1779 Guillecmo
514 1749 547 1778 de
562 1750 778 1784 Monterevelli‚
793 1750 1024 1787 Burdeyalensis
1039 1751 1104 1779 dio-

97 1804 182 1838 cesis,
201 1801 349 1840 indulget
365 1805 398 1831 ut
419 1802 488 1840 ejus
509 1801 693 1840 capellanus
710 1790 813 1831 altare*
825 1802 969 1840 portatile
987 1802 1105 1833 habere

97 1855 206 1894 possit,
224 1855 257 1884 in
275 1863 338 1894 quo
355 1863 461 1885 coram
477 1855 545 1893 ipso
558 1850 734 1884 Guillelmo
750 1860 778 1884 et
793 1855 914 1885 familia
930 1856 1104 1886 missarum

98 1908 266 1938 sollemnia
283 1908 444 1938 celebrare
463 1908 572 1947 possit.
592 1909 820 1938 Praesentibus
843 1918 897 1947 per
919 1909 1106 1947 quinquen-

97 1961 191 1992 nium
209 1961 366 1991 valituris.

139 2027 154 2042 α
171 2014 358 2045 Devotionis
376 2019 427 2045 tue
442 2014 628 2053 precibus...
648 2032 685 2036 ——
705 2015 776 2045 Dat.
795 2021 829 2045 ut
843 2024 948 2053 supra.
965 2025 982 2044 x
998 2015 1108 2045 kalen-

97 2068 153 2098 das
169 2068 289 2105 martii‚
303 2077 389 2098 anno
407 2069 508 2098 tertio.
526 2080 539 2095 ι)

165 2241 425 2270 4224-42311

132 2303 304 2330 Chunradus
319 2302 541 2337 Salzeburgensi
557 2303 696 2330 ecclesiae
712 2303 949 2337 archiepiscopus
976 2303 1105 2337 praefici-

97 2355 154 2379 tur.
170 2352 252 2386 (Rau.
271 2352 315 2385 45,
333 2360 357 2378 c.
376 2352 436 2383 74⁶2,
456 2352 474 2378 f.
494 2353 538 2378 151
557 2358 598 2385 r⁰;
615 2351 732 2383 Por'rn„
750 2352 858 2384 23558.)

640 2240 768 2270 Orvicto,
788 2241 814 2266 ll
833 2241 938 2267 fevi-ier
959 2241 1034 2267 1-291.

143 2454 313 2483 Venerabili
326 2454 421 2489 fratri
437 2453 611 2490 Cltu-nrczdo,
627 2454 847 2491 archiepiscopo
860 2454 1102 2490 Salzebicryetzsi.

98 2507 239 2536 Vacante
254 2505 499 2544 Salzehurgensi
511 2506 644 2536 ecclesia
658 2516 712 2545 per
724 2507 845 2536 obitum
858 2507 911 2543 R„
928 2506 1106 2545 capitulum

98 2559 316 2599 Stephanum,
338 2560 531 2590 canonicum
553 2560 796 2599 Pataviensem,
814 2565 925 2590 natum
944 2560 1106 2598 quondam

99 2613 245 2650 Henriei,
263 2613 390 2644 comitis
408 2613 542 2652 palatini
562 2614 656 2649 Beni,
675 2613 767 2643 ducis
788 2614 964 2650 Bawariae,
984 2614 1105 2651 patien-

100 2671 164 2698 tem
181 2666 214 2696 in
232 2666 400 2696 ordinibus
421 2671 452 2696 et
469 2671 570 2696 aetate
591 2666 764 2703 defectum,
784 2667 981 2696 unanimiter
998 2671 1107 2705 postu-

99 2719 188 2756 lavit,
206 2719 261 2749 sed
277 2718 359 2749 hanc
376 2719 621 2758 postulationem
639 2728 718 2759 papa
735 2728 798 2750 nou
815 2720 956 2756 admisit,
974 2724 1004 2749 et
1021 2727 1108 2749 nunc

100 2772 312 2802 Chunradum
336 2772 376 2802 ab
404 2772 538 2802 ecclesia
558 2772 739 2802 Laventina
761 2773 800 2802 ad
821 2773 1107 2810 Salzeburgensem

100 2825 267 2856 ecclesiam
298 2826 465 2863 transfert,
496 2827 589 2865 eique
615 2825 756 2864 palleum
791 2835 846 2864 per
876 2827 919 2855 M.
932 2851 940 2865 ‚
974 2826 1108 2856 Sanctae

100 2879 220 2909 Mariae
234 2879 269 2908 in
287 2879 429 2915 Porticu,
443 2880 487 2917 J.,
506 2879 640 2909 Sanctae
658 2879 780 2909 Mariae
797 2880 830 2909 in
848 2879 909 2908 Via
924 2879 996 2916 lata,
1013 2884 1042 2909 et
1057 2880 1106 2916 P.‚

100 2931 210 2962 Sancti
226 2931 391 2962 Eustachii
406 2932 557 2962 diaconos
575 2932 767 2968 cardinales,
786 2931 866 2961 tradi
885 2932 968 2961 facit.

143 2997 156 3012 ιι
174 2986 212 3015 In
229 2985 361 3016 ecclesia
376 2986 566 3016 militanti...
586 3003 624 3007 —-
640 2986 712 3016 Dat.
732 2985 815 3024 apud
833 2986 1107 3023 Urbemveterem,

101 3048 134 3068 111
148 3039 220 3069 idus
236 3039 399 3077 februarii,
417 3048 503 3070 anno
520 3039 620 3069 tertio.
640 3051 653 3066 ι»

244 3105 316 3133 Rae.
338 3105 461 3133 Nicoms
482 3105 533 3132 IV.

1218 437 1300 466 Ine.
1324 446 1366 465 m.
1393 460 1413 466 ..
1436 437 1612 475 praeposito
1636 440 1665 466 et
1685 435 1825 474 capitulo
1849 435 1999 465 ecclesiae
2018 436 2186 466 Salzebur-

1176 490 1285 527 gensis
1303 489 1433 518 mandat
1452 493 1484 518 ut
1503 489 1606 518 eidem
1622 488 1860 527 archiepiscopo
1878 488 2017 518 debitam
2034 489 2185 518 obedien-

1179 543 1255 572 tiam
1274 543 1456 581 praebeant.

1218 595 1256 625 In
1274 605 1302 625 e.
1322 605 1365 626 m.
1385 595 1469 625 clero
1486 596 1623 625 civitatis
1641 601 1670 625 et
1685 595 1837 625 dioecesis
1853 595 2125 633 Salzeburgensis.

1220 648 1256 676 In
1271 657 1296 677 e.
1316 657 1359 677 m.
1378 648 1492 686 populo
1508 648 1644 677 civitatis
1661 653 1691 677 et
1706 648 1858 678 dioecesis
1875 648 2146 685 Salzeburgensis.

1219 701 1258 730 In
1284 710 1310 730 e.
1340 710 1382 730 m.
1409 701 1677 730 ministerialibus
1703 705 1733 730 et
1759 701 1903 731 vassallis
1926 701 2189 739 Salzeburgensis

1180 753 1342 784 ecclesiae.

1220 808 1258 836 In
1279 816 1306 838 e.
1324 817 1367 837 m.
1385 808 1595 845 suffraganeis
1612 807 1872 845 Salzeburgensis
1888 807 2053 838 ecclesiae.

1222 861 1258 889 In
1276 870 1303 890 e.
1318 870 1360 889 ni.
1378 870 1484 898 regem
1499 861 1717 890 Romanorum
1734 860 1879 890 hortatur
1891 866 1923 889 ut
1937 861 2077 890 savorem
2095 869 2189 889 suum

1182 914 1286 944 eidem
1308 914 1545 952 archiepiscopo
1562 914 1719 952 praebeat.

1224 980 1237 993 (ι
1257 967 1412 996 Numinis
1430 967 1560 1005 superni
1578 967 1798 1004 benignitas...
1821 983 1859 988 —
1876 966 1946 996 Dat.
1966 971 1998 996 ut
2014 975 2119 1005 supra.
2137 980 2150 992 »

1252 1139 1508 1168 4231-4234

1218 1201 1261 1227 De
1278 1201 1377 1227 eodem
1395 1202 1519 1235 negotio.
1537 1200 1620 1232 (Rau.
1638 1200 1680 1231 45,
1699 1208 1724 1226 c.
1743 1200 1816 1234 7422,
1834 1200 1853 1226 f.
1875 1200 1917 1226 151
1940 1202 1991 1232 vu.)

1728 1137 1855 1170 Orvieto,
1876 1138 1903 1163 11
1922 1138 2026 1164 se'vrier
2045 1137 2121 1164 1201.

1223 1305 1322 1333 Nobili
1338 1305 1403 1332 viro
1416 1304 1544 1338 Αίρενιο,
1556 1302 1660 1332 comiti
1671 1303 1796 1332 Gorslie.
1814 1302 1896 1331 Eum
1908 1306 1997 1339 rogat
2009 1302 2194 1331 ethortatur
2210 1339 2213 1341 ι

1185 1361 1218 1386 ut
1234 1357 1457 1392 Chuni-adum,
1475 1356 1759 1394 salzeburgensem
1780 1356 2069 1394 archiepiscopum,
2088 1356 2194 1386 favore

1184 1417 1241 1438 suo
1257 1413 1479 1447 prosequatur.
2014 1401 2017 1403 ’

1226 1474 1239 1488 κ
1258 1461 1441 1491 Laudabilis
1458 1461 1552 1491 habet
1567 1461 1736 1490 assertio...
1754 1478 1792 1482 ——
1809 1462 1879 1490 Dat.
1899 1466 1934 1490 ut
1951 1470 2057 1499 supra.
2078 1472 2090 1487 n

1225 1516 1263 1544 In
1280 1526 1306 1544 e.
1327 1524 1368 1544 m.
1389 1515 1568 1551 Ludewico,
1583 1515 1693 1544 comiti
1712 1514 1851 1553 palatino
1872 1515 1965 1551 Heni,
1985 1515 2059 1544 duci
2078 1515 2193 1544 Bawa-

1184 1568 1261 1597 riae.

1225 1622 1263 1650 In
1279 1630 1306 1650 e.
1325 1630 1368 1650 rn.
1388 1645 1408 1650 ..
1427 1621 1497 1650 duci
1513 1621 1673 1650 Austriae.

1227 1687 1241 1701 «
1263 1676 1297 1704 Si
1312 1675 1440 1704 culmen
1458 1674 1562 1703 veri...
1581 1690 1621 1696 —
1639 1674 1711 1703 Dat.
1731 1678 1887 1712 utsupra.
1909 1686 1922 1700 »

1226 1727 1261 1756 lu
1283 1737 1309 1757 e.
1328 1737 1371 1756 m.
1392 1750 1411 1756 ..
1432 1728 1505 1757 duci
1521 1726 1720 1757 Carintbiae.

1257 1901 1445 1929 4235-42
1451 1901 1507 1928 3ss

1223 1963 1308 1990 Petro
1325 1962 1359 1988 de
1376 1962 1554 1988 Castrobono
1571 1961 1770 1988 canonicatum
1788 1962 1814 1988 in
1832 1961 1973 1988 Asisinati
1989 1962 2111 1988 ecclesia
2128 1970 2197 1988 con-

1187 2013 1251 2038 fert.
1269 2012 1352 2045 (Res.
1370 2012 1418 2045 45,
1434 2020 1460 2038 c.
1478 2012 1545 2044 743,
1563 2011 1581 2038 f.
1604 2012 1653 2037 15?
1669 2012 1716 2043 ΓΟ.)

1725 1899 1852 1933 Ort-iem,
1872 1899 1901 1925 12
1915 1899 2028 1934 janvier
2048 1900 2123 1926 1291.

1227 2115 1314 2143 Petro
1335 2114 1368 2142 dc
1385 2114 1581 2150 Castrobono,
1599 2114 1743 2142 canonico
1761 2112 1933 2149 Asfst‘nats,
1952 2112 1991 2141 ad
2010 2112 2197 2142 instantiam

1188 2167 1333 2205 magistri
1349 2166 1526 2202 Johannis,
1550 2166 1663 2195 decani
1681 2166 1882 2202 Baiocensis,
1901 2170 2028 2195 sanctae
2046 2174 2198 2195 romanae

1189 2220 1340 2250 ecclesiae
1356 2219 1622 2255 vicecancellarii,
1640 2218 1865 2248 canonicatum
1884 2224 1913 2248 et
1930 2218 2144 2257 praebendam
2163 2218 2196 2247 in

1188 2274 1320 2304 ecclesia
1339 2274 1491 2303 Asisinati
1507 2273 1642 2303 confert.

1230 2339 1243 2353 <r
1263 2328 1437 2357 Personam
1458 2331 1544 2356 tuam
1565 2326 1640 2355 de...
1663 2343 1702 2348 —-
1720 2326 1792 2356 Dat.
1813 2327 1897 2365 apud
1914 2326 2177 2356 Urbemveterem
2190 2348 2197 2361 ,

1189 2391 1209 2411 11
1225 2382 1297 2411 idus
1310 2381 1463 2419 januarii,
1484 2388 1569 2409 anno
1586 2380 1717 2409 tertio.»

1229 2435 1267 2463 In
1283 2443 1311 2464 e.
1329 2443 1372 2463 m.
1390 2433 1539 2471 Bulgaro,
1555 2432 1652 2462 electo
1667 2433 1835 2469 Perusino,
1854 2455 1874 2462 ..
1890 2432 1995 2461 abbati
2010 2432 2199 2461 monasterii

1189 2488 1296 2518 Sancti
1314 2487 1398 2516 Petri
1415 2487 1587 2516 Asisinatis
1606 2491 1637 2516 et
1652 2485 1782 2516 Nicolao
1798 2486 1836 2515 de
1852 2486 2025 2524 Yporegin,
2044 2486 2200 2515 canonico

1190 2540 1369 2577 Leodiensi,
1402 2539 1531 2569 mandat
1555 2544 1589 2569 ut
1616 2539 1812 2578 praedictum
1839 2539 1970 2568 Petrum
2000 2539 2034 2567 in
2066 2538 2199 2568 ecclesia

1190 2594 1346 2624 Asisinati
1365 2593 1515 2623 facientes
1539 2593 1573 2621 iu
1595 2593 1789 2622 canonicum
1805 2592 1926 2632 recipi,
1947 2600 2020 2621 eum
2038 2591 2070 2620 in
2090 2599 2199 2629 corpo-

1190 2647 1289 2677 ralem
1305 2647 1536 2685 possessionem
1553 2646 1758 2675 canonicatus
1772 2649 1801 2674 et
1814 2644 2013 2683 praebendae
2029 2643 2195 2672 inducant.

1233 2713 1246 2727 «
1263 2701 1439 2730 Personam
1455 2699 1562 2728 dilecti
1582 2699 1679 2728 filii...
1698 2715 1735 2719 ——
1751 2698 1822 2727 Dat.
1841 2703 1876 2727 ut
1891 2705 1998 2735 supra.
2018 2709 2031 2722 υ

1261 2873 1380 2901 423ἵ
1397 2872 1515 2900 4238

1228 2936 1435 2971 Indulgentiae.
1454 2935 1536 2969 inm.
1554 2934 1596 2965 411,
1614 2942 1639 2960 c.
1656 2933 1717 2964 744,
1734 2933 1754 2959 Γ.
1773 2932 1821 2958 152
1839 2933 1887 2964 1¹⁰.)

1736 2869 1863 2902 Orvicto,
1880 2869 1913 2895 20
1930 2869 2032 2895 fex-viei-
2053 2867 2128 2894 129¹.

1234 3040 1387 3069 Universss
1411 3038 1525 3068 Christi
1543 3037 1682 3074 fidelibus
1696 3040 1846 3073 presencvs
1867 3035 1984 3063 litleras
2007 3032 2199 3069 inspecturis.

2026 3098 2059 3125 73
