2477 3637
224 372 280 403 322
972 367 1210 398 REGISTRES
1232 367 1286 397 DE
1309 364 1494 396 NICOLAS
1517 366 1573 395 IV.

297 439 316 467 Ι
325 439 350 466 ⁸!
359 438 378 465 Ι
387 438 414 465 2
493 433 840 468 Sainte-Maric-Majeure,
856 433 890 460 ‘29
907 434 1062 460 novembre
1080 414 1165 461 ¹289..

260 498 444 534 Dispensatio
461 505 548 532 super
565 496 722 530 pluralitate
739 495 954 522 beneficiorum.
971 495 1054 529 (Rau.
1073 496 1116 529 44,
1128 504 1153 523 c.
1167 496 1228 529 63⁶2,

223 549 243 575 t.
258 548 308 574 ‘255
325 549 372 579 ro.)

263 649 349 678 Petro
365 648 398 676 de
412 647 578 680 Sabnudia,
594 647 738 675 canonico
754 646 984 675 Saresbiricnsi.
1001 645 1082 675 Cum
1098 654 1145 681 eo,
1158 654 1230 676 con-

223 701 415 732 sideratione
437 701 488 734 Ε.
516 700 599 737 regis
619 699 773 737 Angliae‚
795 699 1030 737 consanguinei
1053 700 1139 738 ejus,
1163 699 1230 729 dis-

223 759 334 794 pensat
353 758 386 783 ut
405 758 527 792 praeter
549 754 773 783 canonicatum
797 757 827 782 et
846 753 1059 791 praebendam
1085 753 1231 783 Sat-esbi-

223 808 340 838 rieusis
356 806 508 837 ecclesiae
523 816 625 837 unum
639 806 727 836 aliud
745 806 938 836 beneficium
956 807 1100 836 obtinere
1117 806 1229 843 valeat,

223 870 407 900 quanquam
425 861 540 899 viginti
558 861 700 899 quinque
717 869 819 890 annos
839 860 982 890 noudum
1001 864 1094 890 natus
1113 860 1162 890 sit.

265 927 277 942 ι
305 915 456 945 Habetin
474 915 601 945 nobis...
624 932 661 936 —
679 914 749 944 Dat.
771 919 925 953 utsupra.
953 926 966 939 η

298 1062 413 1091 {⁸213

261 1123 387 1151 Licentia
402 1123 580 1158 ingrediendi
593 1124 809 1150 monasterium.
822 1123 905 1156 (Rau.
919 1123 962 1153 44,
980 1132 1005 1150 c.
1017 1123 1078 1153 633,
1091 1123 1110 1149 s.
1124 1122 1232 1155 25:310.)

485 1060 842 1096 Sainte-Marie-Majeure,
859 1060 892 1089 ⁴29
910 1061 1063 1087 novembre
1082 1060 1158 1087 1289.

266 1226 362 1256 Nobili
391 1227 516 1255 mulieri
549 1226 693 1261 Beatrici,
725 1227 814 1255 umori
838 1225 939 1255 dilecti
961 1226 1022 1263 filii
1046 1226 1159 1255 nobilis
1172 1226 1234 1254 viri

224 1280 373 1310 Iohannis
399 1280 434 1308 de
464 1279 619 1314 Grelliaco,
650 1279 850 1308 Gebennensis
877 1280 1012 1315 diocesis,
1038 1278 1184 1316 indulget
1201 1282 1235 1308 ut

226 1333 456 1363 monasterium
473 1333 511 1361 de
533 1332 742 1372 Bonomonte,
769 1332 992 1362 Cisterciensis
1009 1332 1150 1368 ordinis,
1171 1331 1234 1362 Ge-

225 1386 402 1416 benneusis
426 1385 593 1422 dioecesis,
620 1394 693 1415 cum
727 1386 871 1423 quinque
894 1385 1050 1414 matronis
1070 1385 1233 1421 honestis,

226 1439 404 1469 devotionis
422 1447 533 1474 eausa,
551 1438 598 1468 bis
624 1439 656 1467 in
677 1447 763 1468 anno
782 1438 907 1476 ingredi
926 1438 1039 1473 valeat,
1059 1438 1235 1469 dummodo

226 1493 258 1522 in
279 1492 471 1521 monasterio
491 1500 554 1521 non
571 1492 641 1521 edat
657 1500 715 1521 nec
733 1496 905 1530 pernoctet.

268 1558 281 1572 ι
306 1546 401 1576 Pium
419 1546 615 1576 arbitramur
630 1550 696 1575 et...
713 1561 754 1567 —
775 1546 845 1575 Dat.
865 1550 1020 1584 utsupra.
1038 1557 1050 1571 ›

299 1693 319 1720 Ι
328 1692 452 1720 *2141
462 1692 546 1720 ’219
809 1691 1164 1727 Sainte-Marie-Majeure.

262 1753 470 1789 Indulgentiae.
488 1754 569 1787 (Rae.
588 1754 630 1785 44,
648 1762 674 1780 c.
693 1753 767 1788 6332,
784 1754 804 1780 f.
821 1754 929 1787 2551·⁰;
946 1754 1066 1789 Pons„
1081 1754 1190 1787 23131.)

270 1880 290 1886 ..
305 1857 480 1894 quardiano
496 1863 521 1886 et
537 1858 698 1886 conventui
714 1857 820 1886 domus
836 1858 974 1893 fratrum
995 1859 1154 1887 minorum
1180 1858 1239 1887 Lu-

229 1920 311 1940 cane.
332 1910 572 1948 indulgentiam
590 1911 685 1940 unius
701 1911 779 1940 anni
796 1915 825 1940 et
841 1921 877 1940 xc
894 1911 1023 1941 dierum
1036 1911 1239 1942 concediteis

229 1965 286 2003 qui
298 1964 456 2003 predictae
467 1964 581 1994 domus
593 1964 771 2002 ecclesiam,
784 1964 985 1995 inhonorem
1000 1966 1108 1996 beatae
1120 1966 1240 1996 Mariae

230 2017 438 2055 Magdalenae
456 2021 683 2055 constructam,
704 2019 737 2048 in
755 2019 899 2057 ejusdem
922 2024 1049 2050 sanctae
1072 2019 1240 2049 festivitate

228 2071 441 2101 visitaverint.

271 2138 283 2151 a
311 2125 398 2154 Licet
413 2126 440 2155 is
456 2125 532 2155 de...
551 2142 590 2147 —-
610 2126 679 2155 Dat.
701 2126 812 2162 Rome,
829 2126 915 2165 apud
933 2126 1084 2156 Sanctam
1102 2127 1250 2169 Mariam¹

231 2180 425 2217 Majorem...
443 2188 529 2209 anno
548 2179 688 2210 secundo
703 2180 758 2219 (1).
785 2192 798 2207 ι)

272 2233 307 2261 In
330 2242 357 2262 e.
380 2242 423 2262 m.
451 2256 470 2261 ..
502 2232 679 2270 guardiano
706 2236 735 2263 et
762 2234 933 2264 conventui
965 2234 1078 2264 domus
1105 2234 1240 2264 fratrum

230 2286 392 2315 minorum
411 2285 636 2323 pistoriensis,
655 2294 710 2324 pro
733 2287 866 2316 ecclesia
882 2295 1011 2323 eorum,
1030 2287 1063 2317 in
1085 2287 1240 2318 honorem

230 2338 339 2368 beatae
357 2339 478 2368 Mariae
495 2339 705 2377 Magdalenae
721 2345 911 2371 constructa.

512 2416 873 2453 Sainte-lilarie-Majeure,
891 2420 906 2446 5
922 2419 1074 2446 decembre
1091 2420 1169 2448 1289.

272 2480 307 2508 In
328 2489 354 2509 e.
376 2488 418 2508 m.
441 2503 460 2508 ..
481 2480 658 2510 abbatissae
676 2486 706 2510 et
727 2483 899 2512 conventui
925 2484 1113 2514 monasterii
1133 2483 1242 2514 Sancti

232 2533 362 2562 Martini
389 2537 475 2562 extra
505 2542 614 2564 muros
639 2534 814 2572 Verulani,
845 2536 970 2566 ordinis
997 2536 1029 2568 S.
1064 2537 1240 2568 Benedicti.

232 2586 374 2616 Eandem
400 2586 635 2625 indulgentiam
657 2589 804 2619 concedit
821 2590 867 2619 eis
885 2590 940 2629 qui
959 2590 1125 2620 ecclesiam
1144 2590 1241 2631 hujus

232 2640 431 2676 monasterii,
447 2641 479 2670 in
496 2641 652 2671 honorem
670 2642 702 2672 S.
723 2643 852 2673 Martini
869 2648 1094 2682 constructam,
1109 2645 1144 2674 in
1160 2645 1241 2685 ejus-

231 2693 304 2723 dem
328 2694 429 2724 sancti
450 2698 480 2724 et
506 2695 615 2725 beatae
637 2696 757 2726 Mariae
784 2697 1008 2728 festivitatibus
1030 2699 1239 2729 visitaverint.

235 2746 305 2776 Dat.
335 2749 471 2785 Romae,
499 2749 583 2787 apud
608 2749 759 2780 Sanctam
785 2751 923 2782 Mariam
951 2752 1122 2791 Maj0rem,
1148 2754 1242 2783 nonis

232 2800 424 2838 decembris,
442 2811 528 2832 anno
545 2803 688 2834 secundo
702 2804 762 2843 (En
780 2805 908 2844 marye).

490 2882 856 2920 Sainte-tttarie-Majeure,
876 2887 907 2914 13
924 2886 1075 2914 decembre
1094 2888 1168 2916 1289.

277 2943 312 2971 lu
333 2952 359 2972 e.
383 2953 425 2973 m.
449 2945 607 2975 universis
630 2947 751 2977 Christi
774 2948 923 2979 fidelibus
949 2954 1131 2988 praesentes
1156 2950 1240 2981 litte-

265 3047 299 3077 (1)
309 3047 359 3071 Pas
377 3048 479 3073 d'autre
492 3051 568 3077 date:
587 3053 714 3083 velleque
727 3054 817 3078 donne
830 3055 1238 3086 1³0tt11.(=23131)es1arbim-aire.

1312 441 1362 462 ras
1382 431 1584 470 inspecturis.
1606 431 1748 461 Eandem
1772 430 2008 469 indulgentiam
2029 432 2175 462 concedit
2195 433 2241 462 eis
2265 433 2320 472 qui

1312 485 1479 515 ecclesiam
1507 485 1642 514 fratrum
1668 478 1831 514 minorum
1859 484 1896 514 de
1924 484 2135 522 Alexandria,
2162 486 2322 524 Aquensis

1312 538 1483 575 dioecesis,
1500 538 1533 568 in
1551 537 1583 567 S.
1602 537 1736 568 Antonii
1755 542 1785 567 et
1802 542 1928 568 sanctae
1945 539 2080 576 Agnetis
2098 538 2322 570 festivitatibus

1313 597 1342 622 et
1359 593 1390 621 in
1403 591 1627 621 anniversario
1641 591 1693 621 die
1706 591 1915 621 dedicationis
1927 591 2070 629 ejusdem
2086 591 2238 623 ecclesiae
2251 593 2322 623 visi-

1315 644 1466 674 taverint.
1485 644 1558 674 Dat.
1585 644 1720 679 Romae,
1737 644 1819 683 apud
1837 644 1988 674 Sanctam
2005 645 2139 675 Mariam
2156 645 2322 683 Majorem,

1315 698 1424 728 idibus
1439 697 1629 733 decembris,
1643 705 1729 727 anno
1745 697 1885 727 secundo
1899 697 2010 737 (Ibid.;
2028 698 2164 735 Pori-u„
2181 698 2302 738 23144).

1572 776 1937 812 Saintu-Maric-MaJeure‚
1954 778 1986 805 ‘28
2003 778 2158 805 novembre
2176 777 2265 805 1289ss

1356 841 1390 870 ln
1411 850 1438 870 e.
1459 850 1504 871 m.
1523 864 1542 870 ..
1563 840 1710 879 episcopo
1729 844 1758 869 et
1776 839 1914 878 capitulo
1932 840 2219 870 NemausensibnS.
2240 840 2320 870 Ean-

1314 894 1386 924 dem
1412 893 1647 932 indulgentiam
1675 893 1821 924 concedit
1845 894 1891 923 eis
1918 894 1972 932 qui
1996 893 2250 923 Nemausensem
2273 901 2323 924 ec-

1314 947 1463 983 clesiam,
1493 947 1524 977 in
1557 947 1712 977 honorem
1742 946 1853 976 heatae
1881 947 2002 977 Mariae
2030 951 2260 982 constructam.
2291 947 2325 977 in

1315 1001 1459 1041 ejusdem
1485 1001 1620 1039 virginis
1652 1000 1878 1031 festivitatibus
1911 1005 1942 1030 et
1967 1001 1999 1030 in
2026 1001 2246 1031 anniversario
2274 1000 2326 1031 die

1315 1054 1526 1085 dedicationis
1542 1054 1685 1094 ejusdem
1704 1054 1856 1084 ecclesiae
1872 1054 2081 1084 visitaverint.
2107 1055 2179 1084 Dat.
2194 1054 2324 1091 Romae,
2372 1078 2374 1083 .
2410 1041 2414 1084 ,Ι

1315 1108 1398 1147 apud
1415 1108 1565 1138 Sanctam
1582 1109 1716 1138 Mariam
1730 1108 1950 1147 Maioremffln
1967 1108 2122 1138 kalendas
2136 1107 2326 1141 decembris,

1316 1170 1402 1192 anno
1418 1162 1558 1192 secundo
1569 1161 1686 1201 (thid).
2236 1159 2251 1169 χ

1579 1240 1940 1275 sainte-Marie-MaJeure,
1958 1241 1989 1268 21
2007 1241 2159 1268 decembre
2175 1241 2255 1269 1289.

1358 1305 1394 1334 ln
1413 1313 1441 1334 e.
1459 1313 1502 1334 m.
1517 1305 1677 1335 universis
1693 1305 1813 1335 Christi
1832 1304 1983 1334 fidelibus
2004 1309 2186 1343 praesentes
2209 1305 2329 1336 litteras

1316 1358 1519 1396 inspecturis.
1541 1358 1684 1389 Eandem
1709 1358 1948 1396 indulgentiam
1968 1358 2114 1388 concedit
2137 1358 2182 1388 eis
2202 1358 2258 1397 qui
2278 1367 2329 1392 ece

1318 1410 1450 1441 clesiam
1483 1412 1669 1442 monasterii
1700 1411 1810 1442 Sancti
1842 1411 1972 1441 Vedasti
2001 1412 2264 1448 Atrebatensem‚
2289 1411 2329 1442 ad

1318 1473 1485 1495 romanam
1512 1464 1679 1494 ecclesiam
1710 1465 1798 1495 nullo
1831 1465 1936 1495 medio
1970 1465 2181 1504 pertinentis,
2205 1465 2329 1496 ordinis
2372 1470 2378 1498 ἶ
2408 1461 2414 1503 l]
2439 1503 2442 1506 y

1319 1517 1352 1547 S.
1373 1517 1549 1555 Benedicti,
1571 1518 1605 1547 in
1622 1518 1653 1548 S.
1674 1518 1801 1548 Vedasti
1818 1523 1848 1548 et
1864 1518 1896 1548 S.
1918 1518 2081 1548 Benedicti
2104 1518 2329 1548 festivitatibus

1319 1572 1530 1602 visitaverint.
1552 1572 1623 1601 Dat.
1644 1573 1778 1608 Romae,
1799 1572 1882 1611 apud
1901 1572 2052 1602 Sanctam
2075 1573 2211 1602 Mariam
2233 1572 2329 1612 Majo-
2365 1589 2373 1600 .

1319 1634 1406 1662 rem,
1423 1635 1465 1655 xn
1481 1625 1634 1655 kalendas
1647 1625 1807 1664 januarii,
1824 1634 1910 1656 anno
1927 1626 2068 1656 secundo
2082 1625 2200 1665 (with).

1395 1800 1511 1829 1220

1356 1862 1542 1899 Dispensatio
1558 1871 1647 1898 super
1665 1864 1825 1899 pluralitate
1839 1864 2047 1891 beneficiorum
2070 1867 2099 1891 et
2122 1863 2234 1891 defectu
2251 1867 2330 1891 aeta-

1321 1911 1369 1938 tis.
1389 1912 1470 1944 (Res.
1489 1913 1532 1944 44,
1549 1920 1574 1939 c.
1592 1912 1654 1944 634,
1673 1913 1691 1939 f.
1710 1913 1762 1939 ‘255
1775 1913 1826 1947 vo.)

1584 1798 1948 1834 Sainte-Marie-Majeure,
1960 1799 1994 1827 20
2009 1800 2164 1827 novembre
2181 1799 2258 1827 1289.

1364 2014 1524 2044 Guillelmo
1541 2015 1691 2051 Brunelli,
1705 2016 1855 2053 preposito
1871 2016 1986 2045 ecclesie
2007 2016 2167 2046 Weltensis.
2185 2014 2267 2045 Cum
2283 2023 2328 2051 eo.
2366 2007 2370 2009 “
2402 2041 2404 2050 ,

1322 2067 1440 2105 viginti
1450 2071 1480 2097 et
1492 2071 1553 2098 tres
1566 2076 1668 2098 annos
1680 2073 1764 2104 nato¹
1775 2068 2033 2100 consideratione
2048 2069 2166 2100 nobilis
2175 2069 2237 2099 viri
2248 2068 2330 2099 Odo-

1322 2121 1374 2151 nis
1390 2121 1428 2151 de
1444 2121 1666 2158 Grandisono,
1682 2122 1846 2161 dispensat
1865 2127 1898 2152 ut
1915 2123 2167 2162 praeposituram
2184 2121 2330 2153 Wellen-
2364 2111 2369 2147 Ᾰ
2402 2109 2408 2132 ”’

1324 2175 1367 2205 sis
1396 2175 1551 2206 ecclesiae
1577 2180 1608 2205 et
1635 2175 1804 2206 ecclesiam
1839 2176 1878 2206 de
1913 2176 2137 2214 Westerham,
2173 2176 2332 2207 Roffensis
2355 2172 2367 2210 ,ἶ

1323 2228 1492 2267 dioecesis,
1520 2238 1599 2268 quas
1632 2230 1738 2260 minor
1762 2234 1855 2260 natus
1884 2230 2000 2269 viginti
2027 2239 2130 2261 annos
2153 2230 2273 2269 recepit
2302 2233 2332 2260 et
2355 2220 2358 2227 ’
2381 2240 2385 2246 ·
2407 2222 2408 2227 ¹

1324 2282 1394 2312 sine
1420 2283 1659 2322 dispensatione
1689 2283 1810 2318 tenuit,
1841 2292 1906 2314 una
1929 2293 2003 2314 cum
2035 2284 2276 2315 canonicatibus
2301 2287 2332 2314 et.
2360 2297 2366 2310 ·
2404 2276 2406 2288 ¹

1323 2335 1514 2374 praebendis
1530 2345 1611 2375 quae
1632 2337 1665 2366 in
1683 2336 1929 2374 Lichet'eldensi,
1948 2337 2189 2374 Saresbiriensi,
2207 2337 2330 2368 Lauda-

1323 2388 1426 2425 vensi,
1446 2388 1631 2418 Menevensi
1650 2393 1680 2419 et
1696 2390 1804 2419 Sancti
1826 2389 2016 2427 Audomari,
2042 2389 2235 2421 Morinensis
2250 2389 2332 2420 dioe-
2366 2411 2367 2414 =
2418 2405 2420 2411 ι

1323 2441 1419 2478 cesis,
1437 2441 1579 2471 ecclesiis
1595 2442 1747 2481 possidet,
1767 2443 1905 2473 retinere
1922 2446 2032 2482 possit.

1365 2506 1378 2521 α
1404 2494 1518 2524 Merita
1541 2499 1593 2525 tue
1615 2495 1816 2534 probitatis...
1836 2513 1875 2518 —
1894 2496 1965 2527 Dat.
1986 2496 2104 2534 Rome,
2125 2496 2209 2535 apud
2231 2495 2330 2527 Sanc·
2356 2488 2360 2492 ’

1323 2553 1388 2578 tam
1414 2548 1551 2578 Mariam
1580 2549 1750 2588 Majorem,
1776 2559 1818 2579 xu
1845 2549 1999 2580 kalendas
2029 2550 2223 2587 decembris,
2246 2557 2351 2580 anno>

1324 2611 1396 2632 secu
1403 2602 1475 2632 udo.
1496 2614 1509 2629 ι

1397 2783 1506 2811 ¹221

1359 2844 1544 2880 Dispensatio
1561 2845 1734 2872 residentiae
1749 2849 1778 2873 et
1794 2854 1882 2882 super
1893 2846 2008 2873 defectu
2023 2846 2166 2874 ordinum.
2183 2846 2266 2881 (Rae.
2283 2846 2326 2878 tt,

1323 2902 1349 2922 c.
1368 2894 1441 2927 634²,
1460 2894 1478 2920 f.
1495 2893 1547 2921 255
1563 2896 1614 2927 νο.)

1593 2782 1940 2818 Sainte-Marie-Majeure,
1955 2783 1989 2811 22
2006 2784 2163 2812 novembre
2179 2784 2258 2812 ¹289.

1364 2997 1524 3026 Guitlelmo
1537 2997 1686 3034 Brunelli‚
1701 2999 1810 3028 rectori
1825 2997 1943 3028 ecclesie
1957 2999 1991 3028 de
2012 2997 2200 3036 Westerham,
2216 2999 2327 3036 Bolsen-

1321 3050 1363 3078 εἰς
1380 3050 1520 3086 diocesis,
1539 3048 1685 3088 indulget
1704 3055 1737 3080 ut
1756 3059 1855 3090 usque
1874 3050 1913 3080 ad
1937 3051 2214 3090 quinquennium,
2231 3050 2325 3079 disci-
