2477 3637
211 351 270 383 208
961 342 1198 374 REGISTRES
1218 343 1274 373 ΒΕ
1294 340 1480 373 NICOLAS
1502 341 1558 371 IV.

211 416 442 451 consentirent,
451 414 615 444 incurrere
623 410 811 442 decernebat
825 411 893 449 ipso
905 410 995 447 facto,
1008 411 1050 440 ita
1057 410 1140 449 quod
1148 413 1217 449 post

213 457 500 508 {ransgressionem
512 464 708 505 hujusmodi,
717 463 869 503 quicquid
879 464 1000 493 ratione
1008 463 1214 502 dignitatum,

212 523 529 556 administrationum
546 518 595 549 vel
610 518 790 549 officiorum
808 522 837 547 et
852 517 1083 547 beneficiorum
1100 516 1215 555 hujus-

213 577 300 608 modi
316 580 457 614 agerent,
474 573 602 604 irritum
610 571 792 608 haberetur,
802 570 904 601 edicto
916 575 1066 610 perpetuo
1076 579 1216 610 persnas

213 631 344 661 duxerat
364 628 482 658 litteras
508 624 722 656 inhibendum
750 633 790 654 ne
813 633 849 654 ex
873 629 947 654 tunc
968 624 1045 654 dicti
1070 624 1167 653 abbas
1187 626 1218 654 et

212 687 400 717 conventus,
418 689 473 719 per
484 689 517 709 se
524 679 572 710 vel
582 679 673 714 alios,
684 678 797 718 quovis
809 678 940 716 ingenio
953 687 1009 708 seu
1017 677 1122 713 modo,
1131 671 1218 707 occass

213 737 302 767 sione
332 734 472 765 custodie
495 733 684 772 supradicte.
709 732 742 762 in
769 731 899 770 prefatis
919 731 968 761 vel
993 730 1217 761 consimilibus

211 794 267 820 aut
278 788 352 819 aliis
364 787 620 827 quibuscumque
635 786 772 822 casibus,
785 785 1023 815 contradictum
1033 784 1216 823 episcopum

213 843 262 874 vel
275 850 470 873 successores
486 842 567 880 ejus,
580 845 635 870 aut
648 840 801 878 prefatam
813 838 1105 869 Cathalaunensem
1121 837 1219 868 eccle-

213 897 307 932 siam,
322 896 389 925 sive
405 895 509 925 eidem
524 894 669 933 episcopo
685 892 733 923 vel
749 892 880 923 ecclesie
897 892 1035 931 predicte
1047 892 1216 930 subjectos,

214 949 367 989 quamdiu
390 949 490 988 parati
506 952 612 978 essent
632 955 739 977 coram
757 946 867 977 eodem
884 945 1028 985 episcopo
1044 945 1078 974 in
1095 944 1218 984 judicio

213 1003 417 1043 respondere,
434 1002 556 1032 dictum
571 1001 722 1032 comitem
740 1000 788 1031 vel
804 1000 938 1030 ballivos
954 1008 1039 1035 suos,
1059 1008 1114 1029 seu
1131 999 1219 1029 aliud

214 1057 356 1088 seculare
375 1056 555 1092 brachium,
573 1056 778 1091 invocarent,
797 1058 827 1084 et
840 1054 867 1084 si
883 1054 1048 1084 occasione
1064 1053 1218 1092 premisse

214 1111 357 1142 custodie
380 1110 485 1140 eidem
504 1110 648 1148 episcopo
665 1108 714 1138 vel
736 1107 971 1138 successoribus
987 1107 1065 1142 suis,
1086 1106 1219 1136 ecclesie

214 1164 465 1196 Catlialaunensi
478 1168 532 1193 aut
545 1162 682 1193 subditis
696 1162 897 1201 supradictis,
913 1170 967 1200 per
979 1160 1107 1191 eosdem
1119 1160 1218 1190 comi-

215 1223 278 1249 tem
294 1222 323 1248 et
338 1218 483 1253 ballivos,
497 1222 551 1247 aut
565 1216 653 1246 aliud
665 1215 834 1246 brachium
848 1215 1002 1251 seculare,
1017 1215 1157 1252 dampna
1170 1213 1219 1244 vel

214 1272 351 1311 injurias
364 1269 720 1309 contingeretirrogari,
730 1269 814 1308 ipsos
823 1269 970 1299 abbatem
982 1272 1012 1298 et
1023 1272 1219 1298 conventum

213 1326 328 1356 debere
344 1325 427 1355 dicto
446 1325 590 1363 episcopo
607 1328 636 1353 et
651 1323 724 1353 aliis
739 1322 929 1361 supradictis
941 1322 979 1351 de
993 1321 1116 1351 elsdem
1130 1321 1220 1351 satis-

214 1380 317 1409 facere
332 1378 418 1408 idem
437 1377 638 1417 predecessor
655 1376 864 1406 Innocentius
881 1375 1073 1411 decreverat,
1094 1383 1130 1404 ac
1146 1384 1219 1413 gra-

214 1434 285 1463 vius
299 1431 486 1471 dejectionis
502 1430 734 1460 nichilominus
748 1433 965 1468 expectaturos
981 1428 1173 1468 periculum,
1191 1429 1219 1458 si

213 1486 451 1517 constitutionis
471 1490 502 1515 et
525 1484 753 1523 prohibitionis
777 1483 882 1513 forent
901 1487 1150 1521 transgressores
1168 1483 1219 1512 in-

213 1541 312 1572 venti.
332 1540 398 1570 Nos
420 1540 540 1578 itaque,
560 1538 622 1568 tuis
637 1537 925 1577 supplicationibus
942 1536 1108 1573 inclinati,
1133 1536 1218 1575 quod

212 1603 307 1633 super
323 1593 488 1633 premissis
505 1602 523 1622 a
544 1592 684 1631 predicto
702 1592 924 1630 predecessore
940 1590 1132 1621 Innocentio
1153 1591 1218 1621 sac-

212 1654 278 1679 tum
294 1653 355 1685 est,
374 1647 414 1677 ad
434 1647 536 1677 instar
554 1646 699 1686 ejusdem
721 1645 897 1676 Alexandri
919 1649 1024 1675 ratum
1045 1649 1075 1675 et
1092 1650 1218 1683 gratum

211 1703 377 1738 habentes,
398 1701 479 1731 illud
495 1701 679 1730 anctoritate
694 1699 864 1738 apostolica
884 1699 1106 1738 approbamus.
1126 1699 1219 1729 Nulli

212 1765 287 1794 ergo
303 1760 360 1785 etc.
379 1759 486 1785 nostre
502 1754 756 1785 confirmationis
775 1758 804 1783 et
822 1753 1056 1792 approbationis
1070 1758 1127 1783 etc.
1144 1753 1217 1784 Dat.

213 1811 326 1846 Rome,
343 1809 427 1848 apud
445 1809 594 1839 Sanctam
614 1808 749 1838 Mariam
767 1808 944 1847 Maj0rem,
965 1807 1112 1837 kalendis
1128 1808 1218 1844 maii,

213 1873 298 1895 anno
315 1863 464 1893 secundo.
485 1875 498 1889 n

254 1918 291 1947 In
308 1927 334 1947 e.
358 1926 398 1946 nt.
419 1940 438 1947 ..
456 1916 560 1946 abbati
579 1916 764 1946 monastein
778 1915 816 1945 de
832 1915 953 1952 Lutiia‚
966 1915 1090 1945 ordinis
1107 1915 1139 1945 S.
1161 1916 1220 1946 Be-

213 1971 351 2008 nedicti,
383 1970 573 2000 Bisuntinae
605 1969 776 2006 dioecesis,
810 1973 839 1999 et
874 1991 893 1998 ..
925 1969 1151 2000 archidiacono
1181 1969 1219 1999 de

214 2024 368 2061 Luxonio,
389 2032 425 2054 ac
443 2046 463 2053 ..
482 2024 679 2054 thesaurario
695 2023 847 2053 ecclesiae
865 2022 1070 2061 Bisunfinae,
1089 2023 1221 2053 mandat

214 2082 371 2116 quatenus
396 2077 590 2116 praedictam
613 2077 890 2107 confirmationem
915 2098 935 2105 ..
962 2077 1069 2106 abbati
1093 2081 1122 2106 et
1142 2085 1221 2106 con-

214 2131 322 2160 ventui
347 2130 378 2160 S.
407 2131 555 2160 Memiuii
580 2130 793 2167 denuntient,
820 2130 845 2159 si
870 2130 907 2159 ad
932 2130 992 2160 hoc
1017 2130 1221 2169 abepiscopo

213 2184 464 2214 Catlialaunensi
483 2185 605 2214 fuerint
626 2184 791 2223 requisiti,
815 2188 845 2214 et
869 2184 1007 2213 eundem
1025 2184 1219 2223 episcopum,

214 2247 409 2267 successores
441 2238 520 2276 ejus,
550 2238 599 2268 vel
625 2237 791 2268 ecclesiam
819 2237 1123 2274 Cathalaunensem,
1155 2239 1221 2267 sive

215 2291 358 2321 subditos
375 2300 496 2327 eorum,
514 2296 624 2321 contra
641 2290 897 2322 confirmationis
912 2290 1057 2329 ejusdem
1077 2295 1220 2321 tenorem

214 2344 378 2375 molestari
396 2353 458 2375 non
472 2345 669 2383 permittant.

285 2525 371 2554 969
832 2523 925 2555 Rieti,
945 2524 973 2550 11
989 2525 1054 2558 juin
1072 2524 1149 2552 1289.

251 2588 424 2615 Monasterio
439 2587 537 2614 Sancti
553 2586 679 2622 Spiritus
694 2586 729 2613 de
746 2586 866 2620 Magella
881 2586 964 2613 datur
983 2587 1107 2613 ecclesia
1123 2587 1223 2614 Sancti

216 2637 333 2664 Eusebii
349 2637 383 2663 de
399 2637 487 2664 Urbe.
505 2636 588 2669 (Rea.
606 2636 654 2667 44,
670 2643 696 2662 c.
713 2635 774 2668 242.
792 2635 812 2662 f.
832 2636 882 2662 159
899 2637 944 2666 1-0.)

259 2775 277 2782 ..
299 2753 398 2782 abbati
419 2758 446 2782 el
465 2753 626 2782 conventui
642 2752 822 2781 monasterii
836 2750 940 2781 Sancti
959 2751 1094 2790 Spiritus
1109 2752 1143 2781 de
1158 2753 1221 2782 Ma-

216 2807 306 2845 yella,
323 2807 440 2835 ordinis
454 2806 485 2835 S.
505 2807 665 2843 Benedicti,
682 2806 821 2835 Tlieatine
834 2806 969 2843 diocesis,
986 2806 1040 2835 dat
1055 2805 1221 2836 ecclesi-arn

218 2859 324 2889 Sancti
343 2859 485 2895 Eusebii,
505 2868 600 2898 prope
615 2859 783 2889 ecclesiam
804 2859 938 2889 Sanctae
955 2859 1075 2889 Mariae
1092 2859 1222 2898 Maj0ris

218 2912 256 2941 de
277 2911 362 2942 Urbe
380 2911 491 2949 sitam3
518 2912 615 2941 salvis
640 2917 744 2941 tamen
769 2916 799 2941 et
823 2912 991 2942 reservatis
1007 2911 1223 2942 cardinalatus

219 2965 310 2994 titulo
334 2969 364 2995 et
387 2965 656 3003 possessionibuS,
684 2965 777 2996 bonis
800 2969 830 2995 et
847 2965 976 3005 juribus
997 2965 1162 3002 omuibus,
1184 2964 1223 2995 ad

216 3026 423 3050 romanorum
441 3018 624 3056 pontificum
638 3019 806 3049 arbitrium
822 3018 1040 3058 disponendis.

1301 1463 1327 1482 c.
1344 1455 1407 1488 244,
1424 1455 1444 1481 f.
1462 1455 1512 1482 159
1528 1461 1571 1488 v⁰;
1589 1453 1656 1481 Lim.
1673 1462 1708 1481 nu
1721 1453 1820 1485 Tacit,
1838 1451 1886 1485 ΙΙ.)

1340 421 1353 435 α
1375 407 1423 438 Ad
1450 407 1556 437 divini
1581 406 1712 437 cultus..

1297 471 1384 492 anno
1401 460 1551 492 secundo.
1570 472 1584 487 ι»

1721 423 1786 436 .-
1809 406 1879 436 Dat.
1908 407 2021 444 Reate,
2048 417 2083 437 111
2110 407 2181 438 idus
2203 408 2303 447 junii,

1369 633 1457 663 9⁸20
1938 631 2017 659 Rieti
2027 654 2033 664 ‚
2047 632 2063 660 9
2075 631 2140 667 juin
2157 631 2237 659 1289.

1335 697 1453 724 Collatio
1470 696 1610 724 beneficii.
1627 695 1711 723 «Rau.
1730 696 1778 727 44,
1795 703 1820 722 c.
1838 694 1904 729 243,
1920 695 1940 722 f.
1959 695 2008 723 159
2024 696 2077 728 v0.)

1347 801 1512 830 Venerabili
1527 800 1621 836 fratri
1637 820 1658 828 ..
1676 799 1809 837 episcopo
1823 798 2031 835 Herbipolensi
2047 797 2180 828 mandat
2197 801 2308 836 quato-
2323 780 2330 805 ²

1300 861 1362 882 nus
1379 852 1544 882 ecclesiam
1562 850 1792 891 parrochialem
1810 850 1844 880 in
1862 850 2116 881 Sundervhoven
2129 874 2136 887 ,
2154 849 2319 890 Herhipor

1300 905 1399 935 lensis
1415 905 1586 942 dioecesis,
1607 913 1704 943 quam
1723 904 1898 942 resignavit
1914 904 2068 942 magister
2081 903 2256 942 Gregorius
2268 902 2311 935 do

1301 959 1407 996 Urbe,
1432 959 1575 989 conserat
1598 959 1818 995 Hartmanno‚
1841 957 1910 988 filio
1927 958 2092 997 quondam
2116 957 2251 988 Henrici
2270 954 2323 996 510⁷

1304 1012 1566 1049 Welaudeshem,
1584 1011 1700 1042 clerico
1719 1010 1864 1051 ejusdem
1883 1011 2050 1041 dioecesis.

1343 1077 1357 1092 «
1374 1065 1457 1096 Cum
1475 1065 1609 1096 dilectus
1633 1065 1758 1096 filius...
1776 1081 1814 1086 —
1831 1064 1902 1094 Dat.
1933 1064 2048 1100 Reate,
2073 1073 2094 1094 v
2115 1063 2188 1094 idus
2206 1063 2302 1103 junii,
2323 1081 2335 1099 ⁸.

1300 1128 1387 1150 anno
1403 1120 1552 1150 secundo.
1575 1131 1588 1147 2
2331 1112 2333 1114 ’

1373 1293 1456 1322 9·ss
1921 1290 2013 1322 Rieti,
2032 1291 2065 1321 17,
2077 1291 2142 1326 juin
2162 1290 2241 1319 1289.

1338 1355 1394 1382 Pro
1411 1356 1576 1382 liberatione
1592 1355 1754 1382 Guilaberti
1775 1354 1810 1381 de
1831 1353 1971 1389 Cruyssis,
1998 1353 2114 1380 Alfonsi
2137 1354 2215 1388 regis
2237 1353 2311 1382 Aral-

1302 1413 1410 1440 gonum
1431 1405 1531 1439 legati,
1547 1413 1564 1431 a
1580 1405 1657 1439 reg1s
1682 1404 1819 1431 Franciae
1835 1403 2008 1430 officialibus
2025 1402 2143 1430 detenti.
2160 1402 2244 1436 (Rau.
2262 1395 2309 1437 44ss

1343 1557 1507 1587 Carissimo
1532 1557 1567 1586 in
1595 1556 1713 1586 Christo
1737 1556 1803 1593 filio
1829 1555 1996 1593 Phylippo.
2027 1555 2094 1592 reyi
2121 1555 2312 1586 Francorum

1300 1612 1430 1641 illustri.
1451 1611 1531 1641 Eum
1554 1613 1642 1649 rogat
1669 1613 1702 1640 ut
1730 1608 1869 1639 libertati
1888 1608 2033 1638 restituat
2049 1607 2189 1638 nobilem
2206 1608 2330 1641 virum·-

1301 1665 1525 1696 Guilabertum
1541 1664 1579 1694 de
1595 1662 1739 1703 Cruyllis
1751 1687 1758 1700 ‚
1776 1662 2002 1693 Gerundensis
2017 1661 2182 1694 dioecesis.
2201 1670 2322 1703 queuis

1301 1719 1341 1749 ab
1376 1719 1511 1748 Alsonso
1527 1742 1533 1755 ,
1570 1721 1644 1747 nato
1667 1716 1830 1756 quondam
1871 1716 1957 1746 Petri
1994 1715 2078 1754 regis
2106 1707 2316 1756 Aragonum}

1304 1778 1379 1803 tunc
1408 1773 1503 1802 citato
1533 1779 1641 1801 coram
1663 1770 1737 1800 sede
1756 1769 1946 1809 apostolica,
1975 1768 2015 1799 ad
2041 1767 2177 1799 eandem
2203 1767 2312 1800 sedent

1302 1826 1449 1863 missum,
1474 1825 1649 1864 petiturum
1665 1831 1721 1862 pro
1736 1823 1804 1862 ipso
1825 1823 1920 1853 Petro
1936 1821 2057 1852 litteras
2078 1821 2117 1852 de
2136 1821 2222 1852 salvo
2236 1827 2327 1852 cona«

1302 1881 1415 1917 ductu,
1432 1877 1585 1909 officiales
1603 1877 1709 1915 regiae
1725 1876 1844 1914 curiae,
1863 1885 1937 1906 cum
1959 1884 2014 1914 per
2036 1875 2206 1906 Franciam
2225 1875 2326 1906 tran-⁴·-

1301 1934 1389 1970 siret,
1402 1936 1574 1971 coeperunt
1587 1935 1617 1961 et
1631 1930 1736 1961 adhuc
1750 1930 1910 1969 captivum
1927 1930 2082 1959 detinent.

1345 2000 1359 2014 a
1379 1986 1547 2018 Credimus
1560 1984 1724 2015 carissime
1739 1983 1826 2014 fili...
1840 1984 1958 2013 —Dat.
1975 1984 2085 2020 Reate,
2102 1991 2143 2013 xv
2158 1977 2321 2026 kalendas⁴

1300 2041 1387 2081 julii,
1404 2048 1490 2070 anno
1505 2038 1654 2069 secundo.
1675 2050 1688 2065 n

1375 2208 1461 2236 922
1947 2202 2034 2236 Rieu,
2051 2204 2066 2230 7
2079 2203 2145 2238 Juin
2163 2203 2240 2231 1289.

1339 2270 1548 2305 Indulgentiae.
1567 2267 1649 2301 (Rso.
1667 2267 1714 2298 44,
1732 2275 1757 2293 c.
1774 2266 1842 2297 ⁶245,
1859 2266 1878 2292 f.
1894 2265 1943 2292 160
1959 2272 2002 2296 r⁰;
2021 2264 2088 2292 Lar.
2104 2273 2141 2292 nu
2154 2264 2256 2299 Tanti..
2270 2263 2309 2298 Π,

1304 2320 1378 2353 126.)

1347 2425 1491 2456 ..decano
1507 2426 1533 2450 et
1548 2419 1680 2458 capitulo
1689 2419 1804 2448 ecclesie
1812 2418 1918 2448 Sancti
1927 2416 2311 2456 MauriciiAndeqavensis.
2298 2436 2321 2447 .„

1305 2477 1464 2515 Indulgen
1471 2475 1547 2505 tiam
1561 2473 1658 2504 nnius
1673 2472 1751 2502 anni
1767 2476 1797 2502 et
1813 2471 1871 2501 XL
1884 2471 2010 2501 dierum
2022 2469 2168 2501 concedit
2181 2465 2320 2527 visitati-2

1307 2533 1389 2563 tibus
1409 2529 1543 2560 eandem
1567 2526 1736 2557 ecclesiam
1759 2525 1793 2555 in
1816 2524 1986 2555 festivitate
2011 2522 2114 2554 sancti
2141 2507 2320 2572 Mauricii3

1306 2590 1336 2616 et
1351 2594 1406 2624 per
1420 2587 1489 2614 octo
1502 2581 1570 2612 dies
1586 2583 1766 2620 sequentes.
2327 2615 2331 2618 ῃ

1347 2651 1360 2667 α
1380 2639 1465 2669 Iicet
1479 2637 1506 2666 is
1521 2635 1584 2665 de..
1616 2650 1655 2656 —-
1670 2633 1740 2663 Dat.
1760 2632 1881 2669 Reate,
1898 2641 1941 2662 vn
1956 2630 2029 2662 idus
2042 2631 2143 2670 junii,
2160 2637 2246 2660 anno
2260 2617 2322 2660 so-⁹

1305 2693 1420 2724 cundo.
1444 2702 1457 2719 n

1375 2850 1463 2880 9⁸⁷3
1926 2844 2017 2878 Rieti,
2036 2843 2068 2871 10
2079 2843 2144 2879 juin
2161 2841 2239 2871 1289.

1341 2911 1525 2948 Dispensatio
1542 2908 1724 2937 matrimonii.
1743 2908 1826 2942 (Rae.
1845 2907 1895 2940 44,
1911 2914 1937 2934 c.
1952 2905 2018 2938 246,
2036 2905 2056 2932 f.
2075 2905 2126 2933 160
2149 2904 2198 2939 τ’.)

1346 3015 1465 3046 Dilectis
1484 3014 1559 3051 filiis
1589 3035 1609 3042 ..
1637 3011 1852 3042 archidiacono
1879 3014 1905 3039 et
1932 3032 1951 3038 ..
1979 3007 2172 3038 thesaurario
2193 3005 2321 3036 ecclesie
