2342 3652
931 376 1164 416 TROISIEME
1185 375 1344 414 ANNiiE.
2134 386 2191 415 5223

89 473 104 488 ι
126 459 293 490 desideriis
317 458 429 487 vestris
451 458 605 494 faventes,
628 457 660 486 id
678 456 761 494 quod
783 456 951 494 exposcitis
972 453 1099 484 effectui

51 521 58 528 t
91 526 106 541 ι)
128 512 359 550 mancipamus,
380 515 553 539 statuentes
569 509 739 548 apostolica
756 518 901 544 censura,
920 508 979 538 sub
998 507 1100 536 divini

0 562 1 583 ¹
47 575 50 578 ’
92 579 106 594 ι
125 565 238 605 judicii
250 564 458 594 obtestatione
471 568 499 592 et
513 563 728 592 anathematis
742 563 927 597 interdictu,
944 566 977 590 ut
991 560 1099 590 nullus

44 597 55 625 ι
91 631 108 648 »
130 627 274 656 unquam
294 621 455 656 presumat
471 616 645 654 quispiam,
661 617 891 654 cujuscumque
908 617 947 644 sit
963 615 1100 652 diguita-

35 630 55 696 ι
79 685 108 701 >n
131 673 182 708 tis,
202 670 251 700 vel
273 675 559 709 quantumcunque
581 678 698 707 magua
718 679 877 708 parvaque
901 678 1044 708 persona,
1062 669 1101 698 de

93 738 108 754 n
130 725 225 755 rebus
238 729 295 754 aut
308 723 561 762 possessionibus
576 723 625 753 vel
636 724 807 762 quicquam
824 732 885 761 que
899 724 927 753 ei
942 723 1101 762 pertinere

93 791 109 807 ι
132 777 282 807 videntur
303 776 526 814 quoquomodo
545 776 671 805 auferre
689 781 743 805 aut
763 776 905 805 alienare
926 781 1099 815 presumat,

64 862 65 867 ¹
92 845 110 860 n
133 831 187 861 sed
206 839 264 860 nec
281 829 457 868 quamlibet
474 829 630 858 malitiam
647 835 701 858 aut
713 830 835 866 jactui-e
851 830 1029 863 molestiam
1043 830 1100 859 ibi-

95 897 110 914 »
132 885 220 918 dem,
242 883 311 912 sive
327 884 411 921 pacis
426 884 493 912 sive
508 883 672 912 barbarico
689 887 846 920 tempore.
870 884 963 912 firma
979 883 1101 912 stabili-

70 947 79 951 *
95 950 110 966 ι
132 941 195 967 tate
204 936 408 966 decernimus
422 935 480 964 sub
491 935 716 974 jurisdictione
728 940 834 964 sancte
850 940 956 965 nostre
969 935 1102 965 ecclesie

94 1003 109 1019 ι
132 989 404 1030 permanendum;
421 992 452 1017 at
468 997 542 1017 vero
562 988 617 1026 qui
635 989 686 1026 pio
704 989 821 1017 iutuitu
841 989 1022 1018 observator
1039 989 1101 1018 hu-

94 1056 109 1072 »
127 1042 269 1083 jusmodi
293 1042 395 1072 nostri
417 1041 581 1080 apostolici
601 1041 768 1079 privilegii
791 1042 929 1070 extiterit
950 1042 1101 1071 benedic-

93 1109 109 1125 ι
132 1095 228 1126 tionis
241 1096 375 1134 gratiam
391 1104 409 1125 a
428 1094 728 1124 misericordissimo
752 1095 882 1124 domino
901 1095 966 1125 Deo
989 1095 1100 1125 multi-

94 1163 108 1180 a
131 1149 254 1189 pliciter
268 1153 492 1187 consequatur.
519 1161 532 1175 n
565 1165 567 1167 -

132 1215 147 1230 n
170 1203 237 1232 Nos
258 1203 358 1240 igitur
387 1207 527 1232 tenorem
554 1201 697 1239 ejusdem
722 1202 899 1239 privilegii,
920 1204 1010 1240 quasi
1034 1204 1102 1241 jam

93 1268 109 1284 n
130 1256 234 1286 nimia
251 1259 406 1285 vetustate
423 1255 616 1294 consumpti,
639 1264 710 1284 cum
734 1255 830 1284 fuerit
850 1264 913 1285 uon
938 1256 971 1285 iu
991 1266 1102 1294 parga-

94 1321 109 1338 »
131 1317 227 1339 meno
243 1308 298 1338 sed
314 1309 348 1338 iu
367 1302 476 1347 papiro
491 1309 722 1347 couscriptum,
738 1309 907 1338 transcribi
924 1310 1058 1339 fecimus
1074 1315 1104 1340 et

94 1375 110 1392 ι
130 1363 320 1400 transcripto
332 1362 517 1401 hujusmodi
528 1362 649 1392 bullam
662 1367 801 1392 nostram
812 1363 939 1401 apponi.
952 1364 1104 1394 Nolentes

70 1423 74 1425 ’
94 1427 110 1445 »2
132 1425 169 1446 ex
185 1415 246 1446 hoc
259 1424 380 1445 novum
393 1416 447 1454 jus
462 1416 656 1445 monasterio
672 1415 797 1453 acquiri
815 1417 965 1454 predicto,
984 1418 1038 1446 sed
1051 1427 1106 1446 an-

95 1482 110 1498 »
133 1470 278 1508 tiquum,
305 1469 332 1498 si
353 1469 438 1507 quod
462 1469 576 1506 habet,
605 1469 666 1498 sibi
688 1469 791 1499 solum
817 1471 1010 1500 conservari.
1031 1471 1103 1500 Dat.

96 1535 111 1551 ι
134 1522 304 1561 Lugduni,
329 1522 436 1552 idibus
459 1522 563 1561 junii⁷
592 1523 794 1561 pontificatus
821 1523 920 1553 nostri
943 1532 1029 1553 anno
1057 1533 1104 1553 se-

96 1589 110 1602 »
132 1575 248 1606 cundo.
274 1587 289 1602 »

87 1668 91 1669 .
113 1628 116 1631 ’
136 1641 150 1655 ι
165 1629 327 1659 Nolumus
340 1634 446 1659 autem
458 1638 515 1668 per
528 1629 587 1658 hoc
599 1629 702 1658 eidem
717 1629 910 1658 monasterio
920 1630 974 1667 jus
986 1638 1104 1658 novum

93 1682 228 1721 acquiri,
240 1683 296 1712 sed
307 1682 478 1722 antiquum
491 1682 713 1712 tantummodo
723 1682 918 1712 conservari.
937 1683 1007 1711 Dat.
1022 1683 1106 1721 apud

94 1735 369 1771 Urbemveterem,
387 1735 494 1765 idibus
509 1736 709 1774 septembris,
727 1744 812 1764 anno
830 1736 930 1765 tertio.
950 1747 963 1761 n

163 1888 282 1917 3298

131 1950 258 1978 Licentia
275 1951 456 1987 ingrediendi
479 1952 663 1979 monasteria.
685 1951 768 1984 (Rae.
786 1951 834 1984 45,
851 1960 877 1977 (n
895 1951 955 1981 424,
973 1952 992 1978 s.
1008 1951 1040 1978 84
1056 1959 1085 1976 vo
1099 1964 1103 1982 ;

95 1999 190 2028 Por-ru
203 2021 212 2035 ‚
229 2000 338 2035 23403.)

581 1889 708 1920 Orvieto,
729 1888 758 1915 13
773 1888 937 1923 septembre
956 1888 1032 1915 1290,

86 2135 92 2142 ¹
135 2104 306 2141 Lamberto,
330 2105 462 2141 episcopo
491 2104 638 2143 Veylensi‚
662 2103 809 2134 concedit
831 2108 865 2132 ut
885 2103 918 2132 in
946 2102 1106 2142 quaelibet

94 2157 291 2187 monasteria
305 2156 510 2193 monialium,
524 2166 596 2187 cum
613 2156 737 2187 duobus
751 2156 903 2186 fratribus
920 2157 967 2185 sui
984 2147 1106 2186 ordinis

94 2262 205 2293 valeat.

135 2328 150 2344 α
169 2316 359 2347 Devotionis
377 2320 430 2346 tue
450 2321 688 2355 premeretur...
712 2333 751 2337 —
773 2316 844 2345 Dat.
861 2316 945 2354 apud
965 2315 1106 2345 Urbem-

93 2373 245 2405 πνείει-ειη,
260 2369 368 2400 idibus
385 2370 587 2408 septembris,
604 2378 690 2400 anno
710 2370 814 2400 tertio.
835 2381 847 2396 n

165 2521 280 2550 3292

97 2584 103 2615 ζ
131 2583 264 2610 Facultas
277 2583 445 2610 absolvendi
460 2593 476 2610 a
492 2584 640 2610 canonicis
659 2584 821 2611 sententiis.
842 2584 923 2616 (Rae.
936 2584 980 2614 45;
993 2591 1019 2610 e.
1034 2583 1106 2618 424²,

95 2631 118 2660 f.
135 2631 169 2659 84
183 2639 233 2665 νος
251 2631 369 2667 ΡοΤτΗ.,
386 2633 496 2666 23379.)

600 2521 727 2553 Orvieto,
744 2522 759 2548 4
777 2521 940 2556 septembre
957 2522 1034 2548 1290.

136 2735 243 2764 Eidem
268 2734 452 2765 facultatem
479 2735 626 2765 concedit
656 2735 843 2765 absolvendi
871 2734 1002 2764 clericos
1033 2735 1106 2772 qui,

97 2795 186 2818 arma
200 2793 373 2827 portantes,
391 2789 588 2819 concubinas
603 2793 634 2819 et
648 2788 732 2819 filios
751 2789 786 2818 in
804 2788 942 2828 propriis
960 2787 1110 2817 domibus

97 2841 222 2880 publice
232 2841 420 2879 retinentes,
434 2843 468 2872 in
481 2842 621 2872 tabernis
632 2842 682 2872 vel
693 2843 776 2872 circa
789 2842 936 2872 tabernas
948 2841 1108 2876 bibentes,

96 2893 137 2924 ad
151 2893 293 2930 taxillos,
318 2895 457 2933 tegulas,
480 2895 602 2925 tabulas
618 2895 668 2924 vel
683 2895 722 2925 ad
739 2894 859 2924 similia
881 2895 948 2924 sive
969 2893 1009 2923 ad
1029 2893 1107 2923 cho-

97 2954 167 2977 reas
176 2947 350 2978 mulierum
361 2947 520 2986 ludentes,
530 2948 701 2978 canonicas
712 2949 887 2978 sententias
898 2947 1107 2977 incurrerint.

39 3016 57 3034 ν,
138 3011 154 3027 «
173 3000 217 3030 Ex
233 3004 320 3039 parte
333 3005 422 3031 tua...
437 3018 476 3023 —
494 3002 564 3031 Dat.
579 3001 663 3040 apud
677 3001 957 3036 Urbemveterem‚
972 3010 993 3029 u
1008 3007 1111 3030 nonas

49 3064 81 3154 ἶ,
99 3053 295 3092 septembris,
311 3062 398 3084 anno
414 3053 516 3085 tertio.
537 3067 551 3081 n

93 2209 144 2240 vel
167 2210 361 2248 capellanis,
379 2210 507 2248 ingredi
531 2215 561 2240 et
584 2210 618 2239 in
635 2211 680 2240 eis
700 2210 860 2240 celebrare
879 2214 910 2240 et
925 2210 1123 2248 praedicare*

1253 452 1473 480 :nas-33¹
1486 453 1505 480 Ι

1217 515 1426 549 Indulgentiae.
1446 515 1528 547 (Rea.
1547 516 1588 545 45,
1607 523 1632 540 c.
1651 515 1711 542 425.
1729 515 1746 541 f.
1766 514 1796 540 84
1815 517 1864 545 τῦ.)

1686 451 1813 482 Orvieto,
1830 452 1845 475 Ξ»
1862 452 2025 484 septembre
2046 452 2119 478 1290.

1225 618 1377 647 Universis
1398 617 1512 646 Christi
1535 618 1675 653 fidelibus
1691 622 1844 654 presentes
1863 616 1980 645 litteras
2004 618 2191 654 inspecturis.

1183 671 1422 709 Indulgentiam
1446 671 1543 700 unius
1563 671 1638 699 anui
1660 675 1688 699 et
1712 679 1750 699 xi.
1772 670 1897 699 dierum
1917 669 2061 699 concedit
2078 669 2193 708 eisqui

1182 724 1397 754 cathedralem
1420 723 1584 753 ecclesiam
1609 724 1814 752 Remeusem.
1834 723 1942 752 beatae
1962 722 2082 751 Mariae
2103 731 2193 752 voca-

1183 778 1257 807 bulo
1275 778 1476 815 insignitam,
1499 777 1640 814 ejusdem
1658 777 1792 814 virginis
1815 781 1845 805 et
1866 777 2030 805 beatorum
2057 776 2141 804 Petri
2165 780 2195 804 et

1183 830 1275 860 Pauli
1294 830 1507 868 apostolorum
1524 830 1764 865 festivitatibus,
1781 839 1836 867 per
1851 834 1919 859 octo
1941 829 2008 858 dies
2025 833 2195 867 sequentes

1183 888 1213 914 et
1228 884 1261 913 in
1279 883 1498 913 anniversario
1514 884 1565 912 die
1584 883 1793 912 dedicationis
1811 883 1954 920 ejusdem
1975 882 2126 911 ecclesiae
2152 883 2195 911 vi-

1184 937 1362 966 sitaveriut.

1226 1003 1239 1017 (ι
1258 990 1358 1027 Virga
1380 990 1606 1019 venustissima
1631 993 1698 1019 et...
1725 1006 1762 1009 —
1788 989 1856 1017 Dat.
1881 988 1963 1026 apud
1987 989 2193 1018 Urbemvete-

1184 1052 1266 1077 rem,
1283 1043 1377 1072 nonis
1394 1042 1594 1080 septembris,
1611 1050 1697 1071 anno
1714 1043 1816 1071 tertio.
1838 1054 1850 1066 ν

1689 1134 1816 1162 Orvieto,
1835 1137 1849 1160 b'
1866 1134 2028 1168 septembre
2048 1134 2122 1160 1290.

1226 1200 1263 1228 [n
1290 1208 1318 1228 e.
1345 1207 1387 1227 m.
1415 1198 1547 1227 eisdem.
1570 1198 1712 1227 Eandem
1734 1197 1969 1235 indulgentiam
1989 1197 2133 1226 concedit
2151 1198 2196 1226 eis

1185 1252 1240 1290 qui
1257 1251 1423 1282 ecclesiam
1444 1250 1658 1280 cathedralem
1670 1250 1881 1288 veglensem,
1900 1251 1932 1279 in
1950 1250 2105 1279 honorem
2122 1250 2196 1279 bea-

1185 1310 1234 1335 tae
1257 1305 1377 1334 Mariae
1394 1309 1623 1338 constructam,
1642 1304 1674 1333 in
1693 1303 1830 1341 siugulis
1845 1303 1989 1341 ejusdem
2007 1304 2142 1341 virginis
2168 1309 2198 1333 et

1186 1359 1218 1388 S.
1243 1359 1365 1395 Quirici
1390 1358 1635 1393 festivitatibus,
1654 1367 1711 1395 per
1731 1361 1799 1386 octo
1821 1357 1888 1386 dies
1911 1361 2081 1395 sequentes
2106 1361 2136 1386 et
2162 1357 2198 1386 in

1185 1411 1408 1441 anniversario
1437 1411 1489 1440 die
1513 1411 1723 1440 dedicationis
1746 1410 1889 1449 ejusdem
1915 1410 2066 1439 ecclesiae
2090 1411 2198 1440 visita-

1186 1465 1302 1494 verint.
1321 1464 1392 1494 Dat.
1412 1469 1446 1493 ut
1464 1473 1575 1502 supra,
1592 1473 1649 1492 vni
1669 1463 1741 1492 idus
1765 1463 1970 1501 septembris,
1985 1472 2072 1492 anno
2094 1464 2196 1494 tertio.

1665 1557 1798 1586 Orvieto,
1821 1557 1846 1582 ll
1866 1556 2029 1591 septembre
2049 1555 2124 1582 1290.

1226 1622 1264 1651 In
1281 1631 1307 1651 e.
1328 1630 1372 1650 m.
1397 1621 1531 1650 eisdem.
1557 1619 1701 1649 Eandem
1722 1618 1959 1656 indulgentiam
1985 1618 2129 1647 concedit
2152 1618 2198 1646 eis

1187 1676 1241 1713 qui
1258 1673 1427 1704 ecelesiam
1446 1697 1465 1702 ..
1482 1672 1654 1710 guardiani
1671 1677 1701 1701 et
1717 1671 1853 1700 fratrum
1874 1671 2037 1700 minorum
2057 1670 2096 1699 de
2118 1670 2199 1700 Saxo

1186 1728 1327 1761 Ferrato,
1346 1726 1531 1756 Nuceriuae
1548 1725 1713 1760 dioecesis,
1739 1725 1772 1753 in
1796 1724 1934 1760 singulis
1954 1724 2062 1753 beatae
2079 1724 2199 1752 Mariae

1186 1785 1217 1811 et
1228 1780 1260 1811 S.
1274 1779 1438 1810 Johannis
1456 1778 1678 1816 Evangelistae
1695 1777 1921 1807 festivitatibus
1937 1781 1968 1806 et
1980 1786 2034 1815 per
2047 1782 2116 1806 octo
2131 1776 2200 1806 dies

1186 1838 1355 1874 sequentes
1371 1833 1584 1862 visitaverint.

1229 1900 1243 1914 (ι
1254 1888 1328 1917 Vite
1341 1886 1524 1925 perempnis
1537 1885 1676 1922 gloria...
1690 1901 1728 1906 —
1741 1885 1811 1913 Dat.
1825 1884 1909 1922 apud
1922 1884 2199 1919 Urbemvetereni,

1188 1951 1222 1971 111
1239 1941 1314 1970 idus
1331 1932 1531 1978 septembris,
1549 1947 1635 1968 anno
1653 1938 1757 1967 tertio.
1777 1950 1790 1963 »ι

1672 2030 1799 2060 Orvieto,
1822 2030 1849 2055 lt
1868 2029 2032 2064 septembre
2050 2029 2128 2056 1290.

1230 2098 1269 2127 In
1292 2106 1320 2126 e.
1342 2105 1387 2125 m.
1411 2095 1544 2125 eisdem.
1566 2094 1709 2123 Eandem
1734 2092 1968 2130 indulgentiam
1992 2091 2136 2121 concedit
2157 2092 2202 2121 eis

1187 2150 1245 2189 qui
1257 2149 1426 2179 ecclesiam
1443 2171 1462 2177 ..
1482 2147 1655 2185 guardiani
1672 2151 1702 2175 et
1718 2146 1852 2175 fratrum
1873 2145 2035 2175 minorum
2053 2144 2091 2173 de
2107 2143 2203 2173 Serra

1188 2203 1297 2234 Sancti
1310 2202 1440 2237 Clerici,
1456 2201 1696 2231 Camerinensis
1711 2198 1877 2234 dioecesis,
1892 2198 1926 2227 in
1941 2197 2079 2235 singulis
2091 2197 2202 2226 beatae

1189 2257 1310 2287 Mariae
1328 2255 1464 2294 virginis
1481 2259 1511 2285 et
1525 2259 1707 2284 sanctorum
1727 2253 1889 2283 Francisci
1913 2257 1942 2281 et
1961 2251 2095 2282 Antonii
2111 2251 2202 2280 festi-

1187 2311 1340 2341 vitatibus
1355 2314 1386 2339 et
1402 2318 1458 2347 per
1474 2313 1543 2338 octo
1558 2308 1638 2341 dies,
1653 2312 1710 2336 etc.
1730 2312 1763 2336 ut
1779 2315 1885 2345 supra.

1672 2401 1802 2430 Orvieto,
1821 2400 1852 2426 13
1870 2399 2034 2434 septembre
2052 2398 2131 2425 1290.

1228 2468 1268 2498 In
1288 2476 1316 2497 e.
1333 2476 1377 2496 m.
1403 2465 1535 2495 eisdem.
1562 2464 1705 2494 Eandem
1730 2462 1969 2500 indulgentiam
1989 2460 2136 2491 concedit
2158 2461 2203 2490 eis

1189 2522 1246 2561 qui
1271 2519 1488 2551 cathedralem
1516 2517 1682 2547 ecclesiam
1710 2517 1983 2550 Beneventanum,
2007 2515 2042 2543 in
2068 2512 2204 2551 singulis

1188 2576 1298 2606 heatae
1313 2573 1434 2602 Mariae
1449 2576 1480 2601 et
1492 2571 1524 2601 S.
1544 2570 1674 2600 Barbati
1689 2568 1883 2599 confessoris
1898 2566 2134 2602 festivitatibus,
2150 2575 2204 2604 per

1189 2632 1258 2659 octo
1282 2626 1352 2656 dies
1375 2629 1545 2664 sequentes
1569 2628 1600 2653 et
1625 2623 1659 2652 in
1682 2621 1906 2652 anniversario
1924 2620 1975 2649 die
1993 2618 2205 2649 dedicationis

1190 2680 1334 2720 ejusdem
1348 2678 1500 2709 ecclesiae
1511 2676 1727 2706 visitaverint.
1742 2675 1813 2704 Dat.
1829 2674 1913 2712 apud
1926 2673 2203 2707 Urbemveterem‚

1190 2734 1298 2764 idibus
1314 2731 1515 2774 septembris,
1533 2738 1621 2760 anno
1638 2729 1738 2759 tertio.

1675 2821 1805 2855 Orvieto,
1822 2821 1854 2848 13
1871 2819 2035 2855 septembre
2054 2819 2133 2846 1290.

1231 2890 1270 2919 In
1289 2897 1317 2918 e.
1337 2897 1381 2917 m.
1406 2887 1539 2918 eisdem.
1565 2885 1708 2915 Eandem
1734 2883 1971 2922 indulgentiam
1994 2881 2140 2912 concedit
2161 2881 2206 2911 eis

1192 2943 1247 2982 qui
1262 2941 1429 2972 ecclesiam
1444 2940 1554 2970 Sancti
1571 2937 1810 2969 Bartholomaei
1826 2936 1989 2976 apostolici
2007 2937 2206 2966 Beneventa-

1190 3005 1279 3033 nam,
1297 2995 1334 3025 iu
1359 2994 1497 3033 singulis
1522 2993 1666 3033 ejusdem
1692 2991 1837 3031 apostoli,
1856 2991 1948 3030 cujus
1970 2998 2085 3028 corpus
2109 2989 2143 3018 in
2169 2997 2207 3018 ea

1191 3048 1378 3088 requiescit,
1397 3045 1623 3077 festivitatibus
1642 3049 1672 3075 et
1692 3054 1747 3083 per
1769 3048 1838 3074 octo
1860 3043 1946 3079 dies,
1965 3046 2024 3072 etc.
2042 3045 2076 3071 ut
2097 3049 2204 3079 supra.
