2342 3652
910 365 1138 404 Dnuxn'rMn
1160 363 1319 403 ANNnn.
2101 380 2158 410 353

71 441 148 472 tiam
162 439 378 479 potentialiter
394 442 581 478 occuparat,
600 443 755 468 terrarum
770 439 913 477 ejusdem
929 440 1073 469 marchie

69 493 259 525 habitatores
277 497 307 523 et
323 491 443 522 incolas
454 514 464 528 ,
481 500 516 521 ac
532 491 679 530 precipue
691 491 854 530 quondam
868 492 1073 531 Raynaldum

69 547 108 579 de
123 546 293 577 Brunforte
305 568 313 582 ,
331 550 454 584 patrem
469 549 627 580 vestrum,
652 545 744 582 cnjus
762 545 836 574 estis
857 545 917 574 filii
935 550 964 575 et
980 546 1073 575 here-

70 599 139 637 des,
155 607 190 629 ac
206 603 322 628 terram
337 602 368 627 et
383 598 451 636 ejus
467 597 618 627 homines
636 601 666 626 et
681 597 849 634 vassallos,
870 607 926 628 sue
943 598 1074 627 ditionis

69 651 212 691 imperiis
235 660 291 689 per
315 650 424 689 aliqua
444 649 614 679 intervalla
637 654 817 687 temporum
837 650 1072 686 submittendo,

69 705 104 736 in
119 704 211 735 certis
228 703 435 742 pecuniarum
455 702 591 732 summis
614 702 776 732 solvendis
798 707 922 741 propter
938 703 996 732 hoc
1012 702 1073 740 ipsi

70 756 200 790 ecclesie
220 755 487 794 condempnavit,
507 759 537 784 et
553 763 605 784 eos
622 755 815 792 generaliter
830 759 860 784 et
876 754 1051 793 spetialiter
1063 776 1072 791 ,

63 809 308 849 sententialiter,
323 817 378 847 pro
388 808 552 838 voluntate
564 817 632 843 sna,
644 807 835 846 privilegiis,
848 807 1072 845 indulgentiis,

69 862 196 902 gratiis,
212 861 376 891 beneficiis
391 860 629 896 ecclesiasticiS,
651 860 869 896 libertatibus,
885 860 1073 890 immunita-

69 916 172 953 tibus,
190 916 291 951 terris,
308 915 419 944 castris
431 937 439 951 ‚
457 914 554 949 villis,
571 913 760 943 hominibus
776 917 805 942 et
823 913 979 949 vassallis,
998 922 1075 951 quo—

70 976 206 1006 cumque
226 967 292 997 illis
311 967 543 1005 obligationum
566 975 683 1004 genere
704 965 870 1003 obligatis,
893 975 929 995 ac
950 974 1072 1003 posses-

70 1020 227 1058 sionibus,
252 1020 386 1056 tenutis,
401 1019 698 1058 jurisdictionibus,
721 1019 848 1057 juribus
871 1026 901 1048 et
927 1019 1018 1048 bonis
1044 1023 1075 1047 et

69 1073 244 1105 honoribus
263 1073 414 1103 omnibus
438 1081 499 1111 que
527 1082 545 1102 a
568 1080 700 1102 romana
723 1072 857 1102 ecclesia
884 1076 914 1101 et
939 1072 972 1101 in
1004 1072 1073 1110 ejus

70 1129 152 1158 terra
166 1125 216 1156 vel
233 1126 329 1156 etiam
347 1135 366 1155 a
387 1134 590 1164 quocumque
610 1124 674 1154 alio
691 1129 721 1154 et
737 1125 934 1163 ubicumque
950 1124 988 1154 de
1002 1125 1073 1163 jure

70 1182 101 1210 et
113 1179 152 1209 de
166 1179 246 1209 facto
264 1183 342 1209 tunc,
356 1179 506 1217 temporis
528 1178 687 1208 habebant
704 1182 733 1207 et
753 1178 847 1207 etiarn
866 1177 1071 1214 obtinebant,

70 1236 100 1264 et
112 1232 344 1263 nichilominus
361 1236 623 1262 testamentorum
638 1232 774 1262 factione
790 1231 946 1270 privavit,
964 1231 1074 1261 nolen-

42 1317 50 1326 ,
69 1289 114 1318 tes
134 1286 218 1326 quod
239 1287 426 1326 hujusmodi
446 1286 637 1316 adherentes
658 1295 694 1315 ex
717 1290 792 1315 tunc
820 1286 860 1315 ad
881 1286 1072 1315 hereditates

37 1355 44 1368 0
64 1339 246 1379 aliquorum
266 1340 306 1370 ab
329 1340 479 1370 intestato
501 1339 724 1369 decedentium
750 1339 798 1368 vel
822 1348 858 1368 ex
883 1343 1072 1368 testamento

60 1394 284 1430 ‘transmissam
302 1402 361 1423 nec
375 1394 416 1423 ad
430 1393 557 1432 aliquos
574 1393 653 1422 alios
671 1397 759 1422 actus
777 1392 939 1430 legitimos
957 1392 1070 1422 ullate-

68 1455 128 1478 nus
151 1446 376 1483 admittantur,
401 1455 437 1476 ac
459 1446 609 1476 homines
632 1450 662 1476 et
693 1445 843 1476 vassallos
871 1446 1026 1484 predictos
1055 1455 1073 1475 a

68 1499 204 1532 servitiis
224 1503 255 1530 et
273 1499 461 1530 vassallatus
485 1510 541 1530 seu
563 1500 703 1538 homagii
716 1500 795 1539 jugo
813 1500 847 1529 in
866 1500 982 1538 quibus
1002 1508 1071 1538 pre-

68 1543 159 1584 dictis
173 1552 402 1583 adherentibus
430 1554 621 1583 tenebantur
646 1553 814 1583 absolvens
832 1557 862 1582 et
885 1561 935 1582 eos
958 1553 1071 1582 exinde

68 1605 214 1637 liberatos
233 1615 300 1636 esse
317 1607 510 1643 decernens,
530 1607 640 1636 statuit
658 1610 687 1636 et
705 1606 804 1636 voluit
820 1607 902 1645 quod
919 1606 995 1635 dicti
1012 1607 1070 1636 ho-

68 1659 171 1690 mines
184 1655 215 1689 et
227 1659 354 1690 vassalli
370 1660 544 1690 incolatum
562 1669 664 1690 unum
679 1660 727 1689 vel
741 1660 848 1698 plures
863 1660 924 1689 sibi
941 1659 1069 1697 eligere,

69 1717 122 1744 aut
142 1714 416 1743 communantiam
436 1713 498 1743 sibi
521 1714 620 1743 libere
644 1714 745 1743 facere
769 1720 913 1751 possent,
941 1721 994 1750 pro
1015 1722 1071 1742 sne

69 1765 159 1796 libito
174 1766 363 1803 voluntatis,
381 1767 463 1797 bona
481 1767 589 1797 omnia
608 1772 638 1797 et
652 1766 781 1805 singula
795 1767 952 1798 dictorum
970 1766 1070 1796 adhe-

68 1819 209 1849 rentium
228 1820 269 1849 ad
288 1828 367 1859 opus
385 1821 485 1859 ipsius
504 1820 637 1850 ecclesie
655 1819 877 1856 confiscando,
895 1819 1071 1849 diffidando

70 1876 100 1902 et
116 1873 312 1903 nominando
329 1882 381 1903 eos
399 1873 543 1912 publicos
559 1879 589 1904 et
605 1874 775 1912 nepharios
795 1873 970 1916 proditores
982 1896 991 1910 ,
1011 1882 1046 1903 ac
1063 1897 1069 1909 ,

70 1924 114 1958 eis
128 1927 271 1958 bannitis
287 1933 316 1958 et
340 1929 485 1959 exulibus
501 1929 672 1968 reputatis,
701 1929 789 1958 idem
807 1917 930 1967 legatus
953 1932 1069 1965 castra,

68 1979 213 2011 homines
241 1986 270 2011 et
302 1981 451 2012 vassallos
480 1991 515 2012 ac
545 1982 628 2012 bona
655 1982 815 2021 dictorum
845 1982 1071 2011 adherentium

69 2034 213 2074 exposuit
230 2034 364 2074 impune
380 2035 452 2065 aliis
468 2035 666 2074 occupanda,
695 2035 805 2065 talium
831 2035 1071 2074 occupatoribus

68 2087 228 2118 retinendi
243 2096 295 2125 ea,
319 2092 485 2127 postquam
503 2088 543 2118 ab
562 2088 625 2118 illis
644 2092 794 2127 occupata
810 2088 928 2124 forent,
952 2093 983 2117 nt
999 2096 1070 2126 pro-

67 2139 150 2180 pria,
169 2144 200 2171 et
218 2141 328 2171 utendi
346 2150 382 2171 ac
400 2141 526 2171 fruendi
544 2141 608 2171 illis
628 2146 661 2171 ut
682 2141 835 2180 propriis,
858 2150 1006 2171 concessa
1033 2141 1072 2170 ab

69 2193 176 2224 eodem
199 2194 355 2224 cardinali
373 2194 473 2224 libera
497 2195 660 2231 facultate,
679 2200 770 2234 prout
793 2195 827 2224 in
848 2194 1072 2227 instrumentis
1119 2232 1122 2235 r

67 2245 202 2286 publicis
216 2247 292 2277 inde
307 2248 458 2278 confectis
470 2273 477 2285 ,
494 2248 594 2287 ipsius
610 2248 784 2278 cardinalis
800 2247 906 2286 sigillo
925 2247 1070 2284 munitis,

69 2297 194 2338 plenius
208 2300 323 2330 dicitur
339 2301 510 2331 contineri.
535 2301 641 2337 Quare
658 2301 749 2331 nobis
765 2301 933 2330 humiliter
950 2300 1071 2339 suppli-

69 2353 159 2382 castis
176 2357 227 2389 ut,
245 2354 341 2383 statui
356 2358 460 2384 vestro
475 2359 606 2393 paterna
621 2354 838 2384 sollicitudine
856 2354 1067 2392 providentes,

69 2404 218 2436 adversus
235 2407 408 2436 sententias
432 2407 508 2437 dicti
529 2407 703 2437 cardinalis
726 2413 834 2438 contra
857 2407 993 2437 eundem
1013 2407 1068 2443 R.‚

68 2462 188 2498 patrem
203 2463 361 2497 vestrum,
378 2470 472 2499 super
488 2461 546 2490 hoc
558 2460 636 2490 latas
653 2465 684 2491 et
696 2469 859 2500 processus
876 2460 998 2490 habitos
1016 2468 1071 2498 per

69 2511 221 2548 eundem,
244 2513 412 2543 restituere
440 2522 496 2544 vos
516 2523 571 2552 per
586 2514 779 2544 beneficium
804 2513 1015 2543 restitutionis
1036 2513 1070 2541 iu

69 2563 228 2604 integrum
253 2566 474 2605 dignaremur.
502 2568 568 2597 Nos
591 2568 711 2606 igitur,
739 2568 939 2597 attendentes
966 2566 1069 2605 quod,

69 2617 150 2650 sicut
163 2619 226 2650 fide
241 2620 412 2658 dignorum
430 2621 512 2651 facta
529 2621 620 2651 nohis
637 2621 747 2652 relatio
764 2621 932 2656 indicavit,
952 2620 1071 2659 predic-

67 2673 136 2702 tum
151 2671 374 2712 Raynaldum,
391 2675 482 2713 cujus
501 2674 686 2704 fidelitatem
707 2675 858 2704 eximiam
881 2683 935 2713 per
951 2673 1071 2703 exhibi-

68 2724 186 2756 tionem
201 2735 332 2765 operum
350 2728 482 2758 ecclesia
501 2729 569 2767 ipsa
590 2729 624 2758 in
647 2728 889 2758 necessitatibus
910 2728 975 2757 suis
998 2736 1070 2765 sepe

68 2778 266 2817 probaverat,
284 2781 323 2810 ad
338 2781 512 2811 favendum
530 2782 590 2820 ipsi
608 2782 798 2820 Maynfredo
814 2781 984 2810 necessitas
999 2789 1070 2810 coe-

68 2835 170 2871 gerat,
190 2841 258 2863 non
271 2833 434 2871 voluntas,
453 2835 649 2865 revolventes
662 2843 789 2873 qnoque
805 2836 838 2864 in
856 2833 1070 2872 penetralibus

68 2885 184 2915 mentis
202 2891 306 2916 nostre
322 2887 419 2916 fidem
436 2888 611 2926 preclaram
628 2896 690 2926 qua
707 2888 740 2916 in
757 2888 873 2917 nostris
890 2891 920 2916 et
935 2887 1069 2916 fratrum

68 2941 248 2973 nostrorum
267 2939 366 2969 oculis
393 2940 567 2977 claruistis,
595 2946 624 2970 et
642 2949 758 2978 magna
776 2948 906 2978 opernm
928 2943 957 2969 et
979 2939 1070 2969 obse-

69 2989 215 3028 quiorum
243 2992 347 3022 studia
374 3003 435 3032 que
461 2994 611 3024 studiosis
632 2993 782 3032 operibns
803 2993 892 3022 nobis
916 2996 944 3021 et
965 2992 1070 3021 eidem

69 3041 199 3074 ecclesie
213 3045 331 3084 jugiter
356 3046 559 3085 impendistis
581 3051 611 3076 et
628 3046 733 3076 adhuc
754 3045 975 3075 exurientibus
997 3044 1069 3073 ani-

208 3110 278 3139 Rssc.
300 3112 422 3140 Niconis
442 3112 494 3140 IV.

1155 439 1217 468 mis
1232 443 1262 468 et
1278 439 1423 469 humeris
1440 440 1608 471 indefessis
1623 446 1761 480 prestare
1777 451 1977 482 nequaquam
1994 445 2157 483 desistitis,

1156 501 1195 521 ne
1212 492 1455 529 ingratitudinis
1466 493 1511 532 (l)
1526 494 1638 524 vitium
1654 496 1846 525 conscientie
1862 501 1967 526 nostre
1985 497 2158 528 claustrum

1155 544 1298 573 fortassis
1314 551 1480 583 argueret,
1500 547 1634 584 dignum
1654 553 1837 586 reputamus
1857 554 1886 578 et
1907 558 2084 588 congruum
2103 555 2157 589 nt,

1155 596 1297 635 qualibet
1310 606 1328 626 a
1344 598 1431 628 vohis
1447 608 1541 637 super
1557 600 1615 630 boc
1631 610 1724 630 causa
1738 602 1883 632 submota
1899 605 2108 641 gravaminis,
2124 606 2158 634 in

1155 649 1229 678 sinu
1247 650 1461 681 misericordis
1480 657 1509 681 et
1526 653 1710 683 miserantis
1727 654 1856 684 ecclesie
1877 656 2023 686 uberiora
2039 658 2157 695 gratia-

1155 712 1227 732 rum
1244 712 1298 733 vos
1311 705 1474 741 gaudeatis
1490 707 1805 743 inunerainvenisse,
1822 713 1854 737 ut
1869 709 1907 738 ad
1919 710 2158 749 obsequendum

1156 755 1261 785 eidem
1279 756 1410 786 ecclesie
1436 758 1610 788 ferventius
1630 759 1727 789 fortes
1743 765 1772 790 et
1796 766 1974 792 constantes
1994 763 2028 792 in
2052 768 2158 801 poste—

1156 817 1227 837 rum
1243 810 1368 839 animos
1383 811 1574 847 assumatis,
1594 816 1717 850 propter
1737 813 1819 850 quod
1843 823 1919 850 nos,
1941 815 1980 844 ad
2005 817 2158 854 premissa

1155 862 1263 891 omnia
1283 867 1447 901 paternam
1465 864 1752 894 considerationem
1776 865 1943 903 habentes,
1969 869 2080 898 vestris
2103 869 2158 898 de-

1156 915 1236 944 voti-s
1251 915 1540 953 supplicationibus
1556 917 1731 954 benignum
1751 918 1967 956 impertientes
1982 929 2158 955 assensum,

1155 976 1211 997 vos
1227 972 1256 996 et
1272 973 1413 997 vestrum
1432 968 1609 1006 quemlibet
1620 992 1628 1005 ,
1646 969 1797 999 adversus
1814 972 1988 1001 sententias
2004 974 2158 1010 predictas

1156 1024 1186 1049 et
1199 1021 1504 1059 condempnationes
1525 1027 1632 1051 contra
1650 1023 1825 1060 predictum
1844 1024 2047 1063 {laynalduni
2064 1026 2158 1062 latas,

1156 1082 1350 1112 omnemque
1366 1083 1547 1112 processum
1564 1079 1674 1104 contra
1690 1076 1795 1114 ipsum
1816 1077 1868 1112 R.,
1889 1087 1942 1106 seu
1960 1078 2092 1108 heredes
2110 1079 2160 1109 vel

1156 1126 1238 1156 filios
1255 1127 1399 1165 ejusdem
1415 1151 1421 1163 ,
1442 1136 1497 1165 pro
1515 1136 1551 1157 eo
1569 1128 1652 1166 quod
1671 1128 1756 1158 idem
1775 1130 1827 1164 R.‚
1846 1139 1900 1167 per
1918 1140 1950 1160 se
1968 1135 1997 1160 et
2015 1140 2086 1160 snos
2102 1156 2107 1167 ‚
2125 1141 2160 1162 ac

1156 1179 1302 1209 homines
1321 1184 1350 1209 et
1370 1180 1520 1210 vassallos
1543 1186 1571 1210 et
1593 1181 1730 1211 fautores
1752 1183 1895 1220 ejusdem
1908 1206 1916 1219 ,
1936 1183 2018 1214 dicto
2046 1185 2159 1223 Mayn-

1154 1233 1263 1269 fredo,
1283 1238 1316 1263 nt
1339 1235 1549 1272 premittitur,
1570 1235 1689 1264 dicitur
1712 1235 1896 1272 adhesisse,
1915 1238 2081 1275 prestando
2098 1239 2160 1268 sibi

1155 1287 1330 1323 auxilium,
1350 1287 1520 1317 consilium
1542 1293 1568 1317 et
1586 1288 1742 1325 favorem,
1764 1289 1822 1319 sub
1840 1299 2040 1328 quacumque
2061 1292 2159 1321 torma

1155 1341 1325 1370 verborum
1350 1341 1469 1370 factum
1495 1346 1524 1370 et
1547 1341 1691 1370 habitum
1709 1351 1763 1380 per
1781 1343 1976 1373 cardinalem
1999 1344 2135 1373 eundem
2150 1367 2157 1380 ,

1155 1393 1203 1423 vel
1219 1403 1274 1432 per
1289 1393 1413 1432 aliquos
1435 1403 1471 1423 ex
1490 1394 1764 1433 predecessoribus
1782 1396 1895 1425 nostris
1919 1397 2059 1426 romanis
2081 1406 2159 1435 pon-

1156 1447 1311 1483 tificibus,
1328 1451 1383 1476 aut
1406 1456 1461 1485 per
1483 1456 1719 1486 quemcumque
1737 1448 1837 1477 alium
1862 1450 2025 1479 occasione
2044 1450 2099 1489 liuj
2108 1459 2158 1479 us-

1155 1499 1257 1535 modi,
1275 1499 1474 1529 restituimus
1487 1500 1520 1529 in
1536 1500 1698 1537 integrum
1714 1501 1752 1531 de
1767 1502 1937 1539 apostolice
1956 1502 2156 1540 plenitudine

1155 1553 1325 1592 potestatis,
1357 1553 1446 1583 vobis
1482 1553 1713 1583 nichilominus
1750 1555 1959 1585 concedentes
1997 1565 2035 1585 ne
2069 1557 2157 1586 vobis

1154 1606 1203 1636 vel
1226 1606 1321 1636 alicui
1345 1611 1504 1642 vestrum,
1529 1616 1584 1636 seu
1607 1608 1719 1636 vestris
1740 1609 1972 1646 posteritatibus
1989 1614 2043 1638 aut
2064 1610 2158 1639 liere-

1154 1659 1261 1695 dibus,
1280 1660 1526 1694 sententiarum,
1555 1659 1880 1698 condempnationum
1904 1667 1934 1690 et
1954 1670 2156 1699 processuum

1154 1712 1365 1750 predictorum
1389 1716 1546 1750 pretextu,
1574 1712 1652 1750 quin
1676 1718 1796 1749 castra,
1822 1713 1930 1749 villas,
1960 1714 2106 1744 homines
2129 1719 2158 1744 et

1155 1764 1316 1801 vassallos,
1339 1770 1447 1800 terras,
1465 1765 1690 1803 possessiones,
1711 1766 1865 1795 beneficia
1882 1770 1910 1795 et
1926 1766 1989 1796 alia
2006 1758 2086 1796 bona
2103 1777 2156 1806 pa-

1155 1823 1243 1848 terna
1259 1823 1288 1848 et
1306 1823 1410 1848 vestra
1425 1819 1532 1847 omnia
1544 1841 1552 1854 ,
1574 1819 1757 1856 temporalia
1774 1824 1803 1848 et
1817 1820 2010 1858 spiritualia,
2029 1821 2061 1849 in
2084 1821 2157 1859 qui-

1153 1872 1351 1909 buseumque
1363 1876 1392 1900 et
1408 1871 1600 1909 ubicumque
1615 1871 1837 1908 consistentia,
1850 1877 1879 1901 et
1892 1872 1968 1902 olini
1985 1873 2023 1901 ad
2039 1878 2158 1911 patrem

1154 1929 1294 1954 vestrum
1312 1933 1369 1954 seu
1385 1924 1423 1953 ad
1441 1933 1495 1954 vos
1514 1925 1698 1962 spectantia,
1717 1925 1853 1962 exigere,
1871 1930 1987 1963 petere,
2009 1927 2158 1962 retinere,

1154 1987 1188 2007 ac
1216 1977 1494 2014 immunitatibus,
1526 1977 1704 2015 privilegiis
1719 2002 1725 2013 ,
1758 1978 1959 2008 libertatibus
1992 1984 2020 2008 et
2051 1980 2162 2017 gratiis

1154 2031 1302 2070 predictis
1319 2031 1365 2060 uti
1388 2031 1423 2059 in
1441 2035 1601 2069 posterum
1617 2030 1716 2060 libere
1740 2031 1889 2068 valeatis,
1909 2032 2010 2062 ullum
2030 2034 2125 2071 possit
2142 2042 2159 2062 a

1153 2093 1354 2123 quocumque
1371 2088 1400 2113 et
1416 2084 1692 2122 qualitercumque
1710 2085 1859 2122 generari
1876 2085 2089 2123 prejudicium
2106 2091 2160 2115 aut

1153 2137 1421 2176 impedimentum
1439 2138 1590 2176 prestari,
1611 2138 1659 2167 vel
1677 2138 1874 2167 obstaculum
1891 2139 2051 2177 interponi
2067 2163 2072 2175 ,
2091 2148 2158 2169 om-

1154 2200 1227 2220 nem
1240 2191 1409 2220 infamiam
1426 2191 1474 2220 ‘vel
1487 2192 1719 2230 cujuscumque
1734 2191 1867 2220 infamie
1882 2196 1935 2221 aut
1946 2191 2158 2221 inhabilitatis

1155 2250 1262 2274 notam
1287 2250 1396 2275 contra
1422 2253 1474 2274 vos
1499 2254 1534 2273 ex
1556 2244 1621 2273 hiis
1648 2245 1809 2274 subortam
1828 2249 1978 2283 potestate
2005 2246 2158 2283 premissa

1155 2298 1387 2328 nichilominus
1415 2298 1541 2336 penitus
1563 2297 1730 2327 abolendo.
1758 2298 1848 2327 Nulli
1872 2307 1946 2336 ergo
1972 2304 2028 2329 etc.
2055 2305 2158 2328 nostre

1154 2351 1377 2388 restitutionis,
1397 2351 1613 2380 concessionis
1630 2356 1660 2380 et
1677 2351 1862 2381 abolitionis
1878 2356 1936 2381 etc.
1956 2352 2026 2380 Dat.
2047 2352 2156 2387 Home,

1153 2404 1236 2443 apud
1253 2404 1402 2434 Sanctam
1426 2404 1562 2433 Mariam
1587 2404 1739 2442 Majoreln
1752 2426 1760 2440 ,
1778 2413 1795 2433 x
1819 2403 1972 2433 kalendas
1989 2404 2153 2435 februarii,

1153 2466 1239 2488 anno
1255 2457 1406 2487 secundo.
1430 2469 1442 2483 n

1227 2658 1247 2685 1
1255 2657 1341 2686 989

1187 2719 1356 2746 Innnunitas
1372 2719 1509 2745 decimae.
1526 2718 1608 2751 (Res.
1627 2719 1670 2751 44,
1685 2727 1709 2745 c.
1729 2718 1789 2749 756,
1808 2720 1826 2744 f.
1844 2720 1895 2745 271³
1911 2721 1962 2750 v0t)

1450 2656 1813 2690 Salute-Marie-Majeure,
1836 2657 1864 2683 18
1876 2657 1991 2690 janvier
2010 2656 2084 2681 titul».

1192 2823 1312 2852 Dt'leccz‘s
1338 2822 1413 2859 filiis
1447 2844 1466 2850 ..

1151 2876 1254 2905 Sancti]
1272 2875 1428 2904 Laurentii
1444 2875 1480 2903 de
1500 2873 1589 2909 Varo,
1612 2874 1730 2902 ordinis
1748 2873 1777 2902 S.
1793 2874 1968 2911 Augustini,
1996 2873 2157 2902 l'entt'ensz's

1151 2929 1283 2964 diocesis,
1296 2926 1441 2964 indulget
1453 2930 1485 2955 ut
1498 2926 1536 2955 ad
1552 2926 1795 2964 praestationem
1809 2925 1951 2955 decimae
1963 2926 2010 2961 C.,
2030 2926 2096 2963 regi
2109 2925 2155 2955 Si-

1497 2822 1737 2850 commendatori*
1767 2826 1793 2849 et
1822 2821 1971 2857 frutribus
1999 2821 2157 2857 hospitalis

1190 3048 1224 3080 (l)
1242 3047 1297 3074 ΜΞ.
1318 3058 1323 3072 :
1340 3046 1550 3080 maqnitudt'nt's.

1962 3107 1994 3132 115
