2342 3652
918 367 1144 406 DEUXIEME
1166 366 1321 405 ΑΝΝΕΕ.
2100 378 2156 408 369

77 443 227 483 pitulum,
242 442 443 482 cappellanos
460 446 490 471 et
507 446 643 471 rectores
657 442 792 471 civitatis
805 446 835 471 et
848 442 1001 471 dioecesis
1016 441 1075 471 Ce—

77 497 294 533 nomanensis,
305 505 342 526 ex
357 495 468 532 altera,
479 495 564 524 infra
580 495 717 524 duorum
734 495 894 524 mensium
909 495 1047 532 spatium
1059 503 1077 523 a

76 550 255 588 receptione
268 549 483 587 praesentium
497 547 680 576 terminent.
694 547 726 576 Si
738 556 811 577 vero
822 547 861 576 ad
874 547 1076 577 concordiam

75 607 178 643 partes
195 602 352 632 adducere
373 610 436 631 non
453 601 576 639 possint
592 623 599 636 ‚
623 601 825 638 episcopum,
843 600 922 630 duos
947 600 1077 629 clericos

74 657 108 686 in
123 655 334 694 dignitatibus
351 654 400 684 vel
414 653 637 692 personatibus
649 654 835 683 constitutos
847 662 882 682 ac
894 653 972 682 duos
984 661 1077 682 cano-

75 710 163 739 nicos
187 708 361 737 residentes
386 707 420 735 in
441 706 552 735 eadem
575 705 707 735 ecclesia
732 706 831 735 citent
853 710 885 734 ut
910 706 993 734 infra
1016 710 1077 734 tres

75 770 199 792 menses
215 769 232 789 a
247 761 298 790 die
313 759 474 789 citationis
492 758 707 788 numerandos
727 767 832 787 coram
854 758 928 787 sede
952 762 1075 796 aposto-

75 814 136 844 lica
153 818 365 852 compareant.

116 879 130 894 ι
147 867 248 904 Angit
265 875 317 896 cor
333 870 514 895 nostrum...
531 881 569 886 -—
587 865 656 893 Dat.
679 865 798 900 Rome,
824 864 908 903 apud
928 863 1076 893 Sanctam

75 919 210 950 Mariam
229 919 401 958 Majorem,
421 918 526 947 idibus
544 917 713 952 februarii,
729 925 816 946 anno
831 916 981 946 secundo.
1003 929 1014 941 u

144 1076 264 1105 2088

109 1138 212 1165 Contra
226 1138 402 1165 clandestina
418 1137 609 1164 matrimonia.
628 1137 710 1170 (Rae.
728 1138 775 1171 44,
793 1146 819 1164 c.
839 1137 905 1171 818,
928 1137 946 1163 f.
963 1137 1015 1164 ‘290
1032 1144 1076 1168 r⁰;

74 1187 140 1215 LAP-
156 1195 192 1214 nu
206 1186 305 1221 Tum,
321 1185 364 1220 ΙΙ,
383 1186 456 1218 399)

351 1075 713 1110 Sainte-Marie-Majeure,
732 1076 746 1102 5
762 1075 913 1102 decembre
929 1075 1006 1102 1289.

117 1289 284 1318 Venerabili
299 1289 396 1324 fratri
416 1310 436 1318 ..
455 1289 586 1325 episcopo
609 1289 859 1325 Petrayoricensi.
887 1301 901 1315 «
926 1290 969 1318 Ex
991 1293 1077 1327 parte

73 1341 264 1383 venerabilis
279 1341 386 1370 fratris
402 1341 502 1370 nostri
523 1341 728 1379 Raymundi,
746 1342 883 1380 episcopi
904 1342 1076 1372 Caturcen-

73 1395 130 1432 sis,
155 1394 215 1424 fuit
240 1394 439 1434 propositum
467 1403 573 1424 coram
607 1394 697 1424 nobis
719 1395 803 1433 quod
829 1395 977 1424 nonnulli
1005 1395 1076 1424 reli-

72 1448 153 1487 giosi
164 1449 301 1486 exempti
317 1457 373 1477 sue
393 1448 533 1478 civitatis
545 1448 719 1477 etdiocesis
738 1457 972 1487 nonnunquam
993 1450 1076 1478 viros

73 1505 104 1532 et
133 1500 286 1531 mulieres
317 1502 503 1531 earumdem
529 1502 665 1531 civitatis
693 1506 723 1530 et
750 1502 885 1531 diocesis
909 1503 941 1531 in
966 1511 1076 1532 eorum

72 1554 211 1585 ecclesiis
228 1560 258 1584 et
274 1554 403 1593 capellis
419 1554 593 1584 admittunt
611 1555 650 1583 ad
662 1554 860 1584 clandestina
871 1556 1076 1585 matrimonia

72 1607 306 1644 contrahenda,
328 1607 474 1638 faciendo
492 1608 571 1646 ipsis
598 1607 700 1637 taliter
721 1608 982 1638 contrahentibus
998 1609 1076 1638 mis-

73 1669 179 1692 sarum
200 1660 367 1691 sollemnia
384 1661 537 1690 celebrari
556 1665 666 1691 contra
683 1661 853 1691 canonicas
871 1662 1052 1692 sanctiones
1068 1687 1074 1699 ,

72 1714 179 1753 sicque
196 1715 381 1753 frequenter
396 1715 553 1753 contingit
568 1715 650 1753 quod
669 1715 743 1745 tales
757 1716 791 1744 in
806 1716 957 1753 gradibus
973 1716 1076 1754 prohi-

71 1767 147 1798 bitis
164 1767 307 1806 aliasque
323 1767 435 1797 illicite
458 1777 513 1806 per
529 1772 708 1798 contractus
731 1768 916 1807 hujusmodi
939 1770 1075 1808 conjun-

72 1825 201 1860 guntur,
221 1821 255 1850 in
270 1829 401 1850 suarum
423 1821 627 1860 dispendium
643 1822 826 1852 animarum
844 1827 873 1852 et
889 1823 1076 1852 scandalum

72 1874 295 1914 plurimorum.
322 1875 427 1911 Quare
443 1884 498 1914 pro
519 1880 606 1914 parte
624 1875 727 1914 ipsius
747 1876 883 1914 episcopi
905 1877 965 1906 fuit
985 1877 1076 1906 nobis

71 1927 239 1958 humiliter
255 1928 470 1966 supplicatum
489 1932 522 1958 ut
538 1928 703 1967 providere
720 1938 814 1967 super
830 1929 888 1959 boc
902 1930 940 1959 de
956 1929 1076 1959 salubri

72 1981 214 2011 remedio
231 1986 363 2020 paterna
381 1981 596 2011 sollicitudine
616 1991 814 2012 curaremus.
839 1983 992 2019 Quocirca
1010 1983 1075 2012 fra-

72 2034 212 2065 ternitati
232 2038 283 2064 tue
298 2044 355 2073 per
369 2035 541 2073 apostolica
556 2036 671 2074 scripta
690 2037 881 2066 mandamus
897 2041 1054 2076 quatenus
1068 2060 1074 2073 ,

72 2087 100 2118 si
122 2091 168 2118 est
182 2088 242 2125 ita,
264 2097 299 2117 ex
321 2092 409 2127 parte
429 2093 537 2118 nostra
558 2089 731 2119 districtius
756 2089 905 2119 inhibere
928 2099 1076 2128 procures

73 2150 113 2183 ne
134 2141 173 2171 de
197 2145 299 2171 cetero
322 2151 377 2181 per
400 2142 526 2172 eosdem
549 2142 714 2181 religiosos
740 2143 813 2174 talia
837 2149 1076 2182 presumantur‚

73 2202 124 2224 eos
141 2194 197 2233 qui
216 2199 325 2224 contra
345 2195 480 2225 fecerint
499 2196 592 2234 Juxta
615 2196 793 2226 sanctiones
812 2197 997 2234 hujusmodi
1014 2207 1075 2235 pu·
1122 2233 1124 2235 .

73 2247 199 2277 niendo.
219 2248 425 2278 Presentibus
442 2253 511 2287 post
526 2249 789 2287 quinquennium
810 2250 945 2279 minime
959 2250 1074 2279 valitu-

72 2299 126 2329 ris.
145 2300 216 2330 Dat.
234 2300 354 2337 Rome,
373 2301 456 2339 apud
472 2301 622 2331 Sanctam
641 2303 777 2332 Mariam
795 2304 961 2342 Maj0rem,
985 2304 1076 2333 nonis

73 2352 264 2389 decembris,
281 2362 368 2383 anno
383 2355 532 2385 secundo.
553 2367 567 2382 n

143 2499 261 2528 2089

108 2559 286 2588 Immunitas.
307 2561 387 2593 (Rea.
405 2562 449 2594 44,
466 2571 491 2589 c.
508 2563 569 2594 819,
586 2563 606 2589 f.
625 2563 674 2590 290
691 2564 739 2596 ro.)

374 2500 737 2535 Sainte-Marie-Majeure,
752 2502 783 2529 18
797 2503 910 2536 janvier
926 2502 1003 2529 ¹290.

117 2662 284 2692 Venerabili
299 2664 395 2699 fratri
409 2664 514 2699 Petro,
533 2665 665 2702 episcopo
680 2667 912 2702 Aurelianensi‚
929 2665 1075 2703 indulget

75 2716 108 2744 ut
122 2714 229 2745 nullus
244 2715 407 2753 delegatus
429 2716 478 2746 vel
497 2717 721 2755 subdelegatus
736 2719 776 2748 ab
795 2727 831 2748 eo
855 2723 1001 2748 executor
1019 2728 1074 2748 seu

74 2774 272 2799 conservator
292 2770 477 2800 auctoritate
499 2771 583 2800 sedis
609 2771 798 2809 apostolicae
819 2772 868 2802 vel
897 2772 1074 2810 legatorum

74 2820 141 2859 ejus
163 2822 195 2851 in
218 2831 291 2852 eum
318 2823 657 2854 excommunicationis
678 2830 734 2854 aut
759 2825 923 2855 interdicti
943 2830 1074 2855 senten-

75 2872 150 2903 tiam
171 2874 373 2912 promulgare
385 2876 493 2913 possit.

114 2937 130 2953 «
153 2926 219 2957 Tue
237 2928 321 2965 pacis
345 2933 555 2966 querentes...
575 2946 615 2951 —
632 2930 702 2958 Dat.
730 2921 845 2968 Rome,
868 2930 951 2969 apud
974 2930 1073 2960 Sanc-

74 2981 137 3009 tam
161 2980 297 3010 Mariam
324 2981 501 3020 Maiorem,
535 2991 576 3012 xv
601 2982 755 3013 kalendas
784 2984 960 3021 februarii,
991 2992 1077 3013 anno

75 3032 220 3063 secundo.
238 3043 252 3060 ι

213 3099 284 3126 ΒΕΘ.
306 3099 427 3127 Niconis
447 3099 500 3126 IV.

1231 441 1349 470 2090

1195 501 1328 528 Facultas
1344 503 1519 530 absolvendi.
1539 503 1621 536 (Res.
1640 503 1682 536 44,
1699 512 1724 529 c.
1742 503 1803 533 820,
1820 503 1837 529 f.
1856 503 1906 530 290
1922 506 1966 534 1¹⁰.)

1494 441 1843 476 Sainte-Marie-Majeure,
1861 442 1876 468 9
1892 442 1994 468 sevrier
2011 443 2086 470 1390.

1206 603 1371 632 Venerabili
1386 605 1478 639 fratri
1495 606 1630 640 Alberlo,
1646 606 1777 642 episcopo
1797 606 1963 642 Yporiensi,
1978 605 2156 636 facultatem

1160 655 1303 683 concedit
1327 656 1512 686 absolvendi
1537 657 1665 686 clericos
1690 666 1764 686 suae
1784 658 1919 686 civitatis
1935 662 1964 687 et
1985 658 2155 695 dioecesis,

1161 708 1215 745 qui
1236 710 1571 738 excommunicationis
1597 710 1787 745 sententias,
1804 711 1987 740 auctoritate
2008 713 2158 741 constitu-

1162 760 1296 795 tionum,
1310 761 1487 798 legatorum
1504 767 1558 791 aut
1575 762 1762 792 nuntiorum
1774 763 1857 792 sedis
1868 763 2053 801 apostolicae
2064 774 2158 802 gene-

1161 812 1270 842 raliter
1286 814 1511 852 promulgatas,
1533 816 1740 852 incurrerint,
1757 820 1785 845 et
1801 817 2004 854 dispensandi
2024 827 2096 847 cum
2112 819 2158 848 eis

1161 867 1216 904 qui
1233 867 1277 896 sic
1293 867 1389 904 legati
1406 868 1515 896 divina
1531 867 1721 897 celebrarint
1737 873 1790 898 aut
1805 878 1837 898 se
1852 870 1891 898 ad
1911 879 2014 900 sacros
2029 872 2157 902 ordines

1159 921 1336 956 promoveri
1358 921 1500 950 fecerint.

1203 985 1215 999 ιι
1237 974 1348 1002 Merita
1371 978 1422 1003 tue
1444 974 1661 1003 devotionis...
1678 991 1716 995 —
1735 975 1805 1003 Dat.
1825 975 1942 1011 Rome,
1961 977 2043 1013 apud
2062 977 2157 1006 Sanc-

1161 1030 1224 1055 tam
1258 1027 1391 1055 Mariam
1427 1027 1581 1064 Maj0rem
1597 1049 1606 1063 ‚
1637 1037 1655 1055 v
1686 1027 1758 1057 idus
1786 1027 1956 1064 februarii,
1993 1038 2078 1058 anno
2111 1038 2158 1059 se-

1159 1078 1273 1108 cundo.
1295 1091 1309 1104 n

1194 1264 1307 1292 2091
1316 1264 1448 1294 -2092

1193 1326 1378 1361 Dispensatio
1395 1328 1575 1355 residentiae.
1593 1328 1674 1361 (Rea.
1694 1330 1736 1363 44,
1755 1337 1779 1355 c.
1798 1330 1857 1359 821,
1877 1330 1895 1355 f.
1912 1330 1962 1357 *290
1980 1331 2027 1361 1¹⁰.)

1528 1265 1874 1300 Sainte-Mai·ie-MaJ'eure,
1889 1267 1918 1292 10
1930 1267 2033 1293 fevi-ier
2048 1267 2123 1293 1-290.

1203 1430 1369 1459 Venerabili
1401 1432 1496 1466 fratri
1531 1432 1674 1467 Nicolao,
1697 1433 1872 1468 patriarche
1895 1433 2157 1467 Jerosolz‘mzssiano,

1158 1484 1317 1520 apostolice
1336 1485 1413 1513 seclis
1435 1485 1542 1521 legato,
1559 1484 1705 1522 indulget
1725 1488 1759 1513 ut
1774 1484 1879 1514 clerici
1897 1485 1964 1523 ejus
1980 1485 2157 1521 domestici,

1157 1537 1400 1572 commensales,
1420 1541 1598 1575 praesentes
1615 1542 1643 1566 et
1662 1538 1786 1576 posteri,
1805 1538 1873 1576 ejus
1889 1538 2047 1576 obsequiis
2065 1538 2159 1567 insis-

1159 1594 1274 1626 tentes,
1291 1590 1446 1628 quamdiu
1466 1600 1539 1620 eum
1557 1592 1589 1619 iu
1610 1591 1754 1629 partibus
1776 1600 1850 1620 suae
1867 1591 2034 1629 legationis
2052 1591 2160 1621 demo-

1158 1643 1221 1672 rari
1237 1644 1418 1681 contigerit,
1439 1644 1569 1679 fructus,
1588 1644 1731 1674 redditus
1748 1648 1776 1673 et
1799 1649 1967 1683 proventus
1984 1645 2156 1674 beneficio-

1157 1706 1228 1726 rum
1245 1706 1376 1726 suorum
1399 1697 1686 1727 ecclesiasticorum
1705 1698 1826 1735 integre
1845 1698 2006 1736 percipere
2022 1697 2158 1727 valeant.

1199 1762 1212 1776 α
1230 1750 1345 1779 Gratus
1362 1751 1502 1780 nominis
1525 1751 1607 1780 tui...
1627 1767 1664 1771 —
1682 1751 1752 1780 Dat.
1772 1751 1892 1786 Rome,
1912 1750 1994 1788 apud
2011 1750 2158 1779 Sanctam

1158 1804 1293 1833 Mariam
1311 1804 1481 1842 Majorem,
1501 1813 1546 1832 1111
1563 1803 1634 1833 idus
1651 1804 1819 1839 februarii,
1837 1812 1922 1833 anno
1936 1803 2085 1832 secundo.
2102 1815 2115 1830 ι

1196 1858 1235 1887 In
1250 1866 1278 1887 e.
1297 1867 1340 1888 m.
1361 1881 1380 1887 ..
1400 1858 1534 1887 Sanctae
1547 1857 1727 1887 Genovefae
1740 1857 1932 1886 parisiensis
1949 1861 1977 1886 et
1996 1880 2015 1886 ..
2031 1857 2164 1886 Sanctae

1158 1911 1277 1940 Mariae
1295 1911 1332 1940 de
1350 1912 1461 1940 Latina
1478 1910 1733 1940 Jerosolimitani
1758 1911 2023 1940 monasteriorum
2041 1910 2162 1940 abbati-

1156 1964 1216 1994 bus
1229 1969 1258 1993 et
1281 1987 1301 1995 ..
1326 1965 1599 2003 archipresbytero
1623 1964 1774 1993 ecclesiae
1798 1964 1835 1993 de
1853 1964 1950 2000 Colle,
1970 1963 2162 1993 Vulteranae

1158 2018 1327 2055 dioecesis,
1357 2018 1488 2047 mandat
1517 2023 1674 2056 quatenus
1706 2018 1825 2047 eisdem
1853 2017 1977 2047 clericis
2008 2017 2162 2056 praefatos

1158 2071 1290 2106 fructus,
1309 2071 1452 2100 redditus
1469 2075 1499 2100 et
1512 2075 1682 2109 proventus
1699 2071 1874 2100 ministrari
1893 2071 2018 2100 faciant.

1200 2136 1213 2151 α
1232 2125 1347 2154 Gratus
1364 2124 1556 2154 venerabilis
1575 2124 1720 2153 fratris...
1739 2141 1777 2145 -
1793 2125 1862 2153 Dat.
1884 2128 1918 2153 ut
1934 2133 2038 2162 supra.
2058 2136 2071 2150 n

1229 2311 1349 2340 2093

1193 2373 1345 2408 Exemptio
1360 2373 1544 2399 decimarum.
1564 2372 1647 2405 (Rae.
1665 2373 1714 2403 44,
1732 2380 1757 2398 c.
1775 2371 1834 2403 82⁶2,
1853 2371 1871 2397 f.
1890 2371 1939 2398 ‘290
1956 2373 2006 2403 v0.)

1475 2310 1825 2344 Sainte·Mar1e-Maj‹3ure,
1845 2310 1876 2336 10
1891 2310 1994 2336 sevricr
2013 2309 2088 2336 1290.

1196 2476 1298 2505 Eidem
1315 2473 1486 2512 patriarche
1499 2473 1650 2511 ¹indulget
1667 2478 1699 2502 ut
1715 2473 1752 2502 de
1770 2473 2021 2510 possessionibus
2035 2472 2159 2502 Jeroso-

1156 2530 1320 2559 limitanae
1336 2527 1487 2558 ecclesiae
1505 2527 1539 2556 in
1562 2535 1661 2564 regno
1680 2526 1778 2564 Cypri
1801 2525 1881 2554 nulli
1903 2525 2042 2554 decimas
2061 2533 2160 2563 usque

1157 2583 1196 2612 ad
1213 2582 1470 2621 quinquennium
1488 2580 1609 2609 solvere
1627 2584 1783 2615 teneatur,
1802 2579 1855 2607 sed
1870 2587 1922 2607 eas
1932 2579 1965 2607 iu
1982 2577 2159 2607 subsidium

1157 2644 1366 2675 expensarum
1388 2642 1517 2663 suarum
1533 2637 1715 2663 convertere
1731 2624 1829 2661 libere
1847 2631 1958 2660 valeat.

1200 2701 1213 2717 α
1232 2690 1314 2725 Quia
1331 2692 1455 2726 propter
1467 2686 1705 2716 necessitates...
1723 2702 1761 2706 —
1776 2685 1847 2714 Dat.
1867 2689 1900 2713 ut
1915 2693 2019 2723 supra.
2037 2696 2049 2710 n

1228 2867 1348 2896 2094
1478 2864 1830 2898 Sainte-Marie-Majeure‚
1845 2864 1875 2890 13
1892 2864 1994 2890 fcv1·ier
2012 2864 2088 2891 1290.

1193 2929 1413 2957 eoncessiones.
1431 2927 1512 2960 (Rea.
1532 2927 1574 2960 44,
1592 2935 1617 2953 c.
1633 2926 1694 2954 823.
1711 2926 1729 2952 t‘.
1748 2926 1798 2953 ‘290
1814 2928 1864 2958 νο.)

1198 3032 1313 3062 Eidem.
1340 3029 1485 3059 Declarat
1505 3028 1726 3058 concessiones
1743 3028 1769 3057 ei
1790 3027 1966 3067 specialiter
1980 3028 2077 3058 factas
2096 3036 2159 3058 non

1985 3095 2019 3122 47
