2342 3652
942 379 1171 420 DEUXIEME
1193 378 1351 418 ANNiin.
2126 397 2182 427 207

101 459 291 496 sanguineos
306 464 378 486 suos
392 464 429 486 ac
449 455 623 486 nonnullos
638 454 732 491 alios,
753 463 889 493 quorum
905 455 1007 494 aliqui
1022 455 1100 485 illit-

102 511 190 542 terati
202 535 209 545 ,
227 515 257 540 et
270 510 350 540 alias
367 509 479 538 minus
496 508 630 547 ydonei,
653 508 783 546 quidam
801 517 875 538 vero
891 509 981 547 pueri
996 517 1032 538 ac
1045 517 1100 546 pa-

102 565 212 595 tientes
240 564 275 592 in
300 566 380 592 etate
405 561 564 591 defectum
591 569 659 589 esse
684 560 845 596 dicuntur,
873 560 909 590 in
931 562 1101 590 canonicos

102 622 132 649 et
160 617 193 647 in
221 617 352 651 fratres,
380 614 542 645 revelante
563 613 623 643 hoc
650 612 714 642 illis
743 621 838 642 carue
866 617 896 642 et
922 614 1114 651 sanguine,.

102 670 275 702 temeritate
289 668 415 708 propria
430 670 630 705 receperunt.
648 666 752 696 Nos...
773 666 959 696 discretioni
975 670 1026 695 tue
1047 675 1102 704 per

102 722 266 764 apostolica
282 722 396 760 scripta
411 720 602 750 mandamus
620 723 794 757 quatenus,
811 719 837 748 si
853 719 910 748 tibi
925 719 1103 748 constiterit

102 776 140 807 de
157 775 320 815 premissis
334 796 342 811 ,
363 772 578 812 receptionem
601 771 651 801 vel
673 771 870 809 receptiones
894 771 1100 810 hujusmodi,

102 833 133 860 et
146 827 297 867 quicquid
318 836 353 856 ex
370 826 417 856 eis
433 830 576 855 secutum
596 829 642 854 est
659 823 709 854 vel
729 824 769 854 ob
792 824 894 862 ipsas,
916 825 1102 854 auctoritate

101 887 206 913 nostra
229 888 351 910 cassare
373 888 409 909 ac
432 879 561 908 irritare
575 901 582 914 ‚
601 877 702 907 immo
726 877 829 916 potius
847 885 935 906 cassa
956 881 986 906 et
1010 877 1103 906 irrita

102 934 248 965 nuntiare
262 941 422 972 procures,
441 930 591 970 predictis
610 929 750 969 prelatis,
767 930 896 959 decanis
912 934 942 960 et
955 929 1102 968 capitulis

101 996 138 1019 ac
149 995 256 1018 eorum
274 985 422 1024 singulis,
440 984 499 1014 sub
515 983 856 1014 excommunicationis
872 992 952 1022 pena
970 983 1103 1013 firmiter

100 1039 274 1071 inhibendo
290 1048 330 1069 ne
347 1038 420 1068 talia
435 1038 474 1067 de
488 1041 592 1067 cetero
607 1041 793 1075 attemptare
808 1040 1010 1075 presumant,
1029 1041 1059 1066 et
1075 1036 1103 1065 si

107 1103 194 1124 secus
209 1097 430 1132 presumptum
447 1091 559 1127 fuerit,
577 1090 778 1121 decernendo
800 1090 928 1129 penitus
948 1099 1101 1129 vacuum,

98 1147 223 1177 irritum
241 1150 270 1176 et
286 1145 394 1175 inane.
414 1145 486 1174 Dat.
504 1148 539 1174 ut
555 1152 662 1182 supra.
682 1156 696 1170 J)

167 1304 254 1333 9634
720 1303 811 1334 Rieti,
829 1302 863 1329 ‘23
880 1305 938 1330 mai
956 1304 1032 1331 1289.

134 1366 317 1401 Dispensatio
347 1374 434 1401 super
462 1366 576 1393 defectu
610 1366 757 1393 natalium.
784 1366 867 1399 (Res.
895 1367 942 1397 44,
977 1375 1002 1393 c.
1038 1366 1105 1397 238,

100 1415 120 1442 f.
141 1415 190 1442 158
204 1416 254 1448 νο.)

148 1518 312 1547 Venerabili
327 1518 422 1555 fratri
439 1539 459 1547 ..
480 1519 613 1556 episcopo
629 1519 777 1547 Perusino
801 1517 934 1547 mandat
951 1522 1110 1556 quatenus

101 1580 174 1602 cum
190 1571 350 1607 Johanne,
369 1570 493 1608 acolito,
518 1571 615 1601 fratre
630 1570 799 1609 hospitalis
816 1571 847 1601 S.
868 1571 1031 1601 Johannis
1053 1572 1110 1601 Je-

102 1623 311 1656 rosolimitani
327 1623 366 1653 de
383 1623 484 1654 Plano
499 1623 659 1663 Carpinis,
678 1624 857 1654 Perusinae
872 1625 1039 1662 dioecesis,
1057 1634 1111 1655 su-

101 1686 158 1717 per
175 1677 298 1707 defectu
312 1676 472 1707 natalium
492 1686 590 1716 quem
606 1677 735 1716 patitur,
754 1686 770 1707 e
787 1678 902 1708 clerico
925 1678 961 1707 in
977 1678 1112 1708 minori-

102 1730 160 1761 hus
173 1730 338 1761 ordinibus
357 1731 529 1761 constituto
545 1735 576 1761 et
591 1730 726 1760 muliere
749 1740 830 1769 quae
846 1731 994 1761 habitum
1010 1731 1111 1770 ipsius

104 1782 266 1822 hospitalis
290 1787 413 1813 tantum
432 1783 561 1822 gerebat
577 1783 631 1813 sed
650 1788 759 1814 votum
776 1784 928 1814 castitatis
950 1793 1014 1815 nou
1034 1785 1111 1815 emi-

103 1839 184 1867 serat
196 1836 337 1874 genitus‚
356 1836 520 1875 dispenset
535 1840 570 1866 ut
585 1836 624 1867 ad
641 1837 823 1876 superiores
838 1838 969 1868 ordines
986 1847 1111 1877 promo-

104 1888 170 1919 veri
186 1889 293 1928 possit.

142 1953 157 1969 «
173 1941 340 1980 Regularis
356 1942 481 1972 ordinis
497 1943 766 1981 professoribus...
780 1961 818 1965 —
832 1944 905 1976 Dat.
923 1949 1077 1984 utsupra.
1094 1959 1106 1973 »

172 2102 258 2131 965
716 2103 809 2134 Rieu,
830 2104 861 2130 17
875 2104 940 2139 juin
960 2105 1036 2132 1289.

138 2164 230 2191 Locus
251 2164 371 2191 fratrum
385 2164 420 2190 de
439 2164 616 2192 Poenitentia
636 2165 709 2192 Jesu
731 2165 837 2193 Christi
855 2166 1034 2194 pictavensis
1050 2168 1108 2194 fra-

104 2212 194 2240 tribus
209 2213 369 2239 minoribus
389 2213 482 2239 datur.
501 2213 584 2246 (Rea.
602 2214 635 2240 44
647 2234 654 2245 ,
679 2222 704 2241 c.
720 2214 786 2244 239,
804 2215 823 2241 f.
854 2215 901 2242 158
917 2221 961 2246 v⁰;
983 2215 1050 2243 Lar.
1074 2226 1109 2244 nu

104 2259 202 2293 Tuam,
220 2260 265 2293 11;
284 2261 387 2289 Porru.
406 2262 517 2294 22981.)

149 2363 312 2393 Venerabili
335 2365 432 2400 fratri
456 2387 474 2394 ..
497 2365 630 2403 episcopo
651 2369 677 2394 et
700 2366 804 2395 dilecto
824 2366 888 2403 filio
911 2390 929 2396 ..
954 2369 1109 2398 scolastico

105 2414 324 2446 Pictavensibus
345 2416 475 2446 mandat
491 2421 649 2455 quatenus
667 2417 775 2448 locum
792 2419 927 2449 fratrum
943 2420 980 2449 de
997 2421 1109 2450 Poeni-

106 2468 204 2498 tentia
217 2469 294 2499 «lesu
310 2468 432 2500 Christi
448 2470 672 2500 Pictavensem
687 2471 840 2502 fratribus
863 2473 985 2503 ordinis
1004 2474 1109 2504 mino-

106 2529 176 2551 rum
197 2522 341 2560 ejusdem
357 2523 495 2553 civitatis
516 2523 674 2561 vendant,
700 2525 906 2565 pretiumque
929 2532 1110 2566 susceptum

107 2573 224 2617 eisdem
240 2575 390 2606 fratribus
405 2576 585 2607 minoribus
600 2577 781 2608 restituant.

93 2641 102 2651 ι
151 2639 164 2655 ι
181 2627 319 2667 Spetiale
335 2629 479 2660 debitum
495 2631 616 2661 inter...
634 2648 672 2653 —
686 2632 757 2661 Dat.
774 2633 887 2670 Reate,
906 2644 945 2663 xv
958 2634 1111 2664 kalendas

105 2679 195 2719 julii,
213 2690 299 2712 anno
315 2683 464 2713 secundo.
490 2695 503 2710 n

175 2847 262 2876 966
726 2851 817 2883 Rieti,
838 2852 942 2888 13juin
964 2853 1040 2880 1289.

145 2907 186 2935 De
201 2910 371 2937 alienatione
395 2911 538 2938 bonorum
555 2914 721 2940 monasterii
738 2913 936 2942 Sublacensis.
954 2916 1036 2949 (Res.
1062 2918 1094 2943 44

109 2963 137 2983 c.
152 2956 220 2989 240,
237 2959 257 2985 f.
276 2959 323 2986 158
340 2961 392 2994 vu.)
1107 2949 1114 2963 ’

149 3058 256 3090 Dilecto
276 3062 340 3098 filio
356 3062 401 3098 B.,
419 3064 519 3092 abbati
536 3065 715 3093 monasterii
732 3064 935 3103 Sublacensis,
954 3067 993 3096 ad
1010 3076 1115 3096 roma-

1182 463 1256 484 nam
1280 454 1433 485 ecclesiam
1456 460 1540 487 nullo
1559 460 1655 488 medio
1676 460 1868 497 pertine-ntis,
1895 460 2014 490 ordinis
2033 461 2067 494 S.
2086 462 2184 492 Bene-

1182 508 1256 537 dicti
1268 531 1275 544 ‚
1310 509 1471 546 Tybztrtine
1507 512 1629 540 diocesis
1644 536 1650 548 ,
1691 517 1758 551 post
1784 513 2029 551 inquisitionem
2056 514 2094 543 de
2125 514 2185 545 hoc

1183 561 1309 598 negotio
1332 562 1370 591 ab
1397 583 1418 591 ..
1446 564 1590 602 episcopo
1614 566 1787 603 Anagnino
1811 570 1841 595 et
1867 588 1888 595 ..
1909 566 2184 605 archipresbytero

1183 613 1334 643 ecclesiae
1357 614 1465 645 Sancti
1488 617 1636 647 Andreae
1658 618 1696 647 de
1717 618 1852 648 Sublaco
1868 618 2001 655 factam,
2019 620 2185 657 redigendi

1183 666 1280 696 silvas
1300 672 1329 697 et
1350 668 1413 698 alia
1429 669 1496 699 loca
1513 671 1667 708 praedicti
1684 673 1868 701 monasterii
1884 673 1918 701 in
1935 672 2110 709 culturam,
2131 682 2185 703 ea-

1184 729 1245 758 que
1260 722 1295 750 in
1314 722 1579 760 emphitheosim,
1597 725 1631 752 in
1649 725 1779 754 feudum
1792 747 1799 761 ‚
1818 725 1867 755 vel
1885 726 1947 756 alio
1964 726 2057 756 modo
2073 735 2186 757 conee-

1183 773 1300 810 dendi,
1319 775 1484 805 licentiam
1503 776 1670 815 elargitur.

1226 839 1239 854 α
1259 828 1301 857 Te
1315 828 1393 857 olim
1409 829 1646 866 significante...
1667 847 1702 852 -
1724 831 1793 860 Dat.
1818 832 1934 867 Reate,
1956 832 2062 863 idibus
2075 833 2163 870 junii
2176 854 2189 872 ,

1185 889 1271 910 anno
1290 881 1439 911 secundo.
1461 894 1474 908 ι)

1255 1040 1450 1068 sav-968
1523 1040 1891 1075 Sainte-Marie-Majeure,
1913 1042 1949 1067 12¹*
1964 1043 2020 1068 mai
2040 1042 2118 1071 1289.

1220 1087 1264 1114 De
1293 1088 1496 1123 jurisdictione
1530 1090 1658 1123 episcopi
1691 1089 1928 1116 Cathalaunensis
1955 1090 1983 1116 in
2018 1092 2190 1118 monasterio

1186 1136 1285 1163 Sancti
1310 1137 1439 1164 Memmii
1461 1138 1692 1164 Cathalaunensi.
1718 1137 1800 1171 (Rae.
1823 1138 1869 1169 44,
1888 1146 1914 1165 c.
1938 1138 2005 1169 ⁵241,
2024 1139 2045 1166 f.
2073 1139 2120 1166 158
2142 1145 2190 1173 νος

1186 1185 1254 1212 Lar.
1271 1195 1306 1213 nu
1321 1185 1409 1212 Tuan.
1422 1209 1428 1216 ,
1445 1186 1490 1217 ΙΙ,
1511 1186 1579 1219 122.)

1236 1289 1400 1318 Venerabili
1413 1290 1507 1325 fratri
1526 1311 1544 1317 ..
1562 1290 1694 1327 episcopo
1707 1289 1956 1319 Cachalaunensi.
1972 1301 1985 1316 α
2000 1289 2131 1319 Litteras
2146 1289 2192 1319 fe-

1188 1342 1260 1372 licis
1290 1342 1517 1372 recordationis
1545 1342 1719 1372 Alexandri
1745 1352 1820 1381 pape
1851 1343 1915 1372 IIII
1929 1366 1936 1380 ,
1962 1342 2194 1382 predecessoris

1191 1397 1306 1432 nostri,
1330 1397 1412 1426 bone
1437 1396 1590 1425 memorie
1617 1395 1868 1426 Cizhalaunensi
1892 1396 2054 1434 episcopo,
2081 1395 2193 1433 prede-

1190 1450 1307 1480 cessori
1327 1455 1389 1487 tuo,
1414 1452 1482 1487 ejus
1498 1450 1623 1488 proprio
1640 1449 1771 1479 nomine
1790 1458 1852 1479 non
1871 1458 2029 1487 expresso,
2047 1449 2192 1485 directas,

1191 1504 1324 1533 fecimus
1341 1503 1455 1541 inspici
1472 1502 1654 1540 diligenter,
1674 1504 1707 1532 in
1728 1503 1846 1541 quibus
1870 1503 1929 1532 sibi
1947 1503 2058 1532 asserit
2076 1501 2193 1532 consti-

1192 1558 1266 1587 tisse
1283 1566 1320 1587 ex
1340 1562 1446 1586 tenore
1465 1556 1676 1595 quarumdam
1693 1556 1873 1586 litterarum
1895 1556 1944 1595 pie
1963 1556 2120 1585 memorie
2137 1556 2192 1584 In-

1192 1611 1333 1642 nocentii
1350 1620 1427 1649 pape
1443 1611 1526 1646 IIII,
1545 1610 1773 1648 predecessoris
1792 1610 1906 1645 nostri,
1925 1618 2002 1648 quas
2020 1609 2107 1639 idem
2126 1617 2195 1647 pre-

1192 1665 1336 1695 decessor
1367 1663 1549 1694 Alexander
1586 1672 1618 1692 se
1648 1663 1825 1702 inspexisse
1849 1663 1987 1699 dicebat,
2021 1662 2104 1701 quod
2132 1662 2195 1700 ipsi

1191 1718 1406 1758 predecessori
1423 1717 1611 1747 Innocentio
1626 1717 1808 1746 innotuerat
1824 1716 1907 1755 quod
1921 1741 1927 1753 ,
1946 1716 2019 1746 licet
2033 1720 2195 1745 monaste-

1191 1773 1278 1802 rium
1294 1772 1400 1802 Sancti
1411 1769 1826 1801 MeminiiCathalaunense
1842 1774 1923 1799 esset
1935 1770 2039 1799 eidem
2053 1769 2197 1807 episcopo

1192 1825 1452 1862 Cathalaunensi,
1462 1829 1614 1863 tanquam
1622 1832 1679 1853 suo
1686 1823 1865 1860 diocesano,
1873 1823 1941 1862 subj
1947 1827 2087 1858 ectum,..
2095 1822 2191 1851 abbas

1191 1884 1298 1910 tamen
1310 1884 1340 1909 et
1351 1882 1527 1909 conventus
1534 1878 1635 1916 ipsius
1642 1877 1839 1912 monasterii,
1853 1877 1880 1906 si
1894 1876 2076 1915 episcopum
2085 1876 2192 1914 ipsum

1190 1934 1240 1963 vel
1256 1932 1428 1963 officialem
1443 1941 1538 1961 sunm
1556 1931 1761 1968 contingebat
1773 1930 1936 1959 interdum
1951 1929 2059 1968 aliqua
2080 1937 2191 1959 eorum

1191 1988 1274 2018 bona
1289 1987 1413 2022 saisire,
1432 1985 1482 2015 vet
1492 1985 1582 2019 alias,
1591 1984 1716 2023 justitia
1724 1984 1881 2021 exigente,
1900 1983 2071 2021 procedere
2082 1986 2192 2012 eontra

1191 2050 1243 2071 eos
1258 2045 1312 2070 aut
1325 2039 1476 2070 homines
1492 2038 1696 2074 eorumdem,
1717 2046 1772 2067 seu
1789 2037 1816 2066 si
1833 2036 2035 2074 contingebat
2053 2035 2192 2065 subditos

1189 2095 1290 2133 ipsius
1315 2093 1453 2132 episcopi
1479 2092 1573 2122 dictis
1596 2091 1701 2121 abbati
1727 2095 1757 2120 et
1780 2090 1951 2120 conventui
1978 2089 2027 2119 vel
2051 2089 2193 2127 ipsorum

1190 2147 1377 2178 hominibus
1393 2146 1516 2184 aliquas
1536 2145 1655 2174 inferre
1671 2143 1833 2173 molestias
1849 2142 1899 2172 vel
1919 2143 2054 2172 offensas
2067 2165 2075 2178 ,
2100 2141 2192 2170 nobi-

1190 2202 1254 2231 lem
1271 2202 1377 2231 virum
1394 2222 1413 2229 ..
1427 2200 1575 2229 comitem
1590 2198 1775 2235 Campanie,
1791 2197 1830 2226 ad
1843 2205 1938 2235 quem
1954 2196 2054 2234 ipsius
2070 2202 2193 2224 monas-

1192 2256 1261 2286 terii
1288 2255 1449 2294 pert-inere
1472 2252 1648 2282 custodiam
1677 2251 1874 2286 asserebant,
1903 2251 2036 2288 ejusque
2060 2248 2192 2278 ballivos

1192 2310 1231 2340 ad
1245 2309 1397 2339 illicitum
1414 2306 1590 2346 presidium
1607 2314 1661 2334 sue
1677 2304 1871 2334 defensionis
1896 2303 2067 2332 evocabant
2085 2305 2193 2331 contra

1192 2364 1313 2393 dictum
1329 2362 1511 2401 episcopum
1530 2358 1837 2392 Cathalauneusem,
1855 2355 2022 2386 ecclesiam
2039 2360 2068 2384 et
2085 2354 2191 2383 subdi-

1192 2422 1238 2447 tos
1261 2415 1476 2454 supradictos,
1500 2413 1555 2452 qui
1576 2422 1608 2441 se
1631 2412 1665 2440 in
1686 2412 1828 2449 ipsorum
1853 2409 1991 2448 episcopi
2010 2413 2039 2437 et
2061 2407 2192 2437 ecclesie

1192 2478 1328 2500 messem
1356 2478 1410 2506 per
1435 2465 1651 2504 usurpationis
1677 2463 1831 2502 injuriam
1855 2463 2053 2500 ingerentes,
2082 2469 2137 2488 sua
2164 2463 2194 2489 et

1192 2523 1340 2554 fidelium
1356 2522 1499 2560 ipsorum
1520 2520 1602 2549 bona
1621 2522 1746 2557 propter
1765 2517 1824 2546 hoc
1841 2515 2037 2553 occupabant
2055 2517 2083 2542 et
2101 2513 2192 2542 inva-

1194 2578 1330 2611 debant,
1349 2575 1428 2604 alias
1453 2574 1573 2603 dictum
1592 2572 1773 2610 episcopum
1792 2574 1821 2599 et
1842 2568 1983 2598 subditos
2004 2568 2088 2605 ipsos
2107 2574 2192 2604 pres-

1194 2631 1278 2661 suris
1295 2629 1392 2659 variis
1407 2628 1601 2665 affligentes,
1627 2624 1770 2663 ejusdem
1786 2621 1924 2660 episcopi
1937 2621 2058 2657 judicio
2074 2623 2192 2658 preter-

1193 2686 1306 2717 misso,
1331 2683 1389 2712 sub
1418 2690 1480 2720 quo
1506 2679 1585 2709 tales
1614 2687 1646 2707 se
1677 2677 1850 2707 offerebant
1881 2674 2009 2712 prefatis
2031 2672 2137 2702 abbati
2164 2675 2195 2701 et

1193 2736 1365 2769 conventui
1381 2735 1419 2764 de
1435 2735 1578 2772 ipsorum
1594 2730 1778 2761 hominibus
1803 2728 1952 2758 exhibere
1968 2726 2089 2764 justitie
2108 2733 2194 2754 com-

1195 2792 1410 2831 plementum3
1428 2792 1458 2816 et
1472 2785 1557 2824 quod
1576 2784 1661 2813 idem
1679 2782 1879 2821 predecessor
1893 2778 2113 2814 Innocentius,
2130 2777 2193 2806 hu-

1194 2843 1336 2885 jusmodi
1352 2838 1644 2880 presumptionibus
1658 2834 1828 2873 apostolice
1842 2832 2039 2871 providentie
2055 2829 2196 2860 remedio

1197 2898 1328 2936 cupiens
1347 2895 1491 2928 obviare.v
1517 2890 1646 2929 prefatis
1660 2888 1765 2918 abbati
1786 2891 1815 2916 et
1833 2885 2004 2916 conventui
2020 2891 2195 2921 eorumque

1197 2949 1432 2982 successoribus
1445 2944 1602 2976 universis
1614 2947 1644 2972 et
1657 2940 1805 2978 singulis,
1814 2939 1872 2969 sub
1884 2947 1966 2977 pena
1979 2936 2197 2967 exeommuni-

1198 3005 1330 3037 cationis
1349 3007 1378 3032 et
1392 2999 1562 3031 amotionis
1577 3006 1594 3026 a
1611 2994 1830 3033 dignit-atibus,
1849 2990 2194 3026 administrationibus,

1197 3059 1312 3091 officiis
1326 3061 1355 3086 et
1367 3052 1541 3087 beneficiis,
1563 3058 1659 3087 quam
1675 3056 1744 3083 eos,
1762 3047 1788 3076 si
1803 3054 1893 3076 secus
1906 3045 2047 3075 facerent
2062 3043 2112 3073 vel
2126 3042 2197 3071 fieri
