2342 3652
927 363 1160 402 TRoismME
1182 365 1339 404 ANNEE.
2116 384 2169 414 451

81 435 176 472 dinis,
195 436 229 464 in
245 436 390 465 abbatem
407 436 520 474 prefati
536 437 725 477 monasterii
745 437 925 467 Lesatensis
941 438 979 467 de
993 439 1086 474 facto,

81 497 153 518 cum
172 488 299 527 dejure
322 489 543 527 nequiverint,
569 488 753 527 elegerunt,
772 499 807 519 ac
826 491 984 528 predictus
1006 491 1087 529 epis-

81 550 175 580 copus
190 541 389 571 Tholosanus
402 541 591 571 electionem
607 541 806 580 hujusmodi,
824 545 874 572 cui
891 544 993 573 dictus
1006 544 1089 582 Ray-

80 595 221 624 mundus
238 595 437 624 consensisse
454 595 571 624 dicitur
586 618 593 631 ,
613 595 834 632 confirmavit,
864 600 988 634 propter
1006 597 1089 635 quod

81 656 117 677 ex
131 645 218 686 parte
233 648 391 677 dictorum
408 648 559 677 abbatum
576 653 606 677 et
625 652 843 677 conventuum
860 649 898 678 ad
917 649 1090 687 predictam

81 699 186 729 sedem
202 700 304 729 extitit
319 700 526 738 appellatum.
543 700 625 730 Cum
647 705 755 730 autem
772 710 830 731 nos
846 710 960 731 omues
979 701 1089 740 hujus-

81 752 167 782 modi
182 761 293 782 causas
309 757 338 782 et
351 753 570 790 contingentia
587 762 698 783 causas
715 754 800 792 ipsas
814 754 928 783 dilecto
942 754 1009 783 filio
1022 763 1092 783 nos-

81 808 128 835 tro
157 805 269 840 Petro,
304 806 385 835 tituli
412 806 523 836 Sancti
554 806 679 836 Marchi
705 807 890 846 presbytero
913 807 1090 843 cardinali,

81 858 177 889 etiam
195 859 222 888 si
242 868 306 889 non
324 860 388 889 sint
404 869 458 898 per
474 860 721 898 appellationem
740 861 779 889 ad
796 861 904 889 sedem
920 860 1020 898 ipsam
1038 860 1091 889 de-

82 911 200 948 volute‚
219 913 405 942 duxerimus
423 913 679 949 committendas,
697 917 731 942 ut
748 922 800 943 eas
813 913 852 942 de
866 913 961 951 plano
977 916 1006 942 et
1021 913 1091 943 sine

81 966 211 1004 strepitu
228 965 343 1004 judicii
363 966 470 995 audiat.
487 971 517 995 et
534 966 640 996 debito
656 967 720 996 fine
737 967 879 1004 decidat,
903 967 1016 1005 prefati
1034 967 1090 996 ab-

78 1017 165 1048 bates
181 1022 395 1048 etconventus
406 1019 498 1049 nobis
511 1019 679 1049 humiliter
694 1020 914 1058 supplicarunt
927 1019 1090 1050 ntarchie-

77 1071 240 1113 piscopum
255 1077 287 1101 et
301 1072 485 1110 episcopum
495 1071 715 1102 Tliolosanum
729 1081 765 1101 ac
776 1073 1006 1111 Raymundum
1025 1082 1091 1111 pre-

79 1123 178 1154 dictos
200 1124 291 1154 citari
310 1134 367 1163 per
394 1125 566 1155 discretum
590 1125 734 1163 aliquem
757 1125 996 1156 mandaremus.
1025 1126 1090 1156 Nos

78 1177 192 1216 igitur,
214 1177 356 1215 ipsorum
382 1178 532 1207 abbatum
558 1182 588 1207 et
606 1183 823 1208 conventuum
849 1179 1089 1217 supplicationi-

77 1230 136 1260 bus
162 1230 329 1266 inclinati‚
354 1231 542 1261 discretioni
574 1236 676 1260 vestre
706 1241 761 1270 per
786 1232 959 1270 apostolica
975 1232 1090 1271 scripta

78 1283 269 1313 mandamus
287 1288 445 1322 quatenus
462 1292 516 1313 vos
532 1283 582 1313 vel
601 1284 735 1314 duo-aut
756 1293 839 1314 unus
857 1290 1014 1322 vestrum,
1035 1295 1090 1324 per

78 1344 135 1366 vos
161 1336 210 1366 vel
236 1346 292 1375 per
305 1336 406 1367 alium
425 1346 482 1367 seu
505 1337 600 1374 alios,
620 1337 896 1376 archiepiscopum
921 1344 950 1367 et
968 1339 1088 1377 episco-

78 1398 155 1428 pum
180 1389 400 1420 Tholosanum
430 1399 466 1420 ac
494 1390 727 1428 Raymundum
762 1391 897 1429 prefatos
927 1396 957 1421 et
977 1400 1089 1422 omnes

79 1442 158 1473 alios
174 1443 229 1482 qui
244 1452 302 1473 sua
313 1443 672 1474 crediderintinteresse
683 1453 717 1473 ex
730 1449 817 1482 parte
826 1450 931 1474 nostra
944 1454 1089 1483 peremp-

81 1496 158 1527 torie
180 1497 278 1527 citare
297 1497 414 1527 curetis
438 1502 473 1527 nt
498 1498 583 1526 iufra
607 1498 745 1527 duorum
772 1507 931 1528 mensmm
951 1500 1088 1538 spatium

80 1554 151 1588 post
165 1550 348 1580 citationem
363 1555 521 1587 vestram,
539 1559 613 1581 cum
631 1551 783 1581 omnibus
801 1552 897 1588 actis,
916 1552 1044 1590 juribus
1060 1557 1089 1583 et

80 1603 293 1633 munimentis
311 1604 376 1633 suis
396 1604 554 1642 predictas
571 1613 681 1634 causas
702 1606 981 1643 contingentibus,
998 1615 1089 1645 apos-

80 1655 173 1686 tolico
189 1665 222 1686 se
239 1658 424 1696 conspectui
441 1662 675 1696 representem,
694 1659 807 1688 facturi
825 1663 854 1688 et
871 1661 1028 1698 recepturi
1039 1670 1089 1690 su-

77 1718 135 1748 per
153 1710 316 1748 premissis
340 1710 425 1749 quod
445 1711 521 1741 ordo
546 1711 714 1741 dictaverit
738 1713 888 1749 rationis,
915 1714 958 1743 ita
981 1718 1088 1743 tamen

79 1762 163 1800 quod
178 1772 233 1801 per
251 1763 310 1793 hoc
324 1764 488 1794 occasione
502 1764 683 1803 aliquarum
699 1765 950 1803 appellationum
967 1766 1087 1804 predic-

78 1818 183 1846 tarum
200 1816 406 1847 citationibus
422 1817 538 1847 factisa
551 1819 624 1856 jure
634 1819 668 1848 in
685 1819 793 1858 aliquo
806 1819 990 1850 nullatenus
1001 1820 1088 1850 dero-

78 1873 179 1908 getur.
198 1869 292 1899 Diem
308 1879 382 1914 vero
398 1871 558 1901 citationis
574 1871 761 1914 hujusmodi
779 1877 808 1902 et
823 1873 974 1911 quicquid
992 1882 1088 1912 super

77 1921 140 1952 hiis
154 1922 309 1953 duxeritis
325 1924 509 1954 faciendum
529 1925 621 1954 nobis
637 1934 692 1963 per
707 1930 827 1955 vestras
850 1926 972 1956 litteras
997 1931 1086 1956 teno-

76 1984 145 2006 rem
160 1977 359 2015 presentium
379 1978 581 2008 continentes
607 1979 758 2008 studeatis
775 1988 871 2020 quam
895 1981 989 2009 totius
1007 1979 1086 2009 iuti·

75 2036 174 2059 mare.
188 2029 261 2060 Dat.
279 2030 394 2067 Rome,
405 2031 488 2069 apud
504 2030 655 2061 Sanctam
668 2032 805 2062 Mariam
819 2033 984 2071 Majorem,
995 2034 1088 2063 nonis

75 2082 171 2119 maii,
191 2091 278 2113 anno
296 2084 398 2114 tertio.
421 2095 435 2111 n

150 2290 267 2320 2202

114 2351 301 2388 Dispensatio
334 2362 423 2389 super
454 2354 567 2381 defectu
599 2355 745 2382 natalium.
778 2356 859 2389 (Rea.
886 2357 919 2383 45
931 2377 937 2386 ,
965 2364 990 2383 c.
1020 2356 1087 2391 188,

78 2401 100 2428 f.
116 2401 149 2429 3‘2
164 2408 210 2436 v⁰;
229 2401 295 2429 Lu».
312 2411 349 2430 nu
363 2402 461 2438 Tum,
479 2403 532 2435 ΙΙΙ,
550 2404 622 2438 131.)

437 2291 800 2327 Sainte-Marie-MaJeure,
818 2293 847 2319 11
864 2294 920 2320 mai
941 2293 1016 2321 1290.

118 2531 253 2561 Johanm·
267 2532 302 2561 de
317 2533 467 2571 Lendiqa,
485 2534 591 2564 clerico
614 2535 750 2564 Metensis
768 2536 903 2565 diocesis.
927 2535 1008 2565 Cum
1030 2543 1066 2565 eo
1077 2557 1085 2572 ,

79 2583 194 2615 clerico
210 2589 241 2614 et
255 2585 408 2615 familiari
423 2586 466 2622 J„
482 2586 617 2617 Sanctae
631 2588 753 2618 Mariae
764 2588 799 2618 in
814 2589 874 2618 Via
885 2588 947 2617 lata
961 2588 1087 2618 diaconi

80 2637 270 2675 cardinalis,
287 2639 543 2670 consideratione
559 2641 702 2679 ejusdem
715 2642 759 2679 J„
782 2642 943 2680 dispensat
960 2646 1002 2678 ut,
1023 2650 1087 2672 non

79 2690 223 2721 obstante
239 2691 363 2722 defectu
379 2692 535 2723 natalium
550 2703 646 2732 quem
663 2696 781 2733 patitur
797 2704 813 2725 e
831 2695 1014 2734 presbytero
1036 2704 1087 2733 ge-

80 2743 166 2774 nitus
185 2749 216 2774 et
236 2744 357 2783 soluta,
376 2746 415 2775 ad
438 2754 550 2776 omnes
572 2747 703 2777 ordines
723 2749 903 2786 promoveri
919 2753 948 2778 et
963 2748 1084 2778 benefi-

80 2796 168 2826 cium
186 2797 436 2828 ecclesiasticum
455 2799 616 2838 suscipere
631 2801 738 2838 possit.

121 2861 136 2877 α
153 2850 221 2880 Etsi
237 2850 337 2888 geniti
353 2860 428 2882 ex...
448 2868 488 2874 —
507 2852 577 2882 Dat.
600 2852 719 2889 Rome,
741 2854 824 2892 apud
847 2854 994 2884 Sanctam
1015 2855 1084 2883 Ma-

79 2901 160 2932 riam
177 2903 333 2942 Majorem
346 2927 353 2940 ,
373 2914 394 2934 v
421 2904 493 2934 idus
509 2905 605 2942 maii,
623 2914 709 2936 anno
726 2907 830 2937 tertio.
851 2919 864 2934 ι»

1222 440 1477 471 ἓῖθῧ-Ξῖθῧ

1205 500 1351 529 Germ-dus
1364 503 1517 531 ilerdensis
1533 514 1688 540 episcopus
1704 512 1899 536 consecratur.
1913 510 1995 543 (Res.
2012 512 2055 545 45,
2071 520 2096 538 c.
2110 513 2173 545 189,
2207 526 2211 529 ⁴

1170 549 1189 575 f.
1206 549 1238 576 33
1256 551 1302 584 r0.)

1542 443 1900 479 Sainte-Marie-Majeure,
1922 448 1950 473 15
1968 449 2021 474 mai
2044 450 2120 477 1290.

1212 664 1363 703 Gerar-dm
1390 669 1523 706 episcopo
1546 671 1702 700 Iter-densi.
1726 684 1739 697 «
1760 672 1809 701 Ad
1835 673 2025 704 universalis
2044 675 2174 707 ecclesie

1171 718 1316 754 regimen
1339 721 1550 750 exercendum
1578 727 1636 752 etc.
1660 728 1695 752 ut
1722 734 1815 762 supra
1841 726 1874 754 in
1901 727 2010 756 eodem
2034 734 2172 766 regesto,

1171 770 1312 807 capitulo·
1325 781 1418 801 vaui
1431 772 1489 812 (1),
1503 783 1604 812 usque
1621 776 1654 804 in
1671 776 1851 815 episcopum
1868 780 2050 816 preficimus
2063 786 2093 810 et
2105 791 2173 820 pas-

1174 826 1284 858 torem,
1300 832 1334 853 ac
1353 825 1407 853 tibi
1423 826 1653 864 subsequenter
1670 828 1802 858 fecimus
1819 840 1873 868 per
1887 833 2100 863 venerabilem
2116 835 2175 864 fra-

1174 878 1253 904 trem
1272 880 1417 906 nostrum
1435 878 1482 914 L.,
1506 878 1686 909 Ostiensem
1709 881 1908 920 episcopum,
1928 893 2046 915 munus
2065 895 2173 916 conse-

1172 928 1322 958 crationis
1342 930 1497 967 impendi.
1524 932 1597 961 Dat.
1623 933 1740 969 Rome,
1765 939 1926 974 utsupra,
1952 938 2059 969 idibus
2081 941 2172 978 maii,

1171 988 1254 1010 anno
1272 982 1372 1012 tertio.
1390 995 1403 1009 »

1212 1034 1250 1062 In
1268 1043 1296 1064 e.
1314 1043 1356 1064 m.
1373 1057 1394 1064 ..
1410 1036 1530 1066 decano
1546 1041 1575 1067 et
1590 1038 1729 1076 capitulo
1741 1039 1891 1070 ecclesiae
1907 1042 2078 1073 Ilei-densis
2088 1054 2175 1074 man-

1171 1086 1225 1116 dat
1239 1092 1396 1125 quatenus
1413 1089 1517 1119 eidem
1534 1091 1678 1130 episcopo
1697 1092 1838 1122 debitam
1854 1095 2066 1125 obedientiam
2086 1107 2174 1135 prae-

1171 1140 1277 1171 beant.
1296 1142 1367 1170 Dat.
1388 1146 1542 1181 utsupra.

1211 1194 1250 1222 In
1270 1203 1297 1224 e.
1323 1203 1367 1224 m.
1392 1218 1411 1224 ..
1437 1196 1709 1236 archiepiscopum
1735 1199 2005 1231 Terraconensem
2032 1208 2119 1240 rogat
2144 1209 2176 1234 ut

1170 1246 1312 1277 favorem
1336 1253 1366 1278 et
1391 1249 1549 1279 auxilium
1575 1251 1679 1281 eidem
1708 1253 1854 1292 episcopo
1876 1255 2032 1292 praebeat.
2055 1257 2125 1286 Dat.
2143 1262 2175 1287 ut

1171 1309 1276 1339 supra.

1243 1480 1359 1509 2208

1207 1543 1393 1578 Dispensatio
1424 1551 1512 1579 super
1538 1544 1651 1572 defectu
1681 1546 1823 1574 ordinum.
1854 1547 1941 1581 (Bac.
1974 1550 2024 1583 45,
2054 1558 2078 1576 c.
2109 1551 2174 1583 1190,

1169 1591 1188 1618 f.
1207 1591 1238 1619 33
1255 1592 1302 1626 1¹0.)

1546 1481 1906 1519 Sainte-Itiaric-Majeure,
1924 1487 1937 1512 7
1956 1487 2009 1513 mai
2029 1488 2102 1514 1290.

1212 1731 1232 1737 ..
1260 1709 1391 1746 episcopo
1413 1710 1587 1746 Leqi'onenst
1606 1710 1737 1740 mandat
1754 1715 1911 1750 quatenus
1930 1721 2003 1742 cum
2026 1714 2175 1745 «Iohanne

1171 1761 1315 1798 Alfonsi,
1337 1762 1546 1799 subdiacono,
1566 1767 1685 1793 rectore
1711 1764 1860 1795 ecclesiae
1877 1765 1985 1796 Sancti
2010 1767 2174 1797 Laurentii

1170 1815 1207 1845 de
1224 1816 1339 1845 Sancto
1356 1816 1523 1853 Facundo,
1546 1817 1754 1854 Legionensis
1770 1818 1946 1858 dioecesis,
1966 1820 2126 1859 dispenset
2144 1825 2178 1851 ut

1171 1869 1253 1898 hanc
1269 1869 1448 1906 ecclesiam,
1460 1878 1570 1900 curam
1584 1871 1768 1901 animarum
1778 1871 1963 1908 habentem,
1975 1882 2047 1903 cum
2058 1874 2177 1912 capella

1170 1922 1304 1952 Sanctae
1323 1923 1442 1953 Mariae
1460 1924 1561 1953 dictae
1579 1924 1687 1954 Novae
1706 1925 1744 1954 ab
1769 1925 1878 1955 eadem
1903 1926 2034 1956 ecclesia
2058 1927 2176 1966 depen-

1170 1976 1276 2012 dente,
1289 1985 1368 2014 quas
1384 1986 1438 2015 per
1455 1976 1565 2006 decem
1578 1986 1679 2007 annos
1692 1979 1808 2015 tenuit,
1824 1979 1856 2008 in
1874 1980 2095 2018 presbyterum
2111 1990 2176 2011 uon

1170 2034 1331 2068 promotus
1344 2052 1352 2067 ‚
1371 2039 1406 2059 ex
1426 2030 1472 2059 eis
1494 2031 1616 2060 fructus
1636 2035 1665 2060 et
1680 2036 1870 2069 proventus,
1889 2033 2047 2063 sexdecim
2075 2033 2176 2063 libra-

1170 2092 1242 2113 rum
1266 2083 1490 2113 turonensium
1509 2084 1647 2114 valorem
1674 2085 1726 2114 vix
1748 2086 1956 2124 attingentes,
1979 2088 2173 2125 percipiens,

1170 2136 1253 2166 licite
1277 2137 1417 2167 retinere
1439 2137 1555 2174 valeat,
1580 2137 1625 2166 ita
1650 2142 1756 2167 tamen
1785 2139 1870 2177 quod
1895 2139 1930 2168 in
1955 2140 2176 2178 presbyterum

1170 2190 1322 2229 proximis
1338 2191 1461 2220 statutis
1477 2200 1495 2220 a
1513 2191 1586 2230 jure
1602 2192 1797 2230 temporibus
1824 2193 2003 2231 promoveri
2026 2202 2058 2222 se
2080 2193 2175 2223 saciat

1170 2248 1200 2273 et
1215 2243 1253 2273 de
1266 2244 1422 2274 fructibus
1440 2244 1596 2283 perceptis
1615 2253 1650 2274 ex
1671 2244 1803 2274 ecclesia
1826 2249 1857 2274 et
1880 2245 2000 2284 capella
2026 2246 2175 2284 praefatis

1168 2296 1310 2336 aliquam
1329 2306 1505 2335 congruam
1521 2297 1700 2335 portionem
1728 2299 1761 2327 in
1787 2298 1989 2327 manifestam
2011 2303 2040 2328 et
2065 2308 2174 2337 perpe-

1170 2355 1256 2380 tuam
1268 2350 1437 2380 utilitatem
1455 2350 1640 2380 earumdem
1650 2350 1801 2380 ecclesiae
1812 2355 1842 2380 et
1852 2350 1990 2389 capellae
2002 2355 2172 2381 convertat.

1211 2415 1225 2430 ιι
1251 2404 1369 2433 Petitio
1393 2403 1502 2433 dilecti
1523 2403 1593 2433 filii.
1619 2420 1657 2425 —
1679 2404 1751 2433 Dat.
1778 2404 1899 2440 Rome,
1919 2405 2002 2443 apud
2026 2404 2173 2434 Sanctam

1169 2457 1306 2486 Mariam
1322 2457 1475 2496 Majorem
1490 2479 1498 2493 ,
1518 2457 1611 2487 nonis
1627 2457 1723 2492 maii,
1742 2466 1828 2487 anno
1844 2457 1947 2489 tertio.
1966 2470 1980 2483 »

1239 2643 1356 2673 2202

1203 2706 1388 2741 Dispensatio
1403 2705 1587 2732 matrimonii.
1604 2705 1688 2738 (Hac.
1706 2705 1748 2736 45,
1765 2713 1791 2731 c.
1809 2705 1872 2735 191,
1890 2704 1909 2732 f.
1927 2704 1959 2731 33
1982 2711 2021 2736 νος
2044 2704 2110 2730 LAP.
2137 2713 2171 2731 uu

1167 2755 1270 2789 Tum,
1286 2754 1345 2786 Ill,
1366 2754 1436 2786 133.)

1551 2642 1903 2676 Sainte-Marie-MaJeure‚
1921 2642 1934 2668 7
1953 2642 2006 2668 mai
2025 2642 2101 2669 1290.

1210 2887 1229 2894 ..
1251 2866 1384 2901 episcopo
1406 2863 1588 2900 Lz'nqonensi
1609 2861 1780 2891 committit
1802 2864 1958 2900 quatenus
1977 2870 2048 2892 cum
2068 2862 2171 2892 nobili

1167 2917 1235 2946 viro
1251 2916 1415 2952 Gnidone,
1436 2919 1509 2945 nato
1527 2914 1642 2945 nobilis
1664 2914 1726 2944 viri
1746 2914 1866 2944 Galteri
1881 2915 1919 2944 de
1937 2915 2100 2946 Firmitate
2117 2925 2171 2946 su-

1197 3043 1229 3074 (1)
1247 3043 1282 3066 No
1299 3041 1369 3066 2433.
