2477 3637
195 352 254 383 374
946 344 1182 376 REGISTRES
1204 344 1259 374 DE
1281 343 1458 375 NICOLAS
1481 344 1538 374 IV.

196 417 270 449 sede
285 417 338 456 {sit
362 415 524 445 indultum
552 413 661 444 eadem
684 412 767 451 quod
789 412 956 450 interdici,
983 410 1134 450 suspendi
1152 409 1203 439 vel

196 468 470 502 excommunicari
487 475 551 497 non
572 466 695 505 possint
715 474 771 504 per
786 464 908 495 litteras
926 464 1009 494 dic-te
1029 464 1114 493 sedis
1138 472 1203 493 uon

195 524 350 555 facientes
380 522 506 560 plenam
535 526 565 550 et
590 527 770 558 expressam
799 518 838 548 de
867 517 994 548 indulto
1019 516 1204 556 hujusmodi

196 577 405 607 mentionem.
427 574 498 604 Dat.
525 573 646 608 Rome,
667 571 752 610 apud
773 570 923 601 Sanctam
947 570 1082 600 Mariani
1101 569 1203 608 Majo—

196 638 264 660 rem
275 653 282 666 ‚
301 638 318 657 v
334 628 405 657 idus
423 626 596 660 februarii,
613 633 700 655 auno
715 624 866 654 secundo.
881 636 894 650 ›

267 755 321 784 21
333 754 458 784 15-21
471 753 527 782 1ss
565 751 919 785 Sainte-Marie-Majeure,
931 751 946 777 5
958 749 1112 777 novembre
1124 749 1202 776 1289.

231 810 275 837 De
290 811 475 837 contentione
492 809 566 835 inter
580 809 715 835 comitem
732 807 880 834 Flandriae
904 810 933 833 et
952 805 1090 840 quaedam
1111 805 1204 831 eccle-

196 860 256 887 sias
272 863 300 886 et
324 859 498 886 monasteria
521 857 738 885 Cameracensis
759 856 893 883 civitatis*
920 856 1002 889 (Rau.
1022 855 1054 881 44
1067 877 1074 886 ‚
1090 862 1117 881 c.
1132 853 1184 881 840
1195 874 1203 888 ,

196 909 217 936 f.
232 909 284 936 293
303 910 352 941 r0.)

240 1021 259 1027 ..
275 998 376 1027 abbati
392 998 572 1026 ¹monasterii
583 995 689 1025 Sancti
700 995 839 1033 Dyonz'sii
852 996 885 1023 in
898 994 1041 1029 Francia,
1052 993 1205 1021 Parisien-

197 1053 239 1080 sis
255 1051 387 1080 dz'ocesz's.
407 1062 420 1076 α
440 1049 503 1079 Sua
519 1049 612 1079 nobis
627 1048 761 1078 dilectus
776 1047 864 1077 filius
883 1046 1001 1077 nobilis
1017 1046 1064 1075 vir
1079 1044 1183 1075 Guido
1195 1068 1202 1081 ,

197 1112 301 1134 comes
316 1103 476 1140 Flandrie,
498 1102 648 1141 petitione
664 1100 854 1131 monstravit
871 1100 967 1139 quod,
984 1108 1057 1129 cum
1073 1106 1202 1137 percep-

197 1157 241 1187 tio
255 1157 422 1196 cujusdam
436 1156 537 1186 annui
557 1155 711 1192 redditus,
730 1155 837 1184 Gavah'
854 1153 1028 1191 vulgariter
1040 1151 1202 1190 appellati,

196 1211 231 1240 in
244 1211 393 1241 comitatu
410 1209 645 1244 Cameracensi,
660 1217 714 1247 per
729 1213 827 1237 terras
842 1211 873 1236 et
888 1206 980 1236 villas
996 1205 1203 1236 ecclesiarum

196 1264 456 1295 com’entualium
473 1267 503 1292 et
520 1262 787 1293 monasteriorum
810 1260 948 1290 civitatis
964 1258 1203 1289 Cameracensis

195 1317 231 1346 in
255 1317 365 1347 eodem
381 1317 531 1347 comitatu
548 1315 809 1350 consistentium,
829 1314 870 1343 ad
886 1322 980 1349 eum,
999 1317 1061 1341 tam
1078 1321 1115 1341 ex
1134 1320 1202 1349 spe-

196 1370 324 1400 tialibus
340 1369 569 1408 compositione
589 1373 619 1398 et
635 1368 734 1407 pactis
752 1366 907 1406 expressis
922 1366 1007 1396 inter
1023 1367 1203 1404 progenito-

195 1432 246 1453 res
262 1424 362 1462 ipsius
377 1423 520 1459 comitis,
539 1430 676 1461 quorum
694 1421 780 1450 idem
797 1428 902 1450 comes
921 1419 1013 1448 heres
1030 1418 1150 1457 existit,
1167 1427 1203 1447 ex

195 1481 283 1515 parte
299 1485 374 1512 una,
396 1480 426 1505 et
443 1475 580 1514 capitula
595 1479 626 1504 et
640 1478 816 1505 conventus
831 1481 867 1503 ac
885 1481 1036 1511 personas
1053 1471 1202 1502 ecclesia-

195 1539 268 1560 rum
285 1534 315 1559 et
333 1531 599 1560 monasteriorum
626 1528 841 1568 predictorum
854 1551 861 1564 ,
886 1527 924 1556 de
944 1534 1076 1556 assensu
1099 1524 1203 1554 dioce-

197 1583 278 1620 sani,
296 1592 389 1622 super
405 1583 474 1619 hoc,
492 1592 528 1612 ex
545 1582 655 1618 altera,
669 1581 759 1611 factis
775 1585 805 1610 et
820 1580 921 1616 initis,
940 1584 969 1609 et
984 1588 1021 1609 ex
1038 1582 1113 1608 tnnc
1128 1577 1206 1606 irre-

196 1637 393 1675 fragabiliter
410 1637 600 1673 observatis,
620 1645 715 1675 quam
731 1635 770 1664 de
787 1635 922 1673 antiqua
943 1638 973 1663 et
989 1633 1160 1672 approbata
1175 1635 1204 1661 et

196 1690 352 1720 hactenus
371 1690 497 1728 pacifice
515 1690 680 1719 observata
696 1687 939 1723 consuetudine,
957 1686 1114 1725 pertinere
1133 1693 1205 1714 nos-

197 1749 300 1781 catur,
318 1749 348 1773 et
365 1749 426 1773 tam
445 1744 511 1781 ipse
530 1752 625 1781 quain
643 1742 878 1781 predecessores
895 1740 945 1769 sni
962 1739 1092 1770 comites
1107 1738 1203 1768 Flan-

198 1797 277 1833 drie,
293 1797 347 1835 qui
366 1797 494 1826 suerunt
510 1806 565 1835 pro
585 1801 723 1835 tempore
734 1820 741 1832 ,
759 1795 824 1824 sint
840 1799 869 1823 et
884 1794 1007 1823 fuerint
1023 1793 1055 1822 in
1075 1792 1205 1831 pacifica

198 1853 397 1892 possessione
415 1851 464 1881 vel
486 1852 576 1890 quasi
596 1851 678 1890 juris
700 1850 895 1890 percipiendi
917 1848 1077 1879 redditum
1098 1847 1204 1887 ipsum

199 1914 217 1935 a
236 1911 375 1945 tempore
391 1906 481 1945 cujus
498 1905 651 1935 memoria
669 1912 734 1934 uon
750 1903 871 1939 existit,
892 1907 996 1932 tamen
1016 1901 1123 1931 dilecti
1145 1900 1205 1930 filii

202 1985 222 1991 ..
237 1962 367 2001 Majoris
393 1965 423 1991 et
441 1984 461 1990 ..
484 1961 592 1991 Sancti
608 1960 778 1998 Gaugerici
798 1964 827 1989 et
844 1959 980 1988 aliarum
997 1957 1205 1987 ecclesiarum

200 2015 312 2045 decani
328 2019 358 2044 et
375 2014 523 2053 capitula,
535 2023 570 2043 ac
583 2036 603 2043 ..
617 2014 726 2044 Sancti
743 2012 878 2042 Auberti
892 2017 922 2041 et
936 2034 956 2041 ..
971 2011 1080 2041 Sancti
1092 2010 1205 2048 Sepul-

201 2067 248 2097 cri
269 2071 299 2096 et
318 2066 456 2097 aliorum
482 2066 748 2096 monasteriorum
771 2064 1051 2095 Canieracensium
1079 2063 1206 2092 abbates

201 2129 376 2159 eorumque
390 2125 577 2156 conventus,
594 2120 702 2148 minus
717 2119 869 2148 veraciter
884 2117 1107 2156 pretendentes
1122 2115 1206 2154 qnod

201 2174 303 2204 dictus
319 2183 434 2211 comeS,
454 2177 545 2212 prout
562 2177 685 2203 tenetur
699 2177 728 2201 et
744 2175 874 2211 poterat,
893 2171 926 2199 in
944 2170 1162 2200 conservando
1177 2173 1207 2198 et

201 2227 400 2257 defendendo
421 2226 568 2256 ecclesias
587 2230 617 2256 et
634 2224 830 2255 monasteria
848 2224 990 2263 ipsorum
1009 2227 1039 2252 et
1056 2231 1206 2262 personas

203 2290 312 2311 eorum
327 2281 365 2310 ab
382 2280 624 2319 injuriatoribus
638 2278 834 2313 eorumdem,
849 2276 1041 2315 raptoribus,
1055 2276 1207 2305 invasori-

202 2335 262 2364 bus
285 2338 314 2364 et
340 2333 611 2373 perturbatoribus
630 2332 805 2368 universis,
823 2336 853 2361 et
870 2331 1015 2369 precipue
1036 2330 1075 2359 ab
1095 2330 1207 2368 Egidio

202 2388 242 2418 de
263 2388 423 2425 Bisiguies
437 2410 444 2423 ‚
471 2387 593 2424 milite,
614 2386 742 2424 ligiam,
761 2386 828 2424 ejus
851 2388 938 2421 nato,
966 2388 996 2413 et
1016 2383 1207 2422 quibusdam

202 2441 275 2472 aliis
294 2441 476 2480 potentibus
491 2440 620 2469 illarum
638 2439 794 2478 partium,
811 2447 890 2477 quos
908 2437 1055 2467 dicebant
1069 2437 1207 2475 injuria-

204 2499 284 2525 tores
301 2499 330 2524 et
348 2494 510 2524 invasores
528 2493 683 2523 violentos
698 2493 855 2522 bonorum
873 2491 1077 2521 ecclesiarum
1094 2494 1125 2519 et
1139 2498 1208 2519 mo-

204 2548 417 2578 nasteriorum
449 2555 579 2577 suorum
592 2569 601 2583 ,
629 2556 661 2576 se
695 2545 873 2575 reddiderat
903 2544 1137 2582 negligentem,
1171 2552 1208 2572 ex

205 2606 350 2640 arrupte,
369 2601 438 2630 siue
457 2609 550 2630 cause
573 2600 770 2638 cognitione,
789 2598 974 2627 auctoritate
995 2597 1139 2636 propria,
1163 2597 1208 2626 ei-

205 2655 276 2684 dem
295 2654 420 2688 comiti,
447 2662 501 2692 pro
526 2662 582 2682 sue
605 2651 778 2682 voluntatis
802 2651 907 2687 libito,
926 2650 1160 2680 mandaverunt
1175 2653 1211 2679 ut

205 2717 223 2737 a
248 2708 447 2747 perceptione
467 2706 542 2736 dicti
568 2706 709 2736 redditus
733 2705 883 2734 desistere
907 2708 1106 2743 procuraret,
1130 2702 1209 2732 alio-

207 2761 283 2799 quin
302 2760 332 2789 in
351 2759 492 2789 ecclesiis
509 2764 539 2789 et
553 2758 756 2789 monasteriis
770 2757 959 2796 supradictis
975 2761 1100 2796 propter
1117 2756 1177 2786 hoc
1192 2765 1211 2786 a

207 2813 418 2843 celebratione
433 2813 618 2842 divinorum
634 2815 794 2841 cessarent
810 2810 943 2840 omnino
959 2815 988 2840 et
1006 2810 1084 2839 alias
1101 2818 1210 2849 proce-

208 2866 317 2896 derent
342 2867 378 2895 ad
405 2866 743 2896 excommunicationis
772 2863 964 2894 sententiam
989 2867 1098 2893 contra
1123 2871 1208 2892 enm.

209 2918 324 2957 Sicque
340 2919 441 2948 dictus
457 2927 576 2955 comes,
595 2917 767 2956 diligenter
787 2917 953 2947 attendens
975 2916 1058 2955 quod
1076 2916 1137 2955 ipsi
1155 2915 1211 2955 qui

209 2972 287 3002 alias
310 2972 342 3001 in
369 2982 441 3001 enm
464 2981 527 3002 non
555 2971 713 3002 habebant
736 2970 994 3010 jurisdictionem
1014 2969 1210 3000 ordinariam

209 3035 263 3055 sen
281 3026 371 3055 etiarn
393 3025 570 3063 delegatam
595 3026 627 3054 in
651 3024 709 3054 hac
734 3028 821 3063 parte
838 3023 1045 3054 assumebant
1065 3023 1125 3053 sibi
1140 3022 1211 3053 offi-

1286 410 1371 439 cium
1394 409 1514 448 judicis
1532 414 1562 439 et
1583 410 1716 446 actoris,
1737 417 1777 439 ne
1801 409 1864 448 ipsi
1885 415 2105 448 presumerent
2123 411 2289 450 procedere

1286 462 1325 492 ad
1342 463 1515 501 premissa,
1533 463 1573 492 ad
1588 462 1695 493 sedern
1714 462 1917 501 apostolicam
1933 462 2119 501 appellavit;
2137 464 2191 494 sed
2208 465 2287 504 ipsi,

1286 515 1492 554 appellationi
1516 515 1704 555 thusmodi
1727 516 1803 546 dicti
1825 516 1968 551 comitis.
1995 517 2051 555 qni
2073 522 2200 556 paratus
2225 522 2290 548 erat

1287 578 1382 608 super
1406 569 1465 599 hoc
1490 577 1597 599 eoram
1620 568 1935 608 competentiJ'udice
1951 573 2033 599 stare
2053 570 2140 609 juri,
2158 571 2290 602 minime

1287 621 1477 658 deferentes,
1493 630 1529 652 ac
1547 621 1769 660 confingentes
1783 621 1867 660 quod
1882 621 1968 651 idem
1980 630 2086 652 comes
2100 623 2170 652 sine
2184 628 2290 655 aucto-

1287 676 1378 705 ritate
1406 679 1512 705 nostra
1539 684 1593 714 per
1620 674 1785 705 ministros
1811 683 1884 705 snos
1910 674 2002 705 villas
2026 675 2234 706 ecclesiarum
2261 681 2292 708 et
2336 703 2342 715 ,

1287 729 1554 758 monasteriorum
1571 729 1713 767 ipsorum
1730 728 1904 758 intraverat
1919 728 2090 764 violenter,
2108 729 2141 758 in
2158 729 2204 759 eis
2219 729 2291 768 pig·
2334 727 2348 746 ²*

1288 790 1365 812 nora
1383 781 1536 821 capiendo
1553 785 1582 811 et
1598 781 1753 820 asportari
1776 781 1832 811 illa
1853 781 1969 812 exinde
1987 790 2023 811 ac
2042 781 2180 812 detineri
2197 783 2292 814 etiam
2327 783 2330 786 ’

1287 835 1446 873 faciendo,
1464 835 1612 874 quodque
1627 839 1726 864 terras
1741 843 1850 864 eorum
1869 834 2074 874 prohibuerat
2090 835 2210 872 excoli,
2230 835 2292 867 mi·
2330 864 2338 875 Α,

1288 898 1348 919 nus
1361 890 1456 928 juste,
1475 897 1658 927 quanquam
1676 888 1734 918 hec
1748 897 1811 918 non
1829 893 1934 918 essent
1947 889 2071 919 notoria
2086 897 2191 928 neque
2207 898 2290 928 vera,
2332 901 2339 913 r

1287 944 1320 972 in
1349 943 1490 973 ecclesiis
1513 942 1701 972 eorumdem
1724 950 1741 970 a
1762 941 1974 971 celebratione
1993 941 2179 972 divinornm
2204 951 2293 973 occa-

1288 995 1379 1025 sione
1393 995 1581 1035 hujusmodi
1596 998 1811 1031 cessaverunt,
1826 999 1856 1024 et
1872 994 2103 1024 nichilominus
2119 995 2293 1034 predictum
2327 1029 2330 1033 A

1288 1048 1468 1085 redditum,
1500 1057 1555 1087 pro
1579 1058 1635 1077 sue
1662 1047 1834 1078 voluntatis
1864 1046 1969 1084 libito,
1993 1052 2103 1078 contra
2118 1047 2292 1087 justitiam,

1287 1106 1485 1138 arestarunt,
1509 1102 1542 1131 in
1564 1102 1664 1140 ipsius
1685 1101 1812 1131 comitis
1839 1101 2011 1139 injuriam,
2029 1101 2241 1140 prejudicium
2263 1105 2295 1134 et
2333 1092 2337 1098 ⁵

1288 1164 1473 1194 gravamen.
1491 1155 1597 1191 Quare
1612 1154 1714 1184 dictus
1731 1162 1836 1184 comes
1850 1153 1942 1184 nobis
1958 1153 2124 1184 humiliter
2141 1154 2294 1194 supplica·

1288 1210 1333 1238 vit
1352 1212 1400 1244 nt,
1418 1217 1493 1238 cum
1517 1209 1584 1247 ipse
1606 1208 1689 1237 circa
1711 1207 1984 1237 conservationem
2013 1212 2044 1237 et
2067 1207 2294 1246 protectionem
2331 1202 2335 1213 '

1289 1261 1495 1292 ecclesiarum
1515 1266 1545 1291 et
1569 1261 1834 1290 monasteriorum
1860 1268 1896 1290 ac
1920 1268 2129 1299 personarum
2152 1260 2294 1299 ipsorum
2324 1263 2326 1266 ’

1288 1315 1351 1346 huc
1363 1325 1463 1354 usque
1477 1315 1586 1345 lecerit
1597 1319 1628 1344 et
1642 1314 1757 1349 adhuc,
1776 1318 1870 1352 prout
1886 1317 2024 1350 tenetur,
2036 1313 2179 1343 intendat
2193 1313 2295 1345 lacere

1287 1378 1379 1408 posse
1390 1375 1491 1398 'suum
1507 1392 1514 1404 ,
1534 1367 1769 1406 indignumque
1794 1367 1834 1396 sit
1854 1366 1938 1405 qnod
1954 1366 2022 1405 ipse
2042 1367 2111 1396 sine
2131 1365 2224 1406 culpa
2238 1375 2296 1399 sua
2324 1359 2326 1363 ⁵

1289 1422 1393 1452 taliter
1408 1421 1570 1460 puniatur,
1589 1420 1752 1459 providere
1770 1420 1829 1449 sibi
1846 1429 1940 1458 super
1955 1419 2016 1450 hoc
2030 1423 2162 1458 paterna
2176 1418 2294 1450 sollici-

1289 1476 1397 1506 tudine
1417 1483 1614 1505 curaremus.
1641 1474 1745 1510 Quare
1768 1473 1925 1512 predictos
1947 1473 2084 1503 decanos
2105 1477 2136 1503 et
2157 1471 2296 1512 capitula
2323 1461 2327 1466 ⁴

1286 1538 1322 1559 ac
1347 1529 1476 1559 abbates
1501 1536 1678 1566 eorumque
1702 1531 1878 1556 conventus
1908 1525 2086 1564 rogandos,
2119 1526 2294 1557 monendos

1286 1587 1405 1613 attente
1422 1581 1574 1612 duximus
1590 1586 1620 1611 et
1634 1580 1807 1611 hortandos
1819 1604 1826 1617 ,
1846 1580 1891 1609 eis
1914 1579 2032 1610 nostris
2049 1579 2162 1610 dantes
2181 1579 2294 1610 litteris
2319 1571 2324 1583 ⁸

1287 1637 1323 1666 in
1342 1635 1501 1666 mandatis
1516 1639 1565 1672 ut,
1586 1634 1613 1664 si
1629 1639 1675 1664 est
1693 1634 1751 1670 ita,
1770 1633 1960 1671 diligentius
1975 1633 2176 1663 attendentes
2198 1641 2293 1672 quam
2323 1632 2325 1634 ’

1290 1690 1394 1719 tristes
1412 1693 1442 1719 et
1466 1688 1640 1718 laboriosos
1666 1691 1800 1717 eventus
1827 1686 1984 1716 adducere
2009 1685 2132 1716 soleant
2154 1685 2294 1725 questio-

1288 1752 1363 1780 nes,
1383 1751 1502 1781 organa
1521 1751 1577 1772 sua
1594 1744 1778 1777 resumant,
1797 1740 1960 1770 studentes
1983 1738 2212 1769 arestatiouem
2233 1738 2293 1769 hu-

1285 1796 1427 1837 jusmodi
1445 1804 1604 1832 revocare,
1622 1803 1681 1824 nec
1696 1793 1873 1832 impediant
1887 1792 2060 1832 quominus
2076 1792 2162 1822 idem
2178 1800 2293 1830 comes,

1289 1849 1434 1880 faciendo
1447 1847 1555 1889 [circa]
1567 1857 1603 1878 ea
1615 1856 1677 1886 que
1686 1847 1725 1876 ad
1737 1846 2015 1883 conservationem
2027 1850 2057 1875 et
2070 1845 2295 1884 protectionem

1289 1905 1391 1943 ipsam
1401 1903 1565 1942 pertinent
1575 1901 1709 1931 sollicite
1718 1909 1754 1930 ac
1766 1899 1903 1929 fideliter
1911 1907 2001 1938 posse
2011 1907 2120 1935 suuni,
2134 1897 2295 1928 redditum

1289 1958 1393 1997 ipsum
1412 1956 1512 1986 libere
1535 1955 1698 1994 percipere
1715 1953 1829 1983 debeat
1852 1957 1882 1982 et
1901 1952 2031 1982 habere.
2054 1952 2210 1988 Quocirca
2231 1950 2300 1982 dis-

1289 2011 1421 2042 cretioni
1444 2015 1496 2039 tue
1518 2018 1573 2048 per
1587 2007 1758 2047 apostolica
1779 2007 1896 2046 scripta
1914 2006 2107 2036 mandamus
2121 2009 2294 2044 quatenus.

1290 2065 1407 2095 voeatis
1426 2063 1481 2102 qui
1506 2063 1625 2093 fuerint
1643 2061 1812 2098 evocandi,
1839 2061 1878 2090 de
1903 2060 1997 2100 plano
2017 2064 2047 2090 et
2070 2059 2142 2090 sine
2165 2057 2297 2098 strepitu

1287 2118 1420 2158 judicii,
1438 2116 1551 2147 audias
1569 2115 1646 2145 hinc
1663 2115 1738 2145 inde
1754 2115 1930 2153 proposita,
1949 2117 1980 2143 et
1997 2113 2082 2152 quod
2105 2112 2296 2142 canonicum
2312 2115 2319 2130 ³

1289 2172 1406 2206 fuerit,
1425 2169 1636 2209 appellatione
1655 2172 1792 2203 remota,
1811 2167 1962 2197 decernas
1974 2189 1982 2203 ,
2002 2166 2123 2196 faciens
2140 2164 2226 2204 quod
2239 2164 2308 2203 dee,

1290 2225 1428 2256 creveris
1457 2232 1513 2262 per
1545 2231 1714 2252 censuram
1745 2220 1994 2251 ecclesiasticam
2022 2219 2158 2249 firmiter
2188 2218 2310 2249 obser--

1290 2279 1367 2309 vari.
1400 2279 1472 2307 Dat.
1504 2277 1626 2310 Rome,
1658 2274 1742 2313 apud
1771 2274 1921 2304 Sanctam
1951 2272 2088 2302 Mariam
2119 2271 2292 2312 Majorem,

1290 2333 1383 2362 nonis
1399 2329 1598 2365 novembris,
1617 2336 1702 2358 anno
1718 2327 1871 2357 secundo.
1889 2338 1904 2353 »

1330 2385 1369 2414 In
1382 2394 1409 2414 e.
1428 2393 1471 2413 m.
1485 2406 1503 2412 ..
1517 2381 1647 2420 Majoris
1659 2385 1722 2410 et..
1739 2380 1847 2410 Sancti
1862 2378 2036 2417 Gaugerici
2051 2381 2083 2409 et
2096 2377 2236 2408 aliarum
2249 2383 2296 2407 eo-

1290 2438 1461 2469 clesiarum
1478 2435 1606 2466 decanis
1626 2439 1656 2464 et
1677 2433 1827 2472 capitulis
1843 2440 1880 2462 ac
1895 2431 2005 2462 Sancti
2023 2426 2312 2466 Auberti‚·Sancti›·

1289 2490 1435 2530 Sepulcri
1452 2494 1483 2520 et
1502 2488 1639 2519 aliorum
1659 2486 1929 2517 monasteriorum
1950 2483 2232 2515 Cameracensium
2244 2481 2296 2512 ab·

1292 2545 1419 2575 batibus
1433 2551 1606 2581 eorumque
1622 2540 1832 2572 conventibus
1848 2538 1980 2569 mandat
1994 2541 2029 2568 ut
2043 2545 2164 2576 organa
2177 2543 2236 2566 sua
2249 2542 2295 2565 re-

1293 2603 1443 2635 sumant,
1474 2595 1716 2627 arrestationem
1747 2593 1942 2633 praedictam
1972 2595 2139 2628 revocent,
2170 2594 2202 2620 et
2232 2595 2310 2634 nou}

1292 2651 1474 2690 impediant
1488 2649 1663 2689 quominus
1681 2647 1768 2678 idem
1784 2655 1890 2677 comes
1907 2645 2069 2675 redditum
2084 2652 2179 2674 suum
2194 2639 2310 2682 perci-1

1293 2706 1367 2744 piat.
1380 2705 1453 2734 Dat.
1472 2707 1505 2733 ut
1521 2710 1627 2741 snpra.

1365 2870 1419 2900 21
1431 2870 1451 2897 Ι
1461 2870 1485 2898 *2
1619 2864 1982 2900 Sainte-Marie-Majeure,
1998 2863 2014 2891 9
2029 2862 2133 2889 fevi-ier
2149 2859 2227 2888 1290.

1329 2932 1527 2967 Indulgentiae
1544 2930 1628 2964 (Rae.
1646 2929 1689 2963 44,
1706 2937 1732 2956 c.
1750 2929 1811 2960 841,
1827 2927 1847 2954 f.
1863 2926 1916 2954 293
1927 2926 1979 2960 w.)

1340 3021 1506 3051 Venerabili
1519 3020 1615 3057 fratri
1628 3019 1783 3054 Roderz'co,
1795 3018 1927 3054 episcopo
1945 3013 2182 3048 Marrochitano,
2198 3005 2296 3041 facul-
2313 3012 2318 3020 ‘
