<?xml version="1.0" encoding="UTF-8"?>
<!DOCTYPE html PUBLIC "-//W3C//DTD XHTML 1.0 Transitional//EN"
    "http://www.w3.org/TR/xhtml1/DTD/xhtml1-transitional.dtd">
<html xmlns="http://www.w3.org/1999/xhtml" xml:lang="en" lang="en">
 <head>
  <title>
</title>
<meta http-equiv="Content-Type" content="text/html;charset=utf-8" />
  <meta name='ocr-system' content='tesseract 3.04.00' />
  <meta name='ocr-capabilities' content='ocr_page ocr_carea ocr_par ocr_line ocrx_word'/>
</head>
<body>
  <div class='ocr_page' id='page_1' title='image "./lesregistresdeni01romeuoft_0391.png"; bbox 0 0 2342 3652; ppageno 0'>
   <div class='ocr_carea' id='block_1_1' title="bbox 930 358 2174 409">
    <p class='ocr_par' dir='ltr' id='par_1_1' title="bbox 930 358 2174 409">
     <span class='ocr_line' id='line_1_1' title="bbox 930 358 2174 409; baseline 0.01 -12"><span class='ocrx_word' id='word_1_1' title='bbox 930 358 1157 398; x_wconf 65' lang='lat' dir='ltr'><strong>DEUXIE&#39;JME</strong></span> <span class='ocrx_word' id='word_1_2' title='bbox 1178 358 1333 398; x_wconf 68' lang='lat' dir='ltr'>ANNeE.</span> <span class='ocrx_word' id='word_1_3' title='bbox 2118 376 2174 409; x_wconf 82' lang='lat'>38¹</span> 
     </span>
    </p>
   </div>
   <div class='ocr_carea' id='block_1_2' title="bbox 121 432 1018 515">
    <p class='ocr_par' dir='ltr' id='par_1_2' title="bbox 121 432 1018 515">
     <span class='ocr_line' id='line_1_2' title="bbox 158 432 1018 466; baseline -0.001 -5"><span class='ocrx_word' id='word_1_4' title='bbox 158 432 278 461; x_wconf 67' lang='lat'>2160</span> <span class='ocrx_word' id='word_1_5' title='bbox 400 432 754 466; x_wconf 81' lang='lat' dir='ltr'>Sainte—Marie-Majeure,</span> <span class='ocrx_word' id='word_1_6' title='bbox 773 433 804 460; x_wconf 83' lang='lat'>13</span> <span class='ocrx_word' id='word_1_7' title='bbox 821 433 924 460; x_wconf 76' lang='lat' dir='ltr'>fevrier</span> <span class='ocrx_word' id='word_1_8' title='bbox 940 433 1018 460; x_wconf 72' lang='lat'><strong>1290.</strong></span> 
     </span>
     <span class='ocr_line' id='line_1_3' title="bbox 121 479 786 515; baseline -0.005 -7"><span class='ocrx_word' id='word_1_9' title='bbox 121 481 327 515; x_wconf 85' lang='lat' dir='ltr'><strong>Indulgentiae.</strong></span> <span class='ocrx_word' id='word_1_10' title='bbox 345 480 427 514; x_wconf 67' lang='lat' dir='ltr'>(Rae.</span> <span class='ocrx_word' id='word_1_11' title='bbox 446 481 488 512; x_wconf 74' lang='lat'>44,</span> <span class='ocrx_word' id='word_1_12' title='bbox 507 488 532 507; x_wconf 88' lang='lat' dir='ltr'>c.</span> <span class='ocrx_word' id='word_1_13' title='bbox 549 480 612 511; x_wconf 79' lang='lat'>869,</span> <span class='ocrx_word' id='word_1_14' title='bbox 629 481 648 506; x_wconf 75' lang='lat' dir='ltr'>f.</span> <span class='ocrx_word' id='word_1_15' title='bbox 667 479 718 507; x_wconf 69' lang='lat'>298</span> <span class='ocrx_word' id='word_1_16' title='bbox 735 482 786 513; x_wconf 68' lang='grc' dir='ltr'>νο.)</span> 
     </span>
    </p>
   </div>
   <div class='ocr_carea' id='block_1_3' title="bbox 85 582 1091 992">
    <p class='ocr_par' dir='ltr' id='par_1_3' title="bbox 85 582 1091 886">
     <span class='ocr_line' id='line_1_4' title="bbox 129 582 1089 620; baseline -0.001 -7"><span class='ocrx_word' id='word_1_17' title='bbox 129 583 279 614; x_wconf 80' lang='lat' dir='ltr'>Universis</span> <span class='ocrx_word' id='word_1_18' title='bbox 303 582 416 612; x_wconf 81' lang='lat' dir='ltr'>Christi</span> <span class='ocrx_word' id='word_1_19' title='bbox 439 582 579 619; x_wconf 79' lang='lat' dir='ltr'>fidelibus</span> <span class='ocrx_word' id='word_1_20' title='bbox 598 587 749 619; x_wconf 70' lang='lat' dir='ltr'><em>presentes</em></span> <span class='ocrx_word' id='word_1_21' title='bbox 765 584 882 612; x_wconf 73' lang='lat' dir='ltr'>litteras</span> <span class='ocrx_word' id='word_1_22' title='bbox 897 583 1089 620; x_wconf 77' lang='lat' dir='ltr'>inspecturis,</span> 
     </span>
     <span class='ocr_line' id='line_1_5' title="bbox 88 635 1091 673; baseline -0.003 -6"><span class='ocrx_word' id='word_1_23' title='bbox 88 635 326 673; x_wconf 83' lang='lat' dir='ltr'>Indulgentiam</span> <span class='ocrx_word' id='word_1_24' title='bbox 348 635 444 664; x_wconf 89' lang='lat' dir='ltr'>unius</span> <span class='ocrx_word' id='word_1_25' title='bbox 465 635 545 664; x_wconf 89' lang='lat' dir='ltr'>anni</span> <span class='ocrx_word' id='word_1_26' title='bbox 563 639 593 664; x_wconf 88' lang='lat' dir='ltr'>et</span> <span class='ocrx_word' id='word_1_27' title='bbox 606 643 644 663; x_wconf 75' lang='lat' dir='ltr'>XL</span> <span class='ocrx_word' id='word_1_28' title='bbox 666 635 791 664; x_wconf 92' lang='lat' dir='ltr'>dierum</span> <span class='ocrx_word' id='word_1_29' title='bbox 808 635 952 665; x_wconf 88' lang='lat' dir='ltr'>concedit</span> <span class='ocrx_word' id='word_1_30' title='bbox 969 635 1015 664; x_wconf 89' lang='lat' dir='ltr'>eis</span> <span class='ocrx_word' id='word_1_31' title='bbox 1036 636 1091 673; x_wconf 90' lang='lat' dir='ltr'>qui</span> 
     </span>
     <span class='ocr_line' id='line_1_6' title="bbox 87 686 1090 725; baseline -0.003 -6"><span class='ocrx_word' id='word_1_32' title='bbox 87 688 251 720; x_wconf 85' lang='lat' dir='ltr'>ecclesiam</span> <span class='ocrx_word' id='word_1_33' title='bbox 270 687 429 725; x_wconf 80' lang='lat' dir='ltr'>prioratus</span> <span class='ocrx_word' id='word_1_34' title='bbox 453 686 561 716; x_wconf 85' lang='lat' dir='ltr'>Sancti</span> <span class='ocrx_word' id='word_1_35' title='bbox 586 686 741 725; x_wconf 81' lang='lat' dir='ltr'>Stephani</span> <span class='ocrx_word' id='word_1_36' title='bbox 763 687 801 716; x_wconf 91' lang='lat' dir='ltr'>de</span> <span class='ocrx_word' id='word_1_37' title='bbox 821 687 1003 725; x_wconf 85' lang='lat' dir='ltr'>Campanea</span> <span class='ocrx_word' id='word_1_38' title='bbox 1030 687 1090 716; x_wconf 82' lang='lat' dir='ltr'>Pa-</span> 
     </span>
     <span class='ocr_line' id='line_1_7' title="bbox 86 739 1089 782; baseline -0.001 -11"><span class='ocrx_word' id='word_1_39' title='bbox 86 741 215 782; x_wconf 85' lang='lat' dir='ltr'>piensis,</span> <span class='ocrx_word' id='word_1_40' title='bbox 229 740 351 770; x_wconf 87' lang='lat' dir='ltr'>ordinis</span> <span class='ocrx_word' id='word_1_41' title='bbox 368 740 402 770; x_wconf 87' lang='lat' dir='ltr'>S.</span> <span class='ocrx_word' id='word_1_42' title='bbox 421 739 610 777; x_wconf 77' lang='lat' dir='ltr'><strong>Augustini,</strong></span> <span class='ocrx_word' id='word_1_43' title='bbox 629 740 663 769; x_wconf 91' lang='lat' dir='ltr'>in</span> <span class='ocrx_word' id='word_1_44' title='bbox 680 740 777 779; x_wconf 87' lang='lat' dir='ltr'>hujus</span> <span class='ocrx_word' id='word_1_45' title='bbox 793 741 892 770; x_wconf 90' lang='lat' dir='ltr'>sancti</span> <span class='ocrx_word' id='word_1_46' title='bbox 907 741 1089 776; x_wconf 82' lang='lat' dir='ltr'>festivitate,</span> 
     </span>
     <span class='ocr_line' id='line_1_8' title="bbox 85 793 1091 832; baseline -0.003 -7"><span class='ocrx_word' id='word_1_47' title='bbox 85 794 305 826; x_wconf 83' lang='lat' dir='ltr'>anniversario</span> <span class='ocrx_word' id='word_1_48' title='bbox 327 793 380 823; x_wconf 87' lang='lat' dir='ltr'>die</span> <span class='ocrx_word' id='word_1_49' title='bbox 403 793 615 823; x_wconf 81' lang='lat' dir='ltr'>dedicationis</span> <span class='ocrx_word' id='word_1_50' title='bbox 636 794 780 832; x_wconf 88' lang='lat' dir='ltr'>ejusdem</span> <span class='ocrx_word' id='word_1_51' title='bbox 806 793 959 823; x_wconf 88' lang='lat' dir='ltr'>ecclesiae</span> <span class='ocrx_word' id='word_1_52' title='bbox 982 798 1011 823; x_wconf 89' lang='lat' dir='ltr'>et</span> <span class='ocrx_word' id='word_1_53' title='bbox 1037 802 1091 831; x_wconf 91' lang='lat' dir='ltr'>per</span> 
     </span>
     <span class='ocr_line' id='line_1_9' title="bbox 85 847 640 886; baseline -0.007 -6"><span class='ocrx_word' id='word_1_54' title='bbox 85 854 152 882; x_wconf 86' lang='lat' dir='ltr'>octo</span> <span class='ocrx_word' id='word_1_55' title='bbox 166 849 234 878; x_wconf 90' lang='lat' dir='ltr'>dies</span> <span class='ocrx_word' id='word_1_56' title='bbox 250 852 418 886; x_wconf 82' lang='lat' dir='ltr'>sequentes</span> <span class='ocrx_word' id='word_1_57' title='bbox 431 847 640 877; x_wconf 78' lang='lat' dir='ltr'>visitaverint.</span> 
     </span>
    </p>

    <p class='ocr_par' dir='ltr' id='par_1_4' title="bbox 85 900 1090 992">
     <span class='ocr_line' id='line_1_10' title="bbox 125 900 1090 940; baseline -0.001 -10"><span class='ocrx_word' id='word_1_58' title='bbox 125 914 139 930; x_wconf 70' lang='grc' dir='ltr'><strong>α</strong></span> <span class='ocrx_word' id='word_1_59' title='bbox 157 902 227 932; x_wconf 89' lang='lat' dir='ltr'>Vite</span> <span class='ocrx_word' id='word_1_60' title='bbox 246 901 430 940; x_wconf 87' lang='lat' dir='ltr'>perempnis</span> <span class='ocrx_word' id='word_1_61' title='bbox 447 900 587 938; x_wconf 82' lang='lat' dir='ltr'>gloria...</span> <span class='ocrx_word' id='word_1_62' title='bbox 605 918 644 922; x_wconf 98' lang='lat'><strong>—</strong></span> <span class='ocrx_word' id='word_1_63' title='bbox 662 901 734 931; x_wconf 86' lang='lat' dir='ltr'>Dat.</span> <span class='ocrx_word' id='word_1_64' title='bbox 754 902 872 937; x_wconf 83' lang='lat' dir='ltr'>Rome,</span> <span class='ocrx_word' id='word_1_65' title='bbox 891 900 975 938; x_wconf 87' lang='lat' dir='ltr'>apud</span> <span class='ocrx_word' id='word_1_66' title='bbox 990 900 1090 930; x_wconf 87' lang='lat' dir='ltr'>Sanc-</span> 
     </span>
     <span class='ocr_line' id='line_1_11' title="bbox 85 952 1087 992; baseline -0.004 -7"><span class='ocrx_word' id='word_1_67' title='bbox 85 959 148 986; x_wconf 87' lang='lat' dir='ltr'>tam</span> <span class='ocrx_word' id='word_1_68' title='bbox 164 954 299 984; x_wconf 87' lang='lat' dir='ltr'>Mariam</span> <span class='ocrx_word' id='word_1_69' title='bbox 314 954 480 992; x_wconf 80' lang='lat' dir='ltr'>MaJ&#39;orem,</span> <span class='ocrx_word' id='word_1_70' title='bbox 497 953 603 983; x_wconf 90' lang='lat' dir='ltr'>idibus</span> <span class='ocrx_word' id='word_1_71' title='bbox 619 953 791 990; x_wconf 80' lang='lat' dir='ltr'>februarii,</span> <span class='ocrx_word' id='word_1_72' title='bbox 808 961 894 983; x_wconf 90' lang='lat' dir='ltr'>anno</span> <span class='ocrx_word' id='word_1_73' title='bbox 907 952 1058 983; x_wconf 89' lang='lat' dir='ltr'>secundo.</span> <span class='ocrx_word' id='word_1_74' title='bbox 1073 964 1087 979; x_wconf 74' lang='lat' dir='ltr'>n</span> 
     </span>
    </p>
   </div>
   <div class='ocr_carea' id='block_1_4' title="bbox 82 1186 1089 1271">
    <p class='ocr_par' dir='ltr' id='par_1_5' title="bbox 82 1186 1089 1271">
     <span class='ocr_line' id='line_1_12' title="bbox 117 1186 1089 1222; baseline -0.001 -7"><span class='ocrx_word' id='word_1_75' title='bbox 117 1187 160 1215; x_wconf 89' lang='lat' dir='ltr'>De</span> <span class='ocrx_word' id='word_1_76' title='bbox 176 1196 295 1215; x_wconf 88' lang='lat' dir='ltr'>numero</span> <span class='ocrx_word' id='word_1_77' title='bbox 310 1187 479 1214; x_wconf 84' lang='lat' dir='ltr'>clericorum</span> <span class='ocrx_word' id='word_1_78' title='bbox 495 1188 523 1213; x_wconf 89' lang='lat' dir='ltr'>in</span> <span class='ocrx_word' id='word_1_79' title='bbox 540 1187 662 1214; x_wconf 87' lang='lat' dir='ltr'>ecclesia</span> <span class='ocrx_word' id='word_1_80' title='bbox 679 1186 801 1213; x_wconf 82' lang='lat' dir='ltr'>Sanctae</span> <span class='ocrx_word' id='word_1_81' title='bbox 818 1187 941 1222; x_wconf 76' lang='lat' dir='ltr'>Agnetis</span> <span class='ocrx_word' id='word_1_82' title='bbox 958 1187 1089 1222; x_wconf 86' lang='lat' dir='ltr'>Anagni-</span> 
     </span>
     <span class='ocr_line' id='line_1_13' title="bbox 82 1236 796 1271; baseline -0.006 -6"><span class='ocrx_word' id='word_1_83' title='bbox 82 1246 134 1265; x_wconf 89' lang='lat' dir='ltr'>nae</span> <span class='ocrx_word' id='word_1_84' title='bbox 151 1237 339 1264; x_wconf 79' lang='lat' dir='ltr'>servientum.</span> <span class='ocrx_word' id='word_1_85' title='bbox 357 1236 440 1270; x_wconf 81' lang='lat' dir='ltr'>(Rec.</span> <span class='ocrx_word' id='word_1_86' title='bbox 457 1237 501 1271; x_wconf 84' lang='lat'>44,</span> <span class='ocrx_word' id='word_1_87' title='bbox 518 1245 546 1263; x_wconf 90' lang='lat' dir='ltr'>c.</span> <span class='ocrx_word' id='word_1_88' title='bbox 562 1236 623 1268; x_wconf 86' lang='lat'>870,</span> <span class='ocrx_word' id='word_1_89' title='bbox 641 1236 660 1262; x_wconf 82' lang='lat' dir='ltr'>f.</span> <span class='ocrx_word' id='word_1_90' title='bbox 677 1236 728 1264; x_wconf 71' lang='lat'>298</span> <span class='ocrx_word' id='word_1_91' title='bbox 745 1236 796 1270; x_wconf 74' lang='lat' dir='ltr'>vo.)</span> 
     </span>
    </p>
   </div>
   <div class='ocr_carea' id='block_1_5' title="bbox 406 1125 1015 1167">
    <p class='ocr_par' dir='ltr' id='par_1_6' title="bbox 406 1125 1015 1167">
     <span class='ocr_line' id='line_1_14' title="bbox 406 1125 1015 1167; baseline 0 -15"><span class='ocrx_word' id='word_1_92' title='bbox 406 1125 770 1167; x_wconf 70' lang='lat' dir='ltr'>Sainte—Marie-MaJeure,</span> <span class='ocrx_word' id='word_1_93' title='bbox 788 1125 803 1151; x_wconf 79' lang='lat'>5</span> <span class='ocrx_word' id='word_1_94' title='bbox 816 1125 920 1151; x_wconf 85' lang='lat' dir='ltr'>fevrier</span> <span class='ocrx_word' id='word_1_95' title='bbox 938 1125 1015 1152; x_wconf 73' lang='lat'>1290.</span> 
     </span>
    </p>
   </div>
   <div class='ocr_carea' id='block_1_6' title="bbox 78 1337 1087 1751">
    <p class='ocr_par' dir='ltr' id='par_1_7' title="bbox 79 1337 1087 1637">
     <span class='ocr_line' id='line_1_15' title="bbox 122 1337 1087 1377; baseline -0.001 -8"><span class='ocrx_word' id='word_1_96' title='bbox 122 1361 142 1369; x_wconf 89' lang='lat'>..</span> <span class='ocrx_word' id='word_1_97' title='bbox 160 1339 417 1376; x_wconf 78' lang='lat' dir='ltr'>archipresbytero</span> <span class='ocrx_word' id='word_1_98' title='bbox 433 1343 459 1367; x_wconf 83' lang='lat' dir='ltr'>et</span> <span class='ocrx_word' id='word_1_99' title='bbox 473 1339 590 1367; x_wconf 79' lang='lat' dir='ltr'>clericis</span> <span class='ocrx_word' id='word_1_100' title='bbox 605 1338 721 1368; x_wconf 81' lang='lat' dir='ltr'>ecclesie</span> <span class='ocrx_word' id='word_1_101' title='bbox 737 1337 843 1366; x_wconf 76' lang='lat' dir='ltr'>Sancte</span> <span class='ocrx_word' id='word_1_102' title='bbox 854 1339 975 1376; x_wconf 66' lang='lat' dir='ltr'>Afflictis</span> <span class='ocrx_word' id='word_1_103' title='bbox 990 1340 1087 1377; x_wconf 75' lang='lat' dir='ltr'>Anaq-</span> 
     </span>
     <span class='ocr_line' id='line_1_16' title="bbox 81 1390 1087 1429; baseline 0 -7"><span class='ocrx_word' id='word_1_104' title='bbox 81 1393 163 1428; x_wconf 82' lang='lat' dir='ltr'>nine,</span> <span class='ocrx_word' id='word_1_105' title='bbox 179 1391 219 1421; x_wconf 88' lang='lat' dir='ltr'>ad</span> <span class='ocrx_word' id='word_1_106' title='bbox 233 1391 335 1421; x_wconf 82' lang='lat' dir='ltr'>instar</span> <span class='ocrx_word' id='word_1_107' title='bbox 353 1390 530 1420; x_wconf 84' lang='lat' dir='ltr'>Alexandri</span> <span class='ocrx_word' id='word_1_108' title='bbox 550 1399 648 1429; x_wconf 86' lang='lat' dir='ltr'>papae</span> <span class='ocrx_word' id='word_1_109' title='bbox 668 1391 746 1426; x_wconf 84' lang='lat'>1111,</span> <span class='ocrx_word' id='word_1_110' title='bbox 764 1392 1008 1429; x_wconf 86' lang='lat' dir='ltr'>quaternarium</span> <span class='ocrx_word' id='word_1_111' title='bbox 1024 1391 1087 1422; x_wconf 89' lang='lat' dir='ltr'>cle-</span> 
     </span>
     <span class='ocr_line' id='line_1_17' title="bbox 81 1444 1086 1483; baseline -0.002 -7"><span class='ocrx_word' id='word_1_112' title='bbox 81 1445 220 1476; x_wconf 88' lang='lat' dir='ltr'>ricorum</span> <span class='ocrx_word' id='word_1_113' title='bbox 238 1453 427 1479; x_wconf 87' lang='lat' dir='ltr'>numerum,</span> <span class='ocrx_word' id='word_1_114' title='bbox 444 1444 724 1483; x_wconf 73' lang='lat' dir='ltr'>archipresbytero</span> <span class='ocrx_word' id='word_1_115' title='bbox 741 1452 805 1474; x_wconf 88' lang='lat' dir='ltr'>non</span> <span class='ocrx_word' id='word_1_116' title='bbox 828 1449 1008 1483; x_wconf 87' lang='lat' dir='ltr'>computato</span> <span class='ocrx_word' id='word_1_117' title='bbox 1021 1469 1028 1481; x_wconf 89' lang='lat'>,</span> <span class='ocrx_word' id='word_1_118' title='bbox 1052 1445 1086 1474; x_wconf 87' lang='lat' dir='ltr'>in</span> 
     </span>
     <span class='ocr_line' id='line_1_18' title="bbox 80 1497 1087 1538; baseline 0 -10"><span class='ocrx_word' id='word_1_119' title='bbox 80 1498 240 1538; x_wconf 86' lang='lat' dir='ltr'>praedicta</span> <span class='ocrx_word' id='word_1_120' title='bbox 258 1497 410 1535; x_wconf 88' lang='lat' dir='ltr'>ecclesia,</span> <span class='ocrx_word' id='word_1_121' title='bbox 434 1506 453 1527; x_wconf 87' lang='lat' dir='ltr'>a</span> <span class='ocrx_word' id='word_1_122' title='bbox 474 1497 590 1527; x_wconf 89' lang='lat' dir='ltr'>litteris</span> <span class='ocrx_word' id='word_1_123' title='bbox 610 1497 712 1527; x_wconf 87' lang='lat' dir='ltr'>bonae</span> <span class='ocrx_word' id='word_1_124' title='bbox 735 1497 908 1527; x_wconf 85' lang='lat' dir='ltr'>memoriae</span> <span class='ocrx_word' id='word_1_125' title='bbox 929 1498 978 1535; x_wconf 74' lang='lat' dir='ltr'>R,</span> <span class='ocrx_word' id='word_1_126' title='bbox 1003 1498 1087 1537; x_wconf 86' lang='lat' dir='ltr'>epis-</span> 
     </span>
     <span class='ocr_line' id='line_1_19' title="bbox 80 1550 1084 1591; baseline -0.001 -9"><span class='ocrx_word' id='word_1_127' title='bbox 80 1552 149 1591; x_wconf 85' lang='lat' dir='ltr'>copi</span> <span class='ocrx_word' id='word_1_128' title='bbox 173 1551 357 1589; x_wconf 85' lang='lat' dir='ltr'>Anagnini,</span> <span class='ocrx_word' id='word_1_129' title='bbox 386 1559 473 1581; x_wconf 87' lang='lat' dir='ltr'>nnnc</span> <span class='ocrx_word' id='word_1_130' title='bbox 497 1559 572 1580; x_wconf 90' lang='lat' dir='ltr'>casu</span> <span class='ocrx_word' id='word_1_131' title='bbox 592 1550 721 1580; x_wconf 82' lang='lat' dir='ltr'>fortuito</span> <span class='ocrx_word' id='word_1_132' title='bbox 744 1550 886 1586; x_wconf 89' lang='lat' dir='ltr'>amissis,</span> <span class='ocrx_word' id='word_1_133' title='bbox 914 1555 1084 1587; x_wconf 85' lang='lat' dir='ltr'>statutum,</span> 
     </span>
     <span class='ocr_line' id='line_1_20' title="bbox 79 1605 256 1637; baseline -0.017 0"><span class='ocrx_word' id='word_1_134' title='bbox 79 1605 256 1637; x_wconf 80' lang='lat' dir='ltr'>confirmat.</span> 
     </span>
    </p>

    <p class='ocr_par' dir='ltr' id='par_1_8' title="bbox 78 1657 1087 1751">
     <span class='ocr_line' id='line_1_21' title="bbox 121 1657 1087 1696; baseline 0.001 -9"><span class='ocrx_word' id='word_1_135' title='bbox 121 1671 136 1687; x_wconf 87' lang='lat'>«</span> <span class='ocrx_word' id='word_1_136' title='bbox 157 1659 201 1688; x_wconf 89' lang='lat' dir='ltr'>Ex</span> <span class='ocrx_word' id='word_1_137' title='bbox 217 1658 301 1688; x_wconf 88' lang='lat' dir='ltr'>serie</span> <span class='ocrx_word' id='word_1_138' title='bbox 317 1662 458 1688; x_wconf 85' lang='lat' dir='ltr'>vestre...</span> <span class='ocrx_word' id='word_1_139' title='bbox 473 1675 511 1679; x_wconf 97' lang='lat'><strong>—</strong></span> <span class='ocrx_word' id='word_1_140' title='bbox 527 1658 600 1688; x_wconf 89' lang='lat' dir='ltr'>Dat.</span> <span class='ocrx_word' id='word_1_141' title='bbox 616 1658 717 1687; x_wconf 83' lang='lat' dir='ltr'>Rome</span> <span class='ocrx_word' id='word_1_142' title='bbox 731 1681 737 1694; x_wconf 89' lang='lat'>,</span> <span class='ocrx_word' id='word_1_143' title='bbox 755 1657 838 1696; x_wconf 85' lang='lat' dir='ltr'>apud</span> <span class='ocrx_word' id='word_1_144' title='bbox 855 1658 1004 1688; x_wconf 82' lang='lat' dir='ltr'>Sanctam</span> <span class='ocrx_word' id='word_1_145' title='bbox 1022 1659 1087 1688; x_wconf 86' lang='lat' dir='ltr'>Ma-</span> 
     </span>
     <span class='ocr_line' id='line_1_22' title="bbox 78 1711 943 1751; baseline -0.003 -9"><span class='ocrx_word' id='word_1_146' title='bbox 78 1711 158 1742; x_wconf 86' lang='lat' dir='ltr'>riam</span> <span class='ocrx_word' id='word_1_147' title='bbox 176 1712 345 1751; x_wconf 88' lang='lat' dir='ltr'>Maj0rem,</span> <span class='ocrx_word' id='word_1_148' title='bbox 365 1711 458 1741; x_wconf 87' lang='lat' dir='ltr'>nouis</span> <span class='ocrx_word' id='word_1_149' title='bbox 475 1711 644 1750; x_wconf 85' lang='lat' dir='ltr'>februarii,</span> <span class='ocrx_word' id='word_1_150' title='bbox 661 1719 746 1741; x_wconf 87' lang='lat' dir='ltr'>anno</span> <span class='ocrx_word' id='word_1_151' title='bbox 763 1711 913 1740; x_wconf 85' lang='lat' dir='ltr'>secundo.</span> <span class='ocrx_word' id='word_1_152' title='bbox 931 1723 943 1738; x_wconf 69' lang='lat' dir='ltr'><strong><em>n</em></strong></span> 
     </span>
    </p>
   </div>
   <div class='ocr_carea' id='block_1_7' title="bbox 77 1898 336 1928">
    <p class='ocr_par' dir='ltr' id='par_1_9' title="bbox 77 1898 336 1928">
     <span class='ocr_line' id='line_1_23' title="bbox 77 1898 336 1928; baseline -0.008 0"><span class='ocrx_word' id='word_1_153' title='bbox 77 1900 104 1928; x_wconf 62' lang='grc' dir='ltr'>ᾖ</span> <span class='ocrx_word' id='word_1_154' title='bbox 111 1898 131 1925; x_wconf 83' lang='grc' dir='ltr'>Ι</span> <span class='ocrx_word' id='word_1_155' title='bbox 139 1898 271 1928; x_wconf 68' lang='lat' dir='ltr'>ssz-zi</span> <span class='ocrx_word' id='word_1_156' title='bbox 279 1898 336 1926; x_wconf 69' lang='lat'>83</span> 
     </span>
    </p>
   </div>
   <div class='ocr_carea' id='block_1_8' title="bbox 39 1960 1082 2053">
    <p class='ocr_par' dir='ltr' id='par_1_10' title="bbox 39 1960 1082 2053">
     <span class='ocr_line' id='line_1_24' title="bbox 110 1960 1082 1995; baseline 0 -8"><span class='ocrx_word' id='word_1_157' title='bbox 110 1960 157 1987; x_wconf 82' lang='lat' dir='ltr'>Ad</span> <span class='ocrx_word' id='word_1_158' title='bbox 170 1961 322 1987; x_wconf 88' lang='lat' dir='ltr'>ecclesiam</span> <span class='ocrx_word' id='word_1_159' title='bbox 339 1960 374 1987; x_wconf 89' lang='lat' dir='ltr'>de</span> <span class='ocrx_word' id='word_1_160' title='bbox 395 1960 555 1987; x_wconf 87' lang='lat' dir='ltr'>Lisernone</span> <span class='ocrx_word' id='word_1_161' title='bbox 571 1960 785 1987; x_wconf 87' lang='lat' dir='ltr'>aedificandam.</span> <span class='ocrx_word' id='word_1_162' title='bbox 805 1960 886 1993; x_wconf 67' lang='lat' dir='ltr'>(Rea.</span> <span class='ocrx_word' id='word_1_163' title='bbox 904 1961 952 1991; x_wconf 79' lang='lat'><strong>44,</strong></span> <span class='ocrx_word' id='word_1_164' title='bbox 971 1969 996 1987; x_wconf 84' lang='lat' dir='ltr'>c.</span> <span class='ocrx_word' id='word_1_165' title='bbox 1014 1961 1082 1995; x_wconf 82' lang='lat'>871,</span> 
     </span>
     <span class='ocr_line' id='line_1_25' title="bbox 39 2009 481 2053; baseline -0.002 -16"><span class='ocrx_word' id='word_1_166' title='bbox 39 2046 43 2053; x_wconf 92' lang='lat'>.</span> <span class='ocrx_word' id='word_1_167' title='bbox 73 2010 92 2037; x_wconf 84' lang='lat' dir='ltr'>f.</span> <span class='ocrx_word' id='word_1_168' title='bbox 109 2009 160 2038; x_wconf 73' lang='lat'>299</span> <span class='ocrx_word' id='word_1_169' title='bbox 175 2017 217 2043; x_wconf 82' lang='lat' dir='ltr'>r⁰;</span> <span class='ocrx_word' id='word_1_170' title='bbox 235 2009 352 2042; x_wconf 70' lang='lat' dir='ltr'>Pori-11..</span> <span class='ocrx_word' id='word_1_171' title='bbox 370 2009 481 2043; x_wconf 71' lang='lat'><strong>23141.)</strong></span> 
     </span>
    </p>
   </div>
   <div class='ocr_carea' id='block_1_9' title="bbox 401 1897 1081 1932">
    <p class='ocr_par' dir='ltr' id='par_1_11' title="bbox 401 1897 1081 1932">
     <span class='ocr_line' id='line_1_26' title="bbox 401 1897 1081 1932; baseline 0.003 -9"><span class='ocrx_word' id='word_1_172' title='bbox 401 1897 764 1932; x_wconf 81' lang='lat' dir='ltr'>Sainte-Marie-Majeure,</span> <span class='ocrx_word' id='word_1_173' title='bbox 788 1898 819 1924; x_wconf 80' lang='lat'>13</span> <span class='ocrx_word' id='word_1_174' title='bbox 835 1898 986 1924; x_wconf 78' lang='lat' dir='ltr'>decembre</span> <span class='ocrx_word' id='word_1_175' title='bbox 1005 1899 1081 1926; x_wconf 60' lang='lat'>1289.</span> 
     </span>
    </p>
   </div>
   <div class='ocr_carea' id='block_1_10' title="bbox 112 2111 1083 2143">
    <p class='ocr_par' dir='ltr' id='par_1_12' title="bbox 112 2111 1083 2143">
     <span class='ocr_line' id='line_1_27' title="bbox 112 2111 1083 2143; baseline 0.001 -2"><span class='ocrx_word' id='word_1_176' title='bbox 112 2112 210 2142; x_wconf 79' lang='lat' dir='ltr'>Nobili</span> <span class='ocrx_word' id='word_1_177' title='bbox 229 2113 296 2142; x_wconf 90' lang='lat' dir='ltr'>viro</span> <span class='ocrx_word' id='word_1_178' title='bbox 313 2112 429 2141; x_wconf 85' lang='lat' dir='ltr'>Oddoni</span> <span class='ocrx_word' id='word_1_179' title='bbox 454 2112 489 2141; x_wconf 82' lang='lat' dir='ltr'>de</span> <span class='ocrx_word' id='word_1_180' title='bbox 513 2112 706 2141; x_wconf 76' lang='lat' dir='ltr'>Grandisono</span> <span class='ocrx_word' id='word_1_181' title='bbox 731 2111 914 2142; x_wconf 81' lang='lat' dir='ltr'>facultatem</span> <span class='ocrx_word' id='word_1_182' title='bbox 938 2113 1083 2143; x_wconf 88' lang='lat' dir='ltr'>concedit</span> 
     </span>
    </p>
   </div>
   <div class='ocr_carea' id='block_1_11' title="bbox 73 2165 1122 2258">
    <p class='ocr_par' dir='ltr' id='par_1_13' title="bbox 73 2165 1122 2258">
     <span class='ocr_line' id='line_1_28' title="bbox 73 2165 1113 2204; baseline 0.001 -9"><span class='ocrx_word' id='word_1_183' title='bbox 73 2165 262 2195; x_wconf 87' lang='lat' dir='ltr'>aedificandi</span> <span class='ocrx_word' id='word_1_184' title='bbox 279 2165 345 2195; x_wconf 86' lang='lat' dir='ltr'>suis</span> <span class='ocrx_word' id='word_1_185' title='bbox 364 2165 544 2203; x_wconf 89' lang='lat' dir='ltr'>sumptibus</span> <span class='ocrx_word' id='word_1_186' title='bbox 560 2165 728 2195; x_wconf 86' lang='lat' dir='ltr'>ecclesiam</span> <span class='ocrx_word' id='word_1_187' title='bbox 744 2166 777 2194; x_wconf 90' lang='lat' dir='ltr'>in</span> <span class='ocrx_word' id='word_1_188' title='bbox 802 2165 868 2195; x_wconf 88' lang='lat' dir='ltr'>loco</span> <span class='ocrx_word' id='word_1_189' title='bbox 891 2175 947 2196; x_wconf 92' lang='lat' dir='ltr'>suo</span> <span class='ocrx_word' id='word_1_190' title='bbox 971 2167 1009 2196; x_wconf 87' lang='lat' dir='ltr'>de</span> <span class='ocrx_word' id='word_1_191' title='bbox 1029 2167 1080 2196; x_wconf 84' lang='lat' dir='ltr'>Li·</span> <span class='ocrx_word' id='word_1_192' title='bbox 1110 2201 1113 2204; x_wconf 19' lang='grc' dir='ltr'><strong><em>Δ</em></strong></span> 
     </span>
     <span class='ocr_line' id='line_1_29' title="bbox 75 2218 1122 2258; baseline 0.002 -10"><span class='ocrx_word' id='word_1_193' title='bbox 75 2227 228 2256; x_wconf 69' lang='lat' dir='ltr'>cernone,</span> <span class='ocrx_word' id='word_1_194' title='bbox 257 2218 474 2248; x_wconf 87' lang='lat' dir='ltr'>Lausanensis</span> <span class='ocrx_word' id='word_1_195' title='bbox 499 2218 674 2255; x_wconf 86' lang='lat' dir='ltr'>dioecesis,</span> <span class='ocrx_word' id='word_1_196' title='bbox 701 2228 755 2258; x_wconf 88' lang='lat' dir='ltr'>pro</span> <span class='ocrx_word' id='word_1_197' title='bbox 785 2219 936 2250; x_wconf 82' lang='lat' dir='ltr'>fratribus</span> <span class='ocrx_word' id='word_1_198' title='bbox 960 2220 1082 2250; x_wconf 87' lang='lat' dir='ltr'>ordinis</span> <span class='ocrx_word' id='word_1_199' title='bbox 1118 2232 1122 2233; x_wconf 46' lang='lat'><em>⁷</em></span> 
     </span>
    </p>
   </div>
   <div class='ocr_carea' id='block_1_12' title="bbox 43 2272 1083 2684">
    <p class='ocr_par' dir='ltr' id='par_1_14' title="bbox 43 2272 249 2303">
     <span class='ocr_line' id='line_1_30' title="bbox 43 2272 249 2303; baseline -0.005 -1"><span class='ocrx_word' id='word_1_200' title='bbox 43 2299 47 2302; x_wconf 90' lang='lat'>.</span> <span class='ocrx_word' id='word_1_201' title='bbox 75 2272 249 2303; x_wconf 92' lang='lat' dir='ltr'>minorum.</span> 
     </span>
    </p>

    <p class='ocr_par' dir='ltr' id='par_1_15' title="bbox 76 2325 1082 2460">
     <span class='ocr_line' id='line_1_31' title="bbox 116 2325 1082 2366; baseline 0.003 -12"><span class='ocrx_word' id='word_1_202' title='bbox 116 2337 129 2352; x_wconf 76' lang='grc' dir='ltr'>α</span> <span class='ocrx_word' id='word_1_203' title='bbox 155 2325 335 2364; x_wconf 85' lang='lat' dir='ltr'>Exposuisti</span> <span class='ocrx_word' id='word_1_204' title='bbox 353 2325 444 2355; x_wconf 86' lang='lat' dir='ltr'>nobis</span> <span class='ocrx_word' id='word_1_205' title='bbox 460 2326 583 2364; x_wconf 91' lang='lat' dir='ltr'>quod...</span> <span class='ocrx_word' id='word_1_206' title='bbox 599 2343 637 2348; x_wconf 85' lang='lat'>—</span> <span class='ocrx_word' id='word_1_207' title='bbox 656 2326 726 2355; x_wconf 89' lang='lat' dir='ltr'>Dat.</span> <span class='ocrx_word' id='word_1_208' title='bbox 746 2327 858 2363; x_wconf 84' lang='lat' dir='ltr'>Rome,</span> <span class='ocrx_word' id='word_1_209' title='bbox 882 2327 966 2366; x_wconf 83' lang='lat' dir='ltr'>apud</span> <span class='ocrx_word' id='word_1_210' title='bbox 982 2328 1082 2358; x_wconf 87' lang='lat' dir='ltr'>Sanc-</span> 
     </span>
     <span class='ocr_line' id='line_1_32' title="bbox 76 2376 1082 2415; baseline 0.003 -9"><span class='ocrx_word' id='word_1_211' title='bbox 76 2379 138 2406; x_wconf 90' lang='lat' dir='ltr'>tam</span> <span class='ocrx_word' id='word_1_212' title='bbox 165 2376 300 2406; x_wconf 78' lang='lat' dir='ltr'>Mariam</span> <span class='ocrx_word' id='word_1_213' title='bbox 332 2377 486 2415; x_wconf 82' lang='lat' dir='ltr'>MaJ&#39;orem</span> <span class='ocrx_word' id='word_1_214' title='bbox 501 2401 507 2413; x_wconf 85' lang='lat'>,</span> <span class='ocrx_word' id='word_1_215' title='bbox 544 2377 652 2406; x_wconf 85' lang='lat' dir='ltr'>idibus</span> <span class='ocrx_word' id='word_1_216' title='bbox 679 2377 858 2408; x_wconf 80' lang='lat' dir='ltr'>decembris</span> <span class='ocrx_word' id='word_1_217' title='bbox 871 2400 878 2414; x_wconf 89' lang='lat'>‚</span> <span class='ocrx_word' id='word_1_218' title='bbox 913 2387 999 2409; x_wconf 88' lang='lat' dir='ltr'>anno</span> <span class='ocrx_word' id='word_1_219' title='bbox 1033 2389 1082 2409; x_wconf 87' lang='lat' dir='ltr'>se-</span> 
     </span>
     <span class='ocr_line' id='line_1_33' title="bbox 76 2429 223 2460; baseline -0.007 0"><span class='ocrx_word' id='word_1_220' title='bbox 76 2429 190 2460; x_wconf 89' lang='lat' dir='ltr'>cundo.</span> <span class='ocrx_word' id='word_1_221' title='bbox 211 2443 223 2456; x_wconf 68' lang='lat' dir='ltr'><em>n</em></span> 
     </span>
    </p>

    <p class='ocr_par' dir='ltr' id='par_1_16' title="bbox 75 2484 1083 2621">
     <span class='ocr_line' id='line_1_34' title="bbox 115 2484 1081 2525; baseline 0.002 -12"><span class='ocrx_word' id='word_1_222' title='bbox 115 2484 154 2513; x_wconf 92' lang='lat' dir='ltr'>In</span> <span class='ocrx_word' id='word_1_223' title='bbox 169 2493 196 2513; x_wconf 89' lang='lat' dir='ltr'>e.</span> <span class='ocrx_word' id='word_1_224' title='bbox 214 2492 257 2513; x_wconf 91' lang='lat' dir='ltr'>m.</span> <span class='ocrx_word' id='word_1_225' title='bbox 277 2507 297 2514; x_wconf 95' lang='lat'>..</span> <span class='ocrx_word' id='word_1_226' title='bbox 318 2484 464 2522; x_wconf 88' lang='lat' dir='ltr'>episcopo</span> <span class='ocrx_word' id='word_1_227' title='bbox 481 2484 679 2514; x_wconf 87' lang='lat' dir='ltr'>Lausanensi</span> <span class='ocrx_word' id='word_1_228' title='bbox 699 2485 829 2514; x_wconf 86' lang='lat' dir='ltr'>mandat</span> <span class='ocrx_word' id='word_1_229' title='bbox 845 2489 1002 2523; x_wconf 86' lang='lat' dir='ltr'>quatenus</span> <span class='ocrx_word' id='word_1_230' title='bbox 1016 2486 1081 2525; x_wconf 87' lang='lat' dir='ltr'>pri-</span> 
     </span>
     <span class='ocr_line' id='line_1_35' title="bbox 75 2536 1083 2580; baseline 0.004 -15"><span class='ocrx_word' id='word_1_231' title='bbox 75 2536 213 2566; x_wconf 87' lang='lat' dir='ltr'>marium</span> <span class='ocrx_word' id='word_1_232' title='bbox 227 2536 367 2575; x_wconf 88' lang='lat' dir='ltr'>lapidem</span> <span class='ocrx_word' id='word_1_233' title='bbox 381 2537 524 2576; x_wconf 87' lang='lat' dir='ltr'>ejusdem</span> <span class='ocrx_word' id='word_1_234' title='bbox 538 2537 690 2580; x_wconf 86' lang='lat' dir='ltr'>ecclesiae</span> <span class='ocrx_word' id='word_1_235' title='bbox 704 2542 734 2567; x_wconf 92' lang='lat' dir='ltr'>et</span> <span class='ocrx_word' id='word_1_236' title='bbox 746 2539 974 2568; x_wconf 87' lang='lat' dir='ltr'>coemeterium</span> <span class='ocrx_word' id='word_1_237' title='bbox 988 2539 1083 2569; x_wconf 87' lang='lat' dir='ltr'>bene-</span> 
     </span>
     <span class='ocr_line' id='line_1_36' title="bbox 76 2588 168 2621; baseline 0.022 -3"><span class='ocrx_word' id='word_1_238' title='bbox 76 2588 168 2621; x_wconf 83' lang='lat' dir='ltr'>dicat.</span> 
     </span>
    </p>

    <p class='ocr_par' dir='ltr' id='par_1_17' title="bbox 120 2643 947 2684">
     <span class='ocr_line' id='line_1_37' title="bbox 120 2643 947 2684; baseline 0.002 -12"><span class='ocrx_word' id='word_1_239' title='bbox 120 2654 132 2669; x_wconf 82' lang='lat'>‹</span> <span class='ocrx_word' id='word_1_240' title='bbox 150 2643 299 2682; x_wconf 85' lang='lat' dir='ltr'>Exposuit</span> <span class='ocrx_word' id='word_1_241' title='bbox 314 2643 407 2674; x_wconf 90' lang='lat' dir='ltr'>nobis</span> <span class='ocrx_word' id='word_1_242' title='bbox 420 2643 591 2675; x_wconf 87' lang='lat' dir='ltr'>dilectus...</span> <span class='ocrx_word' id='word_1_243' title='bbox 612 2661 649 2667; x_wconf 98' lang='lat'><strong>—</strong></span> <span class='ocrx_word' id='word_1_244' title='bbox 667 2645 739 2674; x_wconf 85' lang='lat' dir='ltr'>Dat.</span> <span class='ocrx_word' id='word_1_245' title='bbox 757 2649 791 2674; x_wconf 88' lang='lat' dir='ltr'>ut</span> <span class='ocrx_word' id='word_1_246' title='bbox 807 2654 912 2684; x_wconf 87' lang='lat' dir='ltr'>supra.</span> <span class='ocrx_word' id='word_1_247' title='bbox 934 2658 947 2671; x_wconf 88' lang='lat'>»</span> 
     </span>
    </p>
   </div>
   <div class='ocr_carea' id='block_1_13' title="bbox 112 2815 772 2924">
    <p class='ocr_par' dir='ltr' id='par_1_18' title="bbox 112 2815 772 2924">
     <span class='ocr_line' id='line_1_38' title="bbox 147 2815 266 2844; baseline 0.008 -1"><span class='ocrx_word' id='word_1_248' title='bbox 147 2815 266 2844; x_wconf 67' lang='lat'>2184</span> 
     </span>
     <span class='ocr_line' id='line_1_39' title="bbox 112 2876 772 2924; baseline 0.005 -20"><span class='ocrx_word' id='word_1_249' title='bbox 112 2876 317 2913; x_wconf 82' lang='lat' dir='ltr'>Indulgentiae.</span> <span class='ocrx_word' id='word_1_250' title='bbox 334 2879 417 2911; x_wconf 71' lang='lat' dir='ltr'>(Rae.</span> <span class='ocrx_word' id='word_1_251' title='bbox 436 2879 478 2911; x_wconf 90' lang='lat'><strong>44,</strong></span> <span class='ocrx_word' id='word_1_252' title='bbox 497 2888 522 2906; x_wconf 94' lang='lat' dir='ltr'>c.</span> <span class='ocrx_word' id='word_1_253' title='bbox 540 2880 602 2911; x_wconf 64' lang='lat'>872,</span> <span class='ocrx_word' id='word_1_254' title='bbox 618 2880 637 2906; x_wconf 86' lang='lat' dir='ltr'>f.</span> <span class='ocrx_word' id='word_1_255' title='bbox 655 2880 707 2924; x_wconf 51' lang='lat'>292</span> <span class='ocrx_word' id='word_1_256' title='bbox 725 2882 772 2912; x_wconf 64' lang='grc' dir='ltr'>νο.)</span> 
     </span>
    </p>
   </div>
   <div class='ocr_carea' id='block_1_14' title="bbox 339 2816 1009 2852">
    <p class='ocr_par' dir='ltr' id='par_1_19' title="bbox 339 2816 1009 2852">
     <span class='ocr_line' id='line_1_40' title="bbox 339 2816 1009 2852; baseline 0.003 -9"><span class='ocrx_word' id='word_1_257' title='bbox 339 2816 702 2852; x_wconf 79' lang='lat' dir='ltr'>Sainte-Marie-Majeure,</span> <span class='ocrx_word' id='word_1_258' title='bbox 718 2818 750 2844; x_wconf 62' lang='lat'>23</span> <span class='ocrx_word' id='word_1_259' title='bbox 765 2818 916 2845; x_wconf 73' lang='lat' dir='ltr'>decembre</span> <span class='ocrx_word' id='word_1_260' title='bbox 934 2818 1009 2846; x_wconf 64' lang='lat'>1989.</span> 
     </span>
    </p>
   </div>
   <div class='ocr_carea' id='block_1_15' title="bbox 78 2979 1082 3071">
    <p class='ocr_par' dir='ltr' id='par_1_20' title="bbox 78 2979 1082 3071">
     <span class='ocr_line' id='line_1_41' title="bbox 117 2979 1082 3019; baseline 0.005 -11"><span class='ocrx_word' id='word_1_261' title='bbox 117 2979 261 3009; x_wconf 83' lang='lat' dir='ltr'>Nicolaus</span> <span class='ocrx_word' id='word_1_262' title='bbox 275 2985 329 3010; x_wconf 80' lang='lat' dir='ltr'>etc.</span> <span class='ocrx_word' id='word_1_263' title='bbox 345 2981 498 3010; x_wconf 85' lang='lat' dir='ltr'>Universis</span> <span class='ocrx_word' id='word_1_264' title='bbox 515 2981 628 3011; x_wconf 75' lang='lat' dir='ltr'>Christi</span> <span class='ocrx_word' id='word_1_265' title='bbox 646 2982 786 3018; x_wconf 78' lang='lat' dir='ltr'>fidelibus</span> <span class='ocrx_word' id='word_1_266' title='bbox 797 2988 949 3019; x_wconf 80' lang='lat' dir='ltr'>presentes</span> <span class='ocrx_word' id='word_1_267' title='bbox 964 2983 1082 3014; x_wconf 74' lang='lat' dir='ltr'>litteras</span> 
     </span>
     <span class='ocr_line' id='line_1_42' title="bbox 78 3033 1080 3071; baseline 0.006 -10"><span class='ocrx_word' id='word_1_268' title='bbox 78 3033 270 3071; x_wconf 77' lang='lat' dir='ltr'>inspecturis.</span> <span class='ocrx_word' id='word_1_269' title='bbox 291 3033 530 3071; x_wconf 85' lang='lat' dir='ltr'>Indulgentiam</span> <span class='ocrx_word' id='word_1_270' title='bbox 548 3035 644 3064; x_wconf 88' lang='lat' dir='ltr'>unius</span> <span class='ocrx_word' id='word_1_271' title='bbox 662 3035 740 3064; x_wconf 90' lang='lat' dir='ltr'>anni</span> <span class='ocrx_word' id='word_1_272' title='bbox 759 3039 788 3064; x_wconf 91' lang='lat' dir='ltr'>et</span> <span class='ocrx_word' id='word_1_273' title='bbox 807 3045 845 3064; x_wconf 80' lang='lat' dir='ltr'>XL</span> <span class='ocrx_word' id='word_1_274' title='bbox 861 3036 985 3066; x_wconf 88' lang='lat' dir='ltr'>dierum</span> <span class='ocrx_word' id='word_1_275' title='bbox 1002 3045 1080 3067; x_wconf 91' lang='lat' dir='ltr'>con-</span> 
     </span>
    </p>
   </div>
   <div class='ocr_carea' id='block_1_16' title="bbox 1170 433 2176 996">
    <p class='ocr_par' dir='ltr' id='par_1_21' title="bbox 1170 433 2176 847">
     <span class='ocr_line' id='line_1_43' title="bbox 1173 433 2175 479; baseline 0.01 -17"><span class='ocrx_word' id='word_1_276' title='bbox 1173 433 1257 463; x_wconf 88' lang='lat' dir='ltr'>cedit</span> <span class='ocrx_word' id='word_1_277' title='bbox 1271 435 1423 465; x_wconf 86' lang='lat' dir='ltr'>omuibus</span> <span class='ocrx_word' id='word_1_278' title='bbox 1439 446 1511 467; x_wconf 89' lang='lat' dir='ltr'>vere</span> <span class='ocrx_word' id='word_1_279' title='bbox 1533 439 1771 476; x_wconf 82' lang='lat' dir='ltr'>poenitentibus</span> <span class='ocrx_word' id='word_1_280' title='bbox 1787 443 1817 469; x_wconf 89' lang='lat' dir='ltr'>et</span> <span class='ocrx_word' id='word_1_281' title='bbox 1835 440 1987 469; x_wconf 85' lang='lat' dir='ltr'>confessis</span> <span class='ocrx_word' id='word_1_282' title='bbox 2003 442 2059 479; x_wconf 83' lang='lat' dir='ltr'>qui</span> <span class='ocrx_word' id='word_1_283' title='bbox 2075 442 2175 473; x_wconf 84' lang='lat' dir='ltr'>eccle-</span> 
     </span>
     <span class='ocr_line' id='line_1_44' title="bbox 1172 488 2176 535; baseline 0.01 -18"><span class='ocrx_word' id='word_1_284' title='bbox 1172 488 1253 518; x_wconf 85' lang='lat' dir='ltr'>siam</span> <span class='ocrx_word' id='word_1_285' title='bbox 1271 490 1494 521; x_wconf 88' lang='lat' dir='ltr'>Mimatensem</span> <span class='ocrx_word' id='word_1_286' title='bbox 1513 493 1548 521; x_wconf 91' lang='lat' dir='ltr'>in</span> <span class='ocrx_word' id='word_1_287' title='bbox 1571 493 1709 531; x_wconf 84' lang='lat' dir='ltr'>singulis</span> <span class='ocrx_word' id='word_1_288' title='bbox 1728 494 1836 524; x_wconf 89' lang='lat' dir='ltr'>beatae</span> <span class='ocrx_word' id='word_1_289' title='bbox 1854 495 1973 525; x_wconf 86' lang='lat' dir='ltr'>Mariae</span> <span class='ocrx_word' id='word_1_290' title='bbox 1988 496 2125 535; x_wconf 85' lang='lat' dir='ltr'>virginis</span> <span class='ocrx_word' id='word_1_291' title='bbox 2146 502 2176 529; x_wconf 87' lang='lat' dir='ltr'>et</span> 
     </span>
     <span class='ocr_line' id='line_1_45' title="bbox 1173 540 2176 586; baseline 0.01 -17"><span class='ocrx_word' id='word_1_292' title='bbox 1173 540 1306 571; x_wconf 84' lang='lat' dir='ltr'>Sanctae</span> <span class='ocrx_word' id='word_1_293' title='bbox 1326 542 1456 579; x_wconf 78' lang='lat' dir='ltr'>Crucis,</span> <span class='ocrx_word' id='word_1_294' title='bbox 1475 545 1508 573; x_wconf 92' lang='lat' dir='ltr'>in</span> <span class='ocrx_word' id='word_1_295' title='bbox 1524 553 1661 583; x_wconf 86' lang='lat' dir='ltr'>quarum</span> <span class='ocrx_word' id='word_1_296' title='bbox 1680 545 1833 576; x_wconf 86' lang='lat' dir='ltr'>honorem</span> <span class='ocrx_word' id='word_1_297' title='bbox 1854 552 2034 577; x_wconf 85' lang='lat' dir='ltr'>constructa</span> <span class='ocrx_word' id='word_1_298' title='bbox 2055 553 2122 586; x_wconf 88' lang='lat' dir='ltr'>est,</span> <span class='ocrx_word' id='word_1_299' title='bbox 2139 559 2176 580; x_wconf 91' lang='lat' dir='ltr'>ac</span> 
     </span>
     <span class='ocr_line' id='line_1_46' title="bbox 1173 593 2175 638; baseline 0.01 -16"><span class='ocrx_word' id='word_1_300' title='bbox 1173 593 1229 623; x_wconf 87' lang='lat' dir='ltr'>SS.</span> <span class='ocrx_word' id='word_1_301' title='bbox 1256 595 1392 631; x_wconf 76' lang='lat' dir='ltr'>Privati,</span> <span class='ocrx_word' id='word_1_302' title='bbox 1419 597 1567 627; x_wconf 89' lang='lat' dir='ltr'>Fredaldi</span> <span class='ocrx_word' id='word_1_303' title='bbox 1593 602 1623 627; x_wconf 86' lang='lat' dir='ltr'>et</span> <span class='ocrx_word' id='word_1_304' title='bbox 1644 599 1780 629; x_wconf 88' lang='lat' dir='ltr'>Firmini</span> <span class='ocrx_word' id='word_1_305' title='bbox 1800 605 1998 638; x_wconf 82' lang='lat' dir='ltr'>martyrum,</span> <span class='ocrx_word' id='word_1_306' title='bbox 2024 605 2054 631; x_wconf 90' lang='lat' dir='ltr'>et</span> <span class='ocrx_word' id='word_1_307' title='bbox 2074 602 2175 632; x_wconf 86' lang='lat' dir='ltr'>Ylerii</span> 
     </span>
     <span class='ocr_line' id='line_1_47' title="bbox 1172 647 2173 692; baseline 0.01 -17"><span class='ocrx_word' id='word_1_308' title='bbox 1172 647 1360 677; x_wconf 83' lang='lat' dir='ltr'>confessoris</span> <span class='ocrx_word' id='word_1_309' title='bbox 1372 671 1380 685; x_wconf 93' lang='lat'><strong><em>‚</em></strong></span> <span class='ocrx_word' id='word_1_310' title='bbox 1397 658 1534 687; x_wconf 87' lang='lat' dir='ltr'>quorum</span> <span class='ocrx_word' id='word_1_311' title='bbox 1549 659 1679 689; x_wconf 86' lang='lat' dir='ltr'>corpora</span> <span class='ocrx_word' id='word_1_312' title='bbox 1694 653 1727 681; x_wconf 92' lang='lat' dir='ltr'>in</span> <span class='ocrx_word' id='word_1_313' title='bbox 1742 661 1778 682; x_wconf 89' lang='lat' dir='ltr'>ea</span> <span class='ocrx_word' id='word_1_314' title='bbox 1791 653 2006 692; x_wconf 83' lang='lat' dir='ltr'>requiescunt,</span> <span class='ocrx_word' id='word_1_315' title='bbox 2024 655 2173 686; x_wconf 80' lang='lat' dir='ltr'>festivita-</span> 
     </span>
     <span class='ocr_line' id='line_1_48' title="bbox 1173 700 2174 744; baseline 0.011 -16"><span class='ocrx_word' id='word_1_316' title='bbox 1173 700 1273 736; x_wconf 86' lang='lat' dir='ltr'>tibus,</span> <span class='ocrx_word' id='word_1_317' title='bbox 1300 702 1333 730; x_wconf 90' lang='lat' dir='ltr'>in</span> <span class='ocrx_word' id='word_1_318' title='bbox 1356 703 1576 733; x_wconf 78' lang='lat' dir='ltr'>anniversario</span> <span class='ocrx_word' id='word_1_319' title='bbox 1593 704 1645 733; x_wconf 88' lang='lat' dir='ltr'>die</span> <span class='ocrx_word' id='word_1_320' title='bbox 1671 705 1881 736; x_wconf 86' lang='lat' dir='ltr'>dedicationis</span> <span class='ocrx_word' id='word_1_321' title='bbox 1902 708 2044 744; x_wconf 86' lang='lat' dir='ltr'>ejusdem</span> <span class='ocrx_word' id='word_1_322' title='bbox 2073 708 2174 739; x_wconf 88' lang='lat' dir='ltr'>eccle·</span> 
     </span>
     <span class='ocr_line' id='line_1_49' title="bbox 1172 753 2174 795; baseline 0.009 -13"><span class='ocrx_word' id='word_1_323' title='bbox 1172 753 1236 782; x_wconf 87' lang='lat' dir='ltr'>siae</span> <span class='ocrx_word' id='word_1_324' title='bbox 1263 759 1293 783; x_wconf 92' lang='lat' dir='ltr'>et</span> <span class='ocrx_word' id='word_1_325' title='bbox 1319 764 1373 793; x_wconf 90' lang='lat' dir='ltr'>per</span> <span class='ocrx_word' id='word_1_326' title='bbox 1398 761 1466 786; x_wconf 89' lang='lat' dir='ltr'>octo</span> <span class='ocrx_word' id='word_1_327' title='bbox 1489 757 1554 786; x_wconf 87' lang='lat' dir='ltr'>dies</span> <span class='ocrx_word' id='word_1_328' title='bbox 1577 758 1711 795; x_wconf 81' lang='lat' dir='ltr'>virginis</span> <span class='ocrx_word' id='word_1_329' title='bbox 1734 763 1763 788; x_wconf 89' lang='lat' dir='ltr'>et</span> <span class='ocrx_word' id='word_1_330' title='bbox 1785 758 1815 788; x_wconf 88' lang='lat' dir='ltr'>S.</span> <span class='ocrx_word' id='word_1_331' title='bbox 1843 760 1960 789; x_wconf 84' lang='lat' dir='ltr'>Privati</span> <span class='ocrx_word' id='word_1_332' title='bbox 1990 761 2174 792; x_wconf 83' lang='lat' dir='ltr'>festivitates</span> 
     </span>
     <span class='ocr_line' id='line_1_50' title="bbox 1170 806 1781 847; baseline 0.008 -12"><span class='ocrx_word' id='word_1_333' title='bbox 1170 806 1356 837; x_wconf 85' lang='lat' dir='ltr'>immediate</span> <span class='ocrx_word' id='word_1_334' title='bbox 1378 814 1546 847; x_wconf 81' lang='lat' dir='ltr'>sequentes</span> <span class='ocrx_word' id='word_1_335' title='bbox 1571 810 1781 840; x_wconf 88' lang='lat' dir='ltr'>visitaverint.</span> 
     </span>
    </p>

    <p class='ocr_par' dir='ltr' id='par_1_22' title="bbox 1171 858 2174 996">
     <span class='ocr_line' id='line_1_51' title="bbox 1213 858 2173 905; baseline 0.009 -17"><span class='ocrx_word' id='word_1_336' title='bbox 1213 871 1226 885; x_wconf 68' lang='grc' dir='ltr'>ι(</span> <span class='ocrx_word' id='word_1_337' title='bbox 1256 858 1336 889; x_wconf 74' lang='lat' dir='ltr'>Leca</span> <span class='ocrx_word' id='word_1_338' title='bbox 1367 865 1549 891; x_wconf 89' lang='lat' dir='ltr'>sanctornm</span> <span class='ocrx_word' id='word_1_339' title='bbox 1574 863 1758 894; x_wconf 87' lang='lat' dir='ltr'>omnium...</span> <span class='ocrx_word' id='word_1_340' title='bbox 1786 881 1823 885; x_wconf 84' lang='lat'><strong>—</strong></span> <span class='ocrx_word' id='word_1_341' title='bbox 1844 864 1914 893; x_wconf 87' lang='lat' dir='ltr'>Dat.</span> <span class='ocrx_word' id='word_1_342' title='bbox 1943 865 2062 901; x_wconf 81' lang='lat' dir='ltr'>Rome,</span> <span class='ocrx_word' id='word_1_343' title='bbox 2090 867 2173 905; x_wconf 89' lang='lat' dir='ltr'>apud</span> 
     </span>
     <span class='ocr_line' id='line_1_52' title="bbox 1172 912 2174 954; baseline 0.007 -13"><span class='ocrx_word' id='word_1_344' title='bbox 1172 912 1321 942; x_wconf 87' lang='lat' dir='ltr'>Sanctam</span> <span class='ocrx_word' id='word_1_345' title='bbox 1343 914 1478 943; x_wconf 87' lang='lat' dir='ltr'>Mariam</span> <span class='ocrx_word' id='word_1_346' title='bbox 1500 915 1675 953; x_wconf 85' lang='lat' dir='ltr'>Majorem,</span> <span class='ocrx_word' id='word_1_347' title='bbox 1696 925 1713 944; x_wconf 82' lang='lat' dir='ltr'><strong>x</strong></span> <span class='ocrx_word' id='word_1_348' title='bbox 1736 915 1888 945; x_wconf 84' lang='lat' dir='ltr'>kalendas</span> <span class='ocrx_word' id='word_1_349' title='bbox 1903 918 2043 953; x_wconf 79' lang='lat' dir='ltr'>januarii</span> <span class='ocrx_word' id='word_1_350' title='bbox 2058 942 2065 954; x_wconf 84' lang='lat'>,</span> <span class='ocrx_word' id='word_1_351' title='bbox 2089 927 2174 949; x_wconf 90' lang='lat' dir='ltr'>anno</span> 
     </span>
     <span class='ocr_line' id='line_1_53' title="bbox 1171 965 1358 996; baseline 0.021 -3"><span class='ocrx_word' id='word_1_352' title='bbox 1171 965 1322 996; x_wconf 87' lang='lat' dir='ltr'>secundo.</span> <span class='ocrx_word' id='word_1_353' title='bbox 1344 977 1358 991; x_wconf 74' lang='grc' dir='ltr'>ι)</span> 
     </span>
    </p>
   </div>
   <div class='ocr_carea' id='block_1_17' title="bbox 1242 1124 2101 1160">
    <p class='ocr_par' dir='ltr' id='par_1_23' title="bbox 1242 1124 2101 1160">
     <span class='ocr_line' id='line_1_54' title="bbox 1242 1124 2101 1160; baseline 0.005 -9"><span class='ocrx_word' id='word_1_354' title='bbox 1242 1124 1359 1152; x_wconf 71' lang='lat'>2165</span> <span class='ocrx_word' id='word_1_355' title='bbox 1792 1125 1878 1156; x_wconf 65' lang='lat' dir='ltr'>Rieu,</span> <span class='ocrx_word' id='word_1_356' title='bbox 1898 1127 1927 1152; x_wconf 83' lang='lat'>17</span> <span class='ocrx_word' id='word_1_357' title='bbox 1942 1128 2007 1160; x_wconf 83' lang='lat' dir='ltr'>juin</span> <span class='ocrx_word' id='word_1_358' title='bbox 2025 1128 2101 1156; x_wconf 72' lang='lat'><strong>1289.</strong></span> 
     </span>
    </p>
   </div>
   <div class='ocr_carea' id='block_1_18' title="bbox 1170 1184 2174 1315">
    <p class='ocr_par' dir='ltr' id='par_1_24' title="bbox 1170 1184 2174 1315">
     <span class='ocr_line' id='line_1_55' title="bbox 1205 1184 2174 1224; baseline 0.005 -13"><span class='ocrx_word' id='word_1_359' title='bbox 1205 1184 1248 1211; x_wconf 87' lang='lat' dir='ltr'>De</span> <span class='ocrx_word' id='word_1_360' title='bbox 1264 1186 1446 1212; x_wconf 88' lang='lat' dir='ltr'>contentione</span> <span class='ocrx_word' id='word_1_361' title='bbox 1462 1186 1535 1212; x_wconf 83' lang='lat' dir='ltr'>inter</span> <span class='ocrx_word' id='word_1_362' title='bbox 1553 1186 1752 1213; x_wconf 88' lang='lat' dir='ltr'>Turonensem</span> <span class='ocrx_word' id='word_1_363' title='bbox 1772 1188 2021 1223; x_wconf 87' lang='lat' dir='ltr'>archiepiscopum</span> <span class='ocrx_word' id='word_1_364' title='bbox 2041 1193 2069 1216; x_wconf 89' lang='lat' dir='ltr'>et</span> <span class='ocrx_word' id='word_1_365' title='bbox 2093 1191 2174 1224; x_wconf 87' lang='lat' dir='ltr'>capi-</span> 
     </span>
     <span class='ocr_line' id='line_1_56' title="bbox 1170 1235 2171 1270; baseline 0.006 -10"><span class='ocrx_word' id='word_1_366' title='bbox 1170 1235 1260 1260; x_wconf 89' lang='lat' dir='ltr'>tulum</span> <span class='ocrx_word' id='word_1_367' title='bbox 1283 1235 1422 1261; x_wconf 87' lang='lat' dir='ltr'>ecclesiae</span> <span class='ocrx_word' id='word_1_368' title='bbox 1442 1235 1539 1262; x_wconf 87' lang='lat' dir='ltr'>Sancti</span> <span class='ocrx_word' id='word_1_369' title='bbox 1556 1235 1669 1262; x_wconf 84' lang='lat' dir='ltr'>Martini</span> <span class='ocrx_word' id='word_1_370' title='bbox 1685 1235 1873 1262; x_wconf 60' lang='lat' dir='ltr'>Turonensis.</span> <span class='ocrx_word' id='word_1_371' title='bbox 1895 1236 1978 1269; x_wconf 70' lang='lat' dir='ltr'>(Rae.</span> <span class='ocrx_word' id='word_1_372' title='bbox 1999 1238 2048 1270; x_wconf 88' lang='lat'><strong>44,</strong></span> <span class='ocrx_word' id='word_1_373' title='bbox 2067 1247 2092 1265; x_wconf 92' lang='lat' dir='ltr'>c.</span> <span class='ocrx_word' id='word_1_374' title='bbox 2110 1240 2171 1270; x_wconf 82' lang='lat'>873,</span> 
     </span>
     <span class='ocr_line' id='line_1_57' title="bbox 1170 1284 1833 1315; baseline 0.006 -5"><span class='ocrx_word' id='word_1_375' title='bbox 1170 1284 1189 1310; x_wconf 86' lang='lat' dir='ltr'>f.</span> <span class='ocrx_word' id='word_1_376' title='bbox 1206 1284 1257 1311; x_wconf 71' lang='lat'>299</span> <span class='ocrx_word' id='word_1_377' title='bbox 1274 1286 1321 1315; x_wconf 71' lang='lat' dir='ltr'>ro.)</span> <span class='ocrx_word' id='word_1_378' title='bbox 1830 1285 1833 1287; x_wconf 63' lang='grc'><strong><em>’</em></strong></span> 
     </span>
    </p>
   </div>
   <div class='ocr_carea' id='block_1_19' title="bbox 1163 1387 2171 3074">
    <p class='ocr_par' dir='ltr' id='par_1_25' title="bbox 1163 1387 2171 3074">
     <span class='ocr_line' id='line_1_58' title="bbox 1208 1387 1689 1424; baseline 0.002 -9"><span class='ocrx_word' id='word_1_379' title='bbox 1208 1387 1350 1415; x_wconf 71' lang='lat' dir='ltr'>Nicotaus</span> <span class='ocrx_word' id='word_1_380' title='bbox 1370 1392 1422 1416; x_wconf 80' lang='lat' dir='ltr'>etc.</span> <span class='ocrx_word' id='word_1_381' title='bbox 1442 1388 1560 1417; x_wconf 83' lang='lat' dir='ltr'>Dilectis</span> <span class='ocrx_word' id='word_1_382' title='bbox 1575 1388 1648 1424; x_wconf 64' lang='lat' dir='ltr'>filiis</span> <span class='ocrx_word' id='word_1_383' title='bbox 1670 1410 1689 1417; x_wconf 93' lang='lat'>..</span> 
     </span>
     <span class='ocr_line' id='line_1_59' title="bbox 1169 1440 2170 1478; baseline 0.004 -10"><span class='ocrx_word' id='word_1_384' title='bbox 1169 1440 1202 1468; x_wconf 86' lang='lat' dir='ltr'>de</span> <span class='ocrx_word' id='word_1_385' title='bbox 1221 1441 1296 1469; x_wconf 71' lang='lat' dir='ltr'>,Uota</span> <span class='ocrx_word' id='word_1_386' title='bbox 1320 1449 1354 1469; x_wconf 82' lang='lat' dir='ltr'>ac</span> <span class='ocrx_word' id='word_1_387' title='bbox 1374 1441 1493 1469; x_wconf 71' lang='lat' dir='ltr'>lieberto</span> <span class='ocrx_word' id='word_1_388' title='bbox 1518 1442 1552 1469; x_wconf 74' lang='lat' dir='ltr'>(le</span> <span class='ocrx_word' id='word_1_389' title='bbox 1574 1442 1734 1476; x_wconf 73' lang='lat' dir='ltr'>Aricnria,</span> <span class='ocrx_word' id='word_1_390' title='bbox 1757 1441 1910 1471; x_wconf 65' lang='lat' dir='ltr'>canonicis</span> <span class='ocrx_word' id='word_1_391' title='bbox 1935 1442 2170 1478; x_wconf 49' lang='lat' dir='ltr'>Parisz’ensitm,</span> 
     </span>
     <span class='ocr_line' id='line_1_60' title="bbox 1168 1494 2171 1525; baseline 0.004 -4"><span class='ocrx_word' id='word_1_392' title='bbox 1168 1494 1296 1522; x_wconf 72' lang='lat' dir='ltr'>saltitem</span> <span class='ocrx_word' id='word_1_393' title='bbox 1325 1499 1376 1523; x_wconf 86' lang='lat' dir='ltr'>etc.</span> <span class='ocrx_word' id='word_1_394' title='bbox 1398 1506 1411 1520; x_wconf 67' lang='grc' dir='ltr'>ιι</span> <span class='ocrx_word' id='word_1_395' title='bbox 1431 1494 1495 1523; x_wconf 87' lang='lat' dir='ltr'>Sua</span> <span class='ocrx_word' id='word_1_396' title='bbox 1514 1494 1604 1523; x_wconf 89' lang='lat' dir='ltr'>nobis</span> <span class='ocrx_word' id='word_1_397' title='bbox 1630 1494 1818 1523; x_wconf 79' lang='lat' dir='ltr'>venerabilis</span> <span class='ocrx_word' id='word_1_398' title='bbox 1846 1496 1939 1523; x_wconf 69' lang='lat' dir='ltr'>irater</span> <span class='ocrx_word' id='word_1_399' title='bbox 1959 1499 2066 1524; x_wconf 89' lang='lat' dir='ltr'>noster</span> <span class='ocrx_word' id='word_1_400' title='bbox 2090 1495 2171 1525; x_wconf 89' lang='lat' dir='ltr'>Buc-</span> 
     </span>
     <span class='ocr_line' id='line_1_61' title="bbox 1167 1546 2170 1585; baseline 0.002 -10"><span class='ocrx_word' id='word_1_401' title='bbox 1167 1546 1319 1581; x_wconf 84' lang='lat' dir='ltr'>chardus,</span> <span class='ocrx_word' id='word_1_402' title='bbox 1337 1546 1593 1585; x_wconf 86' lang='lat' dir='ltr'>archiepiscopus</span> <span class='ocrx_word' id='word_1_403' title='bbox 1611 1547 1820 1583; x_wconf 86' lang='lat' dir='ltr'>Turonensis,</span> <span class='ocrx_word' id='word_1_404' title='bbox 1843 1547 1996 1585; x_wconf 86' lang='lat' dir='ltr'>petitione</span> <span class='ocrx_word' id='word_1_405' title='bbox 2010 1552 2170 1578; x_wconf 87' lang='lat' dir='ltr'>monstra·</span> 
     </span>
     <span class='ocr_line' id='line_1_62' title="bbox 1169 1600 2171 1639; baseline 0.002 -10"><span class='ocrx_word' id='word_1_406' title='bbox 1169 1601 1213 1629; x_wconf 90' lang='lat' dir='ltr'>vit</span> <span class='ocrx_word' id='word_1_407' title='bbox 1230 1600 1314 1639; x_wconf 89' lang='lat' dir='ltr'>quod</span> <span class='ocrx_word' id='word_1_408' title='bbox 1332 1623 1351 1629; x_wconf 85' lang='lat'>..</span> <span class='ocrx_word' id='word_1_409' title='bbox 1370 1600 1509 1630; x_wconf 88' lang='lat' dir='ltr'>decanus</span> <span class='ocrx_word' id='word_1_410' title='bbox 1530 1604 1561 1629; x_wconf 88' lang='lat' dir='ltr'>et</span> <span class='ocrx_word' id='word_1_411' title='bbox 1576 1600 1750 1638; x_wconf 86' lang='lat' dir='ltr'>capitulum</span> <span class='ocrx_word' id='word_1_412' title='bbox 1766 1600 1898 1630; x_wconf 85' lang='lat' dir='ltr'>ecclesie</span> <span class='ocrx_word' id='word_1_413' title='bbox 1914 1601 2020 1630; x_wconf 87' lang='lat' dir='ltr'>Sancti</span> <span class='ocrx_word' id='word_1_414' title='bbox 2039 1601 2171 1631; x_wconf 87' lang='lat' dir='ltr'>Martini</span> 
     </span>
     <span class='ocr_line' id='line_1_63' title="bbox 1168 1652 2170 1693; baseline 0.002 -11"><span class='ocrx_word' id='word_1_415' title='bbox 1168 1654 1382 1690; x_wconf 84' lang='lat' dir='ltr'>Turonensis,</span> <span class='ocrx_word' id='word_1_416' title='bbox 1403 1653 1443 1682; x_wconf 87' lang='lat' dir='ltr'>ad</span> <span class='ocrx_word' id='word_1_417' title='bbox 1464 1661 1630 1683; x_wconf 86' lang='lat' dir='ltr'>romanam</span> <span class='ocrx_word' id='word_1_418' title='bbox 1655 1652 1821 1683; x_wconf 87' lang='lat' dir='ltr'>ecclesiam</span> <span class='ocrx_word' id='word_1_419' title='bbox 1844 1653 1934 1683; x_wconf 89' lang='lat' dir='ltr'>nullo</span> <span class='ocrx_word' id='word_1_420' title='bbox 1952 1654 2055 1684; x_wconf 90' lang='lat' dir='ltr'>medio</span> <span class='ocrx_word' id='word_1_421' title='bbox 2071 1655 2170 1693; x_wconf 90' lang='lat' dir='ltr'>perti-</span> 
     </span>
     <span class='ocr_line' id='line_1_64' title="bbox 1168 1706 2168 1745; baseline 0.002 -10"><span class='ocrx_word' id='word_1_422' title='bbox 1168 1707 1286 1743; x_wconf 87' lang='lat' dir='ltr'>nentis,</span> <span class='ocrx_word' id='word_1_423' title='bbox 1301 1707 1523 1745; x_wconf 68' lang='lat' dir='ltr'>pretendentes</span> <span class='ocrx_word' id='word_1_424' title='bbox 1540 1707 1623 1745; x_wconf 87' lang='lat' dir='ltr'>quod</span> <span class='ocrx_word' id='word_1_425' title='bbox 1643 1707 1688 1736; x_wconf 90' lang='lat' dir='ltr'>eis</span> <span class='ocrx_word' id='word_1_426' title='bbox 1703 1716 1720 1736; x_wconf 92' lang='lat' dir='ltr'>a</span> <span class='ocrx_word' id='word_1_427' title='bbox 1737 1707 1810 1736; x_wconf 90' lang='lat' dir='ltr'>sede</span> <span class='ocrx_word' id='word_1_428' title='bbox 1820 1706 1989 1745; x_wconf 81' lang='lat' dir='ltr'>apostolica</span> <span class='ocrx_word' id='word_1_429' title='bbox 2005 1711 2051 1736; x_wconf 86' lang='lat' dir='ltr'>est</span> <span class='ocrx_word' id='word_1_430' title='bbox 2066 1708 2168 1737; x_wconf 92' lang='lat' dir='ltr'>indul-</span> 
     </span>
     <span class='ocr_line' id='line_1_65' title="bbox 1167 1759 2171 1799; baseline 0.002 -10"><span class='ocrx_word' id='word_1_431' title='bbox 1167 1764 1235 1789; x_wconf 89' lang='lat' dir='ltr'>tum</span> <span class='ocrx_word' id='word_1_432' title='bbox 1250 1759 1332 1798; x_wconf 86' lang='lat' dir='ltr'>quod</span> <span class='ocrx_word' id='word_1_433' title='bbox 1348 1760 1382 1788; x_wconf 87' lang='lat' dir='ltr'>in</span> <span class='ocrx_word' id='word_1_434' title='bbox 1399 1768 1511 1789; x_wconf 84' lang='lat' dir='ltr'>omnes</span> <span class='ocrx_word' id='word_1_435' title='bbox 1528 1759 1598 1790; x_wconf 83' lang='lat' dir='ltr'>illos</span> <span class='ocrx_word' id='word_1_436' title='bbox 1615 1760 1669 1798; x_wconf 91' lang='lat' dir='ltr'>qui</span> <span class='ocrx_word' id='word_1_437' title='bbox 1685 1760 1828 1799; x_wconf 86' lang='lat' dir='ltr'>ejusdem</span> <span class='ocrx_word' id='word_1_438' title='bbox 1845 1760 1975 1790; x_wconf 85' lang='lat' dir='ltr'>ecclesie</span> <span class='ocrx_word' id='word_1_439' title='bbox 1990 1760 2084 1797; x_wconf 87' lang='lat' dir='ltr'>bona,</span> <span class='ocrx_word' id='word_1_440' title='bbox 2103 1761 2171 1792; x_wconf 85' lang='lat' dir='ltr'>sive</span> 
     </span>
     <span class='ocr_line' id='line_1_66' title="bbox 1167 1813 2170 1853; baseline 0.002 -11"><span class='ocrx_word' id='word_1_441' title='bbox 1167 1823 1228 1852; x_wconf 85' lang='lat' dir='ltr'>que</span> <span class='ocrx_word' id='word_1_442' title='bbox 1239 1814 1278 1843; x_wconf 87' lang='lat' dir='ltr'>ad</span> <span class='ocrx_word' id='word_1_443' title='bbox 1294 1822 1346 1843; x_wconf 88' lang='lat' dir='ltr'>eos</span> <span class='ocrx_word' id='word_1_444' title='bbox 1362 1814 1586 1849; x_wconf 86' lang='lat' dir='ltr'>communiter,</span> <span class='ocrx_word' id='word_1_445' title='bbox 1608 1814 1673 1843; x_wconf 89' lang='lat' dir='ltr'>sive</span> <span class='ocrx_word' id='word_1_446' title='bbox 1688 1823 1749 1852; x_wconf 88' lang='lat' dir='ltr'>que</span> <span class='ocrx_word' id='word_1_447' title='bbox 1766 1813 1804 1843; x_wconf 90' lang='lat' dir='ltr'>ad</span> <span class='ocrx_word' id='word_1_448' title='bbox 1818 1813 1959 1852; x_wconf 83' lang='lat' dir='ltr'>aliquem</span> <span class='ocrx_word' id='word_1_449' title='bbox 1976 1822 2028 1843; x_wconf 89' lang='lat' dir='ltr'>seu</span> <span class='ocrx_word' id='word_1_450' title='bbox 2047 1814 2170 1853; x_wconf 86' lang='lat' dir='ltr'>aliquos</span> 
     </span>
     <span class='ocr_line' id='line_1_67' title="bbox 1166 1866 2171 1905; baseline 0.002 -9"><span class='ocrx_word' id='word_1_451' title='bbox 1166 1867 1348 1905; x_wconf 82' lang='lat' dir='ltr'>spetialiter,</span> <span class='ocrx_word' id='word_1_452' title='bbox 1373 1866 1423 1896; x_wconf 90' lang='lat' dir='ltr'>vel</span> <span class='ocrx_word' id='word_1_453' title='bbox 1439 1867 1478 1896; x_wconf 91' lang='lat' dir='ltr'>ad</span> <span class='ocrx_word' id='word_1_454' title='bbox 1502 1866 1682 1905; x_wconf 88' lang='lat' dir='ltr'>capellanos</span> <span class='ocrx_word' id='word_1_455' title='bbox 1706 1876 1760 1896; x_wconf 88' lang='lat' dir='ltr'>seu</span> <span class='ocrx_word' id='word_1_456' title='bbox 1781 1866 1913 1896; x_wconf 88' lang='lat' dir='ltr'>clericos</span> <span class='ocrx_word' id='word_1_457' title='bbox 1933 1867 2013 1897; x_wconf 88' lang='lat' dir='ltr'>dicte</span> <span class='ocrx_word' id='word_1_458' title='bbox 2039 1867 2171 1898; x_wconf 88' lang='lat' dir='ltr'>ecclesie</span> 
     </span>
     <span class='ocr_line' id='line_1_68' title="bbox 1165 1920 2171 1958; baseline 0.001 -8"><span class='ocrx_word' id='word_1_459' title='bbox 1165 1921 1286 1950; x_wconf 81' lang='lat' dir='ltr'>ratione</span> <span class='ocrx_word' id='word_1_460' title='bbox 1311 1920 1411 1958; x_wconf 84' lang='lat' dir='ltr'>ipsius</span> <span class='ocrx_word' id='word_1_461' title='bbox 1436 1920 1567 1950; x_wconf 75' lang='lat' dir='ltr'>ecclesie</span> <span class='ocrx_word' id='word_1_462' title='bbox 1594 1920 1774 1958; x_wconf 85' lang='lat' dir='ltr'>pertinent,</span> <span class='ocrx_word' id='word_1_463' title='bbox 1801 1921 1968 1950; x_wconf 78' lang='lat' dir='ltr'>manifeste</span> <span class='ocrx_word' id='word_1_464' title='bbox 1992 1922 2171 1951; x_wconf 83' lang='lat' dir='ltr'>invaserint</span> 
     </span>
     <span class='ocr_line' id='line_1_69' title="bbox 1165 1973 2170 2012; baseline 0 -9"><span class='ocrx_word' id='word_1_465' title='bbox 1165 1974 1213 2003; x_wconf 90' lang='lat' dir='ltr'>vel</span> <span class='ocrx_word' id='word_1_466' title='bbox 1230 1974 1454 2012; x_wconf 81' lang='lat' dir='ltr'>occupaverint</span> <span class='ocrx_word' id='word_1_467' title='bbox 1472 1978 1525 2002; x_wconf 85' lang='lat' dir='ltr'>aut</span> <span class='ocrx_word' id='word_1_468' title='bbox 1549 1973 1713 2011; x_wconf 83' lang='lat' dir='ltr'>rapuerint</span> <span class='ocrx_word' id='word_1_469' title='bbox 1731 1983 1784 2003; x_wconf 89' lang='lat' dir='ltr'>seu</span> <span class='ocrx_word' id='word_1_470' title='bbox 1813 1974 1933 2012; x_wconf 85' lang='lat' dir='ltr'>predati</span> <span class='ocrx_word' id='word_1_471' title='bbox 1958 1974 2097 2011; x_wconf 82' lang='lat' dir='ltr'>fuerint,</span> <span class='ocrx_word' id='word_1_472' title='bbox 2120 1975 2170 2004; x_wconf 90' lang='lat' dir='ltr'>vel</span> 
     </span>
     <span class='ocr_line' id='line_1_70' title="bbox 1164 2026 2169 2066; baseline 0.002 -10"><span class='ocrx_word' id='word_1_473' title='bbox 1164 2027 1209 2057; x_wconf 91' lang='lat' dir='ltr'>eis</span> <span class='ocrx_word' id='word_1_474' title='bbox 1227 2036 1282 2056; x_wconf 90' lang='lat' dir='ltr'>seu</span> <span class='ocrx_word' id='word_1_475' title='bbox 1302 2027 1474 2065; x_wconf 86' lang='lat' dir='ltr'>capellanis</span> <span class='ocrx_word' id='word_1_476' title='bbox 1496 2032 1549 2056; x_wconf 88' lang='lat' dir='ltr'>aut</span> <span class='ocrx_word' id='word_1_477' title='bbox 1568 2026 1692 2056; x_wconf 83' lang='lat' dir='ltr'>clericis</span> <span class='ocrx_word' id='word_1_478' title='bbox 1712 2027 1839 2065; x_wconf 82' lang='lat' dir='ltr'>prefatis</span> <span class='ocrx_word' id='word_1_479' title='bbox 1863 2027 1930 2057; x_wconf 85' lang='lat' dir='ltr'>sive</span> <span class='ocrx_word' id='word_1_480' title='bbox 1953 2027 2114 2066; x_wconf 85' lang='lat' dir='ltr'>aliquibus</span> <span class='ocrx_word' id='word_1_481' title='bbox 2133 2037 2169 2058; x_wconf 80' lang='lat' dir='ltr'>ex</span> 
     </span>
     <span class='ocr_line' id='line_1_71' title="bbox 1164 2081 2169 2119; baseline 0 -9"><span class='ocrx_word' id='word_1_482' title='bbox 1164 2081 1208 2110; x_wconf 89' lang='lat' dir='ltr'>eis</span> <span class='ocrx_word' id='word_1_483' title='bbox 1224 2090 1319 2119; x_wconf 90' lang='lat' dir='ltr'>super</span> <span class='ocrx_word' id='word_1_484' title='bbox 1335 2081 1519 2119; x_wconf 83' lang='lat' dir='ltr'>hujusmodi</span> <span class='ocrx_word' id='word_1_485' title='bbox 1536 2081 1628 2110; x_wconf 85' lang='lat' dir='ltr'>bonis</span> <span class='ocrx_word' id='word_1_486' title='bbox 1646 2081 1795 2118; x_wconf 87' lang='lat' dir='ltr'>injuriari</span> <span class='ocrx_word' id='word_1_487' title='bbox 1815 2081 2082 2119; x_wconf 84' lang='lat' dir='ltr'>presumpserint,</span> <span class='ocrx_word' id='word_1_488' title='bbox 2104 2082 2169 2111; x_wconf 87' lang='lat' dir='ltr'>nisi</span> 
     </span>
     <span class='ocr_line' id='line_1_72' title="bbox 1163 2134 2170 2164; baseline 0 0"><span class='ocrx_word' id='word_1_489' title='bbox 1163 2134 1202 2164; x_wconf 85' lang='lat' dir='ltr'>ab</span> <span class='ocrx_word' id='word_1_490' title='bbox 1218 2134 1337 2164; x_wconf 90' lang='lat' dir='ltr'>eisdem</span> <span class='ocrx_word' id='word_1_491' title='bbox 1350 2134 1502 2163; x_wconf 86' lang='lat' dir='ltr'>canonice</span> <span class='ocrx_word' id='word_1_492' title='bbox 1517 2134 1628 2163; x_wconf 88' lang='lat' dir='ltr'>moniti</span> <span class='ocrx_word' id='word_1_493' title='bbox 1645 2134 1894 2163; x_wconf 78' lang='lat' dir='ltr'>satisfactionem</span> <span class='ocrx_word' id='word_1_494' title='bbox 1909 2135 1954 2164; x_wconf 89' lang='lat' dir='ltr'>eis</span> <span class='ocrx_word' id='word_1_495' title='bbox 1968 2135 2170 2164; x_wconf 80' lang='lat' dir='ltr'>exhibuerint</span> 
     </span>
     <span class='ocr_line' id='line_1_73' title="bbox 1163 2187 2169 2226; baseline 0 -9"><span class='ocrx_word' id='word_1_496' title='bbox 1163 2192 1417 2226; x_wconf 83' lang='lat' dir='ltr'>competentem,</span> <span class='ocrx_word' id='word_1_497' title='bbox 1446 2188 1568 2226; x_wconf 84' lang='lat' dir='ltr'>possint</span> <span class='ocrx_word' id='word_1_498' title='bbox 1595 2187 1712 2221; x_wconf 79' lang='lat' dir='ltr'>libere,</span> <span class='ocrx_word' id='word_1_499' title='bbox 1742 2188 1807 2217; x_wconf 87' lang='lat' dir='ltr'>sive</span> <span class='ocrx_word' id='word_1_500' title='bbox 1831 2187 1937 2217; x_wconf 70' lang='lat' dir='ltr'>clerici</span> <span class='ocrx_word' id='word_1_501' title='bbox 1963 2188 2080 2217; x_wconf 82' lang='lat' dir='ltr'>fuerint</span> <span class='ocrx_word' id='word_1_502' title='bbox 2104 2189 2169 2217; x_wconf 89' lang='lat' dir='ltr'>sive</span> 
     </span>
     <span class='ocr_line' id='line_1_74' title="bbox 1163 2240 2169 2278; baseline 0.001 -9"><span class='ocrx_word' id='word_1_503' title='bbox 1163 2240 1254 2275; x_wconf 80' lang='lat' dir='ltr'>laici,</span> <span class='ocrx_word' id='word_1_504' title='bbox 1292 2240 1505 2278; x_wconf 89' lang='lat' dir='ltr'>appellatione</span> <span class='ocrx_word' id='word_1_505' title='bbox 1535 2245 1654 2270; x_wconf 89' lang='lat' dir='ltr'>remota</span> <span class='ocrx_word' id='word_1_506' title='bbox 1673 2263 1680 2275; x_wconf 84' lang='lat'>‚</span> <span class='ocrx_word' id='word_1_507' title='bbox 1717 2249 1887 2269; x_wconf 73' lang='lat' dir='ltr'>censuram</span> <span class='ocrx_word' id='word_1_508' title='bbox 1922 2241 2169 2270; x_wconf 82' lang='lat' dir='ltr'>ecclesiasticam</span> 
     </span>
     <span class='ocr_line' id='line_1_75' title="bbox 1167 2293 2169 2332; baseline 0.002 -10"><span class='ocrx_word' id='word_1_509' title='bbox 1167 2302 1329 2330; x_wconf 76' lang='lat' dir='ltr'>exercere,</span> <span class='ocrx_word' id='word_1_510' title='bbox 1358 2298 1387 2322; x_wconf 85' lang='lat' dir='ltr'>et</span> <span class='ocrx_word' id='word_1_511' title='bbox 1409 2294 1492 2331; x_wconf 86' lang='lat' dir='ltr'>quod</span> <span class='ocrx_word' id='word_1_512' title='bbox 1517 2293 1620 2323; x_wconf 89' lang='lat' dir='ltr'>dictus</span> <span class='ocrx_word' id='word_1_513' title='bbox 1642 2294 1917 2332; x_wconf 67' lang='lat' dir='ltr'>archiepiscopus,</span> <span class='ocrx_word' id='word_1_514' title='bbox 1940 2294 2059 2324; x_wconf 86' lang='lat' dir='ltr'>elevata</span> <span class='ocrx_word' id='word_1_515' title='bbox 2078 2304 2169 2324; x_wconf 88' lang='lat' dir='ltr'>cruce</span> 
     </span>
     <span class='ocr_line' id='line_1_76' title="bbox 1167 2347 2168 2385; baseline 0.001 -9"><span class='ocrx_word' id='word_1_516' title='bbox 1167 2347 1326 2385; x_wconf 84' lang='lat' dir='ltr'>signando</span> <span class='ocrx_word' id='word_1_517' title='bbox 1343 2347 1492 2385; x_wconf 88' lang='lat' dir='ltr'>populum</span> <span class='ocrx_word' id='word_1_518' title='bbox 1507 2370 1513 2382; x_wconf 85' lang='lat'><em>‚</em></span> <span class='ocrx_word' id='word_1_519' title='bbox 1534 2347 1701 2376; x_wconf 86' lang='lat' dir='ltr'>transitum</span> <span class='ocrx_word' id='word_1_520' title='bbox 1719 2356 1772 2385; x_wconf 89' lang='lat' dir='ltr'>per</span> <span class='ocrx_word' id='word_1_521' title='bbox 1790 2347 1963 2376; x_wconf 85' lang='lat' dir='ltr'>claustrum</span> <span class='ocrx_word' id='word_1_522' title='bbox 1980 2347 2095 2377; x_wconf 84' lang='lat' dir='ltr'>fecerat</span> <span class='ocrx_word' id='word_1_523' title='bbox 2116 2357 2168 2377; x_wconf 82' lang='lat' dir='ltr'>eo-</span> 
     </span>
     <span class='ocr_line' id='line_1_77' title="bbox 1166 2400 2167 2438; baseline -0.001 -9"><span class='ocrx_word' id='word_1_524' title='bbox 1166 2401 1325 2435; x_wconf 87' lang='lat' dir='ltr'>rumdem,</span> <span class='ocrx_word' id='word_1_525' title='bbox 1339 2409 1374 2429; x_wconf 80' lang='lat' dir='ltr'>ex</span> <span class='ocrx_word' id='word_1_526' title='bbox 1389 2404 1528 2438; x_wconf 87' lang='lat' dir='ltr'>arrupto,</span> <span class='ocrx_word' id='word_1_527' title='bbox 1541 2404 1683 2438; x_wconf 85' lang='lat' dir='ltr'>pretextu</span> <span class='ocrx_word' id='word_1_528' title='bbox 1696 2400 1811 2429; x_wconf 88' lang='lat' dir='ltr'>indulti</span> <span class='ocrx_word' id='word_1_529' title='bbox 1825 2400 2020 2438; x_wconf 73' lang='lat' dir='ltr'>hujusmodi,</span> <span class='ocrx_word' id='word_1_530' title='bbox 2030 2400 2167 2429; x_wconf 88' lang='lat' dir='ltr'>eundem</span> 
     </span>
     <span class='ocr_line' id='line_1_78' title="bbox 1165 2453 2167 2492; baseline -0.002 -8"><span class='ocrx_word' id='word_1_531' title='bbox 1165 2454 1438 2492; x_wconf 87' lang='lat' dir='ltr'>archiepiscopum</span> <span class='ocrx_word' id='word_1_532' title='bbox 1454 2454 1577 2483; x_wconf 86' lang='lat' dir='ltr'>moneri</span> <span class='ocrx_word' id='word_1_533' title='bbox 1593 2453 1631 2482; x_wconf 89' lang='lat' dir='ltr'>de</span> <span class='ocrx_word' id='word_1_534' title='bbox 1646 2453 1745 2489; x_wconf 78' lang='lat' dir='ltr'>facto,</span> <span class='ocrx_word' id='word_1_535' title='bbox 1771 2462 1841 2482; x_wconf 85' lang='lat' dir='ltr'>cum</span> <span class='ocrx_word' id='word_1_536' title='bbox 1866 2453 1904 2482; x_wconf 93' lang='lat' dir='ltr'>de</span> <span class='ocrx_word' id='word_1_537' title='bbox 1918 2454 1990 2491; x_wconf 83' lang='lat' dir='ltr'>jure</span> <span class='ocrx_word' id='word_1_538' title='bbox 2014 2461 2076 2482; x_wconf 94' lang='lat' dir='ltr'>non</span> <span class='ocrx_word' id='word_1_539' title='bbox 2096 2461 2167 2491; x_wconf 89' lang='lat' dir='ltr'>pos-</span> 
     </span>
     <span class='ocr_line' id='line_1_79' title="bbox 1166 2506 2166 2544; baseline -0.003 -7"><span class='ocrx_word' id='word_1_540' title='bbox 1166 2512 1247 2543; x_wconf 89' lang='lat' dir='ltr'>sent,</span> <span class='ocrx_word' id='word_1_541' title='bbox 1265 2508 1418 2542; x_wconf 77' lang='lat' dir='ltr'>fecerunt,</span> <span class='ocrx_word' id='word_1_542' title='bbox 1436 2515 1490 2544; x_wconf 91' lang='lat' dir='ltr'>pro</span> <span class='ocrx_word' id='word_1_543' title='bbox 1506 2515 1616 2536; x_wconf 89' lang='lat' dir='ltr'>eorum</span> <span class='ocrx_word' id='word_1_544' title='bbox 1636 2506 1725 2536; x_wconf 88' lang='lat' dir='ltr'>libito</span> <span class='ocrx_word' id='word_1_545' title='bbox 1742 2506 1926 2543; x_wconf 71' lang='lat' dir='ltr'>voluntatis,</span> <span class='ocrx_word' id='word_1_546' title='bbox 1944 2511 1976 2535; x_wconf 90' lang='lat' dir='ltr'>ut</span> <span class='ocrx_word' id='word_1_547' title='bbox 1991 2506 2073 2535; x_wconf 82' lang='lat' dir='ltr'>infra</span> <span class='ocrx_word' id='word_1_548' title='bbox 2089 2506 2166 2535; x_wconf 87' lang='lat' dir='ltr'>certi</span> 
     </span>
     <span class='ocr_line' id='line_1_80' title="bbox 1167 2558 2166 2598; baseline -0.003 -8"><span class='ocrx_word' id='word_1_549' title='bbox 1167 2560 1317 2598; x_wconf 86' lang='lat' dir='ltr'>temporis</span> <span class='ocrx_word' id='word_1_550' title='bbox 1334 2559 1472 2598; x_wconf 87' lang='lat' dir='ltr'>spatium</span> <span class='ocrx_word' id='word_1_551' title='bbox 1493 2568 1548 2597; x_wconf 90' lang='lat' dir='ltr'>per</span> <span class='ocrx_word' id='word_1_552' title='bbox 1566 2567 1618 2588; x_wconf 87' lang='lat' dir='ltr'>eos</span> <span class='ocrx_word' id='word_1_553' title='bbox 1642 2559 1745 2588; x_wconf 89' lang='lat' dir='ltr'>eidem</span> <span class='ocrx_word' id='word_1_554' title='bbox 1769 2559 2004 2597; x_wconf 83' lang='lat' dir='ltr'>archiepiscopo</span> <span class='ocrx_word' id='word_1_555' title='bbox 2021 2558 2166 2596; x_wconf 85' lang='lat' dir='ltr'>assigna-</span> 
     </span>
     <span class='ocr_line' id='line_1_81' title="bbox 1166 2612 2167 2651; baseline -0.002 -9"><span class='ocrx_word' id='word_1_556' title='bbox 1166 2618 1234 2643; x_wconf 90' lang='lat' dir='ltr'>tum</span> <span class='ocrx_word' id='word_1_557' title='bbox 1255 2612 1394 2651; x_wconf 86' lang='lat' dir='ltr'>predicta</span> <span class='ocrx_word' id='word_1_558' title='bbox 1412 2621 1473 2650; x_wconf 90' lang='lat' dir='ltr'>que</span> <span class='ocrx_word' id='word_1_559' title='bbox 1494 2621 1548 2650; x_wconf 90' lang='lat' dir='ltr'>per</span> <span class='ocrx_word' id='word_1_560' title='bbox 1566 2613 1670 2650; x_wconf 86' lang='lat' dir='ltr'>ipsnm</span> <span class='ocrx_word' id='word_1_561' title='bbox 1692 2612 1965 2650; x_wconf 85' lang='lat' dir='ltr'>archiepiscopum</span> <span class='ocrx_word' id='word_1_562' title='bbox 1984 2615 2167 2649; x_wconf 87' lang='lat' dir='ltr'>attemptata</span> 
     </span>
     <span class='ocr_line' id='line_1_82' title="bbox 1166 2663 2166 2703; baseline -0.003 -7"><span class='ocrx_word' id='word_1_563' title='bbox 1166 2667 1313 2697; x_wconf 87' lang='lat' dir='ltr'>dicebant</span> <span class='ocrx_word' id='word_1_564' title='bbox 1328 2670 1488 2694; x_wconf 85' lang='lat' dir='ltr'>revocaret</span> <span class='ocrx_word' id='word_1_565' title='bbox 1506 2670 1535 2693; x_wconf 86' lang='lat' dir='ltr'>et</span> <span class='ocrx_word' id='word_1_566' title='bbox 1549 2665 1588 2694; x_wconf 90' lang='lat' dir='ltr'>de</span> <span class='ocrx_word' id='word_1_567' title='bbox 1607 2665 1734 2703; x_wconf 90' lang='lat' dir='ltr'>injuriis</span> <span class='ocrx_word' id='word_1_568' title='bbox 1753 2665 1785 2693; x_wconf 89' lang='lat' dir='ltr'>in</span> <span class='ocrx_word' id='word_1_569' title='bbox 1802 2665 1861 2694; x_wconf 92' lang='lat' dir='ltr'>hoc</span> <span class='ocrx_word' id='word_1_570' title='bbox 1874 2664 1995 2694; x_wconf 89' lang='lat' dir='ltr'>eisdem</span> <span class='ocrx_word' id='word_1_571' title='bbox 2010 2663 2107 2693; x_wconf 87' lang='lat' dir='ltr'>illatis</span> <span class='ocrx_word' id='word_1_572' title='bbox 2120 2673 2166 2693; x_wconf 91' lang='lat' dir='ltr'>sa-</span> 
     </span>
     <span class='ocr_line' id='line_1_83' title="bbox 1167 2717 2166 2757; baseline -0.004 -7"><span class='ocrx_word' id='word_1_573' title='bbox 1167 2721 1308 2750; x_wconf 83' lang='lat' dir='ltr'>tissacere</span> <span class='ocrx_word' id='word_1_574' title='bbox 1326 2722 1524 2757; x_wconf 90' lang='lat' dir='ltr'>procuraret,</span> <span class='ocrx_word' id='word_1_575' title='bbox 1546 2717 1690 2756; x_wconf 88' lang='lat' dir='ltr'>alioquin</span> <span class='ocrx_word' id='word_1_576' title='bbox 1711 2718 1744 2746; x_wconf 89' lang='lat' dir='ltr'>in</span> <span class='ocrx_word' id='word_1_577' title='bbox 1767 2718 1872 2756; x_wconf 88' lang='lat' dir='ltr'>ipsum</span> <span class='ocrx_word' id='word_1_578' title='bbox 1894 2717 2166 2756; x_wconf 85' lang='lat' dir='ltr'>archiepiscopum</span> 
     </span>
     <span class='ocr_line' id='line_1_84' title="bbox 1166 2770 2165 2809; baseline -0.004 -7"><span class='ocrx_word' id='word_1_579' title='bbox 1166 2773 1399 2803; x_wconf 80' lang='lat' dir='ltr'>mandaverunt</span> <span class='ocrx_word' id='word_1_580' title='bbox 1418 2780 1472 2809; x_wconf 90' lang='lat' dir='ltr'>per</span> <span class='ocrx_word' id='word_1_581' title='bbox 1487 2775 1606 2799; x_wconf 88' lang='lat' dir='ltr'>certum</span> <span class='ocrx_word' id='word_1_582' title='bbox 1625 2774 1822 2800; x_wconf 77' lang='lat' dir='ltr'>executorem</span> <span class='ocrx_word' id='word_1_583' title='bbox 1839 2770 2014 2806; x_wconf 87' lang='lat' dir='ltr'>interdicti,</span> <span class='ocrx_word' id='word_1_584' title='bbox 2033 2778 2165 2808; x_wconf 89' lang='lat' dir='ltr'>suspen-</span> 
     </span>
     <span class='ocr_line' id='line_1_85' title="bbox 1165 2822 2167 2861; baseline -0.004 -6"><span class='ocrx_word' id='word_1_585' title='bbox 1165 2827 1266 2856; x_wconf 89' lang='lat' dir='ltr'>sionis</span> <span class='ocrx_word' id='word_1_586' title='bbox 1286 2829 1316 2853; x_wconf 90' lang='lat' dir='ltr'>et</span> <span class='ocrx_word' id='word_1_587' title='bbox 1339 2823 1681 2853; x_wconf 78' lang='lat' dir='ltr'>excommunicationis</span> <span class='ocrx_word' id='word_1_588' title='bbox 1706 2823 1879 2852; x_wconf 89' lang='lat' dir='ltr'>sententias</span> <span class='ocrx_word' id='word_1_589' title='bbox 1895 2822 2101 2861; x_wconf 83' lang='lat' dir='ltr'>promulgari.</span> <span class='ocrx_word' id='word_1_590' title='bbox 2130 2822 2167 2852; x_wconf 89' lang='lat' dir='ltr'>Et</span> 
     </span>
     <span class='ocr_line' id='line_1_86' title="bbox 1165 2875 2166 2915; baseline -0.003 -8"><span class='ocrx_word' id='word_1_591' title='bbox 1165 2879 1238 2908; x_wconf 89' lang='lat' dir='ltr'>licet</span> <span class='ocrx_word' id='word_1_592' title='bbox 1262 2887 1297 2906; x_wconf 78' lang='lat' dir='ltr'>ex</span> <span class='ocrx_word' id='word_1_593' title='bbox 1325 2881 1411 2915; x_wconf 78' lang='lat' dir='ltr'>parte</span> <span class='ocrx_word' id='word_1_594' title='bbox 1436 2876 1512 2905; x_wconf 78' lang='lat' dir='ltr'>dicti</span> <span class='ocrx_word' id='word_1_595' title='bbox 1535 2875 1765 2913; x_wconf 85' lang='lat' dir='ltr'>archiepiscopi</span> <span class='ocrx_word' id='word_1_596' title='bbox 1790 2875 1886 2905; x_wconf 86' lang='lat' dir='ltr'>fuerit</span> <span class='ocrx_word' id='word_1_597' title='bbox 1908 2884 2013 2905; x_wconf 88' lang='lat' dir='ltr'>coram</span> <span class='ocrx_word' id='word_1_598' title='bbox 2038 2875 2166 2914; x_wconf 82' lang='lat' dir='ltr'>prefatis</span> 
     </span>
     <span class='ocr_line' id='line_1_87' title="bbox 1164 2928 2166 2967; baseline -0.003 -6"><span class='ocrx_word' id='word_1_599' title='bbox 1164 2932 1283 2961; x_wconf 85' lang='lat' dir='ltr'>decano</span> <span class='ocrx_word' id='word_1_600' title='bbox 1296 2935 1326 2959; x_wconf 89' lang='lat' dir='ltr'>et</span> <span class='ocrx_word' id='word_1_601' title='bbox 1343 2928 1481 2967; x_wconf 88' lang='lat' dir='ltr'>capitulo</span> <span class='ocrx_word' id='word_1_602' title='bbox 1498 2928 1684 2967; x_wconf 79' lang='lat' dir='ltr'>excipiendo</span> <span class='ocrx_word' id='word_1_603' title='bbox 1702 2929 1897 2966; x_wconf 89' lang='lat' dir='ltr'>propositum</span> <span class='ocrx_word' id='word_1_604' title='bbox 1918 2929 2013 2967; x_wconf 88' lang='lat' dir='ltr'>quod,</span> <span class='ocrx_word' id='word_1_605' title='bbox 2030 2937 2104 2958; x_wconf 91' lang='lat' dir='ltr'>cum</span> <span class='ocrx_word' id='word_1_606' title='bbox 2119 2929 2166 2958; x_wconf 88' lang='lat' dir='ltr'>in-</span> 
     </span>
     <span class='ocr_line' id='line_1_88' title="bbox 1163 2981 2166 3021; baseline -0.002 -8"><span class='ocrx_word' id='word_1_607' title='bbox 1163 2983 1327 3021; x_wconf 84' lang='lat' dir='ltr'>dulgentia</span> <span class='ocrx_word' id='word_1_608' title='bbox 1342 2981 1527 3019; x_wconf 86' lang='lat' dir='ltr'>hujusmodi</span> <span class='ocrx_word' id='word_1_609' title='bbox 1545 2986 1667 3010; x_wconf 87' lang='lat' dir='ltr'>tantum</span> <span class='ocrx_word' id='word_1_610' title='bbox 1683 2985 1791 3011; x_wconf 87' lang='lat' dir='ltr'>contra</span> <span class='ocrx_word' id='word_1_611' title='bbox 1804 2981 1874 3011; x_wconf 87' lang='lat' dir='ltr'>illos</span> <span class='ocrx_word' id='word_1_612' title='bbox 1886 2982 1940 3020; x_wconf 87' lang='lat' dir='ltr'>qui</span> <span class='ocrx_word' id='word_1_613' title='bbox 1957 2981 2087 3011; x_wconf 89' lang='lat' dir='ltr'>ecclesie</span> <span class='ocrx_word' id='word_1_614' title='bbox 2098 2991 2166 3020; x_wconf 91' lang='lat' dir='ltr'>pre-</span> 
     </span>
     <span class='ocr_line' id='line_1_89' title="bbox 1164 3034 2166 3074; baseline -0.003 -7"><span class='ocrx_word' id='word_1_615' title='bbox 1164 3038 1244 3067; x_wconf 86' lang='lat' dir='ltr'>dicte</span> <span class='ocrx_word' id='word_1_616' title='bbox 1261 3037 1342 3066; x_wconf 88' lang='lat' dir='ltr'>bona</span> <span class='ocrx_word' id='word_1_617' title='bbox 1361 3035 1527 3064; x_wconf 81' lang='lat' dir='ltr'>manifeste</span> <span class='ocrx_word' id='word_1_618' title='bbox 1552 3034 1741 3064; x_wconf 82' lang='lat' dir='ltr'>invaderent</span> <span class='ocrx_word' id='word_1_619' title='bbox 1759 3034 1807 3064; x_wconf 90' lang='lat' dir='ltr'>vel</span> <span class='ocrx_word' id='word_1_620' title='bbox 1824 3039 2017 3074; x_wconf 88' lang='lat' dir='ltr'>occuparent</span> <span class='ocrx_word' id='word_1_621' title='bbox 2031 3035 2098 3065; x_wconf 86' lang='lat' dir='ltr'>sive</span> <span class='ocrx_word' id='word_1_622' title='bbox 2114 3044 2166 3064; x_wconf 87' lang='lat' dir='ltr'>ra-</span> 
     </span>
    </p>
   </div>
   <div class='ocr_carea' id='block_1_20' title="bbox 1716 1388 2173 1425">
    <p class='ocr_par' dir='ltr' id='par_1_26' title="bbox 1716 1388 2173 1425">
     <span class='ocr_line' id='line_1_90' title="bbox 1716 1388 2173 1425; baseline 0.004 -9"><span class='ocrx_word' id='word_1_623' title='bbox 1716 1388 1824 1417; x_wconf 72' lang='lat' dir='ltr'>decana</span> <span class='ocrx_word' id='word_1_624' title='bbox 1848 1393 1873 1417; x_wconf 81' lang='lat' dir='ltr'>et</span> <span class='ocrx_word' id='word_1_625' title='bbox 1898 1390 2054 1425; x_wconf 65' lang='lat' dir='ltr'>magistris</span> <span class='ocrx_word' id='word_1_626' title='bbox 2081 1390 2173 1418; x_wconf 54' lang='lat' dir='ltr'>iwani</span> 
     </span>
    </p>
   </div>
  </div>
 </body>
</html>
