2342 3652
0 2755 6 2916 1

5 2993 7 3024 l

6 3044 11 3098 ³

840 368 844 371 ’
890 375 1110 416 PREMOERE
1132 374 1290 414 ANNnE.
2095 380 2133 411 59

49 463 146 495 nensi
175 464 380 502 personatum
409 458 475 488 sive
507 456 693 495 dignitatem
722 454 824 493 primo
849 456 1049 487 vacaturum,

52 518 92 549 ad
114 516 315 547 collationem
338 513 438 552 ipsius
462 514 670 550 spectantem,
694 512 735 543 et,
751 506 893 545 priorum
909 504 1051 543 ejusdem

52 569 202 601 ecclesiae
217 567 369 607 requisito
382 573 552 599 consensu,
569 566 659 601 prout
675 559 795 598 requiri
810 558 963 588 hactenus
977 565 1050 586 con-

52 623 175 660 suevit,
197 630 270 652 eum
287 627 438 659 personae
457 617 600 656 ydoneae
616 612 811 645 conferendi.

94 688 108 703 ι
121 675 272 706 Volentes
287 677 372 703 tuam
384 672 576 701 honorare...
588 684 628 691 —
639 667 710 696 Dat.
725 665 833 700 Reate,
845 673 885 693 xv
898 662 1051 693 kalendas

53 729 206 764 octobriS,
223 735 309 757 anno
324 725 436 764 primo.
457 736 470 750 ι)

125 898 212 927 315
563 892 655 924 Rieu,
672 890 706 917 ΞΟ
724 889 885 924 septembre
904 888 980 914 1288.

90 946 232 977 «Iohanni,
249 946 323 972 tituli
340 944 459 971 Sanctae
476 941 594 968 Ceciliae
616 938 783 975 presbytero
799 937 950 971 cardinali,
967 944 1052 971 apos-

55 996 158 1024 tolicae
173 995 251 1022 sedis
266 995 369 1028 legato,
381 991 493 1019 mandat
506 993 646 1024 quatenus
662 987 785 1022 inquirat
796 987 830 1013 de
841 987 1052 1022 opportunitate

55 1045 203 1081 petitionis
218 1053 273 1078 qua
289 1043 376 1070 abbas
391 1046 418 1068 et
438 1042 594 1067 conventus
617 1037 781 1064 monasterii
798 1036 828 1062 S.
846 1035 977 1071 Dyonisii
992 1034 1051 1061 Re-

55 1093 166 1121 mensis
193 1093 335 1119 licentiam
368 1089 504 1117 condendi
536 1095 640 1114 novum
673 1085 878 1112 coemeterium
912 1087 1047 1119 poscunt.

56 1142 139 1176 (ΒΕΘ.
158 1142 200 1172 44,
217 1149 243 1168 c.
264 1141 320 1172 187,
338 1140 357 1166 f.
375 1140 406 1166 45
422 1145 466 1168 v⁰;
483 1137 549 1163 Ltp.
567 1144 602 1162 00
616 1135 714 1166 Tuan„
731 1133 754 1165 Ι,
771 1134 827 1166 77.)

96 1245 205 1274 Dilecto
220 1242 282 1280 filio
295 1241 444 1277 Johanni,
463 1239 545 1268 tz'lztli
560 1238 665 1267 Sancte
684 1237 791 1266 Cecilt'e
804 1237 972 1275 presbytero
988 1244 1053 1265 ear-

57 1297 174 1333 dinali,
190 1295 345 1333 apostolice
355 1294 430 1322 sedis
446 1293 551 1329 leqato.
565 1302 578 1317 ι
589 1289 704 1319 Petitio
713 1289 900 1318 dilectorum
912 1288 1052 1318 filiorum

58 1348 212 1380 ..abbatis
227 1349 439 1378 etconventus
456 1343 642 1374 monasterii
658 1343 688 1372 S.
701 1342 852 1381 Dyonisii
872 1341 1052 1378 Remensis,

57 1402 180 1433 ordinis
190 1402 221 1431 S.
234 1399 417 1437 Augustini,
427 1397 516 1427 nobis
529 1396 668 1426 exhibita
682 1395 967 1434 continebatquod‚
980 1403 1054 1424 cum

57 1454 212 1494 hospitale
228 1454 322 1483 Beate
335 1451 434 1481 Marie
451 1451 610 1480 Remense
625 1450 660 1479 in
675 1458 732 1478 sue
750 1458 832 1478 nove
847 1447 1053 1488 plantationis

59 1508 186 1539 exordio
200 1506 393 1537 modicorum
405 1513 581 1543 pauperum
595 1507 679 1533 esset
692 1511 800 1541 capax,
818 1502 896 1532 dicti
913 1502 1008 1531 abbas
1025 1506 1055 1530 et

58 1565 242 1597 conventus,
255 1558 450 1589 attendentes
462 1556 545 1595 quod
558 1565 630 1586 raro
644 1564 772 1595 corpora
786 1557 818 1585 in
830 1556 898 1593 ipso
905 1554 1054 1594 hospitali

59 1613 276 1644 decedentium
286 1615 411 1650 propter
422 1609 579 1640 defectum
588 1618 798 1648 personarum
811 1613 886 1638 tunc
897 1609 930 1637 in
943 1608 1053 1637 eodem

59 1665 394 1706 hospitalidegentium
406 1663 579 1702 sepeliendi
587 1663 706 1693 eisdem
720 1663 871 1692 fratribus
883 1663 1054 1691 necessitas

58 1719 281 1754 incumbebat,
298 1717 467 1756 patientius
483 1715 658 1746 tolerarunt
674 1716 859 1754 hujusmodi
876 1724 1005 1754 corpora
1020 1716 1055 1744 111

57 1772 192 1812 quodam
229 1770 385 1801 cimiterio
420 1769 605 1799 monasterii
645 1769 706 1807 ipsi
735 1769 884 1806 contiguo
916 1768 1053 1807 sepeliri.

57 1824 138 1856 Cum
154 1828 260 1854 autem
277 1823 431 1862 hospitale
454 1823 561 1862 ipsum
577 1812 742 1852 devotione
765 1822 910 1852 fidelium
928 1822 1005 1851 adeo
1020 1823 1054 1852 in

57 1877 177 1917 amplas
192 1881 223 1908 et
242 1877 320 1907 latas
336 1876 526 1907 succreverit
541 1875 706 1906 facultates
728 1876 811 1915 quod
827 1876 865 1905 ad
884 1875 964 1905 illud
983 1885 1055 1913 ege-

63 1939 176 1961 norum
201 1930 317 1968 Jugiter
342 1929 550 1959 multitudine
576 1929 757 1959 confluente
783 1928 992 1967 multiplicata
1021 1929 1054 1958 iu

61 1983 172 2014 eodem
186 1982 332 2022 hospitali
347 1991 476 2022 corpora
493 1982 716 2012 defunctorum
739 1982 773 2011 in
794 1982 877 2012 dicto
899 1983 1056 2012 cimiterio

60 2036 250 2066 sufficienter
266 2040 424 2075 nequeant
435 2036 612 2073 inhumari,
629 2040 696 2065 tum
712 2039 838 2074 propter
852 2036 953 2073 ipsius
968 2036 1057 2065 cimi-

60 2088 132 2119 terii
145 2089 367 2125 artitudinem,
384 2092 451 2118 tum
467 2089 561 2119 etiam
580 2093 705 2127 propter
721 2089 803 2118 hanc
820 2089 1055 2119 intolerabilem

60 2141 364 2178 inconvenientiam,
384 2142 466 2180 quod
487 2142 575 2172 fovee
595 2142 629 2171 in
648 2151 726 2180 quas
745 2146 907 2181 ponuntur
923 2143 1056 2180 profun-

60 2193 133 2224 dius
148 2202 211 2224 non
230 2198 379 2224 cavantur
395 2199 517 2234 propter
534 2203 663 2233 corpora
678 2195 758 2225 inibi
775 2195 934 2225 recentius
951 2196 1056 2225 subse-

60 2245 165 2286 pulta,
187 2247 340 2284 contingit
362 2246 546 2287 plerumque
569 2249 653 2287 quod
679 2249 746 2287 ipsa
772 2249 862 2288 quasi
887 2254 1057 2278 remanent

59 2299 239 2329 inhumata.
254 2299 291 2329 Et
303 2300 346 2330 sio
363 2309 398 2329 ex
414 2301 509 2331 fetore
524 2301 622 2340 ipsius
639 2302 789 2332 cimiterii
806 2311 860 2332 aer
875 2302 1057 2341 pestilenter

59 2356 223 2390 corruptus
241 2356 302 2381 tam
318 2352 391 2382 dicti
411 2354 611 2390 monasterii,
630 2355 714 2393 quod
729 2360 775 2384 est
791 2355 883 2394 quasi
899 2357 932 2385 in
952 2356 1056 2386 medio

58 2404 195 2435 civitatis
211 2404 398 2441 Remeusis,
414 2415 508 2444 quam
528 2407 623 2437 etiam
641 2409 886 2438 circumvicinas
905 2418 1056 2448 personas

57 2457 136 2488 adeo
150 2457 267 2496 passim
286 2457 388 2487 inficit
399 2462 428 2487 et
443 2461 615 2499 corrumpit
632 2461 728 2499 quod,
745 2462 807 2491 nisi
827 2462 871 2491 eis
885 2471 981 2500 super
996 2462 1056 2492 1100

58 2519 115 2550 per
135 2510 304 2550 apostolice
324 2512 509 2549 provisionis
529 2514 706 2544 remedium
728 2515 872 2545 celeriter
889 2525 1054 2546 succurra-

59 2567 129 2601 tur,
149 2563 380 2603 compellentur
403 2566 510 2604 utique
529 2569 668 2606 proprias
692 2569 835 2599 deserere
852 2571 1053 2607 mansiones,

58 2621 115 2648 aut
129 2618 164 2647 in
180 2618 225 2648 eis
240 2627 313 2647 cum
330 2614 526 2656 propriorum
541 2628 705 2659 corporum
722 2622 861 2661 periculo
876 2632 1051 2654 remanere.

58 2669 141 2701 Cum
165 2674 269 2700 autem
298 2670 398 2700 iidem
418 2671 512 2701 abbas
535 2677 564 2702 et
587 2680 776 2719 conventus,
803 2676 858 2715 001
883 2677 1056 2715 anticipare

58 2727 182 2762 tempus
198 2724 260 2753 vite
274 2733 311 2753 ex
322 2724 393 2762 jure
410 2729 521 2754 nature
537 2726 632 2756 vitare
647 2727 839 2766 desiderant,
856 2729 894 2759 de
910 2729 971 2760 alio
990 2730 1056 2760 1000

58 2775 163 2806 eidem
187 2775 336 2814 hospitali
363 2777 552 2814 accomodo,
574 2779 647 2809 satis
672 2781 793 2820 vicino,
820 2791 875 2821 pro
900 2783 1056 2813 cimiterio

57 2828 193 2859 fratrum
209 2833 239 2859 et
256 2837 430 2868 pauperum
451 2831 551 2868 ipsius
566 2831 726 2871 hospitalis
749 2836 848 2873 parati
867 2836 930 2865 sint
946 2845 1055 2866 eorum

58 2882 236 2921 sumptibus
259 2883 423 2921 providere
438 2907 443 2919 ,
468 2883 558 2913 nobis
586 2883 750 2916 humiliter
778 2888 996 2927 supplicarunt
1023 2893 1057 2918 ut

56 2935 256 2974 propriorum
271 2943 437 2973 corporum
456 2936 640 2967 eorumdem
656 2938 747 2969 saluti
764 2941 928 2979 providere
947 2943 981 2971 in
997 2941 1056 2971 hae

57 2990 145 3026 parte
160 2991 291 3026 paterna
305 2987 471 3025 diligentia
484 2997 681 3020 curaremus.
698 2991 778 3028 Quia
794 3002 867 3023 vero
885 2998 916 3024 tu
940 2995 977 3024 de
993 2995 1055 3024 hiis

57 3039 174 3071 habere
192 3041 308 3079 poteris
333 3041 479 3071 notitiam
502 3041 697 3081 pleniorem,
719 3045 901 3077 discretioni
925 3052 975 3077 tue
1002 3057 1056 3087 per

1134 450 1303 488 apostolica
1329 450 1444 488 scripta
1470 448 1661 478 mandamus
1685 450 1859 485 quatenus,
1885 455 1940 483 per
1967 450 1994 474 te
2011 445 2060 475 vel
2079 455 2133 485 per

1133 502 1233 533 alium
1256 504 1424 542 inquirens
1449 511 1543 540 super
1559 499 1721 540 premissis
1741 498 1926 536 diligentius
1945 498 2112 528 veritatem
2125 523 2132 536 ,

1133 556 1216 594 quod
1237 565 1331 594 super
1351 556 1428 594 ipsis
1452 554 1615 584 inveneris
1640 553 1730 583 uobis
1753 551 1879 582 studeas
1901 551 2036 580 fideliter
2056 551 2134 581 inti-

1133 618 1236 645 mare,
1254 609 1296 638 ita
1314 609 1397 647 quod
1415 617 1451 638 ex
1469 611 1520 637 tua
1540 606 1692 636 relatione
1709 605 1857 635 instructi
1873 604 1985 643 prefati
2005 613 2134 634 monas-

1135 662 1205 691 terii
1227 666 1257 691 et
1278 661 1413 691 aliarum
1438 658 1775 699 circumadjacentium
1805 666 2013 696 personarum
2040 657 2135 687 saluti

1133 714 1299 744 consulere
1324 714 1482 744 salubrius
1507 713 1680 742 valeamus.
1699 712 1771 741 Dat.
1797 711 1906 747 Reate,
1923 720 1967 739 011
1983 710 2135 740 kalendas

1132 767 1283 803 octobris,
1303 775 1388 796 anno
1403 766 1516 805 primo.
1538 776 1551 792 n

1204 939 1290 967 316

1169 1000 1209 1028 Ut
1229 1000 1415 1027 confirmetur
1444 999 1545 1025 electio
1570 998 1686 1025 Henrici
1712 998 1745 1024 de
1770 997 1901 1024 Vilnowe
1921 997 1949 1023 in
1973 997 2137 1024 monasterii

1134 1049 1287 1076 Fuldensis
1303 1048 1443 1074 abbatem.
1464 1047 1544 1080 (Rae.
1562 1047 1606 1078 44,
1623 1055 1648 1073 c.
1668 1047 1726 1078 188,
1743 1047 1761 1073 f.
1781 1047 1813 1073 45
1829 1048 1880 1079 vo.)

1652 937 1744 968 Rieu,
1760 936 1793 963 ‘27
1810 936 1971 971 septembre
1990 935 2065 962 1288.

1181 1152 1346 1181 Venerabili
1378 1151 1473 1188 fratri
1503 1172 1524 1179 ..
1554 1150 1686 1188 episcopo
1725 1149 1941 1178 Warmaciensz'
1971 1154 1997 1178 et
2023 1149 2139 1178 dilectis

1134 1207 1210 1244 filiis
1225 1227 1244 1234 ..
1262 1206 1367 1235 Sancti
1383 1205 1493 1234 Albani
1512 1209 1599 1233 eaetra
1623 1211 1727 1232 muros
1742 1203 1936 1240 Mayuntinos
1952 1207 1977 1231 et
1996 1224 2015 1231 ..
2033 1203 2066 1231 de
2087 1203 2139 1232 Se-

1137 1261 1325 1296 kinyenstat,
1342 1257 1523 1296 Mayuntine
1540 1257 1680 1293 diocesis,
1700 1257 1954 1285 monasteriorum
1972 1256 2138 1291 abbatibus,

1136 1313 1267 1343 mandat
1289 1316 1447 1350 qnatenus
1465 1310 1656 1340 confirment
1679 1309 1866 1338 electionem
1888 1308 1926 1337 de
1947 1308 2086 1337 Henrico
2102 1307 2140 1337 de

1136 1366 1316 1402 WVilnowe,
1341 1363 1498 1393 monacho
1515 1362 1700 1393 monasterii
1716 1361 1899 1397 Fnldensis,
1917 1360 1957 1390 ad
1973 1369 2140 1390 romanam

1137 1419 1304 1449 ecclesiam
1336 1417 1426 1447 nullo
1456 1416 1562 1446 medio
1585 1415 1792 1454 pertinentiS,
1822 1423 1878 1452 per
1905 1414 2026 1444 obitum
2054 1414 2140 1443 Mar-

1137 1472 1250 1511 quardi
1272 1471 1428 1506 vocantis,
1451 1470 1484 1499 in
1510 1469 1653 1508 ejusdem
1677 1468 1865 1497 monasterii
1886 1467 2050 1503 abbatem,
2075 1467 2140 1496 fac-

1137 1530 1200 1555 tam
1220 1534 1274 1563 per
1292 1523 1492 1558 Couradnm,
1511 1523 1686 1557 decanum,
1706 1521 1891 1557 Albertum,
1909 1520 2137 1558 praepositum,

1136 1583 1165 1608 et
1181 1577 1405 1613 Godefridum,
1425 1575 1638 1606 camerarium
1655 1575 1729 1604 dicti
1748 1573 1950 1608 monasterii,
1970 1573 2086 1611 quibus
2102 1572 2141 1602 ad

1136 1632 1195 1662 hoc
1211 1636 1394 1670 potestatem
1415 1630 1469 1659 alii
1483 1633 1659 1659 conventus
1674 1627 1825 1657 monachi
1841 1626 2038 1662 duraturam,
2057 1638 2070 1652 (ι
2090 1634 2140 1655 05-

1137 1695 1198 1724 000
1218 1686 1257 1714 ad
1279 1684 1555 1722 consumptionem
1581 1681 1748 1720 cujusdam
1771 1679 1923 1716 candele,
1947 1688 2044 1717 quam
2066 1683 2141 1709 tunc

1136 1740 1280 1768 fecerunt
1294 1736 1439 1773 accendi,
1459 1735 1595 1765 liberam
1613 1737 1848 1764 concesserunt.
1868 1744 1881 1759 »

1178 1803 1190 1819 «
1212 1791 1299 1820 Licet
1322 1791 1506 1820 continuata
1523 1787 1858 1827 supervenientium...
1878 1802 1917 1807 -
1933 1785 2004 1814 Dat.
2023 1785 2120 1815 Reate
2133 1809 2140 1822 ,

1136 1855 1155 1874 v
1173 1844 1327 1874 kalendas
1343 1843 1493 1879 octobris,
1513 1849 1599 1871 anuo
1614 1841 1728 1879 primo.
1744 1851 1758 1866 ›

1207 2023 1293 2052 312
1660 2018 1749 2049 Rieti,
1768 2019 1798 2044 17
1816 2017 1977 2052 septembre
1996 2017 2072 2044 1288.

1172 2085 1331 2120 Inquit-itur
1345 2083 1379 2109 de
1396 2083 1535 2109 abusibus
1551 2091 1566 2108 a
1581 2081 1722 2114 Conrado,
1739 2081 1839 2107 abbate
1856 2080 2021 2106 monasterii
2037 2079 2067 2105 S.
2085 2079 2144 2105 An-

1138 2135 1194 2170 geli
1214 2135 1242 2160 in
1266 2133 1388 2165 Palatio,
1408 2131 1597 2159 Guardiensis
1617 2131 1775 2160 dioecesis,
1797 2128 1972 2155 commissis.
1995 2128 2075 2162 (Rae.
2094 2128 2144 2161 44,

1137 2192 1162 2210 c.
1187 2183 1244 2213 189,
1263 2182 1281 2208 f.
1301 2181 1333 2208 46
1349 2181 1396 2213 1-0.)

1184 2299 1351 2329 Venerabili
1370 2298 1465 2334 fratri
1487 2297 1536 2333 G.,
1558 2297 1690 2334 episcopo
1706 2294 1879 2329 Sabinensi‚
1896 2294 2054 2331 apostolice
2069 2293 2147 2322 sedis

1139 2354 1244 2392 leyato,
1263 2351 1393 2380 mandat
1405 2354 1561 2389 quatenus
1575 2348 1818 2387 inquisitionem
1834 2346 1929 2376 faciat
1942 2346 1980 2375 de
1994 2345 2145 2375 abusibus

1138 2405 1290 2439 Conradi,
1315 2404 1436 2434 abbatis
1458 2402 1643 2432 monasterii
1667 2401 1775 2431 Sancti
1798 2399 1917 2437 Angeli
1940 2400 1974 2428 10
2000 2398 2142 2433 Ρ313110,

1139 2459 1261 2489 ordinis
1270 2457 1377 2488 Sancti
1386 2456 1562 2491 Benedicti,
1572 2454 1782 2485 Guardiensis
1792 2453 1955 2489 dioecesis,
1969 2461 1987 2481 a
2000 2451 2145 2480 Malliaeo

1138 2512 1298 2542 Johannis
1314 2510 1388 2540 Albi
1409 2514 1440 2539 et
1457 2508 1624 2538 Francisco
1643 2507 1775 2541 Alierii,
1801 2504 1967 2535 monachis
1993 2502 2145 2542 praedicti

1139 2565 1339 2601 monasterii,
1357 2562 1572 2599 denuntiatis,
1592 2566 1622 2590 et
1640 2561 1666 2590 si
1682 2570 1756 2590 vera
1773 2560 1813 2589 sit
1831 2559 1908 2588 haec
1930 2557 2142 2592 denuntiatio,

1139 2619 1259 2649 dictum
1283 2617 1465 2647 Conradum
1488 2615 1562 2645 citet
1586 2619 1620 2644 ut
1648 2612 1857 2652 personaliter
1878 2610 2047 2650 apostolico
2069 2618 2145 2639 con-

1139 2672 1258 2711 spectui
1283 2680 1316 2700 se
1345 2673 1534 2709 praesentet.
1562 2684 1600 2689 —-
1623 2667 1733 2696 Dictus
1761 2666 1845 2694 enim
1871 2663 2059 2697 Conradus,
2091 2661 2145 2701 0111

1141 2731 1214 2756 10110
1232 2734 1288 2753 nec
1304 2724 1462 2762 professus
1483 2722 1585 2751 fuerat
1602 2720 1747 2750 ordinem
1770 2717 1949 2756 regularem
1966 2725 2025 2745 nec
2044 2720 2145 2745 vestes

1139 2779 1287 2809 induerat
1305 2774 1506 2806 monachales
1523 2783 1580 2803 nec
1596 2773 1690 2803 etiam
1706 2771 1816 2801 aetatis
1829 2779 1903 2799 suae
1919 2769 2145 2799 duodecimum

1140 2836 1284 2869 exegerat
1306 2838 1446 2863 annum,
1470 2827 1587 2865 quique
1608 2825 1766 2854 defectum
1793 2823 1947 2852 natalium
1967 2823 2084 2860 patitur
2108 2821 2146 2850 [le

1141 2884 1239 2915 nobili
1258 2883 1325 2912 viro
1343 2883 1450 2911 Raone
1466 2880 1504 2909 de
1520 2878 1741 2914 Trentanaria‚
1760 2877 1873 2913 soluto,
1891 2880 1920 2905 et
1936 2875 2073 2914 quadam
2091 2875 2146 2903 hu-

1137 2940 1189 2978 jus
1207 2937 1381 2976 pedisseca,
1408 2933 1524 2969 solnta,
1546 2935 1744 2970 procreatus,
1770 2938 1826 2960 nec
1843 2929 1959 2967 recepit
1973 2937 2067 2966 super
2083 2927 2142 2956 hoc

1141 2990 1432 3029 dispensationem,
1463 2986 1522 3016 snit
1545 2985 1622 3014 olim
1648 2994 1703 3024 per
1731 2984 1925 3023 pressionem
1956 2983 2051 3020 patris
2078 2982 2146 3019 ejus

1141 3046 1173 3074 in
1220 3042 1370 3082 praedicti
1401 3039 1586 3070 monasterii
1620 3037 1765 3067 abbatem
1803 3036 1932 3066 electus.
1980 3035 2148 3063 Praeterea
