2342 3652
929 408 1161 446 TROISIEME
1185 416 1342 445 ANNEE.
2129 418 2179 446 5221

89 487 218 518 diocesis.
236 485 317 514 Cum
336 492 388 514 eo.
406 484 459 521 qui
477 483 511 512 in
528 483 708 512 minoribus
726 483 894 512 ordinibus
907 484 1097 512 constitutus

90 537 240 577 capellam
262 536 297 564 in
314 535 474 570 Gozselde,
494 536 702 573 Maguntinae
720 536 883 572 dioecesis,
901 545 1009 565 curam
1026 535 1097 564 ani-

91 599 214 622 marum
231 589 411 622 habentem,
431 589 549 626 recepit
565 592 605 624 et,
621 588 725 617 studio
744 588 908 623 insistens,
927 589 1046 617 fructus
1061 597 1097 617 ex

93 653 142 680 ea,
160 643 289 680 triginta
311 642 505 671 florenorum
525 642 595 670 auri
615 641 754 670 valorem
776 641 871 670 annis
887 640 1023 678 singulis
1045 641 1097 669 vix

92 696 300 733 attingentes,
320 696 473 732 percepit,
494 694 657 731 dispensat
682 699 728 728 nt,
755 695 921 731 praedictis
944 694 1098 723 fructibus

90 751 155 791 jam
172 748 328 788 perceptis
346 748 379 777 in
399 748 565 777 utilitatem
588 747 731 785 ejusdem
756 748 894 786 capellae
917 748 1095 782 conversis,

93 803 175 834 hanc
189 802 326 831 retinere
340 800 454 836 valeat,
469 801 642 830 dummodo
654 801 737 829 inl'ra
748 810 870 830 annum
883 801 921 829 ad
936 802 1096 839 presbyte-

93 860 196 887 ratum
214 855 389 893 promoveri
408 864 439 883 se
457 854 559 883 saciat.

133 920 148 936 «
174 909 267 938 Lecto
288 916 393 937 coram
416 907 547 937 nobis...
565 923 603 928 —
620 907 690 935 Dat.
713 907 795 944 apud
814 908 1095 944 Urbemveterem‚

93 972 113 993 v
129 962 200 992 idus
217 961 421 999 septembris,
442 969 528 990 anno
545 961 642 989 tertio.
666 975 678 985 ιι

160 1154 410 1183 aava-32⁸2&

125 1216 251 1244 «Iacobus
272 1217 411 1244 ecclesiae
429 1216 564 1251 Signinac
587 1218 742 1251 episcopus
759 1218 929 1251 praeficitur.
948 1218 1030 1250 (Rae.
1049 1219 1096 1249 45,

93 1275 118 1294 c.
135 1267 193 1298 417,
211 1266 230 1292 f.
248 1266 280 1292 83
298 1268 343 1296 10.)

577 1153 703 1183 Orviom,
724 1154 754 1180 16
769 1155 930 1188 septembre
951 1155 1025 1181 1290.

129 1382 248 1418 Iacobo,
273 1379 359 1410 electo
383 1381 529 1418 Signino.
553 1381 693 1410 Vacante
725 1381 856 1410 ecclesia
879 1381 1014 1419 Signina
1046 1392 1098 1420 per

93 1433 328 1464 translationem
346 1434 446 1470 Petri,
466 1438 541 1463 tunc
556 1433 685 1471 Signini
704 1434 858 1473 episcopi,
877 1435 916 1463 ad
933 1435 1097 1464 ecclesiam

93 1487 313 1525 Anagninam‚
331 1487 505 1525 capitulum
528 1496 581 1525 per
601 1495 673 1516 suos
694 1488 988 1525 compromissarios
1003 1488 1097 1517 Jaco-

93 1540 178 1577 bum,
193 1540 321 1570 Petrum
333 1540 511 1576 Carsolum⁷
526 1540 722 1569 Matthaenm
738 1541 854 1570 Ursum
872 1543 901 1569 61
914 1541 1098 1570 Joliannem

93 1593 451 1630 deCresco‚canonic0s,
462 1593 599 1623 eundem
606 1594 760 1623 Jacobnni
774 1594 879 1631 elegit.
893 1595 981 1623 Hanc
992 1598 1098 1624 autem

94 1646 297 1683 electionem,
315 1651 381 1686 post
398 1647 668 1677 examinationem
686 1647 850 1677 electionis
866 1652 895 1676 et
911 1656 1063 1685 personae
1082 1657 1099 1676 a

93 1700 140 1736 L.,
160 1699 304 1739 episcopo
321 1699 473 1736 Ostiensi7
491 1700 533 1735 J„
553 1700 687 1730 Sanctae
706 1700 841 1730 Ceciliae
858 1701 1052 1739 presbytero,
1070 1706 1100 1730 et

92 1753 148 1790 M„
176 1753 310 1784 Sanctae
335 1754 455 1783 Mariae
486 1754 519 1783 in
547 1754 673 1784 Porticn
699 1754 834 1784 diacono
861 1754 1095 1790 cardinalibus,

92 1807 218 1844 factam,
239 1816 318 1846 papa
333 1807 512 1837 confirmat.

132 1872 144 1887 α
162 1861 249 1890 Licet
263 1861 432 1900 apostolice
448 1861 712 1892 sollicitudinis...
726 1879 763 1882 —
778 1862 847 1891 Dat.
867 1862 949 1900 apud
965 1862 1097 1892 Urbem-

92 1917 239 1951 veterem,
257 1924 308 1944 xvr
324 1914 477 1944 kalendas
495 1915 642 1950 octobris,
659 1923 744 1944 anno
762 1916 864 1945 tertio.
884 1928 896 1941 n

131 1968 178 1998 In.
197 1977 224 1999 e.
242 1976 284 1998 m.
303 1968 441 2007 capitulo
457 1968 607 1998 ecclesiae
624 1968 780 2006 Signinae
797 1969 927 1998 mandat
942 1974 1097 2007 quatenus

93 2020 246 2060 praedicto
261 2021 360 2050 electo
375 2021 512 2050 debitam
529 2021 744 2051 obedientiam
761 2022 917 2060 praebeat.

79 2070 82 2073 ’
130 2074 167 2103 111
183 2083 210 2104 e.
230 2083 274 2103 m.
293 2073 377 2104 clero
393 2074 531 2104 civitatis
547 2079 577 2104 et
591 2075 745 2104 dioecesis
761 2075 927 2113 Signinae.

80 2123 84 2126 ⁴
129 2127 166 2157 In
182 2136 209 2157 e.
228 2137 272 2157 m.
290 2127 407 2166 populo
422 2128 560 2157 civitatis
576 2133 606 2158 et
623 2129 775 2158 dioecesis
791 2129 955 2167 Signinae.

129 2180 165 2210 In
181 2189 209 2210 e.
227 2190 269 2210 m.
292 2181 451 2210 universis
467 2181 611 2210 vassallis
624 2181 776 2211 ecclesiae
794 2182 949 2220 Signinae
967 2183 1097 2212 mandat

90 2238 244 2273 quatenus
269 2234 375 2263 eidem
401 2233 499 2264 eleeto
525 2234 616 2264 solita
641 2234 801 2264 fidelitatis
820 2236 1040 2274 juramentum
1067 2241 1097 2265 et
1125 2231 1127 2233 ¹

91 2287 214 2317 servitia
229 2292 402 2327 praestent.

155 2472 272 2501 3228

124 2532 303 2568 Dispensatio
319 2543 407 2570 super
423 2535 536 2562 defectu
552 2537 665 2563 aetatis.
681 2536 763 2571 (Rae.
781 2537 823 2570 45,
840 2546 863 2563 6.
885 2538 945 2569 418,
961 2539 978 2564 f.
997 2538 1029 2565 83
1047 2540 1094 2572 ιω.)

567 2474 695 2508 Orvieto,
714 2475 742 2500 11
762 2476 926 2510 septembre
944 2476 1022 2503 1‘290.

129 2649 300 2679 Theoderico
313 2651 346 2679 de
358 2651 497 2687 Alchenoi,
511 2653 662 2689 preposito
678 2653 793 2682 ecclesie
806 2652 910 2682 Sancti
924 2653 1095 2683 Salvatorz's

82 2700 292 2739 *stajectensia
318 2702 398 2733 Cum
422 2712 458 2733 eo
479 2704 641 2743 dispensat
666 2709 700 2734 ut
721 2706 970 2744 praeposituram
995 2706 1093 2736 eccle-

90 2753 153 2784 siae
175 2755 282 2785 Sancti
306 2756 479 2786 Salvatoris
503 2757 756 2796 Trajectensem,
776 2767 886 2789 curam
909 2760 1093 2789 animarum

90 2806 267 2847 habentem,
283 2818 378 2848 quam
396 2810 481 2840 circa
497 2811 612 2849 viginti
625 2820 727 2841 annos
743 2816 836 2842 natus
848 2814 965 2852 recepit
978 2818 1007 2843 et
1024 2814 1094 2843 sine

90 2859 321 2900 dispensatione
337 2863 507 2902 apostolica
522 2864 676 2902 detinuit,
698 2865 783 2896 licite
799 2866 958 2905 possidere
976 2867 1092 2904 valeat,

90 2913 258 2945 dummodo
275 2920 395 2955 partem
413 2917 574 2947 fructuum
596 2918 663 2956 jam
681 2924 900 2958 perceptorum
919 2920 953 2949 in
975 2920 1092 2950 utilita-

91 2969 150 2997 tem
164 2969 306 3007 ejusdem
322 2970 561 3009 praepositurae
577 2976 752 3001 convertat.

128 3031 141 3047 «ι
164 3021 308 3060 Benigno
329 3022 385 3052 tibi
410 3026 522 3053 sunt...
546 3042 582 3046 —
603 3025 675 3055 Dat.
699 3025 782 3063 apud
810 3026 1092 3063 Urbemveterem,

89 3079 120 3101 111
135 3072 204 3103 idus
220 3075 423 3113 septembris,
439 3084 525 3106 anno
543 3076 647 3107 tertio.
665 3089 677 3104 η

224 3139 296 3167 Rau.
317 3140 440 3169 Nicoms
461 3141 516 3168 lv.

1249 482 1368 510 3229

1216 542 1399 578 DispensatIo
1415 552 1503 578 super
1520 545 1678 579 pluralitate
1697 546 1908 570 beneficiorum.
1923 545 1992 574 (Ru.
2024 546 2063 575 451,
2083 555 2105 570 ‹·.
2125 546 2183 576 419,

1179 591 1198 617 f.
1217 592 1249 618 83
1266 594 1316 625 vo.)

1664 483 1789 512 Orvleto,
1812 484 1839 508 151
1858 485 2018 516 septembre
2040 484 2112 509 latin.

1227 694 1369 723 Willelmo
1390 696 1529 731 Brunell,
1549 697 1697 732 preposito
1720 696 1836 724 ecclesie
1865 696 2029 729 trebiensis,
2049 684 2185 733 quocum

1178 746 1267 782 olim,
1285 747 1323 780 ad
1340 747 1603 785 supplicationem
1626 748 1755 777 Octonis
1771 748 1808 776 de
1824 748 2036 783 Grandisono‚
2055 748 2186 787 dispen-

1180 803 1282 828 satum
1296 805 1341 829 est
1353 803 1384 829 ut
1396 801 1645 839 praeposituram
1657 800 1833 829 VVellensis
1845 801 2006 837 ecclesiae7
2017 802 2086 830 sine
2098 810 2186 837 cura,

1180 852 1343 881 ecclesiam
1361 853 1398 881 de
1415 854 1600 882 Vesterliam
1617 853 1697 892 (sic),
1718 854 1874 882 Roffensis
1893 854 2058 889 dioecesis,
2077 863 2185 883 curam

1180 905 1450 944 liabeiit‹=m,quas
1467 907 1572 936 minor
1589 907 1702 943 viginti
1715 908 1857 945 quinque
1869 916 1970 936 annos
1986 912 2088 943 natus,
2100 916 2186 936 rece-

1179 959 1223 996 pit
1239 963 1268 987 et
1284 959 1430 993 insimul,
1447 960 1567 997 absque
1584 959 1753 996 apostolica
1770 959 2019 997 dispensatione,
2037 960 2186 996 detinuit,

1180 1020 1243 1040 una
1265 1020 1336 1040 611111
1362 1012 1602 1040 canonicatibus
1626 1017 1655 1040 et
1678 1012 1868 1049 praebendis
1888 1013 1920 1040 in
1941 1012 2186 1049 Lichefeldensi,

1180 1063 1418 1099 Saresbiriensi,
1437 1063 1646 1099 Landaveiisi,
1663 1065 1846 1094 Menevensi
1860 1070 1889 1093 et
1901 1065 2006 1094 Sancti
2021 1065 2184 1102 Adomari,

1181 1118 1374 1147 Morinensis
1388 1118 1552 1154 dioecesis⁷
1566 1118 1722 1154 ecclesiis,
1737 1119 1874 1147 retinere
1888 1122 2000 1156 posset,
2013 1128 2122 1147 rursus
2138 1119 2189 1147 in-

1179 1171 1286 1207 dulget
1295 1175 1338 1206 ut,
1347 1170 1479 1200 ecclesia
1487 1171 1524 1200 de
1536 1171 1738 1200 Westerham
1747 1171 1966 1210 (sic)dimissa‚
1975 1171 2141 1200 ecclesiam
2151 1171 2189 1200 de

1181 1224 1573 1260 00111011,51116511111611515
1585 1224 1747 1259 dioecesis,
1757 1233 1864 1254 curam
1878 1225 2057 1253 animarum
2070 1225 2188 1254 haben-

1181 1282 1255 1311 tem,
1273 1277 1416 1316 accipere
1433 1284 1462 1306 et
1479 1287 1551 1307 cum
1568 1278 1639 1307 aliis
1658 1278 1821 1307 beneficiis
1835 1278 1900 1307 suis
1918 1278 2055 1307 retinere
2075 1279 2186 1308 valeat.

1223 1343 1235 1356 α
1258 1331 1396 1368 Exigunt
1416 1336 1539 1360 tnarnrn
1558 1331 1752 1360 virtutum...
1770 1349 1807 1351 —
1825 1331 1896 1359 Dat.
1914 1331 1995 1369 apud
2016 1332 2189 1361 Urbemve—

1183 1389 1291 1418 terem,
1311 1393 1374 1413 xvu
1391 1384 1544 1413 kalendas
1561 1384 1709 1419 octobris,
1730 1392 1815 1413 anno
1836 1384 1934 1413 tertio.
1958 1397 1969 1408 υ

1253 1562 1505 1591 3280-3292
1670 1562 1796 1595 Orvieto‚
1815 1563 1846 1588 15
1861 1563 2023 1596 septembre
2042 1563 2117 1589 1290.

1220 1624 1428 1658 Indulgentiae.
1446 1623 1526 1656 (Rae,
1545 1624 1588 1654 45,
1605 1632 1630 1649 6.
1648 1623 1708 1654 4⁵20,
1726 1624 1743 1649 s.
1763 1624 1795 1650 83
1812 1626 1860 1654 ro.)

1225 1727 1378 1755 Universis
1395 1725 1508 1755 Christi
1530 1727 1667 1763 fidelibus
1688 1731 1836 1763 presentes
1860 1727 1976 1754 litteras
2000 1728 2187 1763 inspecturis.

1182 1778 1420 1816 Indulgentiam
1439 1779 1534 1808 unius
1550 1780 1627 1807 anni
1650 1783 1679 1807 et
1697 1788 1734 1807 xp
1754 1779 1879 1807 dierum
1901 1780 2045 1808 concedit
2067 1780 2111 1809 eis
2132 1781 2186 1818 qui

1182 1832 1345 1861 ecclesiam
1366 1832 1498 1861 Sanctae
1515 1831 1659 1869 Agathae
1677 1831 1893 1867 Brixiensem,
1911 1832 1945 1861 in
1963 1832 2100 1870 singulis
2116 1834 2189 1862 bea-

1183 1890 1230 1914 tae
1248 1885 1365 1914 Mariae
1388 1888 1417 1914 et
1437 1889 1563 1914 sanctae
1580 1885 1722 1922 Agathae
1747 1885 1972 1915 festivitatibus
1993 1891 2024 1915 et
2043 1896 2098 1925 per
2122 1891 2190 1917 octo

1182 1939 1249 1968 dies
1265 1942 1434 1977 sequentes
1452 1938 1663 1968 visitaverint.

1223 2004 1235 2018 α
1258 1992 1328 2021 Vite
1345 1991 1527 2030 perempnis
1545 1991 1684 2029 gloria...
1701 2007 1738 2015 -
1757 1993 1827 2021 Dat.
1849 1997 1880 2022 111
1896 2002 2002 2031 supra.
2020 2007 2031 2019 n

1221 2046 1259 2075 In
1277 2055 1304 2076 e.
1324 2055 1368 2076 m.
1385 2046 1517 2083 eisdem,
1532 2054 1587 2085 pro
1601 2045 1733 2075 ecclesia
1746 2046 1853 2076 Sancti
1866 2046 1993 2075 Nazarii
2014 2047 2187 2078 Brixiensi.

1222 2100 1259 2129 In
1281 2108 1308 2129 e.
1332 2108 1374 2128 m.
1398 2099 1534 2135 eisdem,
1560 2108 1614 2138 pro
1634 2099 1766 2129 ecclesia
1791 2100 1899 2129 Sancti
1927 2100 2089 2130 Laurentii
2119 2101 2187 2130 Bri-

1181 2161 1293 2182 Xiensr

1667 2225 1793 2258 Orvieto‚
1814 2226 1843 2252 17
1861 2227 2022 2260 septembre
2041 2226 2117 2252 1290.

1220 2288 1257 2317 111
1272 2298 1298 2317 6.
1319 2297 1361 2317 m.
1380 2288 1510 2319 eisdem,
1528 2297 1582 2326 pro
1596 2288 1730 2317 ecclesia
1744 2289 1928 2318 monasterii
1946 2288 2053 2318 Sancti
2069 2289 2187 2319 Johan-

1179 2341 1231 2370 nis
1247 2341 1407 2379 Baptistae
1427 2341 1607 2378 Bergensis,
1625 2341 1748 2370 ordinis
1764 2342 1798 2371 S.
1815 2342 2002 2379 Augustini.
2020 2343 2091 2371 Dat.
2105 2342 2187 2380 apud

1179 2394 1454 2428 Urbemveterem,
1474 2403 1513 2423 xv
1532 2393 1684 2423 kalendas
1703 2394 1854 2431 octobris,
1871 2403 1957 2424 anno
1978 2395 2077 2424 tertio.

1666 2480 1791 2509 orvieto,
1813 2481 1842 2507 18
1859 2481 2020 2515 septembre
2040 2481 2115 2508 1290.

1219 2544 1256 2572 In
1274 2552 1300 2572 e.
1322 2552 1364 2571 111.
1385 2542 1516 2578 eisdem,
1539 2552 1594 2580 pro
1615 2543 1746 2573 ecclesia
1770 2566 1788 2573 ,.
1814 2544 1936 2573 abbatis
1959 2548 1988 2573 et
2010 2548 2188 2573 conventus

1178 2597 1362 2626 monasterii
1386 2596 1494 2626 Sancti
1513 2597 1655 2626 Medardi
1678 2597 1938 2632 Suessionensis,
1962 2597 2001 2626 ad
2023 2605 2187 2626 romanam

1179 2649 1345 2679 ecclesiam
1362 2648 1450 2678 nullo
1467 2649 1573 2679 medio
1592 2650 1794 2688 pertinentis,
1812 2650 1937 2679 ordinis
1954 2649 1987 2678 S.
2006 2649 2186 2679 Benedicti.

1178 2702 1250 2731 Dat.
1267 2701 1350 2740 apud
1373 2701 1652 2737 Urbemveterem,
1674 2711 1738 2731 xnn
1758 2702 1910 2731 kalendas
1928 2702 2082 2738 octobris,
2101 2710 2188 2732 anno

1178 2755 1281 2786 tertio.

1216 2808 1254 2836 In
1274 2816 1300 2837 e.
1320 2816 1362 2836 m.
1382 2807 1513 2844 eisdem,
1534 2816 1589 2846 pro
1607 2807 1738 2838 ecclesia
1755 2807 1862 2837 Sancti
1877 2807 2022 2838 Gervasii
2040 2807 2187 2837 Suessio-

1177 2860 1282 2891 nensi.

1217 2914 1255 2943 In
1275 2924 1302 2943 e.
1325 2923 1367 2943 m.
1388 2914 1520 2950 eisdem,
1541 2922 1596 2953 pro
1613 2914 1745 2944 ecclesia
1766 2936 1785 2944 ..
1807 2914 1975 2952 priorissae
1999 2919 2028 2944 et
2046 2923 2188 2945 conven-

1177 2972 1227 2997 tus
1238 2967 1352 2997 domus
1370 2967 1428 2997 Dei
1445 2967 1558 2996 Beatae
1572 2968 1692 2997 Mariae
1705 2967 1744 2997 de
1762 2968 1922 3004 Vernoroe,
1940 2967 2062 2997 ordinis
2076 2968 2107 2998 S.
2125 2970 2187 2998 Au-

1176 3020 1311 3059 gustini,
1332 3020 1535 3050 Ebroicensis
1551 3020 1715 3051 dioecesis.
1738 3021 1807 3050 Dat.
1828 3025 1861 3051 ut
1878 3030 1983 3060 supra.

1216 3075 1254 3103 In
1273 3083 1300 3104 e.
1320 3083 1363 3103 m.
1382 3073 1518 3111 eisdem²
1538 3082 1594 3113 pro
1618 3073 1749 3104 ecclesia
1770 3097 1789 3103 ..
1807 3074 1984 3104 abbatissae
2001 3078 2031 3105 et
2045 3083 2187 3105 conven-

2011 3140 2044 3167 66
