2477 3637
230 372 287 403 204
979 363 1216 396 REGISTRES
1239 365 1293 395 DE
1314 364 1498 395 NICOLAS
1520 364 1575 394 IV.

229 439 364 479 pastoris
379 436 491 468 solatio
506 434 674 470 destituta,
695 432 802 462 dilecti
819 431 876 462 filii
898 431 1072 471 capitulum
1093 432 1236 471 eJnsdem

229 492 381 524 ecclesie.
414 499 468 529 pro
493 488 592 518 futuri
616 486 843 516 substitutione
859 486 1009 524 pastoris,
1029 489 1122 524 prout
1139 485 1236 516 moris

229 551 286 582 est,
305 544 530 575 convenientes
547 542 578 570 in
601 548 712 574 unuin,
731 538 884 568 dilectum
901 538 1004 568 filium
1022 538 1073 574 R„
1091 538 1234 568 abbatem

228 597 411 629 monasterii
429 595 536 625 Sancti
553 592 690 623 Victoris
707 591 928 628 Massiliensis,
941 591 1063 621 ordinis
1084 590 1116 621 S.
1135 592 1236 621 Bene-

227 652 314 684 dicti,
326 650 360 679 in
378 657 488 679 eorum
505 651 534 677 et
549 647 632 676 dicte
648 644 863 675 Massiliensis
872 644 1003 674 ecclesie
1012 645 1195 683 episcopum
1206 647 1235 674 et

227 709 382 744 pastorem
399 700 614 731 communiter
626 703 655 729 et
668 697 870 729 concorditer
885 697 1097 736 postularunt.
1113 697 1233 726 Verum

226 761 404 796 presentato
427 754 517 784 nobis
543 751 728 791 hujusmodi
753 750 978 790 postulationis
996 750 1139 787 decreto,
1158 750 1235 789 qnia

228 810 355 841 tandem
373 808 511 848 prefatus
522 807 620 836 abbas
637 804 839 844 postulationi
853 803 1038 843 hujusmodi
1053 803 1092 833 de
1107 813 1140 833 se
1153 803 1234 834 facte

226 862 398 902 requisitus
415 861 518 891 noluit
533 859 730 895 consentire,
751 866 808 888 nos
826 857 1042 897 provisionem
1065 857 1165 896 ipsius
1183 865 1233 887 ec-

227 917 320 947 clesie
349 925 384 945 ea
412 915 480 944 vice
512 913 680 952 apostolice
709 911 775 941 sedi
808 911 959 941 duximus
993 910 1231 940 reservandam.

227 969 389 1000 Deinde...
406 968 445 998 de
469 972 508 1003 te,
534 972 608 998 tunc
629 966 770 1005 ejusdem
787 964 996 995 Massiliensis
1013 963 1144 994 ecclesie
1162 972 1231 1003 pre-

227 1027 369 1058 centor-e.
395 1022 433 1051 de
456 1021 588 1050 fratrum
608 1023 789 1050 nostrorum
807 1017 958 1055 consilio,
975 1018 1079 1048 eidem
1101 1017 1233 1047 ecclesie

227 1076 378 1106 duximus
395 1074 642 1114 providendum,
663 1077 754 1111 teque
771 1072 832 1111 ipsi
849 1071 979 1101 ecclesie
996 1071 1029 1100 in
1049 1071 1232 1109 episcopum

226 1129 453 1169 prefecimus...
479 1137 515 1158 ac
537 1128 768 1166 subsequenter
788 1135 843 1164 per
864 1125 1078 1156 venerabilem
1103 1125 1232 1154 fratrem

226 1188 370 1213 nostrum
389 1183 438 1218 R,
455 1182 635 1220 episcopum
655 1181 877 1217 Portuensem,
894 1179 950 1209 tibi
965 1179 1099 1209 fecimus
1116 1187 1233 1208 munus

225 1235 472 1266 consecrationis
502 1233 685 1273 impendi...
718 1233 788 1262 Dat.
819 1232 919 1262 Rome
934 1256 940 1267 ‚
970 1232 1053 1270 apud
1084 1232 1232 1261 Sanctam

226 1289 362 1319 Mariam
386 1289 537 1326 Majorem
552 1310 559 1323 ,
578 1297 617 1316 xv
635 1285 788 1316 kalendas
805 1286 897 1321 maii,
914 1294 1001 1316 anno
1020 1285 1171 1315 secundo.
1191 1296 1204 1311 »

295 1455 382 1483 944
440 1478 445 1483 .
855 1451 940 1481 Rieti.
959 1451 992 1479 26
1009 1452 1065 1478 mai
1082 1451 1160 1478 1289.

260 1518 430 1545 Guillelmus
454 1517 488 1543 de
509 1516 685 1549 Grimovilla‚
707 1519 800 1542 rector
823 1515 962 1542 ecclcsiae
987 1514 1085 1542 Sancti
1106 1514 1233 1549 Remigii

224 1568 258 1594 de
274 1567 369 1602 Dypa,
389 1566 418 1593 S.
435 1566 582 1593 Francisci
598 1567 721 1600 ejusque
737 1565 846 1591 ordinis
862 1565 1033 1598 diffamator,
1051 1572 1147 1591 coram
1164 1563 1232 1591 sede

224 1617 380 1653 apostolica
396 1617 508 1644 citatur.
526 1615 608 1649 (Res.
627 1615 674 1646 44,
692 1623 718 1641 e.
737 1614 804 1648 220,
821 1614 840 1641 f.
866 1615 915 1642 156
931 1621 970 1646 r⁰;
990 1614 1055 1641 LAr.
1074 1623 1109 1641 nu
1124 1613 1212 1640 THEIL
1225 1635 1231 1646 ‚

224 1666 270 1699 11,
288 1667 404 1697 Ροττι].,
422 1665 530 1698 22969.)

268 1793 287 1799 ..
309 1770 406 1798 abbati
431 1768 610 1797 monasterii
627 1767 824 1802 Fiscanensis,
844 1767 884 1796 ad
899 1775 1063 1796 romanam
1079 1767 1230 1796 ecclesiam

227 1822 312 1852 nullo
331 1822 428 1850 medio
449 1821 648 1858 pertinentis,
676 1821 794 1849 ordinis
817 1819 848 1850 S.
874 1820 1048 1856 Benedicti,
1073 1821 1233 1850 Rotltoma-

225 1876 324 1913 qensts
353 1875 486 1904 diocesis.
518 1887 529 1900 α
557 1873 689 1903 Cunctis
719 1873 886 1903 reverendi
915 1877 990 1903 sunt
1018 1873 1131 1903 studiis
1156 1883 1235 1913 qnos

226 1929 344 1959 summi
368 1929 450 1966 regis
470 1927 653 1965 benignitas
676 1927 710 1956 in
734 1927 842 1965 regnis
864 1927 1034 1957 celestibus
1052 1927 1232 1966 collocavit,

225 1991 281 2021 per
297 1981 382 2020 quod
395 1980 529 2018 dignum
544 1985 575 2010 et
594 1989 772 2010 consonum
789 1980 907 2010 rationi
923 1981 989 2010 fore
1010 1981 1186 2012 dinoscitur
1202 1986 1237 2012 nt

225 2035 259 2065 in
276 2043 386 2065 eornm
405 2038 646 2073 prorumpentes
662 2033 800 2071 injurias
817 2043 895 2072 pena
909 2034 1015 2063 debita
1026 2035 1233 2073 castigentur.

226 2088 310 2118 Sane
340 2088 492 2116 mirantes
513 2086 697 2116 andivimus
716 2091 746 2115 et
767 2087 936 2115 referimus
957 2088 1130 2125 perturbati
1151 2091 1236 2128 qnod

226 2141 420 2172 Gnillelmns
437 2140 475 2169 de
499 2139 710 2175 Grimovilla‚
739 2144 840 2169 rector
864 2139 1015 2169 ecclesiae
1042 2141 1150 2172 Sancti
1171 2143 1235 2173 Re-

226 2195 317 2232 migii
336 2194 374 2223 de
394 2194 501 2232 Dypa,
522 2193 788 2230 Bothomagensis
805 2193 960 2229 diocesis,
980 2195 1105 2233 proprie
1123 2195 1235 2226 salutis

225 2247 341 2278 oblitus
376 2250 406 2277 et
443 2247 619 2276 honestatis
655 2246 827 2275 immemor
858 2245 1030 2283 clericalis,
1068 2248 1177 2278 divina
1207 2254 1237 2280 et

225 2301 395 2340 apostolice
410 2301 494 2330 sedis
512 2301 693 2330 reverentia
715 2308 843 2338 prorsus
859 2300 996 2338 abiecta,
1020 2301 1053 2330 in
1079 2301 1170 2332 illum
1189 2307 1234 2333 te-

227 2355 381 2385 meritatis
414 2362 528 2383 ausum
554 2353 604 2383 vel
630 2353 738 2383 verius
764 2353 881 2383 mentis
910 2353 1072 2384 insaniam
1101 2355 1235 2394 incidit,

226 2405 310 2444 quod
328 2404 466 2444 quadam
482 2404 545 2441 die,
563 2413 625 2442 que
644 2408 717 2433 tnnc
735 2403 769 2433 in
789 2403 864 2434 villa
882 2405 973 2443 Dype
988 2405 1187 2445 sollempnis,
1204 2413 1238 2439 ut

227 2459 354 2494 dicitnr,
369 2458 554 2494 habebatur,
567 2462 712 2496 presente
726 2457 759 2487 in
773 2457 905 2487 ecclesia
917 2459 984 2496 ipsa
996 2459 1141 2490 fidelium
1156 2462 1238 2492 mul-

229 2511 364 2542 titudiue
382 2511 519 2550 copiosa,
541 2510 749 2540 reverendam
767 2511 952 2549 ymaginem
974 2511 1055 2542 beati
1074 2513 1235 2546 Francisci

227 2565 448 2603 gloriosissimi
465 2564 668 2600 confessoris,
687 2564 720 2593 in
740 2565 871 2594 sinestra
891 2564 991 2594 vitrea
1008 2566 1113 2596 vicina
1130 2567 1235 2607 depic-

228 2623 303 2654 tam,
317 2623 403 2647 torvo
418 2616 505 2646 vnltu
521 2626 556 2647 ac
569 2617 766 2647 inreverenti
783 2616 881 2655 digito
897 2617 1157 2657 demonstrando,
1170 2629 1235 2651 non

227 2671 340 2700 metuit
356 2670 507 2700 adversus
521 2669 659 2700 eundem
679 2674 825 2700 sanctum
842 2670 874 2699 in
892 2671 987 2700 verba
1007 2673 1236 2704 contumeliosa

228 2727 257 2753 et
269 2723 473 2762 obprobriosa
483 2732 700 2762 prorumpere,
714 2722 844 2762 pollutis
853 2723 946 2754 labiis
963 2725 1059 2755 verba
1069 2727 1236 2765 sequentia

228 2776 277 2806 vel
293 2776 475 2806 consimilia
492 2776 616 2815 publice
634 2776 812 2815 proferens⁷
833 2777 1065 2808 videlicet:Iste
1081 2782 1233 2818 rusticus,

228 2831 299 2859 vitis
315 2835 340 2858 et
360 2831 537 2859 maledictus
559 2836 708 2860 mercator
725 2832 854 2870 cupidus
876 2833 996 2869 extitit,
1018 2838 1140 2862 sanctus
1155 2826 1235 2864 ‘hun-

229 2891 332 2920 quam.
352 2882 504 2921 Idemque
521 2888 634 2921 rector,
651 2893 669 2914 a
687 2885 812 2914 tramite
831 2885 1031 2915 rectitudinis
1046 2886 1192 2924 devians,
1206 2890 1237 2917 et

229 2943 247 2964 a
264 2935 376 2964 semita
393 2935 596 2966 exliorbitans
613 2937 757 2975 rationis,
771 2938 803 2967 in
815 2938 1067 2969 diffamationem
1082 2939 1236 2980 multipli-

229 2996 297 3017 cem
320 2986 441 3016 ordinis
463 2988 598 3018 fratrum
620 2990 794 3029 minorum,
824 2991 863 3021 ab
892 2991 1002 3021 eodem
1025 2996 1134 3023 sancto
1149 2992 1235 3023 salu-

230 3041 328 3071 briter
342 3040 492 3077 instituti,
509 3050 544 3071 ac
556 3043 747 3080 professores
763 3044 850 3074 illius
867 3044 1234 3085 linguam'maliloqnam

1319 431 1466 470 nequiter
1482 430 1651 468 relaxavit,
1669 430 1732 461 alia
1756 431 1990 462 nichilominus
2009 433 2118 471 gravia
2133 437 2164 463 et
2177 434 2325 465 enormia

1319 484 1548 514 committendo
1563 485 1597 514 in
1614 484 1768 514 offensam
1786 484 1855 521 Dei,
1874 493 1930 514 sue
1946 485 2058 516 salutis
2075 485 2282 526 dispendium
2293 492 2326 519 et

1319 536 1462 566 fidelium
1476 537 1662 567 scandalum
1675 537 1900 575 plurimorum.
1915 537 1997 568 Cum
2008 538 2115 578 itaque
2127 544 2190 570 tam
2204 541 2324 572 nefarie

1319 590 1569 629 presumptionis
1586 590 1747 620 audatiam
1767 590 1934 627 nolumus,
1963 592 2057 622 sicuti
2081 601 2139 623 nec
2155 593 2322 634 debemus,

1317 643 1566 674 conniventibus
1581 643 1683 674 oculis
1702 644 1910 683 pertransire
1925 653 1966 675 ne
1980 645 2094 676 ceteris
2109 654 2226 677 ausum
2240 655 2325 678 com-

1318 698 1467 729 mittendi
1486 698 1606 728 similia
1622 697 1880 735 subministiQent
1897 698 2083 729 discretioni
2099 703 2150 730 tue
2163 708 2218 739 per
2232 705 2347 740 apos-1⁴

1319 751 1411 782 toliea
1427 752 1554 791 scripta,
1572 752 1605 781 in
1623 751 1740 781 virtute
1755 751 1937 782 obedientie
1949 751 2091 783 districte
2105 753 2341 796 precipiendo„
2347 754 2365 768 “
2400 738 2406 764 l

1318 805 1509 835 mandamus
1525 809 1697 844 qnatenus,
1708 803 1833 834 sublato
1848 813 1936 834 more
1951 804 2132 843 dispendio,
2146 815 2242 845 super
2255 807 2323 846 preb
2373 810 2379 817 “

1316 858 1423 888 missis
1444 867 1499 897 per
1525 858 1703 896 fidedignas
1733 866 1883 896 personas
1909 859 2095 890 anctoritate
2118 863 2225 890 nostra
2247 858 2324 891 dili-

1316 918 1428 951 genter
1459 913 1621 952 inquiras,
1652 917 1682 942 et
1710 911 1736 941 si
1765 921 1801 942 ea
1825 911 1990 942 inveneris
2015 913 2147 943 veritate
2169 913 2321 953 subnixa,

1315 965 1473 1004 prefatum
1489 965 1700 996 Gnillelmnm
1716 974 1752 995 ex
1771 969 1859 1004 parte
1876 969 1984 995 nostra
1999 965 2212 1005 peremptorie
2229 964 2339 1003 citare

1316 1027 1476 1059 procures,
1497 1023 1531 1049 ut
1546 1019 1630 1049 infra
1645 1023 1877 1057 competentem
1895 1018 2069 1048 terminum
2082 1027 2100 1049 a
2118 1022 2147 1048 te
2165 1007 2337 1059 prefigen-'w

1317 1073 1394 1103 dnm
1417 1073 1521 1103 eidem
1549 1076 1730 1112 compareat
1758 1071 1969 1110 personaliter
1997 1080 2102 1101 coram
2133 1071 2241 1109 nobis,
2270 1079 2333 1111 pro,

1316 1127 1441 1157 meritis
1466 1131 1660 1166 recepturus.
1695 1127 1802 1156 Testes
1831 1130 1939 1156 autem
1966 1129 2023 1156 etc.
2047 1125 2141 1156 Diem
2158 1124 2232 1156 vero
2248 1125 2324 1156 cita-

1319 1180 1413 1210 tionis
1425 1184 1454 1210 et
1465 1180 1613 1216 formam,
1625 1185 1654 1210 et
1665 1179 1834 1219 quicquid
1828 1188 1860 1209 in
1873 1180 1932 1209 hac
1942 1183 2030 1218 parte
2041 1179 2164 1216 feceris,
2173 1179 2330 1220 nohisper:

1318 1239 1386 1264 tuas
1402 1233 1524 1264 litteras
1542 1233 1658 1264 harum
1680 1234 1796 1272 seriem
1817 1233 2016 1263 continentes
2036 1232 2164 1264 studeas
2182 1231 2276 1272 plene
2290 1241 2334 1267 an..

1316 1287 1454 1318 fideliter
1475 1287 1638 1318 intimare.
1665 1289 1736 1318 Dat.
1765 1288 1880 1323 Reate,
1898 1296 1940 1316 vn
1957 1286 2111 1317 kalendas
2124 1285 2221 1326 junii,
2241 1275 2330 1317 annov

1317 1341 1468 1372 secundo.
1488 1354 1502 1368 υ

1387 1496 1475 1525 945
1932 1493 2009 1520 Rieti
2021 1514 2028 1526 ,
2046 1493 2078 1520 13
2091 1493 2158 1528 J'uin
2176 1491 2254 1521 1289.

1352 1559 1486 1588 Facultas
1502 1558 1681 1586 absolvendi.
1699 1557 1782 1592 (Rea.
1800 1557 1848 1589 44,
1866 1565 1890 1583 c.
1907 1556 1975 1589 221,
1992 1556 2012 1583 f.
2027 1556 2076 1584 156
2093 1559 2139 1588 r⁰.)

1357 1649 1532 1687 Reginam,
1552 1648 1651 1678 abbati
1667 1647 1848 1677 monasterii
1867 1644 1973 1676 Sancti
1986 1645 2118 1674 Dionisii
2131 1645 2167 1674 in
2182 1645 2328 1684 Francia,-

1316 1705 1355 1734 ad
1370 1713 1533 1734 romanam
1550 1703 1704 1733 ecclesiam
1720 1700 1808 1730 nullo
1826 1699 1924 1728 medio
1941 1698 2139 1737 pertinentis,
2159 1698 2279 1728 ordinis
2293 1697 2327 1728 S.

1317 1917 1486 1949 monachis
1509 1917 1584 1954 tuis,
1602 1912 1973 1946 excommunicationum
1991 1910 2099 1949 ligatis
2115 1909 2305 1948 sententiiss
2324 1907 2328 1910 ”

1318 1972 1486 2003 sententiis
1497 1970 1576 2010 ipsis
1592 1968 1714 1999 absolvi
1730 1966 1925 1998 beneficium
1939 1964 2110 2004 impertiri,
2124 1964 2238 2004 possis,
2253 1966 2334 2012 cum:

1318 2037 1355 2058 ex
1377 2025 1558 2056 rationabili
1574 2031 1668 2054 causa
1686 2026 1715 2052 te
1725 2021 1834 2051 abesse
1850 2020 2026 2058 continget,
2039 2027 2134 2059 super
2142 2018 2204 2049 hoc
2212 2018 2297 2058 majo
2314 2016 2334 2039 '³

1317 2081 1415 2121 priori
1435 2077 1621 2109 monasterii
1639 2076 1686 2106 tui
1705 2074 1905 2105 committere
1923 2073 2007 2103 vices
2023 2075 2104 2103 tuas.
2121 2071 2192 2102 Dat.
2207 2070 2324 2110 Reate,

1317 2134 1423 2165 idibus
1436 2132 1542 2172 junii,
1559 2139 1645 2161 anno
1661 2128 1812 2160 secundo.
1830 2139 1845 2155 »

1389 2285 1477 2315 94ss
1940 2279 2032 2314 Rieti,
2051 2278 2083 2307 13
2096 2278 2160 2314 ¹juin
2178 2277 2255 2306 1289.

1354 2350 1399 2378 Ad
1415 2348 1664 2384 amplificationem
1676 2345 1816 2372 ecclesiae
1828 2343 2032 2379 Lugdunensis
2043 2342 2162 2369 fratrum
2172 2323 2314 2370 minoi-un

1318 2400 1401 2435 (Rea.
1419 2399 1469 2432 44,
1486 2406 1511 2425 c..
1529 2397 1597 2430 222,
1614 2396 1632 2422 f.
1652 2395 1701 2423 156
1717 2401 1763 2425 νος
1781 2393 1848 2421 Lm>
1865 2401 1901 2420 nu
1912 2392 2015 2424 Tneic,
2032 2390 2076 2425 ΙΙ,
2094 2390 2200 2419 Po'rm.
2215 2385 2328 2425 22979)

1361 2512 1381 2519 ..
1406 2489 1532 2518 sacriste
1555 2486 1673 2516 eoeleste
1693 2484 1902 2521 Luydunensis
1926 2481 2059 2512 mandat
2083 2483 2240 2519 quatenus
2259 2484 2326 2518 pre-
2371 2495 2374 2502 ·
2404 2469 2405 2488 ³

1319 2544 1398 2574 tium
1425 2551 1461 2572 ex
1483 2539 1668 2570 venditione
1698 2537 1759 2567 loci
1788 2536 1924 2566 fratrum
1953 2535 1992 2565 de
2019 2532 2222 2565 Poenitentia
2249 2531 2327 2563 ‚Iesu

1318 2595 1441 2628 Christi
1467 2593 1660 2634 proveniens
1693 2591 1727 2621 in
1762 2589 2003 2629 ampliationem
2028 2583 2335 2637 ecclesiaeordinis·⁸

1317 2651 1452 2680 fratrum
1471 2648 1636 2678 minorum
1654 2643 1882 2683 Lugdunensis
1898 2645 2073 2673 convertat.

1359 2716 1373 2731 α
1391 2703 1434 2733 Ex
1455 2705 1542 2742 parte
1556 2700 1787 2730 dilectorum...
1809 2713 1845 2720 —
1862 2696 1934 2726 Dat.
1952 2699 2105 2734 utsupra.
2125 2705 2139 2721 »

1388 2875 1474 2904 94¹2
1935 2867 2013 2895 Rieti
2023 2888 2032 2901 ,
2049 2865 2082 2894 13
2094 2865 2160 2901 juin
2176 2863 2254 2893 1289.

1353 2938 1561 2974 Indulgentiae.
1582 2937 1662 2969 (Rae.
1683 2936 1715 2963 44
1729 2958 1735 2967 ,
1753 2943 1777 2962 ο,
1795 2933 1875 2968 222²,
1892 2933 1912 2960 f.
1931 2932 1981 2960 156
1996 2932 2048 2965 νο.)

1360 3042 1513 3073 Universis
1538 3039 1652 3069 Christi
1667 3038 1805 3076 fidelibus
1821 3039 1971 3075 presentes
1991 3034 2107 3064 litteras
2130 3028 2325 3070 inspecturis.
2347 3046 2355 3061 ι
