2477 3637
250 401 289 431 70
1000 392 1236 423 REGISTRES
1258 393 1313 422 DE
1335 390 1518 422 NICOLAS
1542 390 1597 420 IV.

251 467 434 496 transmarini
450 465 646 492 immunitates
661 461 806 489 concessit
817 459 901 487 sedes
913 459 1080 493 apostolica,
1094 459 1257 485 nullatenus

251 514 565 549 defendantquominus
575 512 664 539 tallias
675 515 703 536 et
713 510 848 536 collectas
856 509 918 534 suis
927 507 1052 534 dominis
1061 507 1258 533 saecularibus

251 565 403 592 exhibeant
421 568 448 589 et
469 570 563 589 coram
580 562 622 586 eis
642 560 670 585 in
692 558 789 585 causis
813 557 923 591 litigent
940 563 1028 590 super
1043 555 1149 589 quibus
1165 556 1257 581 forum

251 614 411 640 sortiuntur
431 612 573 646 ipsorum,
593 607 733 643 usquead
753 610 869 640 tempus
884 612 941 638 quo
961 604 995 630 ab
1010 603 1110 629 eadem
1130 602 1198 629 sede
1215 603 1258 629 in-

251 662 359 689 dictum
381 660 465 687 suerit
482 657 613 693 generale
634 656 811 692 passagium.
829 654 911 688 (Rau.
928 654 975 683 44,
999 660 1024 679 c.
1042 652 1108 685 ς231,
1130 652 1149 677 s.
1167 651 1199 677 53
1214 656 1256 683 1⁸⁰3

251 710 318 738 LAP.
336 718 370 736 nu
386 709 489 741 Triste,
507 707 533 740 1,
550 707 605 738 97.)

296 831 518 861 venerabilibus
528 829 679 865 fratribus
689 826 922 864 archiepiscopis
932 830 957 854 e!
970 825 1112 861 episcopis
1125 832 1177 860 ρει·
1190 832 1259 860 req-

250 895 326 915 num
335 885 461 914 Francz'e
470 882 652 911 constitutis.
664 892 677 907 u
687 879 736 909 Ad
746 878 944 909 audientiam
959 877 1058 906 nostri
1067 875 1259 915 apostolatus

249 938 395 978 pervenit
405 936 488 975 quod
499 934 649 965 nonnulli
659 933 732 963 laici
741 937 920 962 vestrarum
932 931 1098 960 civitatum
1113 934 1143 959 et
1153 929 1258 958 dioce-

251 993 336 1023 sium
355 991 390 1021 in
412 989 592 1020 subsidium
616 988 712 1017 Terre
732 986 846 1016 Sancte
869 985 972 1015 crucis
988 984 1153 1021 signaculo
1178 982 1259 1011 insi-

250 1046 345 1084 gniti,
363 1053 442 1083 quos
458 1052 531 1073 cum
547 1041 670 1071 familia
683 1045 714 1070 et
729 1039 880 1070 omnibus
898 1038 990 1068 bonis
1005 1046 1066 1076 que
1081 1037 1115 1066 in
1133 1044 1261 1075 presen-

251 1095 611 1135 tiarum21·ationabiliter
623 1093 784 1133 possident
792 1091 964 1131 apostolica
972 1090 1063 1120 sedes
1074 1099 1129 1128 per
1142 1098 1215 1119 suas
1225 1089 1259 1117 in

251 1156 403 1184 consueta
417 1151 518 1180 [orma
533 1149 655 1179 litteras
672 1147 732 1177 sub
748 1146 831 1176 beati
849 1145 934 1175 Petri
950 1149 981 1173 et
996 1152 1052 1173 sua
1067 1143 1261 1182 protectione

251 1206 404 1244 suscepit,
423 1208 565 1234 statuens
581 1207 616 1231 ut
638 1205 805 1240 postquam
821 1199 856 1229 in
872 1198 975 1237 primo
992 1196 1134 1235 generali
1152 1204 1260 1234 passa-

250 1260 303 1298 gio
322 1259 361 1289 ab
377 1258 487 1288 eadem
504 1256 579 1286 sede
595 1253 761 1285 statuendo
780 1253 840 1283 iter
861 1251 1057 1290 arripuerint
1076 1248 1262 1278 transmari-

250 1322 342 1350 num,
358 1321 393 1341 ea
409 1311 519 1341 omnia
534 1310 659 1346 integra
676 1311 828 1337 maneant
843 1311 874 1336 et
888 1305 996 1344 quieta
1013 1305 1113 1334 donec
1128 1303 1166 1333 de
1182 1304 1261 1341 ipso-

250 1375 323 1396 rum
340 1365 445 1395 reditu
467 1363 517 1393 vel
539 1363 626 1393 obitu
645 1361 820 1392 certissime
842 1363 1066 1397 cognoscatur,
1084 1357 1179 1387 certis
1199 1356 1261 1386 sibi
1282 1394 1284 1397 Α

249 1417 530 1450 conservatoribus
547 1425 642 1455 super
658 1415 717 1444 hoc
735 1423 789 1453 per
805 1421 878 1442 suas
891 1411 1007 1441 similis
1023 1412 1125 1441 forme
1140 1410 1261 1439 litteras

249 1472 422 1512 deputatis,
443 1474 585 1510 pretextu
605 1468 764 1498 dictarum
785 1466 965 1496 litterarum
981 1469 1011 1494 et
1028 1465 1123 1494 etiam
1139 1464 1261 1492 immu—

250 1528 387 1557 nitatum
414 1523 644 1561 crucesignatis
669 1520 862 1560 generaliter
889 1520 923 1548 in
953 1518 1097 1557 generali
1124 1516 1262 1547 concilio

251 1586 493 1613 concessarum,
519 1576 553 1605 in
579 1583 641 1614 quo
669 1573 770 1603 felicis
795 1571 1025 1602 recordationis
1051 1568 1261 1599 Innocentius

251 1641 330 1673 papa
346 1632 413 1667 111,
431 1630 635 1669 predecessor
650 1631 774 1663 noster,
791 1635 847 1666 pro
865 1634 901 1655 eo
919 1624 1003 1664 quod
1023 1628 1147 1662 tempus
1164 1631 1262 1661 gene-

251 1686 329 1716 ralis
339 1685 476 1724 passagii
488 1684 527 1713 ad
539 1680 805 1721 proficiscendum
820 1680 853 1709 in
869 1679 950 1709 dicte
959 1678 1055 1707 Terre
1066 1676 1180 1706 Sancte
1189 1676 1262 1705 sub-

251 1740 384 1775 sidium,
404 1743 478 1768 tunc
495 1747 513 1767 a
532 1737 650 1775 prefata
668 1735 741 1765 sede
758 1734 876 1770 statuti,
895 1741 997 1762 unum
1007 1740 1130 1761 aunum
1146 1730 1179 1759 in
1192 1738 1260 1760 mo-

252 1794 322 1824 dico
342 1792 527 1828 excedebat,
547 1790 647 1820 voluit
671 1794 705 1819 ut
729 1787 957 1825 crucesignati,
980 1786 1036 1824 qui
1057 1784 1262 1815 transfretare

252 1848 287 1878 in
304 1847 373 1886 ipso
388 1845 533 1884 passagio
553 1843 727 1878 debebant,
745 1851 763 1871 a
783 1840 921 1871 collectis
939 1839 988 1869 vel
1010 1838 1107 1868 talliis
1128 1837 1262 1876 aliisque

253 1899 496 1939 gravaminibus
510 1901 616 1927 essent
630 1897 805 1931 immunes,
820 1902 957 1933 qnorum
974 1900 1124 1931 personas
1139 1896 1168 1921 et
1179 1891 1263 1920 bona

253 1959 322 1994 post
347 1962 472 1984 crucem
499 1954 695 1989 assumptam
721 1949 779 1979 sub
803 1947 942 1988 predicte
965 1946 1048 1976 sedis
1070 1945 1262 1984 protectione

253 2008 446 2046 suscipiens,
464 2005 574 2035 statuit
591 2008 625 2033 ut
640 2003 698 2033 snb
718 2001 1031 2040 archiepiscoporum
1050 2003 1080 2029 et
1102 1998 1261 2037 episcopo-

253 2072 324 2092 rum
339 2071 374 2091 ac
388 2060 535 2091 omnium
550 2058 744 2097 prelatorum
763 2055 895 2086 ecclesie
910 2054 970 2084 Dei
987 2053 1173 2083 defensione
1189 2060 1262 2082 con-

254 2116 414 2151 sisterent,
431 2113 568 2152 propriis
582 2111 813 2141 nichilominus
830 2107 1055 2147 protectoribus
1068 2106 1107 2136 ad
1123 2106 1182 2135 hoc
1191 2114 1262 2144 spe-

253 2160 377 2198 cialiter
400 2166 575 2205 deputatis,
602 2165 643 2194 ita
671 2168 705 2193 ut
734 2163 835 2193 donec
861 2162 899 2191 de
926 2161 1068 2200 ipsorum
1095 2158 1182 2189 obitu
1212 2157 1261 2188 vel

253 2222 355 2252 reditu
371 2221 546 2251 certissime
563 2221 820 2256 cognosceretur,
839 2216 963 2253 integra
980 2218 1010 2243 et
1024 2213 1133 2252 quieta
1149 2221 1261 2242 mane-

254 2280 324 2305 rent
339 2283 357 2303 a
373 2273 469 2303 talliis
485 2277 514 2302 et
532 2272 673 2302 collectis
689 2270 805 2300 debitis
827 2268 1024 2299 secularibus
1046 2266 1188 2297 dominis
1208 2274 1261 2295 eo-

255 2328 401 2357 rumdem
422 2331 453 2356 et
474 2326 545 2363 aliis
568 2335 628 2364 qne
650 2324 688 2354 ad
713 2323 972 2362 jurisdictionem
996 2321 1137 2360 ipsorum
1163 2319 1260 2358 perti-

255 2386 349 2417 nent,
384 2385 544 2419 exemptos
581 2380 712 2409 existere
748 2386 780 2407 se
817 2375 1033 2411 contendunt,
1066 2374 1261 2411 denegantes

255 2436 375 2466 eisdem
397 2434 536 2465 dominis
553 2431 738 2471 hujusmodi
761 2430 862 2460 tallias
880 2434 910 2459 et
928 2428 1071 2458 collectas
1091 2431 1124 2457 ut
1147 2430 1259 2456 tenen-

255 2495 306 2520 tur
326 2489 463 2524 solvere,
481 2496 516 2517 ac
533 2486 614 2516 alias
632 2494 738 2515 coram
761 2484 806 2514 eis
831 2487 984 2521 tanquam
1006 2481 1072 2511 suis
1092 2480 1262 2510 ordinariis

255 2544 289 2573 in
310 2543 414 2573 causis
437 2550 498 2580 que
528 2540 566 2569 ad
597 2540 702 2569 forum
729 2537 905 2567 secularem
934 2536 1094 2574 pertinent
1120 2533 1259 2571 litigare,

255 2605 373 2635 vosque
389 2593 619 2632 crucesignatis
637 2592 714 2631 ipsis
736 2592 768 2621 in
794 2591 852 2621 hoc
871 2590 1010 2620 favorem
1031 2597 1087 2627 pro
1103 2592 1207 2617 vestro
1222 2586 1263 2616 li-

256 2651 321 2680 bito
333 2649 499 2679 exhibetis.
512 2647 578 2677 Nos
595 2647 705 2684 igitur,
723 2643 922 2674 attendentes
937 2642 1020 2680 quod
1037 2651 1072 2671 ex
1084 2645 1193 2670 tenore
1208 2639 1262 2669 lit·

256 2710 395 2735 terarum
420 2712 474 2732 seu
491 2700 749 2738 [immunitatum
773 2696 958 2736 hujusmodi
986 2704 1049 2725 non
1075 2695 1210 2725 habetur
1231 2697 1264 2723 ut

255 2758 331 2788 dieti
347 2756 558 2793 crucesignati
579 2754 641 2783 hiis
657 2762 719 2792 que
737 2761 790 2791 per
806 2751 933 2781 easdem
956 2750 1077 2779 litteras
1094 2753 1123 2778 et
1142 2748 1263 2777 immu—

258 2812 371 2841 nitates
384 2809 416 2838 in
431 2809 570 2838 favorem
584 2805 782 2836 executionis
796 2805 859 2834 voti
872 2803 975 2833 crucis
988 2804 1150 2840 assumpte
1162 2799 1264 2830 taliter

258 2872 405 2895 concessa
421 2863 486 2891 sore
506 2865 678 2891 noscantur
693 2863 863 2897 antequam
881 2858 915 2887 in
931 2855 1073 2895 generali
1090 2855 1233 2894 passagio
1246 2862 1264 2882 a

258 2917 396 2958 predicta
414 2915 486 2944 sede
511 2913 676 2943 statuendo
693 2913 752 2942 iter
775 2911 970 2950 arripuerint
993 2909 1261 2943 transmarinum,

257 2971 306 3000 vel
323 2968 509 3007 hujusmodi
530 2967 708 3005 passagium
727 2966 912 3001 immineat,
932 2964 977 2993 uti
1001 2962 1138 3002 possint,
1158 2964 1188 2991 et
1209 2968 1264 2999 per

244 3024 316 3061 >hor
334 3031 427 3061 snper
445 3020 617 3059 premissis,
636 3020 669 3048 in
686 3019 801 3057 quibus
818 3017 1003 3057 hujusmodi
1019 3015 1184 3046 occasione
1202 3013 1262 3042 im-

258 3077 467 3111 munitatum,
483 3074 563 3104 sicut
578 3073 754 3111 predictum
768 3076 826 3108 est,
843 3074 990 3101 asserunt
1005 3078 1037 3098 se
1054 3068 1182 3104 habere,
1199 3073 1263 3095 non

1339 462 1414 488 sunt
1426 457 1629 496 aliquatenus
1644 454 1846 491 confovendi,
1864 454 2064 484 universitati
2076 458 2178 484 vestre
2190 462 2244 493 per
2254 462 2345 492 apos-

1341 511 1434 541 tolica
1447 511 1560 549 scripta
1574 509 1765 539 mandamus
1783 512 1941 546 quatenns
1960 508 2097 546 prefatos
2110 507 2347 544 crucesignatos

1339 563 1524 594 earumdem
1538 563 1701 593 civitatum
1714 566 1743 591 et
1755 561 1943 599 diocesfflm,
1955 561 2120 591 occasione
2133 560 2345 600 predictorum

1341 617 1387 647 eis
1408 626 1425 647 a
1446 617 1529 646 dicta
1547 616 1620 646 sede
1647 624 1701 655 per
1723 614 1850 645 easdem
1870 614 1992 644 litteras
2008 619 2038 644 et
2055 614 2291 650 immunitates,
2311 618 2347 644 ut

1340 671 1552 709 premittitur,
1577 677 1815 705 concessorum,
1839 668 2013 707 quominus
2039 668 2166 698 easdem
2191 666 2293 697 tallias
2317 669 2348 697 et

1339 723 1496 760 collectas,
1513 724 1552 754 ab
1570 723 1690 753 eisdem
1708 722 1800 752 dictis
1816 721 1956 752 dominis
1970 722 2035 751 suis
2054 721 2186 758 debitas,
2201 720 2281 760 ipsis
2296 730 2346 751 ex-

1340 776 1487 812 hibeant,
1509 782 1540 807 et
1563 785 1670 807 coram
1695 776 1740 805 eis
1764 775 1797 804 in
1824 775 1930 805 causis
1947 774 2090 812 litigent,
2113 784 2208 813 super
2230 774 2347 813 quibus

1341 830 1445 860 forum
1458 831 1634 861 sortiuntur
1647 831 1801 869 ipsorum,
1815 838 1916 868 usque
1925 828 1964 858 ad
1977 833 2101 868 tempus
2111 837 2174 867 quo
2185 828 2224 858 ab
2237 828 2348 858 eadem

1341 884 1414 913 sede
1428 884 1586 914 indictum
1603 884 1698 914 [uerit
1715 882 1865 921 generale
1881 882 2074 921 passagium,
2093 881 2278 912 nullatenus
2293 881 2347 912 de-

1341 936 1488 967 fendatis.
1508 937 1581 967 Nou
1604 937 1748 968 obstante
1765 935 1923 966 contraria
1945 935 2178 965 consuetudine
2204 938 2348 973 pretextu

1343 990 1454 1020 talium
1478 991 1720 1021 immunitatum
1743 999 1797 1020 seu
1815 989 1927 1029 prefati
1943 988 2073 1019 concilii
2090 993 2253 1027 usurpata.
2273 988 2346 1018 Dat.

1343 1044 1449 1079 Reate,
1468 1054 1487 1074 v
1503 1044 1656 1075 kalendas
1671 1045 1817 1080 octobris,
1836 1052 1921 1073 anno
1939 1043 2055 1082 primo.
2077 1055 2089 1069 n

1413 1237 1495 1265 381
1928 1236 2020 1270 Rieti,
2035 1236 2050 1263 ὃ
2069 1236 2185 1263 octobre
2201 1236 2278 1264 1288.

1378 1299 1496 1326 Collatio
1514 1300 1654 1327 beneficii.
1671 1300 1753 1333 (Rau.
1772 1300 1819 1332 44,
1836 1309 1861 1327 c.
1880 1300 1946 1334 ⁶232,
1964 1300 1982 1326 s.
2001 1300 2033 1327 53
2050 1305 2098 1333 v⁰;
2112 1299 2180 1327 Lu.
2197 1308 2232 1327 nu
2246 1299 2348 1334 Tuan„

1343 1348 1371 1383 Ι,
1389 1349 1444 1382 99.)

1385 1488 1405 1495 ..
1428 1467 1577 1503 preposito
1600 1466 1787 1495 Normannie
1818 1466 1849 1494 in
1870 1465 1990 1493 ecclesia
2015 1464 2195 1493 Carnotensi
2221 1464 2352 1494 mandat

1343 1522 1501 1557 quatenus
1522 1518 1674 1556 magistro
1696 1517 1868 1548 Guillelmo
1892 1517 1930 1546 de
1955 1517 2142 1553 Novavilla,
2169 1518 2281 1547 rectori
2299 1526 2350 1547 ec-

1343 1571 1456 1601 clesiae
1469 1571 1507 1600 de
1526 1571 1756 1610 Squaquelont,
1771 1570 2041 1608 Rothomagensis
2056 1570 2224 1606 dioecesis,
2243 1569 2350 1609 provi-

1342 1625 1414 1654 deat
1429 1625 1468 1655 de
1482 1624 1589 1664 aliqua
1606 1629 1757 1663 perpetua
1772 1623 1961 1663 capellania,
1976 1623 2047 1653 siue
2063 1632 2150 1661 cura,
2166 1623 2272 1653 Cornu
2290 1622 2349 1652 Al-

1343 1679 1417 1708 taris
1444 1679 1618 1717 vulgariter
1643 1682 1844 1717 nuncupata,
1869 1678 1895 1707 si
1923 1686 1985 1716 qua
2008 1677 2047 1706 ad
2072 1676 2277 1707 collationem
2301 1676 2351 1706 vel

1344 1732 1631 1771 praesentationem
1652 1754 1674 1761 ..
1703 1731 1880 1761 abbatissae
1903 1735 1932 1760 et
1959 1735 2136 1760 conventus
2162 1729 2352 1760 monasterii

1344 1785 1478 1815 Sanctae
1494 1784 1662 1814 Trinitatis
1678 1784 1717 1814 de
1733 1784 1888 1820 Cadomo,
1905 1783 2029 1814 ordinis
2046 1783 2149 1813 sancti
2167 1783 2350 1820 Benedicti,
2390 1772 2396 1797 ἶ

1345 1838 1528 1877 BaJOcensis
1546 1838 1710 1875 dioecesis,
1727 1837 1945 1868 communiter
1962 1837 2010 1866 vel
2026 1836 2157 1867 divisim
2175 1836 2350 1875 pertinens,

1344 1892 1378 1921 in
1395 1892 1587 1922 monasterio
1600 1891 1669 1930 ipso
1684 1895 1772 1921 vacet
1788 1891 1828 1921 ad
1843 1899 2006 1930 praeseus,
2024 1890 2074 1920 vel
2089 1890 2252 1929 quamcito
2265 1889 2301 1919 ad
2319 1889 2351 1919 id

1344 1945 1494 1976 obtulerit
1509 1954 1542 1975 se
1558 1944 1702 1975 facultas.

1389 2012 1401 2025 α
1423 1998 1500 2029 Illos
1521 1999 1658 2029 libenter
1675 1998 1818 2028 favore...
1839 2015 1877 2020 —-
1894 1998 1965 2028 Dat.
1990 1998 2106 2035 Reate,
2128 2003 2166 2027 11⁰
2181 2005 2282 2028 nonas
2299 2005 2352 2028 oc-

1346 2053 1453 2090 tobriS,
1471 2061 1556 2082 anno
1572 2053 1688 2091 primo.
1710 2064 1723 2079 ι»

1414 2248 1501 2276 382
1924 2246 2015 2276 Rieti.
2035 2246 2049 2273 3
2068 2246 2185 2273 octobre
2203 2245 2280 2273 1288.

1379 2309 1512 2337 Facultas
1542 2309 1662 2336 faciendi
1692 2309 1780 2344 recipi
1815 2317 1900 2335 unam
1930 2317 2083 2344 personam
2112 2309 2141 2335 in
2170 2308 2351 2335 canonicum.

1344 2360 1427 2393 (Rae.
1444 2359 1487 2392 44,
1503 2367 1529 2385 c.
1546 2358 1607 2389 233,
1625 2359 1644 2385 f.
1662 2358 1694 2384 53
1711 2364 1756 2389 v⁰,
1774 2358 1841 2385 Lim.
1858 2367 1893 2385 nu
1908 2357 2012 2391 Tuam,
2027 2357 2050 2389 I,
2067 2358 2140 2390 167.)

1390 2475 1557 2504 Venerabili
1578 2475 1673 2511 fratri
1705 2474 1886 2510 Baccharslo,
1917 2473 2138 2512 archiepiscopo
2166 2474 2351 2510 Turonensi,

1345 2528 1527 2559 facultatem
1558 2527 1703 2558 concedit
1732 2527 1872 2557 faciendi
1903 2528 2002 2566 recipi
2035 2536 2132 2558 unam
2165 2535 2351 2566 personam,

1344 2581 1470 2612 etiamsi
1491 2580 1569 2610 alias
1592 2580 1779 2610 beneficiata
1800 2580 1927 2617 existat,
1951 2580 2126 2611 dummodo
2152 2589 2262 2610 curam
2288 2589 2352 2611 non

1344 2635 1458 2665 habeat
1471 2634 1666 2669 animarum,
1684 2633 1717 2662 in
1732 2633 1866 2663 ecclesia
1881 2634 2075 2671 Turonensi,
2091 2634 2126 2663 in
2143 2642 2206 2672 qua
2221 2633 2352 2664 canoni-

1344 2697 1453 2719 corum
1480 2687 1616 2725 receptio
1641 2686 1680 2716 ad
1709 2696 1782 2716 enm
1809 2691 1839 2717 et
1869 2686 2046 2726 capitulum
2073 2687 2174 2726 ipsius
2203 2686 2354 2717 ecclesiae

1344 2742 1572 2782 communiter,
1591 2745 1621 2771 et
1635 2741 1892 2779 praebendarum
1906 2741 2032 2771 collatio
2045 2740 2085 2771 ad
2100 2749 2174 2771 eum
2191 2740 2354 2771 dumtaxat

1345 2795 1498 2836 pertinet,
1520 2794 1659 2833 priorum
1676 2795 1777 2833 ipsius
1793 2794 1947 2825 ecclesiae
1966 2794 2119 2833 requisito
2131 2802 2301 2831 consensu,
2318 2793 2353 2823 in

1345 2849 1536 2880 canonicum
1552 2852 1582 2878 et
1598 2848 1631 2877 in
1648 2848 1779 2878 fratrem
1794 2858 1830 2879 ac
1846 2848 2034 2887 providendi
2050 2849 2079 2878 ei
2099 2848 2139 2878 de
2155 2847 2351 2888 praebenda,

1344 2903 1371 2933 si
1387 2911 1449 2941 qua
1464 2902 1498 2931 in
1515 2901 1648 2932 ecclesia
1665 2902 1735 2940 ipsa
1751 2906 1840 2932 vacet
1857 2902 1896 2932 ad
1918 2910 2083 2941 praesens,
2100 2901 2151 2932 vel
2168 2910 2265 2940 quam
2289 2901 2352 2940 pri-

1344 2965 1436 2986 mum
1450 2955 1490 2985 ad
1506 2955 1539 2985 id
1553 2955 1705 2986 obtulerit
1721 2965 1755 2986 se
1769 2956 1914 2987 facultas.

1386 3021 1400 3036 α
1423 3009 1524 3038 Tuam
1556 3008 1696 3039 volentes
1720 3010 1913 3040 honorare...
1941 3024 1982 3032 -
1997 3009 2067 3039 Dat.
2089 3009 2198 3046 Reate,
2218 3018 2237 3038 v
2253 3016 2353 3039 nonas

1344 3063 1499 3099 octobris,
1523 3071 1609 3092 anno
1628 3063 1741 3101 primo.
1770 3077 1781 3089 »
