2342 3652
909 371 1135 411 DenmeE
1156 373 1310 410 ANNEE.
2093 385 2148 415 315

68 456 179 478 norum
204 448 238 476 de
259 447 411 476 Placentia
432 445 595 475 licentiam
615 445 759 475 concedit
779 446 940 475 vendendi
965 446 1070 476 locum

70 509 162 540 quem
178 499 359 529 Placentiae
375 498 494 528 habent
508 500 538 527 et
553 497 691 536 pretium
708 498 740 527 in
753 498 935 528 aedificium
952 507 1071 528 novum

69 551 284 584 convertendi.

109 615 124 634 c
141 605 187 634 Ex
204 608 291 642 parte
306 607 449 633 vestra...
466 619 503 624 —
518 604 586 632 Dat.
605 603 716 637 Rome,
735 603 818 640 apud
837 603 987 632 Sanctam
1004 604 1071 632 Ma-

69 658 147 689 riam
164 657 335 695 Majorem,
353 656 460 685 idibus
477 656 678 691 novembris,
696 664 781 685 anno
797 656 946 686 secundo.
968 668 980 682 n

104 841 350 871 1659-1660
382 840 740 874 Sainte-Marie-Majeure,
757 840 771 866 2
788 840 940 866 novembre
959 841 1035 867 1289.

103 906 287 941 Dispensatio
305 905 486 931 matrimonii.
513 905 594 937 (Rae.
612 905 656 937 44,
674 913 699 931 0.
717 904 778 935 608,
799 904 818 930 f.
831 905 879 931 251
898 907 942 935 ro.)

113 1008 279 1038 Venerabili
295 1009 391 1044 fratri
416 1029 435 1036 ..
457 1008 588 1044 episcopo
609 1007 752 1036 leeatlno
774 1007 944 1036 committit
961 1011 1071 1044 quate-

69 1069 130 1091 nus
145 1069 218 1091 cum
236 1060 359 1090 Thoma
373 1060 412 1089 de
428 1059 627 1090 Grandinato
651 1064 680 1089 et
696 1059 826 1089 Gisolda
839 1082 848 1095 ,
867 1063 939 1088 nata
955 1059 1072 1089 Januis

69 1114 108 1146 de
120 1114 298 1145 Chiaronco
312 1113 396 1153 (sic),
423 1113 559 1149 militis,
583 1113 744 1151 dispenset
761 1117 794 1142 ut
812 1113 846 1142 in
868 1113 1073 1142 matrimonio

69 1167 170 1207 quod,
189 1167 373 1205 ignorantes
396 1175 428 1195 se
449 1170 560 1204 quarto
578 1166 864 1203 consanguinitatis
881 1165 978 1203 gradu
996 1155 1072 1195 con-

65 1221 190 1260 J'unctos
206 1228 286 1256 esse,
304 1223 533 1249 contraxerunt
549 1228 715 1248 remanere
734 1219 873 1248 valeant.

109 1286 122 1299 ‹-
149 1272 297 1311 Exposita
319 1272 412 1302 nobis
430 1281 504 1305 ex...
526 1288 558 1293 —-
587 1272 660 1302 Dat.
678 1272 799 1306 Rome,
819 1272 903 1310 apud
925 1272 1073 1302 Sanctam

67 1325 202 1356 Mariam
220 1325 388 1364 Majorem,
407 1335 453 1354 1111
468 1333 568 1355 nonas
581 1325 775 1361 novembris,
790 1334 875 1355 anno
891 1325 1041 1355 secundo.
1059 1337 1071 1352 n

106 1379 146 1410 In
168 1389 194 1409 e.
217 1389 260 1408 m.
282 1379 385 1409 eidem
408 1379 573 1418 episcopo,
597 1388 652 1418 pro
671 1379 798 1409 Gentile
821 1379 858 1408 de
877 1379 1075 1409 Grandinato

69 1436 100 1464 et
115 1432 244 1471 Sophya
257 1454 266 1468 ,
283 1435 358 1461 nata
375 1431 491 1462 Jannis
509 1431 548 1461 de
564 1431 719 1462 Claranco
736 1431 813 1470 (sic).

141 1618 251 1647 1661

102 1679 287 1715 Dispensatio
304 1687 392 1715 super
407 1680 520 1706 defectu
537 1681 623 1706 oculi.
643 1680 722 1712 (Rea.
740 1680 782 1711 44,
801 1688 825 1706 c.
842 1680 902 1710 609,
921 1680 939 1706 f.
957 1680 1005 1706 251
1024 1681 1073 1712 ro.)

331 1617 686 1652 Sainte-Marie-Majeure,
709 1617 738 1644 13
754 1618 908 1644 novembre
929 1618 1002 1644 1289.

111 1783 285 1812 Theoderico
306 1783 339 1811 de
355 1783 456 1818 Rome,
474 1782 578 1811 clerico
595 1782 763 1811 Leodiensz's
781 1783 914 1812 diocesis.
931 1782 1012 1812 Cum
1038 1792 1073 1813 eo

72 1834 232 1874 dispensat
241 1838 286 1871 ut,
299 1843 363 1864 non
375 1835 519 1864 obstante
529 1834 651 1864 defectu
662 1835 757 1871 oculi,
768 1836 801 1864 in
811 1836 1073 1866 subdiaconatum

69 1889 247 1928 promoveri
268 1892 299 1918 et
320 1888 569 1918 ecclesiasticum
587 1889 781 1918 beneficium
803 1890 946 1921 obtinere
964 1891 1070 1929 possit.

108 1941 188 1972 Cum
215 1941 394 1980 praedictus
412 1942 626 1972 Theodericus
641 1965 648 1978 ‚
667 1947 740 1973 tunc
758 1943 866 1973 minus
883 1952 997 1973 novem
1016 1953 1074 1973 an-

70 2003 128 2026 nos
142 1999 248 2033 natus,
263 1996 325 2026 duo
342 1995 479 2026 scolares
492 1996 531 2025 ad
547 1996 669 2026 trochos
682 1997 765 2026 infra
777 1997 949 2027 claustrum
967 1998 1074 2027 Sancti

69 2048 163 2079 Pauli
178 2048 365 2078 Leodiensis
381 2048 527 2079 ludentes
543 2049 735 2088 adspiceret,
759 2062 771 2076 ‹
784 2050 916 2088 qnidam
929 2050 1072 2086 baculus,

25 2103 27 2105 ’
70 2101 108 2132 ab
132 2101 230 2131 altero
261 2102 419 2131 dictorum
449 2101 621 2132 scolarium
653 2111 763 2132 versus
794 2103 922 2132 eosdem
953 2103 1074 2133 trochos

71 2155 222 2191 emissus,
240 2155 356 2184 cadens
373 2155 405 2184 in
425 2159 560 2191 terram,
581 2155 706 2185 tandem
729 2164 764 2184 ex
784 2156 936 2186 violentia
951 2166 1041 2186 casus
1059 2169 1073 2183 »

71 2207 107 2238 in
137 2208 207 2247 ejus
230 2207 360 2237 oculum
384 2207 551 2237 dexterum
577 2208 745 2238 casualiter
774 2209 924 2245 resilivit,
950 2213 1076 2248 propter
1118 2231 1121 2233 -

71 2261 154 2300 quod
175 2261 286 2291 oculus
302 2261 443 2300 perditus
460 2261 530 2290 fnit.

62 2352 65 2357 1
116 2325 129 2341 ι
147 2314 290 2353 Dignum
306 2319 353 2344 est
368 2318 440 2344 ut...
457 2331 497 2337 —
513 2315 583 2344 Dat.
606 2315 705 2345 Rome
720 2339 726 2351 ,
741 2315 825 2354 apud
842 2316 989 2346 Sanctam
1006 2317 1074 2346 Ma-

3 2398 7 2410 „-
73 2367 152 2397 riam
167 2367 338 2407 MaJ'orem,
357 2367 464 2397 idibus
483 2368 684 2405 novembris,
701 2377 788 2399 anno
805 2369 956 2399 secundo.
980 2381 992 2395 n

146 2553 166 2582 Ι
172 2553 258 2582 662

108 2614 290 2650 Dispensatio
306 2616 490 2642 matrimonii.
507 2616 588 2651 (Rae.
606 2617 650 2650 44,
663 2625 688 2643 c.
706 2617 766 2650 610,
784 2618 802 2644 f.
818 2618 867 2644 251
886 2619 935 2652 ro.)

332 2553 693 2588 Sainte-Marie-Majeure,
714 2554 742 2581 13
759 2555 913 2582 novembre
928 2556 992 2583 1289

118 2725 283 2755 Venerabili
300 2726 428 2761 fratri..
448 2726 581 2763 episcopo
599 2726 717 2755 Albensi
733 2727 902 2756 committit
919 2732 1076 2766 quatenus

75 2784 146 2807 cum
160 2777 277 2808 Jacobo
298 2778 338 2807 de
356 2777 467 2807 Aralio
487 2782 518 2807 et
540 2778 660 2813 Richa,
683 2783 755 2808 nata
776 2780 913 2810 Ferrarii
932 2781 969 2810 de
986 2781 1076 2811 Gali-

76 2833 156 2867 ceto,
181 2830 347 2868 dispenset
364 2835 398 2859 ut
416 2830 450 2859 in
475 2831 683 2861 matrimonio
701 2832 783 2870 quod
802 2832 897 2869 olim,
923 2834 1075 2871 ignoran-

77 2885 121 2912 tes
145 2892 178 2913 se
199 2887 312 2922 quarto
339 2883 626 2921 consanguinitatis
650 2885 749 2922 gradu
774 2887 958 2924 conjunctos
986 2896 1074 2924 csse,

76 2927 314 2973 contraxerunt,
333 2941 362 2966 et
378 2937 412 2965 in
431 2945 493 2975 quo
509 2936 617 2975 plnres
634 2937 716 2966 filios
734 2944 954 2976 procrearunt,
975 2949 1075 2969 rema-

77 2997 152 3019 nere
166 2990 296 3028 possint.

119 3053 133 3068 «
150 3042 263 3072 Petitio
282 3042 387 3072 dilecti
403 3041 501 3072 filii...
517 3058 558 3065 —
573 3043 644 3072 Dat.
664 3048 696 3072 ut
712 3052 816 3081 supra.
837 3056 850 3070 »

1226 447 1245 473 1
1253 447 1340 474 663

1189 507 1231 533 De
1248 509 1426 535 matrimonio
1438 510 1555 541 Sanctii,
1571 511 1645 544 regis
1660 510 1797 537 Castellae
1813 517 1841 537 et
1854 511 1995 544 Legionis.
2009 511 2090 543 (Hac.
2106 512 2148 542 44,

1153 564 1178 582 c.
1200 556 1421 588 611,f.·2·011·⁰;
1443 558 1557 593 Porra„
1574 560 1683 592 23103)

1430 448 1786 483 Sainte-Maric-Majeure,
1803 451 1816 475 4
1835 450 1985 475 novembre
2005 450 2078 476 1289.

1196 657 1359 687 Carissimo
1378 660 1407 688 ίη
1427 659 1544 689 Christo
1561 662 1623 697 filio
1639 662 1769 694 Sanctio,
1793 664 1855 699 reyi
1872 662 1994 691 Castelle
2009 671 2041 691 ac
2053 664 2150 700 Lessin-

1154 711 1203 738 nis
1215 712 1343 747 illustri,
1356 712 1533 749 gratulatur
1548 713 1586 742 de
1600 714 1775 743 foederibus
1789 715 1872 753 pacis
1888 725 1967 754 quae
1982 716 2064 744 inter
2078 725 2150 745 eum

1155 767 1184 791 et
1198 763 1397 802 Philippum,
1422 775 1528 803 regem
1549 767 1712 803 Franciae,
1729 768 1896 797 reformata
1911 778 1989 803 esse,
2006 769 2045 798 ab
2062 769 2149 804 Aria,

1153 815 1379 847 archidiacono
1396 818 1434 848 de
1447 818 1559 848 Salnes
1577 820 1609 848 in
1625 820 1756 849 ecclesia
1772 819 2035 858 Compostellana,
2053 822 2151 851 etfra-

1156 869 1254 898 tribus
1264 870 1463 901 Gundisalvo
1473 880 1508 901 ac
1519 871 1660 906 Nicolao,
1674 873 1796 901 ordinis
1808 873 1980 909 minorum.
1992 875 2152 912 0111511110-

1154 923 1217 958 tiis.
1235 924 1371 957 audivit;
1386 924 1439 953 sed
1456 925 1483 953 ei
1498 925 1835 962 superdispensatione
1855 927 2051 955 matrimonii
2069 928 2152 965 quod

1155 984 1227 1005 cnm
1251 976 1349 1006 nobili
1372 977 1506 1006 muliere
1536 978 1597 1006 sibi
1624 978 1713 1007 tertio
1743 978 2027 1015 consanguinitatis
2054 979 2152 1015 gradu

1155 1029 1322 1067 conjuncta
1341 1030 1495 1058 contraxit
1514 1039 1600 1059 nunc
1616 1031 1803 1068 respondere
1819 1039 1883 1059 non
1901 1035 2007 1068 potest.

1197 1094 1210 1108 «
1238 1082 1413 1112 Venientes
1441 1083 1478 1111 ad
1503 1083 1743 1121 apostolicam...
1765 1101 1802 1104 -—
1830 1084 1898 1112 Dat.
1928 1083 2042 1120 Rome,
2073 1084 2154 1122 apud

1155 1135 1304 1164 Sanctam
1326 1136 1461 1165 Mariam
1488 1137 1658 1174 Majorem,
1684 1146 1703 1165 11
1725 1145 1824 1165 nonas
1848 1137 2045 1172 novembris,
2068 1145 2152 1166 anno

1155 1189 1304 1218 secundo.
1327 1201 1339 1215 ‚2

1194 1375 1437 1404 1684-1380
1459 1374 1814 1409 Sainte-Marie-Majeure‚
1831 1375 1860 1401 13
1877 1376 2029 1401 novembre
2045 1375 2118 1401 1289.

1191 1436 1397 1471 Indulgentiae.
1417 1437 1498 1469 (Res.
1517 1437 1559 1467 -ts'i,
1577 1446 1602 1463 c.
1624 1437 1685 1470 lli-2,
1705 1438 1720 1463 f.
1739 1438 1786 1464 ‘251
1806 1438 1857 1468 vv.)

1199 1553 1351 1581 salver-sis
1370 1553 1483 1582 Christi
1500 1553 1638 1589 fidelibus
1655 1558 1804 1590 presentes
1830 1552 1944 1582 litteras
1966 1554 2153 1590 inspecturis.

1156 1605 1395 1643 Indulgentiam
1414 1606 1510 1634 unius
1526 1606 1604 1634 anni
1624 1610 1653 1634 et
1669 1615 1706 1634 XL
1721 1605 1845 1634 dierum
1868 1605 2011 1634 concedit
2032 1605 2075 1634 eis
2101 1605 2155 1642 (1111

1156 1659 1322 1689 ecclesiam
1348 1682 1367 1688 ..

1156 1721 1223 1742 sem
1239 1712 1272 1741 in
1290 1713 1397 1742 beatae
1417 1713 1534 1741 Mariae
1551 1716 1578 1741 et
1595 1716 1776 1741 sanctorum
1794 1712 1879 1741 Petri
1896 1716 1924 1741 et
1941 1711 2043 1745 Pauli,
2061 1712 2155 1740 Fran·

1156 1766 1229 1796 cisei
1250 1769 1279 1795 et
1298 1766 1430 1795 Antonii
1448 1765 1673 1794 festivitatibus
1690 1765 1897 1794 visitaverint.

1198 1832 1211 1846 α
1231 1820 1303 1849 Vite
1319 1820 1500 1858 perempnis
1516 1819 1655 1857 gloria...
1676 1836 1708 1839 —
1726 1819 1797 1847 Dat.
1816 1819 1930 1848 Rome.
1957 1818 2039 1856 apud
2060 1818 2155 1847 Sauc-

1157 1877 1221 1903 tam
1232 1873 1367 1902 Mariam
1382 1872 1548 1910 Majorem,
1563 1872 1667 1900 idibus
1678 1871 1870 1905 novembris,
1882 1879 1966 1900 anno
1975 1870 2123 1900 secundo.
2141 1883 2151 1896 n

1198 1927 1234 1955 In
1253 1935 1280 1955 e.
1303 1935 1346 1954 m.
1372 1934 1426 1964 pro
1446 1925 1578 1955 ecclesia
1606 1949 1624 1954 ..

1156 1989 1227 2009 rum
1249 1979 1512 2017 Vapinceusium.

1197 2033 1235 2062 In
1251 2042 1278 2062 e.
1298 2041 1340 2061 m.
1356 2040 1411 2070 pro
1428 2031 1559 2061 ecclesia
1577 2054 1597 2061 ..
1615 2031 1783 2068 guardiani
1797 2035 1825 2059 et
1846 2031 1979 2059 fratrum
1995 2030 2156 2059 minorum

1157 2087 1194 2116 de
1208 2085 1481 2124 Montepesulano,
1499 2084 1738 2122 Magalouensis
1757 2084 1918 2113 dioecesis.

1388 1659 1557 1696 guardiani
1577 1663 1606 1688 et
1625 1659 1757 1688 fratrum
1781 1659 1943 1688 minorum
1968 1658 2153 1687 8151311000-

1651 1924 1821 1962 guardiani
1847 1928 1876 1953 et
1898 1924 2031 1953 fratrum
2052 1923 2157 1952 mino-

1413 2164 1772 2198 Sainte-Marie-Majcure,
1794 2164 1819 2189 ll
1840 2164 1991 2189 novembre
2012 2163 2085 2189 1289.

1197 2229 1234 2258 In
1259 2237 1285 2258 e.
1311 2237 1354 2256 m.
1380 2228 1510 2257 eisdem.
1532 2227 1671 2256 Eandem
1693 2226 1925 2263 indulgentiam
1949 2224 2090 2254 concedit
2113 2224 2157 2253 eis

1157 2282 1212 2320 qui
1239 2281 1403 2311 ecclesiam
1424 2281 1531 2310 Sancti
1555 2280 1634 2317 Lupi
1656 2279 1942 2308 Cathalaunensem
1967 2279 1999 2306 in
2023 2277 2054 2306 S.
2076 2276 2155 2314 Lupi

1156 2336 1236 2365 festo
1260 2334 1469 2364 visitaverint.
1496 2334 1567 2362 Dat.
1590 2334 1709 2362 Romae
1723 2355 1729 2364 ,
1752 2332 1833 2370 apud
1854 2331 2001 2361 Sanctam
2022 2330 2154 2359 Mariam

1158 2390 1329 2427 Majorem,
1348 2397 1379 2416 111
1399 2387 1470 2416 idus
1488 2387 1667 2416 novembris
1682 2410 1687 2421 ,
1707 2394 1791 2414 auno
1808 2385 1956 2414 secundo.

1417 2464 1768 2497 Sainte-Marie-Majeure.
1786 2463 1818 2489 20
1839 2462 1990 2489 novembre
2011 2461 2084 2487 1289.

1196 2531 1233 2559 Iu
1257 2539 1284 2560 e.
1305 2538 1346 2558 m.
1374 2529 1505 2557 eisdem.
1532 2527 1670 2556 Eandem
1691 2525 1923 2562 indulgentiam
1942 2522 2084 2552 concedit
2111 2521 2154 2550 eis

1157 2583 1212 2621 (1111
1228 2582 1392 2612 ecclesiam
1409 2581 1541 2610 Sanctae
1563 2579 1752 2616 Margaritae
1770 2578 1806 2606 de
1824 2576 1991 2611 Δ1111105510,
2009 2576 2154 2604 Jauuen-

1157 2636 1200 2665 sis
1225 2634 1394 2671 dioecesis,
1418 2633 1628 2662 visitaverint.
1656 2633 1726 2660 Dat.
1752 2631 1886 2665 Romae,
1904 2628 1985 2666 apud
2007 2628 2153 2657 Sanctam

1158 2689 1291 2719 Mariam
1309 2688 1474 2726 Majorem,
1486 2696 1527 2715 x11
1544 2685 1694 2715 kalendas
1706 2683 1894 2718 decembris,
1905 2689 1989 2711 anno
2003 2680 2152 2709 secundo.

1413 2763 1770 2797 Saiiite-itlarie-Majcure,
1792 2761 1820 2787 1?
1837 2760 1989 2786 novembre
2009 2759 2083 2785 1989.

1198 2832 1235 2860 In
1257 2840 1283 2860 e.
1310 2839 1353 2858 m.
1372 2829 1502 2858 eisdem.
1524 2827 1663 2856 Eandem
1686 2824 1920 2861 indulgentiam
1944 2821 2084 2852 concedit
2110 2821 2156 2850 eis

1158 2884 1211 2922 (1111
1227 2881 1392 2912 ecclesiam
1414 2880 1522 2909 Sancti
1543 2879 1700 2909 Joliannis
1724 2878 1762 2906 de
1782 2877 1907 2911 Δ110510,
1925 2874 2156 2904 Nemausensis

1157 2936 1325 2971 dioecesis,
1349 2934 1382 2962 in
1400 2934 1507 2962 heatae
1528 2933 1663 2966 Mariae,
1687 2934 1865 2960 sauctorum
1891 2928 2050 2958 Johannis
2073 2927 2154 2965 Bap-

1159 2992 1249 3021 tistae
1279 2994 1309 3019 et
1335 2989 1493 3019 Johaunis
1518 2986 1738 3023 Evangelistae
1763 2990 1792 3013 et
1826 2984 1910 3013 Petri
1934 2988 1963 3012 et
1985 2982 2093 3016 Pauli.
2121 2983 2155 3010 111

1158 3052 1295 3084 quorum
1316 3042 1468 3071 honorem
1485 3039 1617 3070 ecclesia
1636 3039 1702 3076 ipsa
1722 3047 1775 3076 per
1792 3036 1956 3066 Gelasium
1981 3034 2154 3064 secundum
