2342 3652
874 332 1100 373 DEUXInME
1122 330 1278 371 ANNE'E.
2065 341 2115 371 161

37 413 108 444 aliis
122 411 255 447 casibus,
274 410 330 449 qui
346 409 606 448 compositionem
622 409 808 447 hujusmodi
827 417 891 438 non
908 408 1035 438 contin-

36 469 120 505 gent,
138 473 200 494 non
214 463 389 493 adimimus
407 466 589 501 potestatem
605 486 610 497 ,
629 462 683 491 sed
701 462 744 491 eis
763 461 879 497 libera,
906 465 997 499 prout
1018 469 1037 490 a

33 519 104 558 jure
120 516 311 552 conceditur,
329 515 371 544 sit
389 514 533 545 facultas.
549 514 644 549 Saue,
660 514 744 543 sicut
761 514 1034 552 compositionem,

36 570 318 604 confirmationem,
345 568 593 603 ordinationem,
620 567 846 605 provisionem,
875 566 1035 595 decretum

37 625 250 659 statutumque
288 620 429 659 predicta
463 620 565 658 quoad
600 619 736 657 prefatos
769 618 919 648 articulos
951 626 1035 647 com-

38 675 210 716 prehensos
228 674 262 703 in
286 678 393 703 tenore
414 674 552 711 predicto
572 672 717 702 volumus
739 670 964 700 inviolabiliter
985 670 1037 700 ob-

0 749 1 756 ,
37 727 170 763 servari,
193 727 238 756 sic
254 726 292 756 de
309 730 458 756 consueta
476 725 618 764 ejusdem
641 724 723 753 sedis
741 724 939 760 benignitate
963 731 1038 752 con—

36 777 173 812 cedimus
189 784 241 815 ut,
269 779 295 809 si
319 782 511 808 memoratus
529 787 581 806 rex
602 777 792 815 Dyonisius,
810 780 864 805 aut
879 776 1035 805 dictorum

37 841 164 864 suorum
185 831 322 870 quilibet
346 839 580 866 successorum,
596 829 731 868 prefatas
748 829 990 858 interdictorum
1007 832 1036 857 et

37 885 371 918 ‘excommunicationis
387 884 560 913 sententias
571 891 589 912 a
605 883 695 912 nobis
710 882 788 911 latas
804 882 985 916 incurrerit,
1006 885 1036 911 et

37 938 160 974 deinde,
176 937 215 967 ad
237 946 290 967 cor
307 937 445 973 rediens,
463 936 560 974 plene
573 936 752 965 satisfacere
769 936 809 964 sit
831 939 969 973 paratus,
991 935 1035 964 ita

36 991 118 1032 quod
138 990 192 1020 ille
213 990 269 1029 qui
293 989 502 1019 monitionem
526 988 652 1025 fecerat,
676 988 725 1018 vel
749 997 785 1018 eo
807 993 893 1018 extra
915 987 1034 1017 dictum

35 1053 168 1083 regnum
189 1043 335 1079 absente,
355 1043 455 1081 ipsius
476 1042 614 1071 vicarius
637 1042 750 1071 exinde
766 1041 881 1071 merito
903 1042 942 1070 sit
958 1050 1033 1071 con-

36 1102 138 1130 tentus
153 1097 363 1127 satisfactione
380 1095 566 1134 hujusmodi
579 1095 720 1133 prestita,
736 1104 771 1125 eo
784 1095 852 1134 ipso
864 1095 1033 1124 interdicta

35 1151 98 1182 sint
113 1150 222 1182 eadem
246 1149 396 1179 relaxata.
418 1148 571 1186 Quodque
590 1149 656 1186 ipse
673 1158 725 1178 rex
748 1148 816 1178 sive
837 1157 999 1178 successor
1016 1157 1034 1177 a

35 1204 189 1236 sententia
211 1202 553 1234 excommunicationis
569 1211 624 1240 per
642 1211 736 1232 suum
757 1203 981 1238 confessorem,
999 1203 1032 1232 in

33 1259 132 1290 forma
147 1257 288 1292 ecclesie,
300 1255 486 1286 auctoritate
502 1259 609 1285 nostra
625 1255 746 1286 absolvi
762 1256 870 1294 possit,
888 1256 1034 1294 injuncta

34 1311 93 1342 sibi
111 1310 286 1350 penitentia
303 1309 446 1339 salutari.
468 1302 516 1338 De
542 1310 684 1347 ipsarum
712 1309 843 1348 insuper
871 1309 1034 1339 voluntate

33 1351 168 1404 partium
184 1362 385 1402 providemus
401 1362 497 1400 quod,
508 1367 674 1401 postquam
690 1362 776 1392 idem
790 1372 843 1392 rex
855 1362 1033 1401 Dyonisius

34 1416 249 1452 ratificaverit,
276 1415 484 1454 acceptaverit
507 1420 537 1445 et
564 1415 782 1454 approbaverit
808 1416 842 1444 in
866 1424 922 1445 sua
945 1415 1033 1445 curia

33 1469 171 1510 generali
186 1469 224 1499 ad
240 1469 299 1498 hoc
314 1468 492 1507 specialiter
508 1473 699 1507 congregata
721 1470 830 1499 omnia
854 1473 884 1498 et
904 1469 1032 1507 singula

32 1532 92 1564 que
114 1531 187 1554 cum
210 1522 302 1552 dictis
325 1522 564 1561 archiepiscopo
590 1527 619 1552 et
646 1522 800 1561 episcopis
824 1532 878 1562 per
904 1523 1032 1552 eosdem

33 1569 244 1617 procuratores
259 1584 331 1606 suos
346 1580 414 1605 acta
430 1580 505 1605 sunt
521 1576 590 1614 ejus
606 1576 738 1606 nomine
749 1576 783 1605 in
801 1576 984 1615 premissis;
1004 1581 1033 1606 et

33 1629 216 1669 hujusmodi
229 1629 345 1659 nostris
361 1629 610 1666 confirmationi,
626 1621 1030 1668 ordinationi,provisioni,

35 1682 154 1713 decreto
169 1691 222 1712 seu
238 1685 353 1712 statuto
370 1691 516 1721 expresse
534 1683 742 1719 consenserit,
759 1692 858 1721 eaque
874 1691 909 1712 ac
922 1683 1032 1713 omnia

36 1739 66 1766 et
87 1735 212 1774 singula
235 1739 382 1765 contenta
407 1736 441 1765 in
471 1736 516 1765 eis
541 1745 574 1765 se
601 1744 738 1774 suosque
774 1745 969 1766 successores
996 1737 1031 1766 in

36 1789 141 1820 eodem
159 1797 256 1827 regno
272 1789 453 1828 promiserit
470 1789 563 1828 plene
578 1789 811 1828 adimpleturos·
828 1794 858 1820 et
881 1796 1031 1829 perpetuo

35 1841 259 1873 inviolabiliter
277 1847 473 1880 servaturos,
493 1846 522 1872 et
538 1852 632 1882 super
650 1843 871 1880 ratificatione,
893 1848 1032 1883 accepta-

35 1895 128 1933 tione,
147 1895 372 1934 approbatione
392 1904 427 1925 ac
444 1896 656 1935 promissione
680 1896 865 1935 hujusmodi
891 1902 1031 1936 patentes

34 1947 149 1979 litteras
164 1957 220 1978 suo
237 1949 321 1987 regio
339 1948 490 1987 plumbeo
508 1949 614 1987 sigillo
631 1950 784 1988 pendenti
800 1951 951 1986 munitas,
968 1955 1030 1981 tam

35 2001 152 2032 dilectis
169 2001 244 2031 filiis
264 2024 285 2031 ..
302 2001 401 2040 priori
425 2002 660 2040 predicatorum
676 2007 706 2032 et
724 2026 743 2034 ..
769 2003 947 2041 guardiano
969 2004 1030 2033 mi-

0 2073 5 2077 ·
34 2063 145 2085 norum
172 2054 305 2084 fratrum
332 2055 485 2085 ordinum
514 2055 803 2093 Ulixbonensibus,
836 2066 891 2086 sen
920 2066 1031 2087 eorum

34 2107 134 2138 vicem
156 2108 338 2146 gerentibus
359 2108 490 2138 ecclesie
515 2118 648 2139 romane
673 2111 815 2146 nomine,
835 2120 931 2149 quam
948 2111 1031 2141 dicto

34 2161 264 2201 archiepiscopo
279 2167 309 2192 et
325 2162 463 2200 singulis
479 2163 633 2202 episcopis
651 2163 711 2200 vel,
730 2164 806 2203 ipsis
822 2166 1008 2196 absentibus
1022 2190 1028 2202 ,

34 2222 139 2245 eorum
153 2215 287 2252 vicariiS,
306 2215 366 2253 vel,
383 2215 492 2254 aliqua
508 2217 651 2255 ejusdem
669 2218 760 2255 regni
777 2218 910 2248 ecclesia
921 2220 1029 2249 cathe-

34 2265 113 2305 drali
128 2271 267 2303 vacante,
285 2268 412 2297 vicariis
434 2278 489 2298 seu
513 2269 642 2305 vicario,
666 2271 769 2308 quoad
795 2271 974 2310 spiritualia
996 2273 1030 2301 in

35 2319 153 2357 eadem,
174 2329 297 2351 necnon
319 2325 349 2351 et
369 2321 504 2359 singulis
527 2323 672 2361 capitulis
694 2323 900 2354 ecclesiarum
926 2326 1031 2355 cathe-

3 2416 5 2418 ·
34 2372 168 2405 dralium
184 2373 314 2412 predicti
324 2374 507 2413 Portugalie
517 2379 546 2405 et
562 2375 709 2413 Algarbii
723 2377 814 2414 regni
827 2379 1028 2417 concesserit,

34 2425 68 2455 in
83 2425 184 2456 forma
199 2435 294 2466 quam
315 2427 403 2457 sedes
425 2428 535 2458 eadem
559 2429 619 2458 sibi
646 2429 770 2459 duxerit
792 2430 1028 2469 destinandam,

0 2508 4 2515 ,
34 2487 92 2509 nec
113 2479 179 2518 ipse
201 2489 253 2510 rex
275 2480 450 2519 Dyonisius
471 2490 528 2511 nec
548 2482 666 2520 aliquis
690 2492 907 2514 successorum
929 2485 1030 2524 ipsius

0 2543 1 2548 ¹
34 2531 72 2562 ad
94 2531 320 2563 observandam
349 2534 502 2572 prefatam
526 2535 742 2574 provisionem
768 2537 835 2567 sive
857 2539 1029 2570 ordinatio-

0 2596 2 2607 ν
34 2592 106 2614 nem
139 2585 213 2616 dicti
252 2586 481 2624 predecessoris
517 2589 615 2618 nostri
650 2589 796 2628 Gregorii
826 2591 1029 2630 aliquatenus

0 2647 2 2651 ·
35 2639 184 2668 teneatur.
208 2639 274 2669 Nos
301 2640 388 2669 enim
415 2649 451 2669 ex
480 2650 564 2671 nunc
593 2642 807 2681 decernimus,
834 2645 872 2674 de
888 2646 1027 2684 partium

0 2703 2 2709 ·
34 2691 212 2721 earumdem
229 2701 374 2730 expresso
391 2701 565 2729 consensu,
584 2695 684 2733 ipsam
701 2697 803 2735 quoad
820 2706 932 2728 omnes
948 2708 1027 2738 quos

35 2742 141 2773 eadem
172 2745 306 2783 provisio
337 2754 392 2785 seu
424 2745 581 2777 ordinatio
607 2749 830 2787 contingebat,
861 2756 1028 2790 postquam

33 2796 168 2836 predicte
191 2798 365 2835 ratificatio,
390 2800 572 2838 acceptatio,
592 2803 774 2840 approbatio
806 2810 836 2834 et
860 2807 1029 2844 promissio

33 2848 110 2879 facte
139 2859 175 2880 ac
206 2850 308 2881 littere
340 2861 395 2889 per
425 2852 563 2881 eundem
594 2862 702 2892 regem
733 2856 927 2895 Dyonisium
959 2859 1028 2889 date

33 2901 167 2940 ruerint,
191 2908 225 2933 ut
249 2904 452 2943 premittitur,
480 2914 574 2943 super
595 2907 640 2935 eis
664 2907 729 2937 sore
748 2911 881 2940 omnino
906 2911 1028 2942 viribus

34 2963 174 2993 vacuam,
192 2961 222 2986 et
236 2965 343 2987 carere
359 2957 446 2987 omni
461 2958 570 2988 robore
581 2959 751 2991 firmitatis.
770 2963 859 2992 Nulli
871 2973 945 3002 ergo
955 2970 1026 3003 etc.,

34 3012 139 3039 nostre
153 3010 416 3047 confirmationis,
436 3011 662 3049 ordinationis,
682 3015 873 3052 provisionis
891 3022 921 3047 et
936 3027 1028 3048 cons-

171 3074 243 3102 Res.
264 3075 385 3103 Niconis
404 3075 457 3103 IV.

22 3400 41 3652 --—-—-—-

1118 407 1275 437 titutionis
1297 411 1354 437 etc.
1375 408 1445 437 Dat.
1465 408 1582 443 Rome,
1601 407 1684 446 apud
1703 406 1852 436 Sanctam
1869 406 2003 435 Mariam
2020 406 2119 444 Majo-

1117 468 1196 496 rem,
1217 460 1313 490 nonis
1328 461 1446 496 martii,
1460 469 1546 490 anuo
1561 460 1710 490 secundo.
1726 471 1741 485 ν

1189 631 1275 659 ’218

1153 691 1195 718 De
1212 693 1312 719 eodem
1329 693 1454 728 negotio.
1469 693 1550 726 (Rea.
1569 693 1612 724 44,
1625 701 1651 719 c.
1664 693 1707 725 52,
1721 693 1739 719 f.
1763 693 1807 719 121
1827 699 1875 725 v⁰;
1892 692 1998 719 POTTH.
2013 692 2120 726 22908.)

1454 631 1812 666 Sainte-Marie-Majeure,
1833 630 1862 657 16
1877 638 1953 656 mars
1973 630 2048 657 1-289.

1156 793 1201 822 Ad
1225 794 1435 822 certitudinem
1456 795 1643 831 presentium
1671 799 1697 822 ec
1724 795 1903 822 memoriam
1928 795 2118 830 [ictui-orum.

1117 846 1302 884 Promulgat
1320 846 1441 875 litteras
1460 847 1497 876 de
1514 847 1631 885 quibus
1656 847 1689 875 in
1714 847 1932 884 superioribus
1958 847 2070 876 litteris
2086 848 2121 877 fit

1117 899 1253 933 mentio,
1280 909 1335 938 per
1355 908 1433 937 quas
1460 899 1657 938 Dionysius,
1685 899 1898 937 Portugalliae
1922 904 1951 929 et
1975 899 2121 937 Algarbii

1117 961 1182 988 rex,
1199 952 1463 990 compositionem
1484 953 1568 981 inter
1587 953 1748 990 episcopos
1767 953 1815 982 sui
1841 953 1931 990 regni
1957 958 1987 981 et
2004 961 2119 991 procu-

1116 1009 1236 1035 ratores
1253 1014 1326 1035 suos
1344 1005 1487 1035 habitam
1506 1015 1601 1044 super
1614 1015 1651 1034 XL
1667 1005 1810 1035 articulis
1828 1006 2006 1035 confirmat.

1139 1068 1141 1070 ·
1158 1070 1172 1085 «
1190 1059 1257 1088 Hec
1274 1063 1321 1088 est-
1335 1059 1439 1089 forma
1509 1076 1546 1080 —
1567 1059 1638 1089 Dat.
1660 1059 1771 1095 Rome,
1783 1059 1867 1097 apud
1884 1059 2032 1089 Sanctam
2050 1060 2119 1089 Ma-

1116 1112 1197 1141 riam
1217 1113 1383 1151 Majorem,
1402 1122 1463 1142 xv11
1480 1112 1634 1142 kalendas
1650 1112 1770 1150 aprilis,
1787 1121 1872 1142 anno
1893 1112 2043 1142 secundo.
2068 1124 2079 1139 »

1187 1284 1272 1312 ⁸⁷19

1150 1346 1194 1372 De
1210 1346 1310 1372 eodem
1327 1347 1452 1381 negotio.
1469 1346 1551 1381 (Res.
1570 1347 1612 1378 44,
1630 1355 1656 1372 c.
1674 1346 1716 1380 53,
1734 1347 1752 1372 f.
1774 1346 1822 1373 122
1838 1346 1883 1379 r0.)

1453 1283 1815 1319 Sainte-Marieffllajeure,
1834 1284 1864 1311 16
1880 1292 1957 1311 mars
1975 1284 2048 1312 1289.

1153 1450 1198 1478 Aa
1219 1449 1430 1479 certitudinem
1456 1450 1641 1487 presentium
1673 1455 1698 1478 et
1725 1450 1904 1478 memoriam
1927 1450 2116 1485 futurorum.

1115 1501 1302 1540 Promnlgat
1314 1501 1393 1531 alias
1408 1502 1532 1531 litteras
1545 1502 1584 1531 de
1597 1502 1713 1540 quibus
1729 1503 1763 1531 in
1775 1502 1991 1541 superioribus
2006 1502 2123 1532 litteris

1114 1555 1149 1584 fit
1164 1555 1296 1591 mentio,
1317 1564 1372 1593 per
1387 1564 1465 1594 quas
1485 1555 1682 1594 DionysiuS,
1702 1554 1914 1593 Portugalliae
1931 1559 1961 1584 et
1975 1554 2121 1593 Algarbii

1114 1617 1181 1644 rex,
1201 1608 1463 1647 compositionem
1479 1609 1564 1637 inter
1581 1608 1741 1646 episcopos
1757 1609 1806 1637 sui
1822 1608 1914 1645 regni
1930 1612 1960 1637 et
1975 1616 2123 1646 procura-

1115 1666 1196 1691 tores
1212 1670 1286 1691 suos
1303 1671 1398 1700 super
1413 1671 1450 1691 XL
1464 1661 1609 1691 articulis
1624 1662 1765 1691 habitam
1781 1662 1960 1691 confirmat.

1156 1727 1168 1742 u
1188 1715 1255 1744 Hec
1271 1718 1318 1744 est
1332 1715 1470 1745 forma...
1491 1732 1529 1736 —
1547 1715 1619 1745 Dat.
1638 1719 1672 1744 ut
1688 1723 1794 1753 supra.
1817 1726 1831 1741 x>

1185 1888 1374 1916 ‘azo-‘221

1149 1949 1192 1976 De
1204 1949 1305 1976 eodem
1316 1949 1539 1985 negotiafflm.
1559 1949 1600 1981 44,
1614 1957 1638 1975 c.
1657 1949 1698 1980 54,
1717 1949 1736 1976 f.
1756 1948 1802 1975 122
1822 1954 1867 1980 v⁰;
1887 1949 1991 1976 Porre.
2010 1949 2119 1983 22910.)

1452 1887 1808 1921 Sainte-Marie-Majeure,
1825 1887 1856 1913 ‘21
1875 1895 1952 1913 mars
1971 1887 2048 1915 1289.

1153 2053 1272 2082 Dilectis
1285 2052 1359 2089 filiis
1372 2075 1392 2082 ..
1410 2052 1520 2081 decano
1534 2051 1797 2088 Colimbriensis‚..
1813 2053 1968 2081 cauteriet
1984 2074 2002 2081 ..
2021 2052 2120 2082 archi-

1113 2106 1236 2136 diacono
1255 2105 1460 2135 Ulioebonensis
1478 2106 1677 2135 ecclesiarimi
1690 2127 1698 2141 ,
1725 2105 1909 2135 facultatem
1929 2105 2041 2135 tribuit
2065 2106 2120 2135 sti-

1115 2159 1244 2198 pulandi
1273 2168 1345 2188 cum
1381 2159 1595 2196 Portugalliae
1630 2168 1703 2197 rege
1734 2163 1900 2188 tractatum
1931 2159 2120 2189 concordiae

1111 2213 1196 2242 inter
1213 2221 1286 2242 eum
1303 2216 1333 2242 et
1349 2213 1416 2251 ejus
1431 2214 1521 2251 regui
1540 2213 1709 2248 antistites,
1725 2213 1765 2242 ab
1782 2213 1915 2251 ipsoque
1932 2213 2120 2251 promissio-

1113 2275 1187 2295 nem
1198 2264 1382 2304 recipiendi.

1154 2332 1167 2346 α
1192 2319 1253 2349 Per
1274 2319 1351 2349 alias
1377 2324 1539 2350 nostras...
1567 2337 1605 2341 —
1628 2320 1699 2349 Dat.
1729 2320 1842 2356 Rome,
1860 2320 1943 2358 apud
1968 2319 2118 2350 Sanctam

1112 2373 1245 2402 Mariam
1271 2373 1437 2411 MaJorem,
1454 2382 1495 2401 xn
1512 2372 1665 2402 kalendas
1683 2372 1807 2411 aprilis,
1825 2381 1910 2403 anno
1931 2372 2081 2402 secundo.
2102 2385 2116 2399 n

1152 2426 1191 2455 In
1207 2435 1234 2455 e.
1252 2435 1296 2456 m.
1316 2449 1336 2456 ..
1354 2426 1452 2464 priori
1470 2426 1721 2465 praedicatorum
1735 2430 1765 2456 et
1783 2448 1802 2455 ..
1820 2426 1999 2464 guardiano
2014 2426 2118 2455 mino-

1112 2487 1182 2508 rum
1200 2479 1333 2508 fratrum
1345 2479 1497 2509 ordinum
1513 2479 1799 2515 Ubeonensibus,
1814 2479 1863 2509 vel
1880 2487 1991 2508 eorum
2004 2487 2116 2516 geren-

1112 2532 1207 2568 tibus,
1225 2531 1262 2561 de
1281 2531 1390 2561 eodem
1407 2533 1543 2570 negotio.
1563 2533 1632 2561 Dat.
1654 2536 1686 2561 ut
1702 2541 1807 2570 supra.

1184 2705 1373 2733 aaz-223

1146 2765 1248 2793 Gai-sia
1262 2766 1400 2792 ecclesiae
1417 2766 1592 2800 seguntinae
1608 2767 1637 2792 in
1656 2766 1826 2800 episcopum
1842 2765 2016 2800 praeficitur.
2035 2764 2116 2799 (Rae.

1111 2815 1153 2846 44,
1172 2823 1196 2841 c,
1215 2816 1258 2848 55,
1280 2815 1299 2841 f.
1325 2815 1373 2841 122
1394 2817 1445 2847 vo.)

1447 2704 1806 2738 Sainte-Marie-Majeure,
1819 2704 1849 2730 21
1869 2711 1945 2729 mars
1961 2703 2040 2730 1289.

1156 2917 1322 2946 Venerabili
1344 2918 1438 2953 [ratri
1461 2918 1583 2953 Garsie,
1610 2918 1743 2955 episcopo
1763 2917 1939 2956 SeyizntinO.
1961 2917 2119 2946 Defuncto

1111 2969 1320 3007 Gundisalvo,
1340 2969 1519 3007 Seguntino
1536 2970 1693 3008 episcopo,
1710 2969 1887 3008 capitulum
1902 2970 2005 3008 ipsius
2021 2969 2118 2999 eccle-

1112 3023 1194 3059 siae,
1213 3027 1281 3061 post
1297 3023 1438 3053 diversos
1455 3032 1619 3061 processus
1640 3023 1678 3053 de
1697 3023 1794 3053 futuri
1814 3023 1966 3053 electione
1982 3024 2117 3062 pastoris

1941 3089 1973 3115 21
