2477 3637
202 367 259 399 362
954 363 1190 394 REGISTRES
1214 363 1268 394 DE
1290 362 1468 394 NICOLAS
1492 363 1548 393 lv.

202 433 274 465 dem
292 432 476 463 monasterii
498 431 542 461 tui
563 430 746 466 abbatibus,
764 429 820 468 qui
839 429 970 459 ruerunt
985 437 1039 468 pro
1055 433 1207 468 tempore,

201 486 302 518 multa
333 488 533 515 extorserunt
572 492 627 522 per
666 483 846 512 usurariam
878 483 1090 522 pravitatem,
1122 491 1209 513 asse-

202 544 307 570 rentes
339 544 368 568 te
395 547 430 568 ac
462 537 588 567 eosdem
618 535 855 574 predecessores
871 536 905 565 in
924 535 1090 566 nonnullis
1112 546 1208 575 pecu-

202 594 329 623 niarum
346 591 481 621 summis
498 589 600 619 teneri
615 588 746 625 eisdem,
767 593 794 619 te
808 598 903 628 super
915 589 1099 628 hujusmodi
1115 599 1210 628 pecu·
1226 623 1228 626 ,

202 646 264 675 niis
296 643 516 682 multipliciter
545 642 738 681 inquietant.
779 642 883 678 Quare
918 642 1006 673 nobis
1041 643 1210 673 humiliter

202 698 383 738 supplicasti
401 701 434 726 ut
451 696 616 736 providere
640 696 695 726 tibi
717 701 747 726 et
768 696 873 726 eidem
896 697 1092 727 monasterio
1115 706 1210 736 super

201 751 260 782 hoc
278 749 526 780 misericorditer
541 758 739 781 curaremus.
759 750 953 788 Nositaque,
973 750 1034 780 tuis
1051 750 1208 789 supplica-

201 802 506 837 tionibusincliuati‚
520 803 705 832 auctoritate
719 803 773 833 tibi
789 803 987 841 presentium
1002 802 1209 841 indulgemus

201 862 236 887 ut
251 857 290 887 de
310 855 495 895 hujusmodi
518 855 728 895 pecuniarum
753 856 904 892 summis,
935 857 966 886 in
992 856 1108 895 quibus
1131 857 1210 886 sorte

201 910 320 941 teneris
337 910 476 944 eisdem,
507 909 662 939 deducere
687 910 792 939 valeas
811 910 856 939 sic
881 914 1002 941 extorta
1023 914 1053 940 et
1074 920 1110 941 ea
1133 910 1210 941 dicti

201 963 273 994 laici
303 967 488 1001 computare
514 967 683 993 teneantur
713 963 746 992 in
778 967 912 1000 sortem,
939 963 1082 1002 ipsisque
1111 964 1210 1003 possis

202 1025 314 1047 usuras
337 1016 494 1054 denegare
517 1020 547 1046 et
570 1021 726 1055 repetere,
753 1017 779 1047 si
803 1025 882 1055 quas
905 1018 950 1047 eis
976 1017 1212 1056 predecessores

202 1071 333 1111 predicti
362 1069 542 1108 solverunt,
570 1071 666 1100 etiam
690 1071 714 1100 si
741 1071 779 1100 de
805 1071 957 1101 solvendo
983 1071 1103 1101 eisdem
1123 1070 1211 1101 laicis

202 1132 316 1155 usuras
342 1125 426 1163 ipsas
448 1122 497 1153 vel
522 1123 630 1162 aliqua
653 1123 717 1153 alia
741 1124 773 1153 in
796 1124 940 1154 fraudem
961 1133 1070 1154 earum
1097 1129 1127 1153 et
1148 1132 1211 1154 non

201 1177 381 1217 repetendis
404 1177 523 1207 eisdem
547 1178 592 1207 eis
616 1177 692 1207 dicti
721 1177 956 1216 predecessores
985 1186 1058 1206 suas
1080 1176 1129 1206 vel
1149 1176 1211 1207 ali-

203 1240 339 1271 quorum
355 1231 490 1261 aliorum
507 1230 627 1260 litteras
643 1231 694 1260 vel
710 1231 926 1261 instrumenta
942 1231 1068 1269 publica
1083 1239 1210 1260 conces-

202 1288 313 1315 serunt
324 1289 354 1314 et
367 1285 636 1313 renuntiaverunt
649 1293 685 1313 su
692 1293 744 1323 per
759 1284 817 1314 hoc
829 1284 980 1313 omnibus
994 1283 1108 1313 litteris
1119 1292 1211 1321 apos-

158 1368 165 1377 ,
203 1338 304 1369 tolicis
328 1342 358 1367 et
378 1337 590 1375 indulgentiis
615 1337 797 1376 impetratis
819 1342 849 1367 et
877 1338 972 1367 etiam
1002 1337 1211 1376 impetrandis

201 1399 325 1422 necnon
340 1391 423 1430 juris
441 1391 561 1421 auxilio
577 1391 724 1421 canonici
745 1396 775 1421 et
795 1391 897 1421 civilis
921 1395 950 1421 et
972 1391 1211 1430 exceptionibus

201 1444 469 1484 quibuscumque.
484 1444 544 1473 Per
556 1443 616 1474 boc
629 1449 735 1473 autem
747 1444 920 1483 quominus
932 1443 1028 1474 iidem
1041 1444 1211 1474 creditores

203 1496 392 1536 principalia
414 1496 539 1533 debita,
561 1496 595 1526 in
618 1497 735 1535 quibus
752 1502 783 1526 tu
803 1497 852 1527 vel
876 1497 962 1527 idem
980 1498 1210 1527 monasterium

201 1549 278 1580 estis
291 1550 335 1579 eis
346 1549 476 1580 forsitan
490 1548 632 1587 obligati,
646 1549 772 1580 nullum
783 1550 828 1580 eis
840 1550 988 1580 volumus
998 1551 1211 1590 prejudicium

200 1603 358 1641 generari.
385 1602 477 1632 Nulli
501 1611 574 1641 ergo
597 1607 654 1633 etc.
681 1607 786 1633 nostre
811 1604 1028 1634 concessionis
1050 1609 1109 1635 etc.
1137 1605 1207 1634 Dat.

201 1655 302 1687 Rome
312 1679 319 1693 ‚
333 1656 417 1696 apud
432 1655 584 1686 Sanctam
599 1657 735 1687 Mariam
749 1657 917 1696 Majorem,
934 1657 1041 1688 idibus
1054 1657 1209 1697 januarii,

200 1717 287 1740 anno
304 1708 454 1740 secundo.
480 1721 495 1736 ι)

255 1854 507 1886 2034-203’2
548 1855 911 1892 Sainte-Marie-MaJeure‚
929 1858 943 1885 5
959 1858 1062 1885 sevrier
1079 1858 1156 1885 11‘290.

235 1917 443 1953 Indulgentiae.
463 1918 546 1951 (Rea.
564 1919 607 1952 44,
625 1927 650 1946 c.
669 1919 742 1954 7862,
761 1920 778 1946 t.
796 1918 849 1947 285
867 1922 913 1953 νῦ.)

247 2009 414 2038 Venerabili
431 2010 526 2046 fratri
548 2031 567 2037 ..
588 2009 719 2046 episcopo
735 2014 761 2038 el
779 2009 896 2039 dilectis
913 2011 988 2047 fillis
1005 2012 1137 2048 capitulo
1157 2012 1212 2040 Bo-

202 2062 307 2091 biensi.
327 2061 569 2099 Indulgentiam
595 2062 691 2091 unius
715 2062 795 2091 anni
816 2065 845 2091 et
861 2072 898 2092 XL
922 2063 1048 2093 dierum
1067 2063 1213 2094 concedit

202 2114 248 2144 eis
262 2114 316 2153 qui
335 2114 524 2145 Bobiensem
541 2114 709 2145 ecclesiam
723 2116 756 2144 in
773 2116 881 2145 beatae
898 2116 1019 2146 Mariae
1035 2117 1212 2147 festivitati-

202 2168 260 2198 bus
280 2167 491 2198 visitaverint.

243 2234 257 2248 «
275 2221 363 2252 Licet
378 2222 405 2251 is
421 2222 496 2252 de...
515 2238 553 2243 —
572 2222 642 2251 Dat.
673 2223 785 2259 Rome,
810 2223 892 2262 apud
910 2223 1059 2254 Sanctam
1076 2225 1211 2254 Mariam

203 2276 375 2314 Majorem,
394 2277 488 2305 nonis
504 2276 669 2313 februarii,
687 2285 772 2307 anno
791 2278 940 2308 secundo.
963 2290 976 2305 »

522 2356 892 2393 sainte·Mario-thuerim,
911 2359 925 2385 5
942 2359 1044 2385 sevrier
1064 2359 1139 2387 1‘290.

242 2419 279 2448 In
307 2427 333 2447 e.
358 2428 401 2448 m.
421 2442 441 2449 ..
459 2419 565 2449 abbati
584 2424 614 2449 et
629 2421 803 2450 conventui
823 2422 1006 2451 monasterii
1025 2420 1136 2452 Sancti
1152 2423 1211 2454 Co-

201 2471 347 2502 lumbani
364 2472 542 2508 Bohiensis‚
557 2473 682 2502 ordinis
700 2473 732 2503 S.
753 2473 929 2503 Benedicti.
951 2475 1091 2505 Eandem
1108 2476 1212 2507 indul-

201 2525 342 2563 gentiam
361 2525 507 2556 concedit
525 2526 569 2555 eis
591 2527 645 2564 qui
664 2526 834 2556 ecclesiam
853 2527 949 2566 hujus
973 2529 1160 2559 monasterii
1177 2529 1212 2560 iu

202 2578 259 2608 SS.
276 2578 466 2609 Columbani
484 2584 513 2608 et
529 2579 615 2609 Petri
635 2580 862 2610 festivitatibus
879 2581 1090 2612 visitaverint.

241 2644 255 2659 «
281 2632 362 2662 Loca
384 2636 566 2663 sanctorum
582 2634 768 2665 omnium...
789 2651 827 2656 —
844 2635 913 2664 Dat.
934 2639 967 2665 ut
987 2645 1093 2675 supra.
1115 2649 1128 2664 ι»

818 2714 910 2747 Rieti,
928 2715 961 2743 ‘28
977 2718 1045 2744 aout
1062 2717 1138 2745 1289.

243 2775 280 2805 In
299 2784 326 2806 e.
343 2785 386 2807 m.
407 2799 426 2806 ..
443 2777 619 2808 abbatissae
634 2782 663 2808 et
682 2780 853 2808 conventui
870 2780 1055 2810 monasterii
1076 2780 1212 2812 Sanctae

206 2829 324 2858 Mariae
337 2828 374 2859 de
390 2830 551 2867 Pamdiso,
568 2840 662 2870 prope
678 2831 860 2870 Eugubium
872 2855 879 2867 ,
897 2833 1022 2862 ordinis
1036 2833 1068 2864 S.
1086 2835 1213 2873 Augus-

204 2883 274 2913 tini.
289 2883 527 2922 Indulgentiam
543 2890 670 2915 centum
684 2885 809 2916 dierum
823 2886 967 2917 concedit
982 2887 1028 2917 eis
1045 2887 1101 2926 qui
1115 2888 1212 2929 hujus

203 2937 390 2967 monasterii
415 2938 583 2968 ecclesiam
609 2939 643 2968 in
665 2939 773 2969 beatae
802 2940 924 2970 Mariae
950 2944 980 2970 et
999 2940 1031 2971 S.
1051 2941 1212 2973 Hermetis

204 2991 426 3022 festivitatibus
444 2991 652 3022 visitaverint.
685 2993 753 3022 Dat.
780 2993 899 3031 Reate,
922 3004 941 3023 v
964 2994 1119 3026 kalendas
1140 3005 1210 3036 sep-

205 3042 346 3078 tembris,
360 3049 445 3072 anno
459 3044 610 3074 secundo.

1916 427 2007 460 Rieti,
2024 429 2058 456 22
2070 430 2135 464 juin
2152 430 2231 459 1289.

1333 491 1372 521 In
1391 500 1419 521 e.
1438 501 1481 522 m.
1501 513 1520 521 ..
1546 491 1718 531 priorissae
1739 496 1769 521 et
1788 492 1962 522 conventui
1985 493 2170 523 monasterii
2187 494 2302 526 Beatae

1295 545 1414 575 Mariae
1427 545 1467 574 de
1480 545 1568 574 Bono
1579 544 1730 581 Consilio,
1746 553 1802 584 per
1815 545 2000 583 priorissam
2015 545 2101 576 soliti
2115 546 2301 586 gubernari,

1292 598 1415 628 ordinis
1434 598 1467 628 S.
1496 597 1676 634 Benedicti,
1699 597 1941 636 Andegavensis
1966 598 2131 629 dioecesis.
2158 598 2301 630 Eandem

1294 651 1531 689 indulgentiam
1550 650 1696 681 concedit
1716 651 1761 680 eis
1785 651 1839 690 qui
1861 651 2029 681 ecclesiam
2051 651 2147 691 hujus
2174 660 2302 683 monas-

1295 705 1366 735 terii
1389 706 1422 734 in
1451 705 1558 734 beatae
1588 704 1705 734 Mariae
1727 704 1952 735 festivitatibus
1980 705 2191 735 visitaverint.
2226 705 2298 737 Dat.

1295 759 1408 796 Reate,
1428 768 1445 788 x
1463 758 1617 788 kalendas
1631 758 1718 797 julii,
1735 767 1823 789 anno
1840 758 1992 789 secundo.

1365 933 1485 962 2⁰38

1332 996 1515 1031 Dispensatio
1531 1004 1618 1031 super
1634 995 1794 1031 pluralitate
1809 995 2024 1022 beneficiorum.
2040 994 2125 1029 (Rau.
2140 994 2186 1030 4⁴,
2201 1002 2226 1022 o·
2239 993 2303 1028 787.
2318 995 2321 998 ’
2348 1006 2351 1010 >

1294 1046 1312 1072 f.
1330 1045 1382 1072 ‘285
1398 1047 1449 1078 vo.)

1593 931 1960 966 Sainte-Marie-MaJeure,
1978 932 2017 958 1⁶¹·
2031 932 2135 960 fevi-ier
2152 931 2232 960 1290.

1335 1149 1478 1185 Mayistro
1498 1143 1657 1178 Guillelmo
1672 1148 1707 1177 de
1722 1147 1918 1183 Goliam-eriis,
1935 1147 2089 1184 capellano
2105 1151 2220 1182 nostro,
2234 1154 2305 1184 pre-

1292 1202 1387 1239 posito
1403 1201 1519 1230 ecclesie
1534 1201 1697 1239 Aquensis,
1714 1199 1860 1238 indulget
1877 1203 1920 1235 ut,
1941 1208 2005 1229 nna
2027 1207 2101 1229 cum
2119 1197 2252 1229 ecclesia
2266 1197 2306 1229 de

1297 1254 1455 1291 Brachio,
1481 1255 1644 1292 Aquensis
1669 1253 1843 1290 dioecesis,
1868 1252 2119 1292 praeposituram
2143 1251 2305 1291 Aquensis

1296 1307 1448 1338 ecclesiae
1463 1307 1601 1337 retinere
1616 1307 1730 1344 valeat,
1748 1316 1887 1346 eumque
1904 1311 2018 1346 purgat
2032 1315 2049 1336 a
2065 1305 2191 1336 macula
2207 1313 2305 1345 quam

1295 1361 1424 1391 easdem
1440 1360 1606 1390 ecclesiam
1620 1365 1650 1391 et
1663 1361 1917 1400 praeposituram
1933 1365 1964 1390 et
1982 1360 2148 1400 aliquanto
2165 1363 2305 1398 tempore

1296 1415 1474 1445 sacristiam
1497 1413 1650 1445 ecclesiae
1674 1414 1836 1454 Aquensis
1860 1414 1932 1444 sine
1957 1413 2197 1453 dispensatione
2218 1411 2302 1453 deti-
2318 1407 2343 1454 ‹-

1297 1477 1390 1506 nens,
1409 1468 1577 1498 contraxit.

1337 1533 1351 1549 ι
1378 1522 1524 1559 Benigno
1551 1527 1626 1551 sunt
1643 1521 1737 1551 tihi...
1765 1537 1804 1544 —
1821 1521 1892 1551 Dat.
1916 1521 2034 1558 Rome,
2052 1519 2136 1559 apud
2152 1519 2304 1551 Sanctam

1297 1575 1432 1606 Mariam
1452 1575 1626 1615 Maj0rem‚
1650 1574 1800 1606 kalendis
1822 1574 1995 1611 februarii,
2015 1582 2102 1605 anno
2117 1573 2267 1606 secundo.
2287 1584 2323 1620 ιθ.

1366 1751 1485 1779 2⁰39
1621 1749 1986 1784 Sainte-Marie-Majeure,
2001 1749 2017 1776 5
2032 1749 2137 1776 sevrier
2153 1749 2232 1777 1290.
2320 1757 2334 1777 ι·

1330 1813 1463 1840 Facultas
1486 1812 1652 1839 conferendi
1675 1811 1821 1839 beneficia.
1846 1811 1927 1846 (Rae.
1946 1811 1995 1842 44.
2012 1819 2038 1838 c.
2056 1811 2134 1845 7872,
2151 1811 2171 1838 f.
2185 1810 2238 1838 285
2254 1815 2302 1844 v⁶3
2331 1797 2337 1804 ⁴

1295 1861 1363 1889 Lar.
1382 1870 1415 1889 ou
1430 1861 1528 1893 Τυειι,
1545 1861 1581 1892 11.
1600 1861 1674 1894 372.)

1341 1964 1511 1994 Venerabili
1525 1964 1620 2000 fratri
1638 1963 1782 1999 Guidoni,
1799 1964 1933 2002 episcopo
1949 1963 2146 2001 Linqone‘nsi,
2170 1961 2334 2002 faculta--g

1297 2022 1360 2047 tem
1385 2016 1530 2048 concedit
1557 2017 1694 2047 faciendi
1720 2016 1818 2055 recipi
1840 2016 1919 2046 duas
1943 2024 2094 2055 personas
2113 2015 2148 2046 in
2173 2015 2326 2053 ecclesi&

1297 2069 1497 2109 Lingbnensi
1510 2071 1544 2100 in
1557 2070 1727 2100 canonicos
1741 2074 1771 2100 et
1786 2070 1819 2099 in
1832 2070 1944 2100 fratres
1958 2074 1987 2099 et
2003 2068 2191 2108 providendi
2207 2069 2254 2100 eis
2265 2067 2305 2101 de
2321 2084 2326 2091 -

1296 2124 1485 2164 praebendis
1503 2133 1566 2154 non
1584 2123 1842 2154 sacerdotalibus.

1338 2190 1350 2221 ᾳ
1378 2179 1480 2208 Tuam
1508 2177 1650 2208 volentes
1677 2177 1872 2207 honorare...
1903 2193 1943 2200 —
1974 2177 2043 2207 Dat.
2076 2175 2191 2215 Rome,
2221 2166 2310 2216 apud*

1297 2232 1446 2263 Sanctam
1475 2231 1609 2261 Mariam
1635 2231 1809 2270 Major-em,
1832 2230 1927 2262 nonis
1950 2230 2120 2267 februarii,
2145 2238 2232 2261 anno
2253 2237 2319 2261 se-.

1296 2286 1413 2316 cundo.
1435 2297 1449 2313 ι
2300 2279 2302 2286 '

1367 2458 1484 2488 zeno

1332 2521 1378 2548 Ad
1399 2520 1572 2547 solutionem
1589 2520 1750 2546 debitorum
1767 2519 1977 2547 Salamantinae
1992 2519 2142 2547 ecclesiae.
2162 2519 2243 2553 (Rae.
2259 2517 2306 2555 44„

1296 2579 1322 2598 c.
1341 2570 1401 2600 788,
1419 2570 1438 2596 s.
1455 2570 1506 2596 ‘285
1524 2571 1575 2602 v0.)

1556 2457 1920 2492 Sainte-Marie-Majeuro,
1939 2456 1970 2484 13
1986 2457 2138 2484 decembre
2154 2456 2232 2485 1289.

1344 2672 1511 2702 Venerabili
1527 2673 1622 2709 fratri
1638 2672 1688 2708 P..
1708 2673 1841 2710 episcopo
1856 2671 2088 2709 Salamantino,
2104 2670 2253 2710 indulget
2269 2665 2290 2706 ἱι

1296 2727 1432 2762 tructus,
1460 2725 1617 2763 redditus,
1635 2729 1806 2764 proventus
1828 2730 1858 2755 et
1882 2724 2090 2755 obventiones
2114 2724 2210 2764 primi
2224 2722 2305 2777 ⁸³3⁵}

1297 2780 1495 2820 portionum,
1524 2779 1794 2818 praebendarum,
1823 2782 2068 2818 personatuum,
2091 2778 2299 2817 dignitatum,-

1297 2833 1599 2873 praestimoniorum
1617 2837 1647 2863 et
1668 2832 1802 2863 aliorum
1823 2832 2053 2862 beneficiorum
2075 2830 2313 2869 ecclesiastieae*

1296 2897 1369 2918 rum
1393 2886 1523 2926 quaein
1543 2886 1685 2917 ecclesiis
1707 2886 1948 2917 Salamantinae
1969 2885 2123 2916 dioecesis
2145 2892 2246 2925 usque
2260 2875 2301 2916 ad

1295 2940 1557 2981 quinquennium
1577 2940 1736 2970 vacabunt
1752 2939 1926 2979 percipiat,
1944 2939 2174 2971 convertendos
2196 2939 2300 2970 inwo-

1294 2995 1449 3026 lutionem
1469 2994 1648 3024 debitorum
1665 2993 1903 3024 Salamantinae
1919 2993 2080 3024 ecclesiae.

1337 3061 1350 3076 ι
1380 3049 1555 3078 Personam
1582 3053 1666 3078 tuam
1695 3056 1768 3078 eo...
1793 3065 1831 3070 —
1859 3047 1930 3078 Dat.
1959 3047 2076 3085 Rome,
2101 3047 2185 3087 apud
2200 3045 2298 3078 Sanc·
