2342 3652
923 356 1150 396 Dnumen
1171 354 1327 394 ANNnE.
2111 372 2168 402 319

87 433 140 469 B.,
161 432 268 462 Sancti
287 431 411 461 Nicolai
435 432 468 461 in
487 431 621 461 Carcere
641 431 789 461 Tulliano
811 431 960 461 diaconos
985 431 1088 461 cardi-

86 485 188 521 nales,
207 484 345 523 palleum
361 485 508 514 exhiberi
526 484 610 514 facit.

127 549 139 566 «
158 537 309 567 Militanti
326 537 457 567 ecclesie
473 537 698 575 disponente...
713 553 750 558 —
767 537 838 568 Dat.
857 538 965 572 Reate,
986 545 1018 565 111
1035 544 1088 566 no-

85 599 141 621 nas
156 591 291 621 octobris
302 613 309 627 ,
327 599 413 620 anno
430 590 581 620 secundo.
605 602 618 616 »

160 749 179 776 Ι
188 749 273 777 699

121 811 305 846 privilegium
328 811 537 845 Burdegalensi
558 810 775 845 archiepiscopo
798 817 980 836 concessum.
1005 808 1085 843 (Rae.

85 861 126 892 44,
143 860 244 891 06123,
261 860 280 886 f.
300 860 349 886 253
366 865 411 890 v⁰;
432 859 499 886 Lar.
514 868 549 886 nn
569 858 667 889 Tame,
685 857 721 890 II,
742 858 814 890 312.)

665 746 755 780 Rieti,
773 748 786 772 7
803 747 919 773 octobre
938 746 1016 774 1289.

124 964 238 993 Eidem.
256 974 268 989 α
285 962 350 992 Tne
367 962 490 992 meritis
506 961 721 991 devotionis...
740 965 774 990 ut
789 964 915 997 statuta,
931 960 956 989 si
975 968 1037 998 qua
1053 960 1087 988 in

86 1016 221 1050 civitate,
235 1015 351 1045 diocesi
364 1023 399 1044 ac
412 1014 572 1053 provintia
585 1013 816 1051 Burdegalensi
829 1013 861 1042 in
875 1012 1088 1051 prejudicium

86 1068 185 1108 ipsius
208 1067 339 1097 ecclesie
357 1071 431 1097 sunt
457 1067 558 1102 edita,
579 1066 678 1105 possis
696 1070 760 1095 tam
780 1069 888 1096 nostra
905 1065 1088 1095 auctoritate

86 1130 182 1161 quam
208 1125 274 1157 tua,
300 1125 391 1159 prout
414 1121 537 1159 justum
560 1120 671 1155 fuerit,
690 1128 851 1155 revocare,
872 1119 1007 1148 liberam
1032 1118 1089 1147 tibi

85 1174 268 1204 auctoritate
300 1175 497 1212 presentium
529 1172 731 1203 concedimus
762 1173 982 1202 facultatem...
1010 1162 1084 1202 Dat.

88 1227 199 1262 Reate,
218 1227 311 1256 nonis
326 1227 479 1263 octobris,
497 1235 582 1256 anno
598 1226 747 1256 secundo.
770 1237 784 1252 ³>

162 1400 182 1427 Ι
192 1399 281 1428 *200
677 1398 763 1429 Rieti,
782 1399 795 1424 7
809 1398 926 1424 octobre
942 1397 1020 1425 1289.

123 1462 255 1488 Facultas
271 1461 395 1488 habendi
411 1461 497 1487 altare
512 1461 652 1496 portatile.
671 1460 753 1494 (Rue.
768 1461 811 1495 44,
823 1469 848 1487 c.
861 1460 934 1494 6232,
948 1461 966 1486 f.
979 1460 1030 1487 253
1047 1467 1090 1492 νος

88 1510 154 1537 Lu).
170 1519 205 1537 nu
218 1509 315 1543 Tuam,
333 1509 370 1543 ΙΙ,
389 1509 438 1536 312
455 1511 505 1541 v0.)

127 1613 241 1642 Eidem.

130 1677 142 1691 «ι
165 1664 352 1694 Devotionis
370 1669 421 1694 tue
437 1664 619 1702 precibus...
637 1681 676 1685 —
691 1665 763 1694 Dat.
782 1668 814 1694 ut
830 1673 935 1703 supra.
958 1676 970 1690 n

162 1836 274 1866 1201
676 1837 762 1868 Rieu,
780 1838 793 1864 7
811 1837 926 1864 octobre
943 1837 1020 1864 1289.

121 1899 253 1926 Facultas
283 1899 485 1925 reconciliandi
507 1907 558 1934 per
584 1899 670 1926 alium
696 1899 834 1926 ecclesias
859 1902 887 1925 et
911 1898 1093 1926 coemeteria.

85 1947 166 1982 (Rae.
185 1948 227 1983 44,
244 1956 269 1975 c.
287 1947 361 1981 623³,
379 1947 398 1974 f.
415 1947 466 1974 253
484 1955 529 1978 νος
549 1947 616 1974 LAP.
633 1957 668 1975 nu
685 1948 783 1979 Tenus,
800 1948 838 1982 II,
856 1948 928 1980 313.)

125 2051 239 2080 Eidem.

127 2116 140 2131 n
162 2103 370 2142 Exigentibus
388 2108 439 2133 tue
454 2102 671 2134 devotionis...
686 2120 724 2125 —
742 2105 810 2134 Dat.
830 2108 864 2134 ut
879 2113 984 2144 snpra.
1008 2116 1020 2130 n

160 2275 272 2304 {³2⁰2
674 2277 761 2312 Rieu,
779 2278 792 2304 7
809 2277 926 2304 octobre
943 2277 1021 2305 1289.

123 2337 255 2364 Facultas
272 2339 389 2365 missam
406 2339 569 2365 celebrandi
591 2340 634 2365 vel
656 2338 791 2366 audiendi
807 2343 958 2374 antequam
976 2339 1094 2366 illuces-

91 2389 134 2412 cat
148 2386 219 2413 dies.
233 2386 314 2420 (Rae.
333 2387 383 2418 44,
401 2395 426 2413 c.
441 2387 506 2418 624,
523 2388 543 2414 f.
560 2388 611 2414 253
628 2394 675 2420 v⁰;
694 2388 758 2415 [1111).
778 2397 811 2415 nu
826 2388 935 2421 Tuam,
954 2387 979 2414 II
992 2410 998 2422 ,
1021 2388 1094 2421 314.)

128 2490 242 2524 Eidem.

131 2554 142 2569 α
164 2543 351 2573 Devotionis
369 2548 420 2573 tue
434 2544 620 2582 precibus..
636 2561 676 2566 —
692 2545 762 2574 Dat.
783 2548 815 2574 ut
831 2554 938 2584 supra.
960 2557 973 2572 »

164 2716 182 2743 Ι
193 2716 278 2744 ἵο3

127 2776 257 2804 Facultas
273 2778 441 2805 absolvendi
463 2779 497 2804 ab
514 2779 822 2806 excommunicationis
838 2781 990 2808 sententia.
1015 2780 1098 2814 (Rae,

94 2825 141 2856 44,
157 2834 182 2852 c.
200 2826 272 2860 6242,
290 2827 308 2852 f.
324 2827 376 2853 ⁶253
390 2833 436 2857 νος
455 2826 523 2853 LAP.
538 2835 573 2853 nu
588 2827 687 2858 Tneu„
704 2826 741 2862 ΙΙ,
759 2828 807 2854 314
826 2828 875 2859 νο.)

673 2717 760 2750 Rieti,
779 2718 792 2743 7
811 2717 927 2743 octobre
946 2717 1024 2744 1289.

132 2928 233 2956 Eidem
251 2928 432 2958 facultatem
458 2929 602 2958 concedit
618 2929 804 2959 absolvendi
829 2929 945 2967 viginti
969 2930 1098 2959 clericos

95 2988 167 3010 suae
199 2981 348 3011 dioecesis
379 2982 418 3011 ab
448 2982 790 3012 excommunicationis
819 2983 976 3011 sententia
1002 2992 1097 3021 quam

97 3041 150 3071 pro
170 3033 307 3063 violenta
324 3043 479 3064 manuum
503 3035 675 3073 injectione
698 3035 730 3064 111
754 3043 903 3073 personas
929 3035 1096 3066 ecclesias-

1172 431 1247 460 ticas
1273 431 1478 468 incurrerint,
1504 437 1533 462 et
1561 434 1764 473 dispensandi
1790 443 1863 465 cum
1881 436 1925 465 eis
1943 436 1996 474 qui
2016 437 2060 466 sic
2077 437 2168 475 ligati

1169 483 1436 520 irregularitatem
1455 487 1679 516 contraxerint.

1216 548 1227 561 ι
1246 535 1289 565 Ut
1305 545 1340 566 eo
1355 538 1559 574 gratiosior...
1579 557 1616 560 —
1635 540 1704 570 Dat.
1722 544 1755 570 ut
1771 550 1875 579 supra.
1896 554 1908 568 n

1246 708 1360 736 1204
1755 713 1841 744 Rieti,
1857 714 1871 740 7
1888 715 2003 741 octobre
2020 715 2097 742 1289.

1207 767 1313 795 Contra
1337 771 1476 797 moniales
1492 772 1674 800 simoniacas.
1692 774 1773 807 (Rae.
1792 775 1841 809 44,
1863 783 1888 802 0.
1911 776 1990 809 624³,
2006 777 2025 803 f,
2051 776 2101 804 253
2126 783 2168 810 νος

1173 816 1239 843 Lu).
1256 827 1291 845 Du
1306 818 1403 852 Tum,
1420 819 1457 851 ΙΙ,
1475 821 1525 847 315
1541 823 1592 854 v0.)

1212 919 1315 948 Eidem
1332 919 1512 950 facultatem
1530 922 1674 951 concedit
1691 923 1879 961 procedendi
1895 929 2002 954 contra
2018 926 2172 956 moniales

1172 979 1246 1000 suae
1270 971 1422 1002 dioecesis
1445 981 1526 1010 quae
1550 973 1585 1002 in
1618 976 1818 1005 monasteriis
1841 985 1895 1014 per
1924 978 2095 1007 simoniam
2122 988 2172 1009 re-

1172 1027 1278 1061 ceptae
1305 1025 1384 1062 sint,
1418 1030 1448 1055 et
1478 1030 1588 1056 contra
1617 1037 1767 1065 personas
1791 1038 1871 1067 quae
1898 1039 1949 1059 eas
1980 1031 2171 1069 receperint,

1175 1088 1188 1102 α
1208 1078 1383 1107 secundum
1403 1082 1517 1108 statuta
1537 1080 1665 1109 concilii
1682 1081 1857 1118 generalis,
1876 1082 1958 1112 edita
1973 1087 2082 1113 contra
2097 1083 2175 1114 alias

1173 1139 1323 1167 personas
1349 1140 1410 1169 que
1436 1136 1508 1161 ante
1534 1132 1638 1171 ipsum
1664 1142 1719 1171 per
1744 1134 1932 1172 pravitatem
1956 1136 2176 1174 symoniacam

1173 1183 1303 1213 fuerunt
1323 1189 1462 1222 recepte,
1482 1186 1616 1224 pecunia
1641 1186 1743 1215 taliter
1763 1191 1903 1225 recepta,
1921 1188 1948 1217 si
1966 1197 2018 1218 eas
2036 1190 2177 1219 amoveri

1173 1237 1360 1274 contigerit,
1377 1238 1408 1267 in
1428 1238 1598 1268 utilitatem
1615 1239 1757 1269 locorum
1774 1240 1813 1269 ad
1828 1250 1889 1279 que
1907 1242 2090 1271 transmisse
2108 1242 2175 1272 fue—

1173 1290 1251 1326 rint,
1268 1299 1308 1319 ne
1322 1291 1387 1320 sint
1402 1299 1533 1321 onerose
1549 1291 1626 1321 locis
1643 1292 1837 1331 hujusmodi,
1855 1295 2076 1331 convertenda,
2093 1295 2178 1325 eteis

1174 1352 1235 1381 que
1258 1348 1444 1382 receperunt
1468 1345 1551 1383 ipsas
1573 1345 1612 1374 ad
1631 1346 1863 1376 restitutionem
1892 1347 2016 1377 illius...
2039 1348 2176 1387 compel-

1174 1396 1290 1426 lendis.
1311 1409 1323 1423 n

1216 1462 1229 1476 α
1251 1449 1338 1479 Sicut
1355 1454 1383 1479 te
1398 1450 1604 1480 intimante...
1622 1468 1660 1472 —
1676 1452 1747 1482 Dat.
1766 1457 1798 1481 ut
1814 1461 1918 1491 supra.
1940 1466 1954 1479 »

1250 1637 1368 1666 1205
1759 1639 1847 1672 Rieti,
1866 1641 1879 1666 7
1897 1641 2011 1667 octobre
2029 1641 2104 1668 1289.

1211 1698 1316 1725 Contra
1325 1700 1483 1725 usurarios.
1494 1699 1576 1732 (Rae.
1589 1700 1631 1734 44,
1642 1701 1736 1734 0625,
1750 1701 1769 1727 f.
1781 1701 1833 1728 253
1845 1707 1874 1727 v⁰
1887 1701 1973 1733 ς-Ι1Α1).
1990 1711 2024 1729 nu
2038 1702 2138 1733 Tuan„
2148 1712 2177 1735 11,

1176 1748 1226 1775 316
1244 1749 1295 1781 v⁰.)

1215 1851 1331 1880 Eidem.
1353 1860 1367 1879 t(
1388 1852 1501 1881 Petitio
1528 1855 1580 1881 tua
1605 1852 1697 1881 nobis
1723 1852 1863 1882 exhibita
1888 1853 2070 1883 continebat
2096 1854 2179 1892 quod

1175 1903 1326 1933 nonnulli
1344 1904 1482 1934 usurarii
1501 1909 1551 1934 tue
1568 1905 1704 1935 civitatis
1724 1909 1753 1934 et
1774 1905 1921 1942 diocesis⁷
1938 1915 2011 1936 cum
2030 1907 2065 1935 in
2088 1907 2178 1936 infir-

1175 1958 1338 1988 mitatibus
1356 1958 1507 1996 gravibus
1526 1959 1726 1995 detinentur,
1743 1963 1777 1988 ut
1795 1959 1839 1988 eis
1856 1964 2052 1989 sacramenta
2077 1960 2178 1990 eccle-

1175 2011 1300 2040 siastica
1332 2019 1395 2040 non
1428 2016 1584 2049 negentur
1596 2035 1604 2048 ,
1633 2016 1664 2041 et
1693 2012 1938 2041 ecclesiasticam
1967 2017 2092 2050 propter
2121 2012 2180 2042 hoc

1175 2065 1331 2102 effugiant
1356 2065 1576 2103 disciplinam,
1592 2066 1701 2095 omnia
1720 2066 1802 2095 bona
1821 2075 1878 2095 sua
1894 2066 1926 2094 in
1946 2066 2179 2096 restitutionem

1175 2118 1329 2156 deputant
1354 2127 1540 2155 usurarum,
1567 2119 1620 2148 sed
1647 2119 1782 2148 restituti
1808 2118 2006 2157 postmodum
2031 2119 2177 2155 sanitati,

1177 2180 1288 2200 usuras
1313 2171 1499 2210 hujusmodi
1525 2171 1689 2201 restituere
1712 2171 1854 2201 indebite
1879 2172 2110 2201 contradicunt.
2130 2172 2179 2202 Ne

1175 2224 1273 2262 igitur
1286 2224 1361 2254 dicti
1377 2225 1513 2254 usurarii
1528 2224 1566 2254 de
1583 2233 1640 2254 sua
1656 2224 1777 2254 malitia
1790 2234 1822 2254 se
1838 2225 2004 2254 comodum
2020 2225 2179 2262 gaudeant

1177 2282 1368 2316 reportasse,
1388 2278 1577 2308 fraternitati
1595 2282 1645 2307 tue
1663 2287 1717 2316 per
1732 2278 1902 2316 apostolica
1919 2278 2032 2315 scripta
2047 2278 2178 2306 manda-

1176 2340 1248 2360 mus
1265 2335 1433 2369 quatenus,
1448 2332 1473 2359 si
1487 2335 1533 2360 est
1548 2331 1600 2368 ita,
1613 2332 1774 2361 usurarios
1791 2331 1875 2369 ipsos
1889 2331 1927 2360 ad
1944 2331 2178 2360 restitutionem

1178 2384 1365 2423 hujusmodi
1386 2384 1582 2421 faciendam,
1600 2384 1778 2414 monitione
1802 2385 1970 2423 premissa⁷
1991 2393 2045 2422 per
2063 2392 2177 2422 penam

1177 2438 1209 2466 in
1228 2438 1433 2467 Lateraueusi
1449 2437 1585 2467 concilio
1601 2443 1710 2467 contra
1723 2438 1885 2467 usurarios
1901 2437 2029 2474 editam,
2041 2435 2177 2474 appella-

1179 2491 1264 2520 tione
1281 2495 1416 2527 remota,
1436 2490 1618 2528 compellas.
1637 2490 1708 2519 Dat.
1729 2494 1880 2528 utsupra.
1904 2502 1916 2515 n

1254 2662 1370 2690 120ss

1215 2724 1429 2749 Tabellionatus
1445 2724 1582 2749 officium.
1600 2723 1681 2756 (Rue.
1700 2724 1742 2755 44,
1760 2731 1785 2749 c.
1807 2723 1878 2756 62:32,
1896 2723 1913 2748 f.
1931 2723 1980 2748 ‘254
1997 2728 2037 2753 1·⁰;
2060 2722 2125 2749 Lm).
2145 2731 2179 2749 nu

1180 2773 1277 2803 Tacit,
1295 2772 1331 2803 ΙΙ,
1351 2772 1421 2806 317.)

1766 2661 1851 2690 Ricti,
1869 2662 1882 2686 7
1899 2660 2013 2686 octobre
2031 2660 2107 2687 1289.

1220 2876 1322 2904 Eidem
1352 2874 1530 2902 facultatem
1561 2873 1702 2902 concedit
1731 2872 1913 2902 conferendi
1942 2873 1999 2902 uni
2028 2881 2181 2910 personae

1183 2928 1405 2957 tabellionatus
1422 2926 1573 2955 officium.

1222 2994 1234 3007 (1
1265 2982 1311 3010 Ne
1338 2983 1556 3009 contractuum
1581 2980 1770 3009 memoria...
1793 2996 1830 3001 —
1853 2980 1921 3009 Dat.
1951 2979 2061 3015 Reate,
2086 2980 2182 3009 nouis

1180 3035 1329 3065 octobris.
1348 3041 1433 3062 auno
1452 3032 1600 3061 secundo.
1628 3044 1639 3058 11
