2477 3637
317 425 370 456 ¹94
1059 411 1295 444 REGISTRES
1317 412 1372 442 DE
1394 409 1578 440 NICOLAS
1602 408 1656 438 IV.

316 491 379 521 lam
398 488 595 522 tradidisset,
614 485 712 515 abbas
729 481 916 513 monasterii
938 482 1045 511 Bonae
1062 479 1172 514 vallis,
1197 478 1316 508 Cister-

313 544 429 574 ciensis
445 541 583 571 ordinis.
601 535 820 568 Rntlienensis
837 533 1008 569 dioecesis,
1024 532 1158 562 eandem
1173 530 1316 569 regulam

315 597 354 627 de
378 594 526 625 mandato
550 590 724 623 Clementis
744 598 839 627 papae
858 587 1070 617 contii-mavit.
1093 585 1182 622 Quod
1210 589 1316 614 autem

316 649 494 680 [ecitabbas
514 655 598 675 nunc
617 653 693 683 papa
709 642 886 673 confirmat.

359 715 370 729 ι
393 702 473 731 Cum
492 710 508 729 a
528 699 654 729 nobis...
677 713 713 718 -
733 696 802 726 Dat.
829 695 948 730 llome,
974 693 1057 732 apud
1076 693 1226 722 Sanctam
1249 691 1316 721 Ma-

315 757 393 786 riani
419 754 588 792 Majoreni,
612 760 630 780 x
648 749 801 780 kalendas
821 747 914 782 maii,
936 755 1021 776 anuo
1039 745 1189 776 secundo.
1217 757 1230 771 n

386 940 472 968 8911
645 931 998 966 Sainte-Marie-Majeure
1010 952 1017 964 ,
1033 930 1067 957 ‘2²3
1083 930 1150 956 avril
1172 928 1246 955 1289.

350 1002 505 1029 Confirmat
527 997 764 1035 permutationem
781 997 854 1023 inter
879 994 1019 1029 hospitale
1035 993 1069 1020 de
1085 993 1152 1019 Atio
1177 991 1268 1018 Braco
1293 995 1321 1016 et

317 1054 484 1089 episcopum
509 1049 725 1076 Rutlienensem
742 1046 854 1073 sat-tani.
873 1044 956 1077 (Rau.
975 1043 1006 1070 44
1019 1065 1026 1077 ‚
1043 1051 1069 1070 c.
1090 1042 1152 1075 176,
1170 1042 1188 1068 f.
1210 1042 1256 1067 146
1273 1046 1318 1071 V⁰;

318 1103 383 1129 Lar.
402 1110 435 1128 nc
450 1100 553 1130 Triste,
572 1097 620 1130 ΙΙ.)

359 1211 486 1240 Eisdem.
506 1221 519 1234 «ι
539 1207 620 1238 Cum
639 1215 657 1236 a
675 1205 765 1235 nobis
843 1203 923 1233 Cum
942 1203 973 1231 in
991 1201 1122 1231 ecclesia
1138 1199 1244 1229 Sancti
1260 1198 1323 1228 Eli-

318 1265 361 1303 gii
384 1264 422 1292 ad
451 1262 630 1300 episcopum
659 1258 898 1288 nuthenensem
923 1255 977 1293 qui
996 1259 1080 1284 extat
1102 1262 1157 1292 pro
1183 1256 1323 1290 tempore

318 1316 475 1347 institutio
491 1319 520 1343 et
536 1312 697 1343 destitutio
711 1314 865 1349 spectaret
881 1308 1022 1343 rectoris,
1038 1312 1067 1336 et
1081 1306 1215 1336 ecclesia
1230 1305 1323 1334 Beate

319 1370 419 1400 Mai-ie
441 1367 567 1396 liris-ere
590 1365 629 1394 de
645 1363 790 1398 Conder,
810 1361 1026 1391 llutlieneusis
1042 1359 1194 1394 diocesis,
1213 1357 1322 1395 bospi-

320 1423 373 1453 tali
391 1427 492 1450 restro
508 1420 545 1449 dc
566 1420 636 1448 Atto
656 1418 754 1447 Brito»
773 1420 854 1445 esset
874 1414 965 1452 pleno
978 1415 1051 1451 jure
1068 1413 1220 1450 subjecta,
1239 1410 1321 1440 idem

319 1476 482 1514 episcopus
496 1496 502 1507 ‚
523 1473 560 1501 de
578 1479 735 1500 consensu
759 1469 807 1497 sui
830 1466 980 1506 capituli,
1007 1472 1037 1495 et.
1053 1474 1108 1495 vos
1125 1465 1162 1493 de
1183 1462 1323 1493 ecclesiis

318 1529 410 1567 ipsis,
425 1534 548 1556 necnon
563 1528 592 1554 et
607 1522 796 1562 quibusdam
815 1521 914 1555 terris,
932 1518 1184 1558 possessionibus
1196 1521 1226 1546 et
1242 1524 1323 1545 non-

319 1581 419 1612 nullis
441 1580 536 1614 locis,
559 1577 710 1607 censibus
730 1581 759 1605 et
783 1574 877 1604 rebus
902 1573 988 1607 aliis,
1015 1572 1054 1602 ad
1078 1570 1217 1601 eundem
1239 1569 1323 1608 epis-

318 1644 431 1674 copum
451 1638 479 1663 et
497 1641 549 1661 vos
567 1630 697 1660 divisim
718 1628 951 1667 spectantibus,
969 1626 1167 1656 considerata
1186 1623 1323 1662 partium

321 1687 505 1719 earumdem
524 1689 634 1714 mutua
651 1682 787 1712 utilitate
805 1680 952 1718 diligenti
965 1675 1206 1714 deliberatione,
1218 1684 1323 1715 quan·

321 1742 393 1771 dam
412 1738 675 1779 permutationem
693 1735 811 1765 fecistis
830 1734 993 1773 providam
1013 1732 1224 1767 etsalnbrem,
1241 1730 1326 1759 inter

322 1800 424 1825 cetera
445 1792 663 1823 continentem
685 1788 768 1827 quod
789 1796 842 1817 vos
865 1787 1006 1826 aliquem
1033 1787 1161 1815 l'ratrem
1182 1783 1326 1823 ejusdem

324 1847 509 1887 hospitalis,
534 1844 774 1883 presbyterum,
798 1842 836 1871 ad
858 1842 1009 1880 prefatam
1033 1839 1199 1870 ecclesiam
1218 1838 1327 1868 Sancti

324 1900 438 1939 Eligit,
465 1908 537 1929 cum
561 1901 670 1933 vacat,
695 1900 876 1935 presentare
901 1894 984 1924 dicto
1003 1894 1159 1932 episcopo,
1176 1892 1328 1930 idemque

324 1955 487 1994 episcopus
514 1952 619 1991 ipsum
635 1950 669 1979 in
686 1958 722 1979 ea
737 1949 921 1984 instituere,
940 1948 965 1976 si
993 1947 1122 1986 aliquod
1141 1954 1205 1976 non
1225 1945 1328 1975 obsis-

327 2011 368 2038 tat
398 2005 611 2040 canonicum,
637 2003 831 2039 teneamini,
857 2010 915 2032 uec
938 2000 1122 2039 hujusmodi
1143 1999 1327 2029 institutum

325 2061 364 2091 ab
379 2061 446 2099 ipso
463 2059 606 2098 episcopo
621 2058 660 2087 ab
676 2057 786 2086 eadem
806 2055 938 2085 ecclesia
952 2054 1059 2084 Sancti
1074 2053 1213 2091 Remigii
1227 2061 1330 2082 remo-

327 2122 398 2143 vere
424 2110 634 2150 presumatis,
661 2109 744 2139 dicto
766 2108 911 2147 episcoto
936 2107 1152 2137 inconsulto...
1180 2106 1245 2136 Nos
1270 2106 1330 2135 ita-

326 2176 398 2205 que,
411 2165 521 2194 vestris
537 2163 818 2202 supplicationibus
828 2162 985 2197 inclinati,
998 2161 1262 2200 permutationem
1273 2160 1330 2189 hu-

324 2218 486 2258 jusmodi,
523 2218 603 2247 sicut
638 2215 766 2255 provide
805 2216 886 2245 iacta
915 2220 980 2251 est,
1014 2219 1112 2244 ratam
1145 2219 1174 2243 et
1209 2217 1330 2251 gratam

328 2272 491 2308 habentes,
509 2279 579 2300 eam
590 2269 776 2299 auctoritate
789 2268 960 2307 apostolica
973 2270 1239 2298 confirmamus...
1261 2266 1330 2296 Dat.

331 2330 363 2356 ut
378 2335 483 2364 supra.
511 2337 523 2351 n

403 2511 483 2540 891

368 2573 551 2605 privilegium
565 2572 786 2607 jurisdictionis.
804 2572 887 2603 (Rau.
907 2572 937 2598 44
949 2593 955 2605 ,
973 2580 997 2598 c.
1020 2571 1064 2598 177
1076 2592 1083 2604 ‚
1101 2571 1120 2597 f.
1142 2570 1188 2598 146
1206 2575 1249 2600 νος
1267 2569 1334 2596 ΒΜ».

332 2631 365 2650 ου
381 2622 485 2652 Titan..
505 2621 546 2655 ΙΙ,
564 2621 619 2653 88,)

670 2508 1032 2543 Sainte-Mai-ie-Majeure,
1050 2508 1082 2534 22
1099 2508 1168 2534 avril
1188 2507 1264 2535 1289.

374 2725 500 2754 Eisdem.
519 2736 532 2751 α
553 2724 665 2753 Pacem
681 2729 711 2753 et
724 2723 864 2763 quietem
881 2732 1047 2762 procurare
1063 2723 1162 2759 vobis,
1178 2725 1336 2761 quantum

333 2787 405 2808 cum
429 2779 493 2808 Deo
512 2787 696 2816 possumus,
717 2777 937 2814 intendentes,
961 2777 1072 2807 vestris
1095 2775 1336 2815 supplicationi-

335 2831 393 2861 bus
411 2831 568 2866 inclinati,
589 2835 621 2861 ut
638 2839 690 2861 vos
708 2831 756 2861 vel
772 2830 887 2870 aliquis
900 2835 1039 2860 vestrum
1051 2829 1240 2860 clericorum
1254 2827 1341 2858 obla-

337 2887 437 2913 torum
461 2888 491 2913 et
511 2892 653 2913 sororum
676 2884 818 2923 ejusdem
841 2883 1022 2923 hospitalis,
1043 2882 1216 2912 dummodo
1238 2880 1338 2921 parati

337 2936 405 2965 sitis
425 2937 456 2965 in
474 2937 600 2966 civitate
616 2942 647 2966 et
663 2937 781 2967 diocesi
797 2937 1001 2967 Ruthenensi
1019 2941 1100 2966 stare
1115 2927 1181 2975 ”juri
1195 2959 1202 2973 ‚
1218 2943 1274 2974 per
1290 2934 1338 2963 lit-

339 2993 418 3018 teras
441 2990 524 3018 swlis
541 2990 708 3028 apostolice
727 2990 775 3020 vel
789 2990 965 3028 legatorum
987 2991 1056 3029 eJus
1074 2990 1268 3028 impetratas,
1285 2995 1341 3026 per

338 3051 417 3080 quas
433 3043 575 3072 nonduin
594 3043 634 3072 sit
649 3045 688 3073 ad
705 3044 888 3074 citationem
900 3052 1093 3083 processum,
1108 3042 1158 3073 vel
1173 3042 1270 3072 etiam
1281 3041 1342 3070 im—

341 3095 518 3133 petrandas,
529 3100 614 3124 extra
621 3096 774 3126 diocesim
785 3097 919 3126 eandem
930 3105 992 3126 non
1004 3097 1127 3135 possitis
1137 3094 1342 3134 adjudicium

1399 475 1539 509 evocari,
1562 474 1626 503 nisi
1645 473 1728 502 dicte
1743 471 1848 501 littere
1864 470 2064 509 impeti-ande
2083 470 2210 509 plenam
2227 474 2258 500 et
2278 478 2403 509 expres-

1399 538 1465 559 sam
1481 528 1519 558 de
1534 527 1628 557 verbo
1641 526 1679 555 ad
1690 525 1821 556 verbum
1832 524 1871 554 de
1881 524 1940 554 hac
1952 523 2106 561 indulgen
2113 524 2154 553 tia
2164 523 2299 554 fecerint
2310 531 2402 554 men-

1401 584 1535 618 tionem,
1553 580 1740 611 auctoritate
1755 579 1844 609 vobis
1864 577 2062 617 presentium
2077 577 2294 615 indulgemus.
2314 576 2404 611 Nulli

1399 645 1473 674 ergo
1496 640 1554 665 etc.
1581 638 1687 664 nostre
1705 631 1921 663 concessionis
1947 635 2006 661 etc.
2028 630 2099 660 Dat.
2118 635 2274 668 utsupra.
2298 641 2310 656 ι

2396 680 2414 700 0

2217 707 2230 723 ο
2387 711 2390 717 .

1470 794 1557 823 892
1734 789 2099 824 Sainte-Marie-Majeure,
2118 788 2150 816 ⁶2⁵2
2169 788 2240 816 avril
2257 786 2332 816 1289.

1438 856 1584 883 Fratribus
1614 855 1723 882 ordinis
1747 853 1974 889 praedicatorum
2003 852 2199 887 inquisitionis
2225 849 2392 883 officium..{2

1400 915 1488 941 regno
1512 905 1625 932 Siciliae
1654 910 1681 930 ct
1705 904 1820 931 civitate
1844 902 2046 929 Beneventana
2070 901 2232 928 committit.
2258 899 2340 936 (Rae.

1399 964 1425 983 c.
1442 956 1488 982 178
1503 977 1508 986 ,
1526 956 1544 981 f.
1566 955 1612 981 146
1629 954 1680 986 vu.)

1443 1058 1563 1087 Dilectis
1585 1057 1662 1094 filiis
1679 1056 1831 1092 fratribus
1847 1054 1966 1084 ordinis
1986 1053 2224 1090 predicatorum,
2243 1051 2351 1090 inqu*
2379 1053 2399 1067 ‘²

1404 1113 1490 1140 ribus
1510 1111 1635 1139 heretice
1657 1109 1822 1147 pravitatis
1843 1109 1875 1137 in
1898 1116 1990 1145 refluo
2019 1104 2122 1136 Sicilie
2140 1113 2258 1135 necnon
2280 1105 2314 1134 in
2353 1104 2383 1149 ⁸,

1405 1169 1464 1193 tale
1500 1164 1707 1192 Beneventum
1739 1167 1764 1191 et
1795 1162 1857 1198 ejus
1887 1161 2029 1189 districtu
2058 1159 2210 1197 deputatis
2230 1157 2350 1189 ιιιισεονί
2368 1154 2394 1190 ιτῖ·

1403 1217 1567 1254 apostolica
1583 1221 1609 1244 et
1627 1217 1658 1245 in
1673 1220 1826 1253 posterum
1845 1213 2036 1252 deputandis.
2049 1224 2063 1238 α
2078 1212 2138 1241 Pre
2153 1210 2277 1242 cunctis
2295 1200 2410 1244 menri·

1406 1274 1512 1299 nostre
1528 1268 1793 1298 desiderabilibus
1811 1266 1966 1297 catholice
1979 1266 2215 1296 incrementum
2231 1264 2306 1294 fidei
2325 1285 2330 1290 .
2348 1268 2353 1289 i
2369 1276 2393 1298 ι,

1407 1327 1524 1359 lantes,
1547 1322 1645 1352 nimio
1663 1322 1772 1360 utique
1792 1321 1899 1351 dolore
1920 1319 2080 1358 replemur
2094 1317 2337 1349 cumaudimus
2356 1310 2394 1355 „isi

1405 1384 1483 1414 quos
1509 1375 1557 1405 vel
1579 1375 1735 1405 sentimus
1757 1374 1796 1404 ad
1816 1374 1905 1404 illius
1926 1373 2164 1412 depressionem
2187 1371 2402 1420 qualicumg‘

1405 1428 1606 1467 malignitate
1627 1433 1788 1467 satagere,
1817 1427 1864 1458 vel
1890 1425 2149 1466 dampnabilibus
2173 1426 2276 1464 ipsam
2299 1423 2385 1464 dep

1407 1482 1511 1512 vando
1540 1482 1864 1520 reprehensionibus,
1890 1486 1945 1511 aut
1967 1479 2216 1510 detractionibus
2235 1478 2266 1509 ei
2283 1478 2396 1520 εἴη-ᾳ,-

1407 1535 1525 1565 bilibus
1550 1535 1753 1573 derogando,
1774 1544 1829 1565 seu
1847 1534 2037 1565 commentis
2053 1533 2188 1563 eandem
2205 1531 2394 1565 mendacib

1407 1589 1633 1628 pervertendo,
1655 1589 1695 1618 ad
1717 1597 1853 1627 qnorum
1875 1589 1988 1627 iniqua
2015 1586 2230 1617 construenda
2246 1585 2393 1624 mohnj

1407 1652 1443 1673 eo
1475 1643 1653 1672 animosius
1690 1642 1870 1681 aspiramus
1908 1649 1970 1680 quo
2002 1641 2035 1670 in
2063 1640 2248 1670 animarum
2275 1643 2388 1677 strag

1407 1697 1612 1736 pernities-ius
1641 1705 1693 1726 eos
1722 1696 1926 1733 agnoscimus
1959 1694 2154 1733 conspirare.
2177 1693 2280 1730 Sane,
2311 1695 2390 1728 uhi

1408 1751 1570 1789 cepimus,
1607 1750 1642 1779 in
1675 1749 1836 1788 aliquibus
1869 1748 2011 1787 partibus
2042 1747 2133 1786 regni
2162 1746 2287 1785 Sicilie,
2316 1755 2344 1780 c
2370 1735 2374 1738 ’

1409 1804 1544 1834 simoin
1567 1802 1695 1833 Christo
1723 1802 1790 1833 filio
1816 1806 1923 1833 nostro
1945 1801 1999 1839 C.‚
2029 1801 2148 1831 illustri
2180 1800 2302 1840 Sycilie
2331 1809 2395 1837 1¹¹2ss

1409 1857 1559 1897 subjectis
1571 1880 1579 1894 ,
1609 1857 1687 1887 adeo
1717 1855 1916 1886 infidelitatis
1947 1863 2036 1885 error
2065 1854 2222 1891 invaluit,
2254 1853 2340 1892 quod

1409 1910 1640 1950 quamplurimi
1660 1918 1678 1939 a
1701 1909 1753 1939 via
1773 1909 1914 1942 veritatis
1935 1917 2062 1947 prorsus
2081 1908 2201 1944 aversi,
2225 1910 2338 1938 euntes
2352 1913 2391 1949 251,

1410 1964 1539 1994 devium
1558 1963 1719 2000 falsitatis,
1741 1962 1905 2001 pestiferas
1919 1962 1960 1991 ad
1977 1961 2232 1992 concutiendum
2246 1960 2351 1992 ortho·
2366 1964 2386 1990 νε·

1412 2026 1541 2047 murum
1560 2017 1636 2046 fidei
1653 2016 1820 2046 machinas
1835 2018 2036 2050 construant,
2056 2015 2224 2045 molientes
2241 2014 2354 2054 ipsam>
2367 2013 2388 2035 =·'·?

1410 2071 1528 2102 lacium
1549 2069 1865 2108 argumentationum
1885 2068 2078 2107 impulsibus
2100 2068 2260 2100 demoliri.
2277 2067 2349 2104 Ver*
2368 2068 2389 2111 5?

1412 2124 1487 2155 licet
1511 2123 1643 2154 ubilibet
1663 2122 1746 2153 sedis
1772 2121 1942 2161 apostolice
1969 2121 2138 2160 diligentia
2166 2125 2276 2152 contra
2309 2119 2384 2156 tal*

1413 2166 1552 2208 dolosam
1569 2177 1730 2213 astutiam,
1747 2185 1787 2206 ne
1803 2176 1951 2206 diffusius
1966 2175 2152 2214 hujusmodi
2165 2180 2388 2223 serpatmor

1416 2232 1594 2263 remedium
1611 2231 1750 2260 libenter
1765 2229 1916 2259 adhibeat
1934 2234 2139 2268 oportunum,
2156 2229 2191 2259 in
2207 2225 2385 2269 predictis*

1417 2295 1490 2317 nien
1519 2285 1662 2324 partibus
1686 2283 1851 2322 cupientes
1877 2283 2001 2320 ancxie,
2028 2286 2060 2312 ut
2088 2283 2250 2321 negotium
2266 2281 2387 2326 fideij

1416 2340 1569 2380 profectu,
1583 2338 1670 2368 elisis
1685 2337 1819 2367 omnino
1831 2336 2025 2376 quibuslibet
2040 2337 2211 2375 erroribus,
2222 2336 2334 2371 fortius
2351 2341 2382 2376 «vis
2399 2369 2402 2372 ,

1417 2394 1567 2429 valescat,
1593 2391 1726 2430 vigilare
1742 2391 1782 2421 ad
1802 2391 1880 2428 hec,
1899 2399 1952 2430 per
1973 2399 2030 2421 nos
2046 2394 2077 2421 et
2090 2390 2188 2428 alios,
2207 2399 2244 2422 eo
2261 2389 2382 2426 ·

1417 2447 1589 2483 attentius,
1610 2454 1672 2490 quo
1693 2445 1872 2484 predictum
1892 2454 1999 2483 regem
2022 2444 2248 2475 ferventiorem
2268 2443 2375 2487 sen'ss‘

1417 2502 1456 2532 ad
1473 2501 1557 2531 idem
1573 2493 1737 2537 negotium
1755 2498 1927 2528 efficaciter
1937 2497 2202 2537 promovendum.
2219 2497 2329 2529 Provi

1418 2556 1526 2594 itaque
1548 2559 1608 2584 tam
1626 2553 1658 2582 in
1679 2551 1826 2591 predictis
1849 2560 1947 2591 qnam
1963 2552 1997 2582 in
2014 2551 2165 2583 omnibus
2189 2551 2261 2582 aliis
2282 2548 2380 2590 ejusd

1418 2608 1510 2647 regni
1536 2606 1697 2646 partibus,
1736 2614 1861 2636 necnon
1889 2609 1920 2635 et
1949 2606 1982 2635 in
2013 2605 2140 2636 civitate
2181 2603 2393 2640 Beneven'

1418 2663 1582 2702 ipsiusque
1605 2660 1771 2697 districtu,
1796 2668 1858 2698 que
1884 2658 2017 2698 quidem
2045 2659 2156 2689 civitas
2183 2657 2381 2692 cumdist

1419 2715 1530 2746 eodem
1547 2718 1594 2744 est
1610 2721 1742 2743 romane
1762 2712 1895 2743 ecclesie
1910 2711 2050 2752 spetialis
2065 2711 2104 2742 ad
2119 2719 2261 2751 presens,
2278 2719 2310 2751 p,
2355 2704 2389 2742 ‚fi-

1419 2769 1542 2808 aliquas
1558 2768 1803 2805 circumspectas
1816 2774 1870 2804 pro
1884 2769 1969 2796 tanto
1987 2765 2113 2804 negotio
2124 2764 2281 2804 deputari,
2293 2766 2392 2804 qjuwzss

1419 2823 1553 2854 honesta
1575 2820 1774 2851 conversatio
1800 2819 1986 2859 exemplum
2005 2819 2120 2850 tribuat
2133 2818 2290 2858 puritatis.
2304 2815 2387 2853 ets

1422 2877 1539 2907 trinam
1551 2874 1689 2905 fundant
1709 2873 1832 2904 erudita
1843 2873 1927 2904 labia
1944 2872 2128 2910 salutarem,
2139 2877 2173 2903 ut
2185 2880 2273 2903 sacro
2287 2870 2314 2902 1
2326 2873 2383 2896 κῖ-

1419 2928 1597 2960 ministerio
1618 2928 1736 2965 prefate
1754 2932 1859 2966 partes
1877 2927 1917 2957 ab
1933 2925 2118 2965 hujusmodi
2135 2925 2292 2964 contagiis
2305 2932 2324 2955 θ
2354 2920 2385 2956 t't‘*

1420 2987 1547 3021 gentur.
1570 2982 1612 3012 Ut
1626 2985 1732 3011 autem
1755 2979 1974 3019 inquisitionis
1989 2979 2132 3010 officium
2149 2982 2260 3009 contra

1421 3037 1455 3066 in
1475 3035 1601 3075 prefatis
1626 3042 1724 3072 regno
1744 3038 1774 3063 et
1793 3033 1922 3064 civitate
1942 3037 1972 3063 et
1995 3033 2063 3071 ejus
2079 3032 2224 3062 districtu
2241 3033 2334 3063 aucto
2349 3037 2353 3044 ’·
2374 3029 2385 3065 j'

1422 3089 1591 3128 apostolica
1613 3087 1710 3127 possit
1737 3086 1895 3117 efficatius
1915 3085 2100 3125 adimpleri,
2125 3083 2309 3116 discretioni
2327 3087 2404 3115 vm„
2426 3097 2429 3106 ·-
