2342 3652
936 366 1162 406 DEUXIEME
1183 368 1338 404 ANNEE.
2129 381 2184 409 277

180 443 292 472 1378

144 506 328 540 Privilegium
340 505 561 539 jurisdictionis.
579 504 661 537 (Rae.
679 505 727 537 44,
746 512 771 530 c.
787 505 852 536 475,
870 505 888 530 f.
908 504 958 530 212
974 510 1021 535 vo,
1040 503 1106 529 Lai).

109 565 144 584 nu
157 555 253 585 Tnmr,
267 553 310 586 II,
326 554 402 588 ⁶251.)

642 442 729 473 Rieti,
747 443 762 468 5
777 442 938 477 septembre
955 442 1032 468 1289.

149 657 291 687 ..decano
305 661 331 685 et
346 654 477 693 capitulo
492 655 607 684 ecclesie
624 655 805 683 Partstensz's
820 653 965 691 indulget
979 658 1012 683 ut
1024 657 1110 682 extra

110 709 276 741 dioecesim
313 709 530 738 Parisiensem
543 731 551 744 ,
585 716 678 745 super
709 707 754 736 eis
787 716 868 746 quae
903 707 988 735 iufra
1019 705 1110 735 illam

112 761 279 793 dioecesim
296 761 445 797 habeant,
463 763 625 799 nequeant
645 769 700 798 per
717 759 839 789 litteras
856 759 1054 797 apostolicas,
1073 758 1111 788 de

111 815 234 848 indulto
257 814 443 854 hujusmodi
463 815 661 844 mentionem
683 822 746 843 non
766 812 935 849 facientes,
962 811 1001 841 ad
1023 811 1111 850 judi-

112 871 196 902 cium
227 869 360 900 evocari.
393 868 618 899 Praesentibus
650 872 719 906 post
751 867 1013 905 quinquennium
1047 874 1112 895 non

111 922 264 954 valituris.

153 986 167 1002 a
184 973 372 1004 Devotionis
389 977 491 1004 vestre
507 972 832 1012 supplicationibus..
850 989 889 994 —
905 972 977 1001 Dat.
997 972 1112 1008 Reate,

113 1027 204 1060 nonis
219 1027 422 1066 septembris,
436 1035 522 1057 anno
538 1026 688 1057 secundo.
706 1039 720 1052 ν

186 1201 300 1230 {3⁸⁷9

148 1264 333 1298 Privilegium
345 1263 568 1298 jurisdictionis.
585 1262 668 1296 (Rae.
686 1262 728 1293 44,
747 1270 773 1288 c.
791 1262 864 1295 4752,
878 1262 896 1288 f.
913 1261 965 1288 212
980 1267 1029 1293 v⁰·,
1046 1261 1114 1287 Lm».

114 1322 148 1342 nu
167 1312 264 1345 Tuam,
280 1311 318 1345 Π,
334 1311 408 1344 252.)

648 1199 735 1230 Rieu,
755 1200 770 1225 5
784 1199 947 1234 septembre
965 1198 1043 1225 1289.

153 1415 270 1445 Eisdem
285 1414 433 1452 indulget
447 1417 482 1444 ut
498 1414 562 1453 ipsi
577 1418 608 1443 et
623 1414 771 1444 homiues
788 1422 898 1444 eorum
914 1414 952 1444 de
968 1400 1096 1452 corpore
1109 1438 1115 1450 ,

114 1479 207 1510 super
229 1469 274 1500 eis
299 1477 380 1507 quae
406 1467 492 1497 infra
520 1467 738 1497 Parisiensem
764 1467 935 1497 dioecesim
961 1467 1116 1504 habeant,

116 1527 202 1555 extra
217 1521 307 1552 illam
325 1521 495 1552 dioecesim
511 1524 674 1558 nequeant
692 1529 748 1559 per
767 1520 953 1559 apostolicas
974 1520 1116 1557 litteras,

115 1576 154 1607 de
163 1575 288 1606 indulto
300 1573 487 1613 hujusmodi
500 1573 699 1603 mentionem
714 1582 777 1603 non
794 1573 946 1604 facientes
959 1597 965 1609 ,
981 1573 1021 1603 ad
1032 1573 1117 1612 judi-

115 1629 201 1660 cium
229 1628 364 1659 evocari.
397 1627 624 1657 Praesentibus
657 1631 726 1665 post
757 1627 1018 1666 quinquennium
1054 1634 1119 1656 non

105 1682 269 1714 valituris.

156 1749 168 1764 a
188 1736 304 1766 Efficax
319 1738 422 1765 vestre
436 1734 655 1765 devotionis...
673 1750 713 1756 —
729 1735 801 1764 Dat.
820 1738 854 1764 ut
869 1743 975 1773 supra.
998 1746 1011 1761 n

189 1909 304 1938 1380
634 1908 721 1941 Rieti,
744 1907 776 1934 13
791 1906 954 1942 septembre
972 1905 1048 1933 1289.

152 1972 358 2007 Indulgentiae.
375 1972 458 2005 (Rae.
477 1973 519 2006 44,
535 1980 561 1999 c.
579 1971 639 2002 475,
656 1971 676 1997 f.
692 1970 743 1997 212
759 1971 811 2003 νο.)

158 2097 180 2104 ..
216 2076 362 2105 abbatisse
382 2080 408 2103 et
435 2075 598 2104 conventui
624 2074 804 2103 ‘monasterii
832 2072 939 2102 Sancte
964 2072 1058 2101 Marte
1090 2071 1124 2101 de

121 2128 243 2164 Cantus,
261 2129 382 2158 ordinis
398 2128 428 2157 S.
445 2128 604 2164 Benedicti,
620 2128 846 2157 Terracinensis
860 2127 994 2156 diocesis.
1012 2125 1124 2155 Indul-

120 2182 260 2221 gentiam
281 2182 377 2211 unius
390 2181 469 2211 anni
486 2185 516 2211 et
530 2190 568 2210 η
585 2180 711 2211 dierum
729 2179 873 2210 concedit
890 2179 935 2209 eis
948 2179 1004 2217 qui
1022 2177 1123 2209 eccle-

121 2235 200 2266 siam
223 2235 376 2275 praedicti
406 2234 609 2272 monasterii,
631 2235 666 2263 in
686 2234 841 2264 honorem
866 2233 981 2263 Beatae
1003 2232 1125 2262 Mariae

122 2292 346 2326 constructam,
366 2289 401 2318 in
414 2287 638 2318 festivitatibus
657 2287 801 2327 ejusdem
818 2287 954 2325 virginis
972 2286 1125 2316 visitave-

121 2342 197 2372 rint.

165 2408 178 2424 α
198 2395 355 2435 Splendor
370 2399 501 2434 paterne
515 2394 653 2433 glorie...
671 2410 709 2416 —
722 2394 794 2424 Dat.
808 2393 922 2431 Reate,
940 2392 1045 2423 idibus
1061 2402 1128 2432 sep-

124 2449 270 2487 tembris,
287 2457 372 2479 anno
390 2448 540 2479 secundo.
563 2460 576 2475 n

198 2622 447 2652 1381-1382
643 2620 732 2655 Rieu,
750 2620 782 2648 16
798 2620 961 2655 septembre
979 2619 1056 2647 1289.

161 2684 367 2720 Indulgentiae.
385 2684 467 2719 (Rsso.
485 2685 528 2718 44,
546 2692 571 2711 c.
588 2683 661 2716 476²,
677 2684 698 2710 f.
714 2683 766 2711 212
782 2685 834 2716 v0.)

169 2809 189 2818 ..
205 2789 314 2818 rectori
329 2793 355 2818 et
369 2788 520 2824 fratribus
534 2787 692 2825 hospitalis
712 2786 817 2816 Sancte
835 2787 929 2816 Maria
943 2786 978 2815 de
993 2785 1083 2824 Capis
1098 2785 1131 2814 de

131 2840 191 2871 loco
204 2841 366 2877 Pontiroli‚
381 2840 612 2870 Mediolanensis
628 2840 760 2869 diocesis.
778 2839 1019 2877 Indulgentiam
1036 2838 1132 2868 unius

131 2895 209 2924 anni
232 2898 262 2924 et
279 2903 318 2924 xi.
338 2894 466 2924 dierum
480 2892 624 2923 concedit
641 2892 792 2923 omnibus
809 2901 881 2922 vere
897 2891 1132 2931 poenitentibus

132 2951 164 2977 et
176 2947 328 2978 confessis
343 2947 398 2986 qui
414 2945 581 2977 ecclesiam
604 2945 758 2984 praedicti
772 2945 939 2984 hospitalis
950 2968 958 2982 ,
975 2945 1010 2974 in
1032 2945 1133 2974 hono-

131 3008 200 3030 rem
220 3000 336 3030 Beatae
356 3000 476 3029 Mariae
491 3002 704 3029 constructam
718 3022 725 3034 ,
749 2998 785 3027 in
807 2998 1032 3028 festivitatibus
1048 2998 1133 3036 ejus-

133 3052 205 3083 dem
219 3053 370 3091 virginis,
388 3052 420 3083 S.
438 3051 598 3083 Johannis
614 3051 790 3090 Baptistae,
807 3050 840 3081 S.
854 3050 1013 3081 Johannis
1029 3050 1133 3080 Evan-

1189 440 1333 478 gelistae,
1353 442 1565 480 apostolorum
1588 444 1674 474 Petri
1690 449 1720 474 et
1734 445 1826 474 Pauli
1849 449 1879 474 et
1898 445 1930 475 S.
1953 446 2133 482 Pancratii,
2158 451 2188 476 et

1189 502 1245 531 per
1259 499 1327 524 octo
1343 494 1409 525 dies
1425 501 1608 534 sequentes,
1627 498 1836 528 visitaverint.

1231 559 1246 574 «
1264 548 1350 578 Licet
1365 550 1392 578 is
1412 550 1486 579 de...
1505 568 1543 572 —
1558 552 1628 581 Dat.
1654 552 1766 587 Reate,
1788 561 1839 581 xv1
1862 552 2015 583 kalendas
2034 554 2167 583 octobris
2180 576 2187 589 ,

1190 609 1275 631 anno
1291 603 1440 634 secundo.
1459 617 1472 629 n

1728 659 1814 691 Rieti,
1833 661 1847 687 5
1863 661 2025 695 septembre
2043 661 2118 689 1289.

1233 719 1270 748 In
1287 727 1314 747 e.
1331 727 1372 748 m.
1394 744 1412 748 ..
1431 720 1536 749 abbati
1551 725 1581 750 et
1598 723 1767 752 couventui
1783 724 1968 753 monasterii
1992 724 2105 754 Beatae
2122 725 2191 754 Ma-

1193 773 1258 802 riae
1274 772 1313 802 de
1326 772 1427 810 burgo
1444 773 1590 809 Dolensi,
1609 775 1647 804 ad
1662 784 1827 805 romanam
1844 776 2009 807 ecclesiam
2026 777 2113 808 nullo
2128 787 2193 808 me-

1195 825 1247 855 dio
1262 826 1465 864 pertinentis,
1480 827 1603 857 ordinis
1626 827 1656 857 S.
1680 828 1861 865 Benedicti,
1881 830 2091 861 Bituricensis
2107 832 2193 862 dioe-

1196 880 1287 908 cesis.
1322 879 1562 918 Indulgentiam
1592 886 1720 911 centum
1745 882 1870 912 dierum
1900 884 2042 914 concedit
2067 885 2111 914 eis
2138 884 2195 923 qui

1197 932 1362 962 ecclesiam
1378 933 1530 971 praedicti
1546 935 1747 970 monasterii,
1768 935 1801 964 in
1817 935 1926 965 beatae
1942 937 2061 966 Mariae
2077 937 2197 966 festivi-

1196 985 1329 1022 tatibus,
1358 989 1388 1015 et
1414 995 1470 1024 per
1494 990 1561 1016 octo
1588 987 1654 1016 dies
1678 992 1862 1026 sequentes,
1888 989 2097 1019 visitaverint.
2123 990 2194 1019 Dat.

1196 1040 1295 1070 Reate
1308 1063 1316 1076 ,
1338 1040 1431 1069 nonis
1449 1039 1653 1078 septembris,
1668 1049 1753 1071 anno
1771 1042 1920 1072 secundo.

1270 1215 1384 1243 1383
1714 1214 1801 1245 Rieti,
1824 1214 1855 1241 13
1873 1215 2034 1249 septembre
2051 1216 2128 1244 1289.

1232 1276 1443 1311 Indulgentiae.
1461 1276 1543 1308 (Rae.
1561 1277 1603 1311 44,
1620 1285 1645 1303 c.
1663 1278 1723 1311 477,
1740 1278 1760 1303 f.
1777 1277 1827 1304 212
1843 1278 1894 1311 νῦ.)

1242 1380 1394 1409 Universis
1410 1379 1524 1409 Christi
1546 1379 1682 1417 fidelibus
1701 1385 1852 1417 presentes
1876 1381 1991 1410 litteras
2012 1381 2201 1418 inspecturis.

1199 1433 1441 1471 Indulgentiam
1464 1442 1501 1462 xc
1525 1432 1650 1463 dierum
1671 1433 1814 1463 concedit
1835 1434 1984 1463 omnibus
2003 1443 2076 1464 vere
2090 1433 2203 1473 poeni-

1202 1488 1344 1517 tentibus
1363 1492 1392 1517 et
1415 1487 1566 1517 confessis
1581 1486 1674 1525 qui..
1694 1487 1806 1516 rectori
1823 1491 1852 1516 et
1873 1487 2022 1517 fratribus
2040 1486 2204 1526 hospitalis

1199 1540 1398 1579 leprosorum
1432 1540 1539 1570 Sancti
1562 1540 1679 1578 Augeli
1701 1540 1740 1570 de
1763 1541 1990 1577 Marmoribus,
2014 1541 2201 1580 Spoletanae

1200 1594 1368 1632 dioecesis,
1386 1603 1519 1623 manum
1534 1594 1674 1623 caritatis
1690 1594 1897 1632 porrexerint.

1243 1661 1256 1677 «
1274 1648 1434 1686 Quoniam
1448 1651 1482 1678 ut
1494 1648 1575 1678 ait...
1592 1647 1715 1677 —Dat.
1735 1647 1849 1684 Reate,
1868 1647 1974 1677 idibus
1994 1647 2201 1686 septembris,

1199 1711 1286 1735 anno
1298 1702 1447 1733 secundo.
1467 1714 1481 1729 1>

1277 1870 1391 1898 1384
1725 1867 1814 1900 Rieti,
1832 1866 1864 1893 13
1880 1866 2041 1901 septembre
2058 1866 2134 1893 1289.

1240 1933 1367 1960 Licentia
1382 1931 1515 1959 testandi.
1532 1931 1615 1965 (RcG.
1635 1931 1677 1964 44,
1695 1938 1719 1956 c.
1737 1929 1797 1960 478,
1814 1931 1832 1956 i.
1849 1929 1900 1956 ‘213
1914 1931 1960 1961 ro.)

1252 2036 1420 2065 Venerabili
1434 2035 1529 2071 fratri
1545 2033 1700 2067 Roderico,
1716 2033 1936 2069 archiepiscopo
1956 2031 2176 2060 Terraconensi.

1247 2102 1262 2117 «
1278 2089 1360 2126 Quia
1373 2087 1530 2127 presentis
1549 2087 1649 2117 vite...
1666 2102 1705 2109 —
1720 2086 1790 2115 Dat.
1813 2086 1926 2121 Reate,
1946 2084 2052 2114 idibus
2071 2087 2207 2122 septem-

1205 2143 1286 2177 bris,
1303 2151 1389 2173 anno
1405 2140 1554 2172 secundo.
1572 2153 1584 2166 ι

1281 2307 1528 2337 1385-1386
1728 2306 1814 2337 Rieu,
1836 2306 1864 2332 13
1881 2304 2044 2339 septembre
2060 2303 2137 2330 1289.

1245 2371 1288 2397 De
1318 2370 1423 2397 debitis
1447 2370 1673 2396 Terraconensis
1703 2368 1842 2395 ecclesiae
1866 2366 2020 2394 solvendis.
2047 2365 2133 2398 (Res.
2160 2365 2209 2398 44,

1209 2429 1234 2447 c.
1252 2420 1325 2451 4782,
1342 2420 1361 2446 f.
1379 2419 1430 2446 213
1445 2420 1492 2451 r0.)

1250 2516 1356 2545 Eidem
1376 2513 1522 2545 concedit
1546 2514 1677 2548 fructus,
1702 2511 1842 2542 redditus
1867 2514 1897 2540 et
1920 2512 2089 2548 proventus
2114 2507 2212 2546 primi

1211 2568 1291 2599 anni
1315 2567 1463 2598 omnium
1491 2566 1776 2597 ecclesiasticorum
1799 2563 2044 2598 beneficiorum,
2067 2561 2162 2591 etiam
2185 2560 2213 2590 si

1212 2623 1400 2660 patronatus
1416 2624 1446 2650 et
1464 2619 1635 2657 dignitates
1655 2618 1805 2653 existant,
1822 2620 1852 2646 et
1868 2624 1977 2646 curam
1993 2614 2131 2644 habeant
2144 2613 2211 2644 ani-

1212 2683 1357 2711 marum,
1388 2682 1469 2712 quae
1494 2681 1594 2711 usque
1625 2671 1664 2701 ad
1687 2670 1860 2701 triennium
1885 2669 1920 2698 in
1941 2668 2077 2698 dioecesi
2102 2668 2214 2697 Terra-

1214 2727 1346 2758 conensi
1361 2734 1472 2756 vacare
1488 2724 1666 2762 contigerit,
1684 2724 1718 2753 in
1735 2722 1926 2752 solutionem
1942 2720 2121 2751 debitorum
2137 2719 2214 2750 Ter-

1212 2778 1398 2811 raconensis
1413 2777 1563 2808 ecclesiae
1577 2775 1815 2806 convertendos.

1255 2844 1270 2860 «
1287 2832 1368 2869 Quia
1383 2831 1560 2861 debitorum
1576 2838 1710 2859 onera...
1726 2844 1766 2851 —
1778 2828 1850 2857 Dat.
1866 2831 1902 2857 ut
1916 2835 2021 2865 supra.
2040 2838 2054 2853 n

1256 2886 1295 2915 In
1310 2893 1338 2915 e.
1355 2893 1398 2914 m.
1418 2907 1439 2913 ..
1458 2883 1694 2921 archiepiscopo
1709 2880 1892 2920 Yspalensi‚
1917 2903 1936 2909 ..
1956 2879 2100 2919 episcopo
2115 2879 2216 2918 Tyra-

1216 2938 1344 2970 sonensi
1365 2941 1395 2967 et
1419 2960 1438 2966 ..
1467 2936 1585 2965 decano
1603 2934 1753 2965 ecclesiae
1770 2933 1942 2963 Tutelanae
1954 2955 1962 2970 ‚
1983 2931 2216 2971 Tyrasoneusis

1216 2991 1389 3027 dioecesis,
1415 2989 1547 3019 mandat
1570 2991 1728 3026 quatenus
1748 2986 1852 3017 eidem
1872 2986 2107 3025 archiepiscopo
2128 2993 2217 3023 prae-

1216 3046 1315 3076 dictos
1329 3045 1449 3074 fructus
1465 3046 1495 3072 et
1510 3041 1653 3072 redditus
1676 3040 1854 3071 ministrari
1876 3039 1995 3070 faciant
2010 3038 2069 3078 (En
2088 3036 2216 3076 marye).
