2342 3652
958 358 1191 394 'raolerME
1211 353 1368 393 ANNE'E.
2153 363 2210 395 54³

120 432 260 469 Figiaco,
279 429 482 459 Caturcensis
498 429 663 465 dioecesis,
688 431 719 459 in
742 430 896 460 honorem
922 431 1004 460 beati
1027 430 1124 459 Fran-

121 484 197 515 cisci
227 486 416 512 constructa.

122 538 220 568 tertio.
244 536 347 575 (Ibid.)

464 482 533 511 Dat.
564 492 582 511 x
615 483 768 512 kalendas
801 484 1008 520 novembris,
1040 491 1125 513 auno

669 616 795 647 Orvieto,
814 617 826 642 7
844 617 960 642 octobre
980 616 1054 643 1290.

160 679 196 709 In
214 688 242 710 e.
262 687 305 707 m.
325 678 462 712 eisdem,
485 687 539 716 pro
556 678 676 717 capella
694 680 801 708 Sancti
822 680 945 709 Nicolai
966 680 1003 709 de
1021 680 1126 709 Novo·

120 733 186 763 foro
202 731 235 760 in
254 731 491 767 Lucemburcli,
509 731 714 761 Treverensis
730 732 894 761 dioecesis.

161 797 174 812 «ι
192 784 273 814 Cum
291 785 329 813 ad
347 784 592 822 premerenda...
613 801 649 806 —-
672 786 742 814 Dat.
761 785 853 815 nonis
872 786 1024 820 octobris,
1042 793 1126 814 anno

123 840 222 869 tertio.
250 850 262 864 n
287 837 392 876 (Ibz‘cl.)

162 891 200 921 In
226 901 253 920 e.
280 901 321 920 m.
352 891 486 925 eisdem,
514 899 566 929 pro
590 891 709 929 capella
734 892 840 921 Sancti
871 891 1036 922 Michaelis
1054 895 1127 921 aute

122 944 268 975 Castrum
287 944 321 973 in
340 944 562 973 Lucemburcli
576 967 583 979 ,
601 944 807 974 'l'reverensis
823 945 985 975 dioecesis.
1008 945 1075 974 Dat.
1096 949 1128 974 ut

123 1007 227 1036 supra.
246 997 349 1036 (Ibid.)

161 1052 198 1081 In
216 1061 242 1080 e.
261 1060 304 1082 m.
325 1073 344 1080 ..
366 1051 557 1089 primicerio,
584 1074 602 1079 ..
627 1050 747 1080 decano
769 1057 797 1081 et
820 1052 957 1090 capitulo
978 1052 1127 1081 ecclesiae

121 1104 288 1139 Metensis,
303 1112 359 1142 pro
372 1103 492 1142 capella
506 1103 697 1133 Sanctorum
713 1105 935 1135 Innocentium
950 1107 981 1135 in
997 1105 1128 1135 eeclesia

122 1158 256 1188 Metensi
271 1161 462 1187 constructa.
484 1158 554 1186 Dat.
573 1162 605 1186 ut
623 1167 728 1196 supra.
746 1158 851 1197 (Ibizl.)

191 1337 309 1365 3486

156 1399 341 1426 Confirmatio
364 1400 516 1434 privilegii.
544 1398 629 1435 (Rae.
653 1400 698 1430 45,
721 1409 746 1425 e.
771 1401 835 1433 475,
854 1401 872 1426 t.
890 1402 921 1428 97
944 1408 983 1432 ro,
1011 1401 1129 1434 Poma„

123 1448 211 1476 23400
225 1451 233 1481 )

607 1337 734 1367 Urvieto,
756 1337 784 1363 13
801 1338 963 1372 septembre
982 1338 1057 1365 1200.

166 1582 184 1587 ..
205 1559 305 1587 abbati
323 1562 348 1586 et
365 1559 527 1586 conventui
544 1559 725 1586 monasterie?
742 1559 775 1586 de
792 1559 952 1594 tunderes,
972 1559 1010 1587 ad
1028 1568 1132 1587 roma—

124 1621 197 1641 nam
212 1612 365 1641 ecclesiam
380 1612 466 1640 nullo
480 1612 577 1640 medio
589 1613 781 1648 pertinentis,
799 1612 915 1641 ordinis
926 1612 955 1641 S.
973 1613 1131 1648 Benedicti,

124 1665 234 1695 Sancti
255 1665 370 1694 Δηώ-σο
393 1665 533 1701 diocesis,
554 1664 722 1694 confirmat
749 1665 952 1703 privilegium
974 1666 1019 1694 eis
1039 1674 1056 1694 a
1075 1665 1133 1695 Ce-

126 1718 240 1748 lestiuo
259 1727 337 1756 papa
353 1726 552 1754 concessum,
571 1718 661 1756 cujus
677 1723 766 1748 tenor
784 1719 834 1748 liic
850 1724 895 1748 est
915 1732 918 1747 :

167 1784 180 1799 «
205 1771 397 1806 Celestinus‚
418 1771 582 1810 episcopus
604 1781 713 1801 servus
733 1781 896 1801 servorum
917 1772 983 1801 Dei.
1004 1772 1134 1802 Dilectis

128 1838 142 1852 υ
167 1824 241 1854 filiis
254 1825 393 1856 ..abbati
408 1831 437 1854 et
453 1825 603 1854 fratribus
617 1826 800 1854 monasterii
814 1825 851 1854 de
866 1826 1038 1862 Londores,
1052 1826 1134 1855 salu-

127 1891 141 1906 ι)
167 1882 228 1909 tem
247 1883 278 1908 et
297 1878 500 1917 apostolicam
518 1878 786 1908 benedictionem.
807 1879 907 1908 Officii
929 1879 1026 1908 nostri
1045 1878 1134 1908 debi-

128 1944 141 1959 »
167 1936 271 1962 tum...
290 1949 328 1953 —
346 1932 417 1961 Dat.
437 1932 604 1967 Laterani,
626 1942 679 1960 vni
698 1932 771 1961 idus
793 1932 914 1968 martii,
936 1932 1134 1970 pontificatus

127 1997 141 2013 »
165 1986 265 2015 nostri
282 1993 367 2015 anno
383 1989 507 2023 quarto.
529 1997 542 2011 „

167 2052 179 2064 α
205 2038 416 2076 privilegium
435 2038 518 2077 quod
537 2038 673 2068 felicis...
694 2056 732 2059 —-
758 2039 828 2068 Dat.
854 2039 935 2076 apud
958 2038 1134 2068 Urbemve—

127 2097 234 2130 terem,
253 2092 358 2122 idibus
375 2092 574 2130 septembris,
592 2101 677 2122 anno
696 2093 795 2122 tertio.
820 2104 832 2118 n

195 2278 311 2306 348⁸?

162 2340 347 2375 Dispensatio
365 2347 454 2374 super
471 2339 629 2374 pluralitate
646 2340 860 2366 beneficiorum.
878 2340 960 2373 (Rau.
979 2341 1021 2373 45,
1034 2349 1058 2366 e.
1072 2341 1132 2372 476,

127 2389 146 2417 f.
163 2389 195 2417 97
212 2391 262 2419 vo.)

651 2278 782 2310 Urvieto,
804 2278 834 2303 15
850 2278 967 2304 octobre
988 2277 1061 2304 1290.

166 2500 287 2529 Roberto
310 2500 388 2529 dicto
416 2499 518 2533 Malea,
541 2499 758 2528 archidiacono
784 2499 939 2535 Vulyasini
963 2500 1136 2528 Normanni

127 2554 161 2583 in
185 2554 305 2583 ecclesia
335 2553 579 2589 Rozhomaqensi.
606 2553 687 2582 Cum
717 2560 753 2582 eo
780 2561 874 2590 super
903 2551 1137 2589 irregularitate

127 2615 236 2645 quam,
254 2605 418 2635 ecclesiam
439 2605 476 2635 de
494 2605 623 2641 Ruella,
642 2605 908 2643 Rothomagensis
926 2605 1091 2641 dioecesis,
1108 2609 1138 2635 et

129 2660 354 2698 capiceriatum
374 2659 602 2688 Lexovienseni
622 2658 954 2693 insimuldetinendo,
970 2659 1135 2695 contraxit,

129 2713 307 2752 dispensat,
329 2713 370 2742 ita
396 2717 501 2741 tamen
527 2716 571 2748 ut,
598 2712 636 2741 ad
657 2712 786 2741 discreti
804 2712 862 2741 viri
879 2711 1060 2748 arbitrium,
1077 2711 1138 2740 ali-

130 2775 224 2806 quam
244 2775 419 2804 congruam
444 2766 596 2804 pecuniae
613 2766 823 2804 quantitatem
845 2766 883 2795 de
907 2765 1062 2794 fructibus
1086 2774 1136 2794 ec-

130 2819 244 2850 clesiae
262 2820 301 2850 de
323 2819 438 2849 Ruella
456 2819 610 2858 perceptis
632 2823 795 2849 convertat
818 2819 851 2848 in
876 2818 1019 2857 ejusdem
1036 2819 1136 2848 eccle-

130 2874 194 2904 siae
210 2873 392 2904 utilitatem.
423 2874 499 2909 Hic,
518 2881 673 2911 quocum,
695 2877 769 2902 tunc
792 2872 969 2911 praedictae
986 2872 1138 2902 ecclesiae

130 2932 267 2965 rectore,
295 2927 536 2966 dispensaverat
559 2926 741 2956 Alexander
763 2935 842 2964 papa
864 2926 928 2955 IlII
956 2930 987 2954 ut
1006 2926 1137 2955 unicum

131 2980 219 3011 aliud
237 2981 433 3011 beneficium
459 2980 603 3010 obtinere
629 2980 762 3015 valeret,
786 2979 1011 3017 capiceriatum
1039 2980 1138 3008 Lexo-

132 3034 288 3071 viensem,
309 3034 364 3072 qui
381 3034 520 3071 dignitas
536 3034 568 3062 in
587 3032 775 3062 Lexoviensi
798 3031 931 3061 ecclesia
947 3036 1004 3067 est,
1026 3040 1137 3062 conse-

1206 433 1296 458 cutus
1314 433 1381 458 erat
1396 435 1428 459 et
1448 430 1621 459 retinuerat
1642 438 1705 458 una
1723 438 1794 458 cum
1819 429 1951 459 ecclesia
1966 430 2004 459 de
2024 429 2137 459 Ruella
2158 439 2210 468 per

1206 481 1371 511 duodecim
1390 491 1502 517 annos,
1521 492 1555 511 ex
1575 482 1620 511 eis
1642 482 1763 512 fructus
1785 482 1964 520 recipiendo
1980 493 1985 518 ς
2004 483 2056 512 sed
2076 487 2210 521 postmo-

1206 535 1294 571 dum,
1316 537 1383 574 jam
1410 537 1552 574 quinque
1576 537 1669 565 annis
1694 535 1824 574 elapsis,
1851 536 2015 566 ecclesiam
2040 541 2070 565 et
2090 537 2211 574 capice-

1207 588 1323 617 riatum
1348 589 1515 618 dimiserat
1540 594 1569 618 et
1591 589 1884 619 archidiaconatum
1907 590 1938 619 in
1961 590 2210 627 Rothomageusi

1207 641 1340 670 ecclesia
1357 647 1529 679 receperat.

1249 706 1260 720 α
1288 694 1434 732 Exposita
1458 695 1547 724 nobis
1572 700 1660 724 tua...
1683 713 1719 716 —
1746 696 1817 724 Dat.
1834 696 1916 734 apud
1937 696 2210 733 Urbemveterem,

1207 746 1473 783 idibusoctobris,
1492 756 1576 777 anno
1592 749 1693 778 tertio.
1720 760 1734 775 »

1279 942 1396 969 3488

1245 1002 1287 1027 De
1299 1003 1467 1028 alienatione
1478 1003 1616 1028 bonorum
1628 1004 1792 1029 monasterii
1802 1003 1836 1029 de
1847 1003 2160 1036 Bertamticm·ia(Rae.
2171 1005 2213 1035 45,

1209 1059 1234 1077 c.
1253 1051 1311 1081 477,
1331 1051 1348 1076 s.
1366 1051 1397 1077 97
1416 1053 1466 1082 vu.)

1739 942 1864 975 Orvicto,
1882 942 1914 968 -23
1932 943 2047 968 octobre
2065 942 2141 969 1290.

1253 1189 1272 1195 ..
1296 1168 1394 1195 abbati
1410 1168 1589 1195 monasterti·
1606 1167 1710 1195 Sancti
1725 1168 1852 1196 Martini
1868 1168 2076 1196 Lmtslitnensis
2090 1173 2115 1196 ec
2131 1170 2215 1204 penf-

1212 1220 1355 1248 temerario
1384 1220 1501 1248 ecclesie
1528 1220 1739 1249 Awbianensis
1769 1220 1899 1248 mandat
1929 1225 1963 1249 ut
1990 1221 2155 1259 inquirant
2179 1221 2217 1249 de

1216 1274 1365 1311 petitione
1391 1282 1451 1311 qua
1482 1297 1500 1301 ..
1528 1273 1686 1302 abbatissa
1712 1278 1739 1301 et
1766 1279 1943 1302 conventus
1967 1274 2150 1303 monasterii
2181 1274 2218 1302 de

1215 1326 1471 1361 Bet-[audicurieu
1489 1326 1612 1356 ordinis
1630 1326 1661 1355 S,
1682 1327 1863 1360 Benedicti,
1886 1326 2114 1356 Ambianensis
2131 1327 2217 1356 dior·-

1212 1379 1303 1415 cesis,
1320 1378 1479 1408 licentiam
1497 1384 1628 1417 poscunt
1642 1379 1787 1408 mutandi
1804 1379 1852 1409 vel
1869 1379 2029 1408 alienandi
2046 1380 2218 1417 prioratum

1213 1432 1278 1461 sive
1302 1431 1405 1461 locum
1432 1432 1469 1461 de
1496 1432 1661 1469 Santegui,
1680 1432 1822 1470 ejusdem
1839 1432 1972 1468 ordinis,
1997 1432 2219 1461 Laudunensis

1214 1485 1380 1519 dioecesis,
1400 1485 1503 1514 eidem
1531 1486 1724 1515 monasterio
1744 1485 1835 1524 pleno
1861 1487 1929 1524 jure
1952 1486 2147 1524 subjectum,
2165 1486 2218 1514 sed

1215 1542 1339 1576 propter
1354 1538 1537 1567 distantiam
1554 1539 1685 1576 paulum
1702 1538 1911 1568 fructuosum.

1256 1603 1268 1617 α
1295 1591 1409 1620 Petitio
1439 1591 1551 1620 dilecte
1577 1591 1648 1621 in...
1670 1607 1708 1612 —
1733 1592 1800 1620 Dat.
1833 1591 1915 1630 apud
1945 1592 2216 1627 Urbemveterem,

1215 1653 1231 1673 x
1250 1643 1401 1673 kalendas
1420 1644 1612 1680 novembris,
1630 1653 1715 1674 anuo
1733 1645 1836 1674 tertio.
1855 1656 1869 1670 n

1286 1844 1402 1872 3489

1251 1906 1368 1933 Collatio
1385 1907 1537 1941 prioratus.
1556 1907 1637 1940 (Rau.
1658 1908 1700 1937 45,
1719 1916 1744 1934 C.
1764 1908 1824 1941 1178,
1841 1908 1858 1934 f.
1878 1908 1909 1934 97
1927 1910 1979 1940 νο.)

1742 1844 1872 1878 Urvieto,
1890 1845 1922 1871 23
1939 1845 2054 1871 octobre
2073 1845 2147 1871 129⁰.

1257 2046 1277 2052 ..
1302 2025 1400 2052 abban·
1433 2025 1612 2052 monasteris
1645 2024 1749 2053 Sancti
1778 2025 1913 2053 Audoent
1954 2025 2217 2061 Ilotlto'mayensiis‘,

1215 2076 1334 2106 ordinis
1349 2077 1378 2106 S.
1398 2076 1563 2113 Benedicti,
1587 2077 1718 2105 mandat
1735 2077 1884 2115 quatinus
1900 2077 2042 2106 Tliomae
2060 2077 2098 2105 de
2121 2078 2218 2106 Brue-

1216 2129 1283 2166 riis,
1300 2129 1456 2159 monacho
1470 2129 1653 2159 monasterii
1667 2130 1774 2159 Sancti
1786 2130 1931 2160 Audoeni
1943 2130 2218 2167 Rofflomagermis,

1217 2182 1409 2219 theologicae
1436 2182 1595 2212 facultatis
1620 2183 1754 2212 scientia
1783 2184 1956 2219 eminenti,
1985 2184 2158 2221 prioratum
2183 2184 2220 2213 de

1216 2235 1358 2273 Sagiaco‚
1381 2236 1503 2266 ordinis
1519 2236 1549 2266 S.
1569 2236 1745 2272 Benedicti,
1771 2237 2037 2275 Botliomagensis
2055 2237 2220 2271 dioecesis,

1215 2289 1374 2328 praedicto
1398 2290 1588 2319 monasterio
1614 2290 1706 2328 pleno
1726 2291 1798 2327 jure
1814 2290 2003 2327 subjectum,
2022 2299 2094 2319 cum
2114 2290 2218 2320 omni-

1216 2343 1274 2372 bus
1289 2343 1415 2380 juribus
1431 2347 1460 2372 et
1477 2343 1675 2381 pertinentiis
1691 2343 1769 2378 suis,
1788 2343 1938 2372 conserat.

1256 2406 1271 2425 ιι
1296 2395 1488 2434 Spetialibus
1508 2396 1601 2425 donis
1621 2396 1759 2435 adjuti...
1783 2413 1821 2417 —
1848 2396 1916 2425 Dat.
1942 2396 2024 2434 apud
2047 2396 2221 2426 Urbemve-

1217 2454 1327 2484 terem‚
1347 2459 1364 2478 x
1381 2449 1532 2478 kalendas
1550 2449 1743 2487 novembris,
1759 2458 1844 2479 anno
1861 2449 1960 2479 tertio.
1987 2461 2000 2476 w

1287 2641 1405 2669 :1490

1254 2703 1380 2729 Licentia
1401 2702 1522 2728 habendi
1539 2703 1625 2729 altare
1644 2703 1782 2737 portatile.
1799 2703 1881 2736 (Rau.
1899 2704 1946 2734 45,
1964 2711 1989 2729 c.
2006 2703 2074 2733 479,
2089 2704 2108 2729 f.
2125 2704 2158 2730 98
2174 2705 2221 2736 μ’.)

1702 2641 1828 2674 Orvieto,
1845 2642 1878 2668 ⁴25
1893 2642 2054 2676 septembre
2072 2641 2149 2668 1290.

1257 2819 1404 2854 Είὶεαὸει,
1423 2820 1524 2857 reysne
1544 2819 1747 2848 Romanorum
1771 2820 1906 2855 illustri,
1927 2819 2072 2857 indulget
2097 2824 2131 2848 ut
2154 2820 2222 2858 ejus

1218 2871 1401 2910 capellanus
1415 2871 1531 2901 habere
1544 2871 1641 2901 altare
1656 2872 1800 2910 portatile
1814 2873 1887 2901 etin
1899 2872 1966 2908 illo,
1981 2881 2053 2902 cum
2066 2881 2143 2911 opus
2158 2873 2225 2902 fue-

1218 2924 1271 2960 rit,
1288 2923 1397 2953 divina
1413 2924 1516 2954 officia
1534 2924 1693 2954 celebrare
1711 2924 1823 2956 valeat.

1259 2989 1273 3004 «
1292 2977 1484 3007 Excellentie
1502 2982 1552 3007 tue
1569 2978 1821 3016 preminentia...
1840 2995 1879 3001 --
1894 2979 1964 3008 Dat.
1983 2979 2066 3018 apud
2083 2979 2221 3010 Urbem-

1219 3034 1368 3066 veterem,
1387 3040 1429 3059 vu
1447 3030 1599 3060 kalendas
1615 3032 1762 3066 octobris,
1780 3041 1865 3062 anno
1881 3033 1982 3063 tertio.
2004 3045 2016 3060 ι
