2342 3652
922 369 1150 410 DEUXIEME
1173 366 1330 407 ANNEE.
1842 374 1850 383 ²
2108 377 2160 408 301

87 453 240 485 sessiones
265 455 293 480 et
318 451 356 480 ad
382 449 643 480 satisfaciendum
667 456 723 486 pro
747 447 874 477 damnis
901 450 931 476 et
956 445 1088 484 injuriis

87 510 185 545 cogat.

127 571 142 587 ι
165 559 308 596 Dignum
331 562 377 587 est
398 561 469 587 ut...
487 572 525 577 —
541 555 612 584 Dat.
633 555 746 586 Reate.
766 552 912 583 kalendis
933 550 1086 588 octobris,

88 621 172 644 anno
189 610 339 642 secundo.
361 622 376 636 »

159 791 270 821 1581
648 786 724 812 Rieti
736 806 742 816 ,
763 785 790 811 11
803 784 920 811 octobre
939 783 1017 810 1289.

122 891 306 927 Dispensatio
335 897 422 925 super
451 888 565 915 defectu
593 886 739 913 natalium.
771 884 856 919 (Rea.
882 885 932 918 44,
956 892 981 911 c.
1013 884 1090 915 561²,

88 943 108 970 f.
124 941 172 969 237
189 942 242 974 ve.)

126 990 302 1026 Eustachio,
339 989 481 1023 diacono,
517 986 630 1016 custodi
663 985 772 1014 altaris
806 984 910 1014 Sancti
943 982 1094 1012 Johannis

89 1045 217 1082 Baptiste
239 1044 274 1072 in
296 1042 418 1072 ecclesia
438 1038 644 1076 Gardonensi,
671 1037 856 1067 Treverensts
881 1037 1021 1071 diocesis,
1041 1035 1094 1064 10-

89 1096 197 1135 dulget
218 1099 265 1131 ut,
283 1103 347 1125 non
368 1094 511 1124 obstante
531 1091 655 1121 defectu
678 1089 834 1120 natalium
849 1097 944 1128 quem
963 1088 1090 1127 patitur,

90 1160 107 1181 e
121 1149 254 1180 diacono
274 1152 304 1178 et
327 1147 475 1177 maritata
491 1150 601 1182 natus,
622 1144 656 1173 in
674 1143 827 1182 susceptis
844 1142 1030 1171 ministrare
1045 1149 1094 1171 or-

91 1203 230 1239 dinibus,
247 1201 287 1232 ad
303 1201 382 1231 alios
397 1199 587 1239 promoveri,
608 1196 802 1228 beneficium
819 1196 962 1226 obtinere
978 1199 1008 1224 et
1027 1195 1095 1233 jam

91 1256 255 1288 obtentum
270 1253 409 1284 retinere
425 1251 539 1282 valeat.
981 1286 984 1290 ⁴

132 1321 147 1338 «
175 1309 328 1339 Libenter
353 1307 520 1337 obviamus
545 1305 767 1334 animarum...
789 1319 828 1325 -
849 1303 920 1332 Dat.
945 1302 1059 1339 Reate,
1076 1310 1096 1330 v

91 1363 164 1394 idus
179 1360 332 1397 octobris,
348 1368 434 1390 anno
450 1358 601 1389 secundo.
623 1369 637 1384 »

167 1549 280 1579 1582
606 1545 683 1572 Rieti
697 1565 704 1576 ,
719 1544 751 1570 12
768 1543 932 1578 septembre
949 1542 1026 1570 1289.

129 1612 242 1639 Statuta
265 1609 463 1637 Cluniacensis
483 1608 602 1635 ordinis.
621 1607 704 1641 (Res.
728 1607 776 1634 44.
801 1614 827 1634 c.
849 1606 914 1639 562,
937 1606 955 1632 f.
978 1605 1028 1632 ‘237
1051 1612 1096 1638 νος

97 1661 211 1692 Ροττο.,
227 1660 338 1691 23077.)

136 1763 253 1793 Dilectis
268 1762 343 1800 filiis
360 1784 380 1792 ..
396 1761 494 1790 abbati
510 1760 651 1789 Cluniae-i
665 1759 789 1796 ejusque
804 1759 1003 1797 coabbatibus,
1015 1759 1101 1795 prio-

95 1818 179 1847 ribus
193 1821 219 1845 et
234 1815 427 1846 conventibus
442 1813 595 1843 universis
613 1813 821 1842 Ctuntacensz's
836 1812 965 1841 ordinis.
979 1811 1102 1841 Statuta

94 1870 239 1908 Gregorii
257 1869 324 1906 IX,
341 1876 397 1907 pro
420 1867 646 1897 reformatione
669 1865 901 1896 monachorum
927 1873 1101 1903 congrega-

97 1923 188 1954 tionis
203 1921 437 1957 Cluniacensis,
456 1923 621 1958 temperat.

134 1987 148 2003 «
167 1975 265 2014 Regis
279 1974 404 2013 pacifici
422 1973 546 2012 pacis...
566 1989 603 1996 —
619 1972 689 2002 Dat.
709 1972 818 2009 Reate,
837 1981 857 2001 11
875 1971 948 2002 idus
965 1975 1100 2010 septem-

95 2029 171 2065 bris,
188 2036 274 2058 anno
290 2027 442 2058 secundo.
468 2039 481 2053 »

171 2215 285 2244 1583
382 2213 734 2248 Sainte-Marie-Majeure
745 2234 752 2247 ,
771 2213 803 2240 ἳ8
819 2212 936 2239 octobre
956 2211 1030 2239 1289.

133 2277 341 2312 Indulgentiae.
361 2276 441 2309 (Rae.
462 2277 495 2303 44
508 2299 514 2307 ,
531 2284 556 2302 c.
575 2276 643 2310 563,
660 2276 679 2302 f.
697 2276 747 2303 240
763 2277 811 2308 r0.)

141 2402 162 2409 ..
189 2380 332 2409 abbatisse
356 2384 382 2408 et
407 2379 567 2408 conventui
596 2379 776 2408 monasterii
798 2379 905 2408 Sancte
928 2379 1049 2416 Agnetis
1072 2378 1107 2407 de

104 2432 187 2468 Urbe,
204 2432 322 2461 ordinis
337 2431 368 2461 S.
386 2432 546 2461 Benedicti.
564 2431 803 2469 Indulgentiam
819 2431 916 2461 unius
931 2432 1010 2461 anni
1025 2436 1055 2461 et
1070 2440 1107 2461 XL

101 2484 225 2514 dierum
241 2484 288 2514 eis
303 2485 357 2523 qui
373 2484 527 2523 praedicti
542 2484 729 2514 monasterii
743 2484 910 2514 ecclesiam
926 2485 961 2514 in
981 2489 1108 2516 sanctae

102 2538 236 2576 Agnetis
253 2537 478 2568 festivitatibus
493 2538 703 2575 visitaverint,
712 2539 757 2567 eis
770 2547 844 2568 vero
857 2538 912 2577 qui
923 2539 961 2568 ad
973 2538 1108 2568 eandem

103 2599 121 2621 a
139 2591 305 2621 domenica
323 2591 583 2630 Septuagesimae
605 2600 706 2631 usque
731 2591 771 2621 ad
791 2595 916 2622 octavas
935 2592 1108 2622 Resurrec-

105 2645 198 2675 tionis
215 2645 345 2675 Domini
368 2645 560 2675 accesserint
581 2644 817 2684 indulgentiam
835 2646 932 2676 trium
948 2655 1109 2676 annorum

104 2701 135 2728 et
149 2698 246 2728 trium
261 2698 543 2737 quadragenarum
561 2699 716 2729 concedit.

146 2763 159 2778 α
179 2751 289 2782 Gratia
305 2752 434 2791 spiritus
449 2753 589 2783 sancti...
601 2752 718 2782 —Dat.
734 2753 847 2789 Rome,
862 2752 946 2792 apud
959 2752 1109 2783 Sanctam

107 2804 239 2835 Mariam
251 2805 417 2845 Majorem,
427 2815 447 2835 v
458 2805 612 2836 kalendas
625 2806 818 2841 novembris,
830 2815 916 2837 anno
929 2806 1078 2837 secundo.
1094 2818 1107 2833 n

181 2991 295 3020 1584
667 2991 760 3023 Rieti,
777 2992 812 3019 ‘26
828 2992 944 3019 octobre
962 2992 1039 3020 1289.

145 3051 277 3080 Studium
313 3054 445 3088 generale
483 3054 560 3089 apud
593 3053 909 3089 Montempessulanum
940 3054 1112 3082 instituitur.

1169 442 1252 476 (Rae.
1271 443 1302 469 44
1317 462 1323 473 .
1348 451 1372 469 c.
1400 443 1469 478 564,
1487 444 1505 470 ἰ.
1527 443 1576 470 ’240
1594 451 1638 475 x·⁰;
1656 443 1721 471 Lae.
1738 452 1772 471 nu
1783 443 1870 469 Tum
1885 465 1889 472 .
1907 443 1943 474 11,
1962 443 2028 475 281,

1169 490 1275 521 ‘231014

2047 443 2162 476 Petra„

1210 606 1328 634 Dilectz's
1358 607 1432 642 filiis
1462 608 1630 636 doctoribus
1659 614 1683 636 et
1711 609 1877 637 scolaribus
1910 609 2060 637 universis
2088 609 2169 646 apud

1170 658 1491 695 Montempesutanum,
1512 661 1730 697 Jluyntonensis
1747 662 1881 697 diocesis,
1899 662 2166 696 commorantibus.

1172 714 1232 738 tam
1246 712 1432 748 presentibus
1447 721 1537 749 quum
1555 713 1681 748 futuris.
1696 725 1709 739 «ι
1720 713 1801 748 Quia
1814 713 1968 751 sapientia
1980 722 2078 752 que...
2089 713 2170 743 Cum

1170 766 1277 792 autem
1294 762 1382 793 locus
1398 764 1661 802 Montispesulani
1679 765 1812 794 celebris
1827 766 2003 804 plurimum
2019 771 2050 796 et
2067 766 2170 797 famo-

1172 816 1215 845 sis
1237 821 1327 854 aptus
1350 817 1441 846 valde
1463 825 1519 855 pro
1541 818 1660 853 studio,
1681 818 1888 848 consideratis
1909 819 2081 857 diligenter
2104 821 2172 858 ejus

1173 870 1426 907 conditionibus,
1450 871 1653 906 dinoscatur,
1672 879 1739 907 nos,
1766 871 1896 900 utilitati
1918 872 2040 909 publice
2061 881 2171 910 quam-

1173 922 1348 961 plurimum
1373 923 1520 962 expedire
1545 924 1721 960 credentes,
1747 928 1782 953 ut
1801 924 1835 953 in
1860 924 1927 954 loco
1950 924 2018 962 ipso
2039 924 2173 954 cultores

1174 975 1328 1013 sapientie
1358 976 1560 1012 inserantur,
1591 976 1728 1005 fructum
1758 976 1988 1011 desideratum,
2019 976 2175 1014 largiente

1175 1029 1380 1058 scientiarum
1397 1028 1543 1064 domino,
1561 1029 1595 1057 10
1613 1032 1753 1067 tempore
1776 1028 1974 1066 producturi,
1992 1029 2175 1058 auctoritate

1174 1081 1373 1120 presentium
1399 1081 1605 1119 indulgemus
1631 1086 1665 1110 ut
1691 1081 1726 1110 in
1752 1081 1834 1112 dicto
1865 1081 1933 1111 loco
1962 1082 2002 1111 sit
2027 1081 2176 1121 deinceps

1175 1134 1317 1164 studium
1339 1134 1503 1172 generale,
1526 1135 1557 1164 in
1579 1143 1640 1173 quo
1662 1135 1809 1172 magistri
1834 1135 1966 1165 doceant
1991 1139 2020 1164 et
2044 1134 2177 1165 scolares

1176 1187 1274 1218 libere
1291 1188 1439 1218 studeant
1454 1192 1483 1217 et
1498 1187 1629 1217 audiant
1644 1189 1677 1217 iu
1694 1187 1806 1226 quavis
1821 1187 1907 1217 licita
1922 1187 2079 1218 facultate.
2101 1188 2136 1217 Et
2152 1188 2179 1217 si

1177 1242 1233 1280 qui
1248 1250 1396 1280 proc-essu
1414 1241 1564 1280 temporis
1580 1241 1612 1270 in
1627 1241 1737 1271 eodem
1753 1241 1858 1271 studio
1869 1241 1985 1271 fuerint
2000 1242 2065 1280 qui,
2079 1242 2179 1271 scien-

1179 1296 1220 1325 tie
1243 1295 1352 1325 bravio
1376 1299 1536 1331 assecuto,
1554 1295 1615 1324 sibi
1633 1295 1767 1324 docendi
1784 1294 1964 1331 licentiam,
1985 1300 2019 1324 ut
2039 1294 2118 1324 alios
2140 1294 2179 1323 li-

1179 1349 1302 1379 centius
1321 1349 1453 1378 erudere
1471 1348 1614 1385 valeant,
1639 1349 1800 1386 petierint,
1818 1349 1975 1386 impertiri
1998 1348 2180 1378 sancximus

1180 1407 1214 1432 ut
1235 1403 1269 1432 in
1291 1404 1363 1439 Jure
1386 1402 1539 1432 canonico
1563 1406 1592 1431 et
1614 1401 1701 1431 civili
1719 1410 1843 1431 necnon
1867 1406 1896 1430 et
1919 1401 1953 1430 in
1974 1400 2134 1430 medicina
2152 1404 2182 1430 et

1178 1455 1300 1485 artibus
1317 1455 1494 1484 examinari
1510 1454 1632 1492 possint
1647 1454 1777 1489 ibidem,
1793 1458 1822 1483 et
1837 1453 1872 1482 in
1887 1453 2006 1483 eisdem
2023 1452 2180 1482 facultati-

1179 1509 1239 1538 bus
1267 1510 1430 1538 dumtaxat
1455 1507 1545 1537 titulo
1563 1507 1740 1545 magisterii
1764 1507 1920 1542 decorari,
1944 1510 2115 1536 statuentes
2132 1509 2180 1540 ut,

1182 1562 1328 1600 quotiens
1359 1560 1458 1599 aliqui
1489 1560 1528 1590 ad
1556 1560 1777 1597 magisterium
1807 1560 1926 1589 suerint
1954 1557 2178 1597 promovendi,

1181 1619 1403 1654 presententur
1431 1638 1450 1643 ..
1480 1614 1625 1652 episcopo
1649 1613 1887 1651 Magalonensi‚
1907 1612 1968 1642 loci
1994 1611 2176 1644 diocesano,

1183 1668 1239 1707 qui
1255 1667 1350 1698 fuerit
1365 1676 1420 1706 pro
1437 1672 1591 1705 tempore,
1608 1666 1658 1695 vel
1675 1666 1704 1696 ei
1720 1675 1815 1705 quem
1833 1665 1872 1695 ad
1887 1665 1945 1695 hoc
1960 1665 2045 1694 idem
2061 1665 2179 1702 episco-

1182 1731 1240 1761 pus
1258 1721 1382 1751 duxerit
1397 1720 1631 1759 deputandum,
1649 1720 1720 1758 qui,
1745 1719 1906 1757 magistris
1922 1717 2079 1748 facultatis
2095 1717 2180 1746 illius

1182 1775 1217 1805 in
1233 1784 1294 1814 qua
1309 1774 1504 1805 examinatio
1520 1773 1664 1803 facienda
1683 1773 1778 1803 fuerit
1797 1772 1835 1802 de
1859 1772 2062 1802 universitate
2080 1774 2183 1800 vestra

1183 1829 1217 1858 in
1234 1828 1345 1858 eodem
1359 1828 1463 1857 studio
1474 1827 1673 1866 presentibus
1685 1827 1874 1862 convocatis,
1885 1834 1948 1862 eos,
1961 1825 2056 1863 gratis
2066 1823 2182 1853 etdiffi-

1183 1882 1299 1912 cultate
1320 1890 1523 1920 quacumque
1542 1879 1676 1916 sublata,
1697 1880 1736 1909 de
1752 1879 1897 1915 scientia,
1915 1878 2073 1914 facundia,
2090 1876 2182 1906 modo

1183 1935 1311 1974 legendi
1335 1940 1364 1965 et
1385 1935 1456 1964 aliis
1478 1944 1540 1973 que
1562 1935 1595 1963 10
1617 1933 1840 1973 promovendis
1860 1934 1899 1962 ad
1918 1933 2092 1963 doctoratus
2114 1930 2183 1960 offi-

1183 1990 1269 2019 cium
1286 1988 1497 2027 requiruntur
1513 1988 1696 2016 examinare
1715 1986 1862 2016 studeant
1877 1986 2056 2023 diligenter,
2070 1989 2099 2013 et
2115 1983 2184 2012 illos

1184 2051 1263 2081 quos
1292 2042 1435 2080 ydoneos
1465 2040 1660 2078 repererint,
1690 2040 1785 2079 petito
1814 2043 1931 2068 secrete
1960 2038 2185 2076 magistrorum

1185 2096 1372 2126 eorumdem
1391 2093 1540 2131 consilio,
1559 2093 1642 2132 quod
1662 2092 1832 2123 consilium
1854 2093 1888 2121 in
1905 2093 2046 2130 ipsorum
2070 2098 2186 2119 consu-

1185 2149 1321 2179 lentium
1339 2147 1543 2186 dispendium
1559 2146 1608 2176 vel
1619 2147 1776 2185 jacturam
1791 2145 1925 2175 revelari
1938 2143 2185 2183 quomodolibet,

1186 2203 1245 2232 sub
1268 2202 1377 2231 divine
1404 2200 1637 2230 maledictionis
1660 2199 1932 2233 interminatione,
1957 2196 2187 2227 districtissime

1186 2255 1409 2295 prohibemus,
1427 2254 1600 2293 approbent
1619 2257 1647 2283 et
1665 2253 1848 2288 admittant,
1865 2252 1974 2290 eisque
1997 2251 2123 2289 petitam
2148 2249 2187 2278 li-

1187 2310 1325 2340 centiam
1342 2308 1536 2346 largiantur,
1551 2307 1630 2337 alios
1650 2307 1758 2336 minus
1775 2306 1917 2345 ydoneos
1939 2304 2063 2344 penitus
2086 2302 2187 2341 repel-

1188 2363 1295 2399 lendo,
1307 2361 1487 2401 postpositis
1498 2361 1631 2391 omnino
1642 2360 1755 2398 gratia,
1765 2359 1836 2389 odio
1850 2358 1897 2389 vel
1910 2358 2028 2388 favore.
2039 2356 2187 2387 Ceterum

1189 2426 1244 2454 ne,
1263 2421 1395 2446 vacante
1416 2414 1637 2452 Magalonensi
1660 2413 1807 2449 ecclesia,
1824 2412 1988 2449 contingat
2010 2408 2188 2449 promoveri

1189 2469 1329 2500 volentes
1347 2468 1386 2498 ad
1404 2468 1623 2505 magisterium
1640 2465 1807 2504 impediri,
1825 2465 1973 2495 volumus
1996 2468 2045 2498 ut,
2063 2471 2135 2491 curn
2152 2461 2187 2490 in

1188 2524 1256 2561 ipsa
1280 2522 1411 2552 ecclesia
1435 2525 1497 2550 tres
1522 2529 1589 2550 esse
1613 2519 1830 2549 archidiaconi
1856 2521 2052 2552 asserantur,
2076 2514 2188 2553 majori

1190 2576 1328 2615 presenti
1346 2575 1407 2609 vel,
1425 2583 1460 2604 eo
1477 2574 1511 2603 in
1528 2573 1656 2603 remotis
1671 2577 1784 2610 agente
1800 2571 1849 2601 vel
1865 2571 1995 2601 forsitan
2014 2568 2187 2608 prepedito,

1191 2628 1329 2660 secundo
1344 2627 1406 2665 vel,
1420 2626 1485 2656 illis
1501 2626 1669 2665 prepeditis
1682 2629 1736 2655 aut
1752 2624 1946 2659 absentibus,
1960 2623 2049 2652 tertio
2064 2629 2189 2660 promo-

1191 2682 1286 2712 vendi
1311 2679 1499 2719 hujusmodi
1523 2678 1694 2709 vacationis
1721 2682 1858 2715 tempore
1880 2679 2114 2714 presententur,
2134 2674 2188 2713 qui

1192 2745 1245 2767 eos
1270 2735 1454 2765 examinent
1477 2737 1507 2762 et
1531 2731 1726 2762 examinatos
1744 2730 1916 2769 approbent
1939 2728 1988 2757 vel
2006 2728 2188 2767 reprobent,

1192 2787 1377 2818 secundum·
1397 2784 1526 2814 niodum
1552 2783 1585 2811 in
1612 2782 1755 2821 episcopo
1780 2784 1986 2819 pretaxatum.
2010 2779 2062 2809 Illi
2085 2783 2190 2808 autem

1193 2841 1248 2880 qui
1273 2840 1307 2869 in
1332 2838 1399 2868 loco
1430 2837 1548 2875 prefato
1575 2834 1747 2865 examinati
1775 2838 1804 2863 et
1826 2833 1988 2872 approbati
2013 2832 2132 2862 fuerint
2156 2839 2192 2861 ac

1194 2893 1327 2924 docendi
1353 2890 1516 2920 licentiam
1536 2888 1748 2924 obtinuerint,
1769 2891 1802 2917 ut
1825 2891 1871 2917 est
1893 2887 2031 2923 dictum,
2052 2895 2087 2916 ex
2105 2890 2190 2921 tuuc,

1193 2947 1311 2985 absque
1330 2943 1564 2974 examinatione
1590 2940 1638 2970 vel
1660 2940 1885 2979 approbatione
1906 2939 1986 2976 alia,
2010 2939 2141 2977 regendi
2164 2945 2193 2968 et

1194 2998 1327 3029 docendi¹
1352 2997 1468 3034 ubique
1491 2994 1617 3033 plenam
1640 2999 1670 3023 et
1689 2993 1822 3023 liberam
1841 2993 1978 3023 habeant
1994 2992 2192 3023 facultatem.

1195 3061 1252 3082 nec
1271 3060 1288 3080 a
1309 3058 1467 3089 quoquam
1494 3047 1618 3077 valeant
1638 3046 1813 3086 prohiberi.
1830 3046 1929 3084 Sane,
1948 3051 1980 3076 ut
1994 3046 2054 3076 rite
2068 3047 2101 3075 in
2120 3055 2191 3085 pre*
