<?xml version="1.0" encoding="UTF-8"?>
<!DOCTYPE html PUBLIC "-//W3C//DTD XHTML 1.0 Transitional//EN"
    "http://www.w3.org/TR/xhtml1/DTD/xhtml1-transitional.dtd">
<html xmlns="http://www.w3.org/1999/xhtml" xml:lang="en" lang="en">
 <head>
  <title>
</title>
<meta http-equiv="Content-Type" content="text/html;charset=utf-8" />
  <meta name='ocr-system' content='tesseract 3.04.00' />
  <meta name='ocr-capabilities' content='ocr_page ocr_carea ocr_par ocr_line ocrx_word'/>
</head>
<body>
  <div class='ocr_page' id='page_1' title='image "./lesregistresdeni01romeuoft_0179.png"; bbox 0 0 2342 3652; ppageno 0'>
   <div class='ocr_carea' id='block_1_1' title="bbox 853 338 2089 382">
    <p class='ocr_par' dir='ltr' id='par_1_1' title="bbox 853 338 2089 382">
     <span class='ocr_line' id='line_1_1' title="bbox 853 338 2089 382; baseline 0.002 -4"><span class='ocrx_word' id='word_1_1' title='bbox 853 338 1079 379; x_wconf 72' lang='lat' dir='ltr'>DEUXIEME</span> <span class='ocrx_word' id='word_1_2' title='bbox 1099 338 1256 378; x_wconf 75' lang='lat' dir='ltr'>ANNrin.</span> <span class='ocrx_word' id='word_1_3' title='bbox 2039 352 2089 382; x_wconf 87' lang='lat'>171</span> 
     </span>
    </p>
   </div>
   <div class='ocr_carea' id='block_1_2' title="bbox 358 413 940 449">
    <p class='ocr_par' dir='ltr' id='par_1_2' title="bbox 358 413 940 449">
     <span class='ocr_line' id='line_1_2' title="bbox 358 413 940 449; baseline 0.002 -9"><span class='ocrx_word' id='word_1_4' title='bbox 358 413 711 449; x_wconf 87' lang='lat' dir='ltr'>Sainte-Marie-Majeure,</span> <span class='ocrx_word' id='word_1_5' title='bbox 729 414 768 440; x_wconf 72' lang='lat'><strong>10¹·</strong></span> <span class='ocrx_word' id='word_1_6' title='bbox 777 414 847 440; x_wconf 84' lang='lat' dir='ltr'>avril</span> <span class='ocrx_word' id='word_1_7' title='bbox 865 414 940 441; x_wconf 64' lang='lat'><strong>1289.</strong></span> 
     </span>
    </p>
   </div>
   <div class='ocr_carea' id='block_1_3' title="bbox 86 416 172 446">
    <p class='ocr_par' dir='ltr' id='par_1_3' title="bbox 86 416 172 446">
     <span class='ocr_line' id='line_1_3' title="bbox 86 416 172 446; baseline -0.023 0"><span class='ocrx_word' id='word_1_8' title='bbox 86 416 172 446; x_wconf 67' lang='lat'>¹284</span> 
     </span>
    </p>
   </div>
   <div class='ocr_carea' id='block_1_4' title="bbox 16 476 1009 565">
    <p class='ocr_par' dir='ltr' id='par_1_4' title="bbox 16 476 1009 565">
     <span class='ocr_line' id='line_1_4' title="bbox 49 476 1009 514; baseline -0.004 -7"><span class='ocrx_word' id='word_1_9' title='bbox 49 479 93 507; x_wconf 90' lang='lat' dir='ltr'>De</span> <span class='ocrx_word' id='word_1_10' title='bbox 103 480 168 514; x_wconf 85' lang='lat' dir='ltr'>jure</span> <span class='ocrx_word' id='word_1_11' title='bbox 183 480 350 514; x_wconf 82' lang='lat' dir='ltr'>patronatus</span> <span class='ocrx_word' id='word_1_12' title='bbox 365 477 399 504; x_wconf 91' lang='lat' dir='ltr'>ad</span> <span class='ocrx_word' id='word_1_13' title='bbox 414 476 564 512; x_wconf 86' lang='lat' dir='ltr'>Hospitale</span> <span class='ocrx_word' id='word_1_14' title='bbox 578 477 822 504; x_wconf 87' lang='lat' dir='ltr'>Theutonicorum</span> <span class='ocrx_word' id='word_1_15' title='bbox 839 478 1009 512; x_wconf 82' lang='lat' dir='ltr'>pertinente.</span> 
     </span>
     <span class='ocr_line' id='line_1_5' title="bbox 16 525 678 565; baseline -0.006 -10"><span class='ocrx_word' id='word_1_16' title='bbox 16 528 96 565; x_wconf 75' lang='lat' dir='ltr'>(Rsso.</span> <span class='ocrx_word' id='word_1_17' title='bbox 111 527 154 561; x_wconf 80' lang='lat'>44,</span> <span class='ocrx_word' id='word_1_18' title='bbox 171 534 197 553; x_wconf 88' lang='lat' dir='ltr'>c.</span> <span class='ocrx_word' id='word_1_19' title='bbox 214 527 257 558; x_wconf 86' lang='lat'>77,</span> <span class='ocrx_word' id='word_1_20' title='bbox 269 525 288 551; x_wconf 81' lang='lat' dir='ltr'>f.</span> <span class='ocrx_word' id='word_1_21' title='bbox 307 525 356 552; x_wconf 74' lang='lat'>129</span> <span class='ocrx_word' id='word_1_22' title='bbox 372 532 416 559; x_wconf 83' lang='lat' dir='ltr'>v⁰;</span> <span class='ocrx_word' id='word_1_23' title='bbox 434 525 552 557; x_wconf 60' lang='lat' dir='ltr'>Poma,</span> <span class='ocrx_word' id='word_1_24' title='bbox 569 525 678 558; x_wconf 70' lang='lat'>‘2-29‘26.)</span> 
     </span>
    </p>
   </div>
   <div class='ocr_carea' id='block_1_5' title="bbox 0 626 1012 978">
    <p class='ocr_par' dir='ltr' id='par_1_5' title="bbox 0 626 1012 829">
     <span class='ocr_line' id='line_1_6' title="bbox 55 626 1012 666; baseline -0.005 -7"><span class='ocrx_word' id='word_1_25' title='bbox 55 651 77 659; x_wconf 92' lang='lat'>..</span> <span class='ocrx_word' id='word_1_26' title='bbox 94 628 239 665; x_wconf 77' lang='lat' dir='ltr'>maqistro</span> <span class='ocrx_word' id='word_1_27' title='bbox 259 631 285 656; x_wconf 80' lang='lat' dir='ltr'>et</span> <span class='ocrx_word' id='word_1_28' title='bbox 306 628 454 663; x_wconf 83' lang='lat' dir='ltr'>fratribus</span> <span class='ocrx_word' id='word_1_29' title='bbox 469 628 633 666; x_wconf 81' lang='lat' dir='ltr'><em>Hospitalis</em></span> <span class='ocrx_word' id='word_1_30' title='bbox 651 626 758 657; x_wconf 79' lang='lat' dir='ltr'>Sancte</span> <span class='ocrx_word' id='word_1_31' title='bbox 773 627 867 656; x_wconf 70' lang='lat' dir='ltr'>illaria</span> <span class='ocrx_word' id='word_1_32' title='bbox 886 626 1012 655; x_wconf 80' lang='lat' dir='ltr'>Theuto—</span> 
     </span>
     <span class='ocr_line' id='line_1_7' title="bbox 0 678 1011 716; baseline -0.004 -4"><span class='ocrx_word' id='word_1_33' title='bbox 0 683 151 716; x_wconf 53' lang='lat' dir='ltr'>inicorum</span> <span class='ocrx_word' id='word_1_34' title='bbox 172 680 433 709; x_wconf 74' lang='lat' dir='ltr'>Jherosolimizam·</span> <span class='ocrx_word' id='word_1_35' title='bbox 458 679 604 709; x_wconf 84' lang='lat' dir='ltr'>concedit</span> <span class='ocrx_word' id='word_1_36' title='bbox 627 684 661 709; x_wconf 90' lang='lat' dir='ltr'>ut</span> <span class='ocrx_word' id='word_1_37' title='bbox 684 680 796 709; x_wconf 80' lang='lat' dir='ltr'>fratres</span> <span class='ocrx_word' id='word_1_38' title='bbox 816 678 938 709; x_wconf 84' lang='lat' dir='ltr'>ordinis</span> <span class='ocrx_word' id='word_1_39' title='bbox 962 679 1011 708; x_wconf 91' lang='lat' dir='ltr'>sui</span> 
     </span>
     <span class='ocr_line' id='line_1_8' title="bbox 0 733 1011 772; baseline -0.005 -6"><span class='ocrx_word' id='word_1_40' title='bbox 0 751 1 757; x_wconf 29' lang='grc' dir='ltr'><strong>κ</strong></span> <span class='ocrx_word' id='word_1_41' title='bbox 15 734 55 766; x_wconf 79' lang='lat' dir='ltr'>ad</span> <span class='ocrx_word' id='word_1_42' title='bbox 66 733 210 764; x_wconf 88' lang='lat' dir='ltr'>ecclesias</span> <span class='ocrx_word' id='word_1_43' title='bbox 223 733 257 762; x_wconf 92' lang='lat' dir='ltr'>in</span> <span class='ocrx_word' id='word_1_44' title='bbox 273 733 452 772; x_wconf 76' lang='lat' dir='ltr'>quibusJus</span> <span class='ocrx_word' id='word_1_45' title='bbox 467 736 652 772; x_wconf 89' lang='lat' dir='ltr'>patronatus</span> <span class='ocrx_word' id='word_1_46' title='bbox 665 733 784 762; x_wconf 87' lang='lat' dir='ltr'>habent</span> <span class='ocrx_word' id='word_1_47' title='bbox 808 736 1011 771; x_wconf 85' lang='lat' dir='ltr'>praesentare</span> 
     </span>
     <span class='ocr_line' id='line_1_9' title="bbox 0 763 142 829; baseline -0.014 -11"><span class='ocrx_word' id='word_1_48' title='bbox 0 763 142 829; x_wconf 36' lang='lat' dir='ltr'>*possint</span> 
     </span>
    </p>

    <p class='ocr_par' dir='ltr' id='par_1_6' title="bbox 45 839 1009 878">
     <span class='ocr_line' id='line_1_10' title="bbox 45 839 1009 878; baseline 0.001 -10"><span class='ocrx_word' id='word_1_49' title='bbox 45 851 70 874; x_wconf 69' lang='grc' dir='ltr'>,ι</span> <span class='ocrx_word' id='word_1_50' title='bbox 91 839 264 878; x_wconf 87' lang='lat' dir='ltr'>Signorum</span> <span class='ocrx_word' id='word_1_51' title='bbox 293 839 453 869; x_wconf 88' lang='lat' dir='ltr'>evidentia</span> <span class='ocrx_word' id='word_1_52' title='bbox 481 839 699 869; x_wconf 82' lang='lat' dir='ltr'>declarante...</span> <span class='ocrx_word' id='word_1_53' title='bbox 722 856 760 861; x_wconf 96' lang='lat'>—</span> <span class='ocrx_word' id='word_1_54' title='bbox 790 839 862 870; x_wconf 91' lang='lat' dir='ltr'>Dat.</span> <span class='ocrx_word' id='word_1_55' title='bbox 890 840 1009 876; x_wconf 87' lang='lat' dir='ltr'>Rome,</span> 
     </span>
    </p>

    <p class='ocr_par' dir='ltr' id='par_1_7' title="bbox 17 892 1011 978">
     <span class='ocr_line' id='line_1_11' title="bbox 17 892 1011 934; baseline -0.003 -9"><span class='ocrx_word' id='word_1_56' title='bbox 17 893 96 934; x_wconf 79' lang='lat' dir='ltr'>apud</span> <span class='ocrx_word' id='word_1_57' title='bbox 112 893 259 923; x_wconf 82' lang='lat' dir='ltr'><strong>Sanctam</strong></span> <span class='ocrx_word' id='word_1_58' title='bbox 280 892 413 923; x_wconf 84' lang='lat' dir='ltr'>Mariam</span> <span class='ocrx_word' id='word_1_59' title='bbox 429 893 598 932; x_wconf 84' lang='lat' dir='ltr'>Majorem‚</span> <span class='ocrx_word' id='word_1_60' title='bbox 615 892 761 922; x_wconf 87' lang='lat' dir='ltr'>kalendis</span> <span class='ocrx_word' id='word_1_61' title='bbox 781 892 908 931; x_wconf 81' lang='lat' dir='ltr'>aprilis,</span> <span class='ocrx_word' id='word_1_62' title='bbox 925 901 1011 923; x_wconf 90' lang='lat' dir='ltr'>anuo</span> 
     </span>
     <span class='ocr_line' id='line_1_12' title="bbox 17 945 198 978; baseline -0.022 0"><span class='ocrx_word' id='word_1_63' title='bbox 17 945 161 978; x_wconf 80' lang='lat' dir='ltr'>secundo.</span> <span class='ocrx_word' id='word_1_64' title='bbox 183 958 198 974; x_wconf 64' lang='lat' dir='ltr'>n</span> 
     </span>
    </p>
   </div>
   <div class='ocr_carea' id='block_1_6' title="bbox 47 1131 867 1229">
    <p class='ocr_par' dir='ltr' id='par_1_8' title="bbox 47 1131 867 1229">
     <span class='ocr_line' id='line_1_13' title="bbox 82 1131 167 1161; baseline -0.012 0"><span class='ocrx_word' id='word_1_65' title='bbox 82 1131 167 1161; x_wconf 64' lang='lat'>¹³65</span> 
     </span>
     <span class='ocr_line' id='line_1_14' title="bbox 47 1192 867 1229; baseline -0.002 -7"><span class='ocrx_word' id='word_1_66' title='bbox 47 1193 229 1229; x_wconf 80' lang='lat' dir='ltr'>Dispensatio</span> <span class='ocrx_word' id='word_1_67' title='bbox 243 1193 426 1220; x_wconf 83' lang='lat' dir='ltr'>matrimonii.</span> <span class='ocrx_word' id='word_1_68' title='bbox 443 1192 526 1226; x_wconf 70' lang='lat' dir='ltr'>(Rae.</span> <span class='ocrx_word' id='word_1_69' title='bbox 542 1193 586 1224; x_wconf 87' lang='lat'>44,</span> <span class='ocrx_word' id='word_1_70' title='bbox 600 1201 626 1220; x_wconf 91' lang='lat' dir='ltr'>c.</span> <span class='ocrx_word' id='word_1_71' title='bbox 651 1193 694 1225; x_wconf 87' lang='lat'>78,</span> <span class='ocrx_word' id='word_1_72' title='bbox 712 1193 730 1220; x_wconf 85' lang='lat' dir='ltr'>f.</span> <span class='ocrx_word' id='word_1_73' title='bbox 749 1194 799 1221; x_wconf 73' lang='lat'>129</span> <span class='ocrx_word' id='word_1_74' title='bbox 815 1195 867 1227; x_wconf 79' lang='lat' dir='ltr'><strong>vo.)</strong></span> 
     </span>
    </p>
   </div>
   <div class='ocr_carea' id='block_1_7' title="bbox 343 1129 938 1165">
    <p class='ocr_par' dir='ltr' id='par_1_9' title="bbox 343 1129 938 1165">
     <span class='ocr_line' id='line_1_15' title="bbox 343 1129 938 1165; baseline 0.003 -8"><span class='ocrx_word' id='word_1_75' title='bbox 343 1129 700 1165; x_wconf 85' lang='lat' dir='ltr'>Sainte-Marie-Majeure,</span> <span class='ocrx_word' id='word_1_76' title='bbox 715 1131 749 1158; x_wconf 72' lang='lat'>28</span> <span class='ocrx_word' id='word_1_77' title='bbox 765 1139 842 1158; x_wconf 84' lang='lat' dir='ltr'>mars</span> <span class='ocrx_word' id='word_1_78' title='bbox 860 1132 938 1159; x_wconf 64' lang='lat'><strong>1289.</strong></span> 
     </span>
    </p>
   </div>
   <div class='ocr_carea' id='block_1_8' title="bbox 13 1295 1010 1865">
    <p class='ocr_par' dir='ltr' id='par_1_10' title="bbox 13 1295 1010 1750">
     <span class='ocr_line' id='line_1_16' title="bbox 55 1295 1010 1334; baseline 0 -8"><span class='ocrx_word' id='word_1_79' title='bbox 55 1296 228 1326; x_wconf 75' lang='lat' dir='ltr'>Venerabili·</span> <span class='ocrx_word' id='word_1_80' title='bbox 240 1296 334 1333; x_wconf 77' lang='lat' dir='ltr'>fratri</span> <span class='ocrx_word' id='word_1_81' title='bbox 358 1317 377 1324; x_wconf 91' lang='lat'>..</span> <span class='ocrx_word' id='word_1_82' title='bbox 401 1297 535 1334; x_wconf 76' lang='lat' dir='ltr'>episcopo</span> <span class='ocrx_word' id='word_1_83' title='bbox 552 1296 733 1325; x_wconf 77' lang='lat' dir='ltr'>Pistoriensz&#39;</span> <span class='ocrx_word' id='word_1_84' title='bbox 753 1295 884 1326; x_wconf 88' lang='lat' dir='ltr'>mandat</span> <span class='ocrx_word' id='word_1_85' title='bbox 899 1300 1010 1334; x_wconf 90' lang='lat' dir='ltr'>quate-</span> 
     </span>
     <span class='ocr_line' id='line_1_17' title="bbox 13 1348 1008 1387; baseline -0.002 -7"><span class='ocrx_word' id='word_1_86' title='bbox 13 1357 73 1381; x_wconf 75' lang='lat' dir='ltr'>nus</span> <span class='ocrx_word' id='word_1_87' title='bbox 86 1357 159 1380; x_wconf 89' lang='lat' dir='ltr'>cum</span> <span class='ocrx_word' id='word_1_88' title='bbox 173 1349 361 1386; x_wconf 81' lang='lat' dir='ltr'>Octaviano,</span> <span class='ocrx_word' id='word_1_89' title='bbox 375 1348 443 1379; x_wconf 83' lang='lat' dir='ltr'>filio</span> <span class='ocrx_word' id='word_1_90' title='bbox 456 1348 572 1379; x_wconf 87' lang='lat' dir='ltr'>nobilis</span> <span class='ocrx_word' id='word_1_91' title='bbox 586 1349 650 1378; x_wconf 88' lang='lat' dir='ltr'>viri</span> <span class='ocrx_word' id='word_1_92' title='bbox 664 1349 821 1387; x_wconf 87' lang='lat' dir='ltr'>Hugolini</span> <span class='ocrx_word' id='word_1_93' title='bbox 834 1349 872 1379; x_wconf 88' lang='lat' dir='ltr'>de</span> <span class='ocrx_word' id='word_1_94' title='bbox 889 1349 1008 1386; x_wconf 85' lang='lat' dir='ltr'>Senno,</span> 
     </span>
     <span class='ocr_line' id='line_1_18' title="bbox 14 1401 1010 1440; baseline -0.001 -6"><span class='ocrx_word' id='word_1_95' title='bbox 14 1406 44 1435; x_wconf 76' lang='lat' dir='ltr'>et</span> <span class='ocrx_word' id='word_1_96' title='bbox 67 1401 259 1439; x_wconf 86' lang='lat' dir='ltr'>Andreuzia,</span> <span class='ocrx_word' id='word_1_97' title='bbox 286 1401 352 1431; x_wconf 86' lang='lat' dir='ltr'>filia</span> <span class='ocrx_word' id='word_1_98' title='bbox 378 1401 495 1432; x_wconf 88' lang='lat' dir='ltr'>nobilis</span> <span class='ocrx_word' id='word_1_99' title='bbox 524 1402 585 1432; x_wconf 87' lang='lat' dir='ltr'>viri</span> <span class='ocrx_word' id='word_1_100' title='bbox 614 1402 795 1440; x_wconf 86' lang='lat' dir='ltr'>Maginardi</span> <span class='ocrx_word' id='word_1_101' title='bbox 821 1403 944 1440; x_wconf 86' lang='lat' dir='ltr'>Pagani</span> <span class='ocrx_word' id='word_1_102' title='bbox 971 1403 1010 1433; x_wconf 90' lang='lat' dir='ltr'>de</span> 
     </span>
     <span class='ocr_line' id='line_1_19' title="bbox 13 1451 1010 1489; baseline 0 -5"><span class='ocrx_word' id='word_1_103' title='bbox 13 1452 178 1489; x_wconf 78' lang='lat' dir='ltr'>Susinano,</span> <span class='ocrx_word' id='word_1_104' title='bbox 198 1451 401 1483; x_wconf 89' lang='lat' dir='ltr'>Florentinae</span> <span class='ocrx_word' id='word_1_105' title='bbox 418 1452 581 1489; x_wconf 82' lang='lat' dir='ltr'>dioecesis⁷</span> <span class='ocrx_word' id='word_1_106' title='bbox 604 1453 709 1483; x_wconf 88' lang='lat' dir='ltr'>adhuc</span> <span class='ocrx_word' id='word_1_107' title='bbox 727 1453 812 1483; x_wconf 82' lang='lat' dir='ltr'>infra</span> <span class='ocrx_word' id='word_1_108' title='bbox 828 1462 931 1484; x_wconf 88' lang='lat' dir='ltr'>annos</span> <span class='ocrx_word' id='word_1_109' title='bbox 949 1463 1010 1484; x_wconf 89' lang='lat' dir='ltr'>nu-</span> 
     </span>
     <span class='ocr_line' id='line_1_20' title="bbox 13 1500 1009 1546; baseline 0 -9"><span class='ocrx_word' id='word_1_110' title='bbox 13 1500 91 1537; x_wconf 81' lang='lat' dir='ltr'>biles</span> <span class='ocrx_word' id='word_1_111' title='bbox 106 1506 300 1543; x_wconf 88' lang='lat' dir='ltr'>constitutis,</span> <span class='ocrx_word' id='word_1_112' title='bbox 317 1506 478 1545; x_wconf 78' lang='lat' dir='ltr'>dispenset</span> <span class='ocrx_word' id='word_1_113' title='bbox 494 1510 544 1543; x_wconf 85' lang='lat' dir='ltr'>ut,</span> <span class='ocrx_word' id='word_1_114' title='bbox 563 1515 629 1545; x_wconf 85' lang='lat' dir='ltr'>non</span> <span class='ocrx_word' id='word_1_115' title='bbox 648 1507 791 1536; x_wconf 87' lang='lat' dir='ltr'>obstante</span> <span class='ocrx_word' id='word_1_116' title='bbox 805 1511 917 1546; x_wconf 90' lang='lat' dir='ltr'>quarto</span> <span class='ocrx_word' id='word_1_117' title='bbox 932 1515 1009 1537; x_wconf 90' lang='lat' dir='ltr'>con-</span> 
     </span>
     <span class='ocr_line' id='line_1_21' title="bbox 13 1559 1009 1598; baseline 0 -8"><span class='ocrx_word' id='word_1_118' title='bbox 13 1559 234 1598; x_wconf 75' lang='lat' dir='ltr'>sanguinitatis</span> <span class='ocrx_word' id='word_1_119' title='bbox 259 1559 359 1597; x_wconf 88' lang='lat' dir='ltr'>gradu</span> <span class='ocrx_word' id='word_1_120' title='bbox 385 1568 448 1598; x_wconf 91' lang='lat' dir='ltr'>quo</span> <span class='ocrx_word' id='word_1_121' title='bbox 481 1559 645 1598; x_wconf 89' lang='lat' dir='ltr'>conjuncti</span> <span class='ocrx_word' id='word_1_122' title='bbox 668 1565 757 1596; x_wconf 86' lang='lat' dir='ltr'>sunt,</span> <span class='ocrx_word' id='word_1_123' title='bbox 784 1560 825 1590; x_wconf 90' lang='lat' dir='ltr'>ad</span> <span class='ocrx_word' id='word_1_124' title='bbox 854 1560 1009 1591; x_wconf 86' lang='lat' dir='ltr'>sedandas</span> 
     </span>
     <span class='ocr_line' id='line_1_22' title="bbox 13 1611 1008 1651; baseline 0.003 -10"><span class='ocrx_word' id='word_1_125' title='bbox 13 1611 194 1642; x_wconf 81' lang='lat' dir='ltr'>inimicitias</span> <span class='ocrx_word' id='word_1_126' title='bbox 213 1611 298 1642; x_wconf 89' lang='lat' dir='ltr'>inter</span> <span class='ocrx_word' id='word_1_127' title='bbox 319 1613 536 1651; x_wconf 80' lang='lat' dir='ltr'>progenitores</span> <span class='ocrx_word' id='word_1_128' title='bbox 560 1621 632 1643; x_wconf 90' lang='lat' dir='ltr'>suos</span> <span class='ocrx_word' id='word_1_129' title='bbox 649 1618 748 1650; x_wconf 86' lang='lat' dir='ltr'>ortas,</span> <span class='ocrx_word' id='word_1_130' title='bbox 765 1614 1008 1644; x_wconf 84' lang='lat' dir='ltr'>matrimonium</span> 
     </span>
     <span class='ocr_line' id='line_1_23' title="bbox 14 1665 1007 1705; baseline 0.003 -10"><span class='ocrx_word' id='word_1_131' title='bbox 14 1665 96 1696; x_wconf 84' lang='lat' dir='ltr'>inter</span> <span class='ocrx_word' id='word_1_132' title='bbox 111 1674 154 1704; x_wconf 81' lang='lat' dir='ltr'>se,</span> <span class='ocrx_word' id='word_1_133' title='bbox 173 1675 272 1705; x_wconf 88' lang='lat' dir='ltr'>quum</span> <span class='ocrx_word' id='word_1_134' title='bbox 289 1665 328 1696; x_wconf 88' lang='lat' dir='ltr'>ad</span> <span class='ocrx_word' id='word_1_135' title='bbox 349 1665 526 1704; x_wconf 81' lang='lat' dir='ltr'>legitimam</span> <span class='ocrx_word' id='word_1_136' title='bbox 541 1671 675 1697; x_wconf 87' lang='lat' dir='ltr'>aetatem</span> <span class='ocrx_word' id='word_1_137' title='bbox 693 1667 910 1705; x_wconf 77' lang='lat' dir='ltr'>pervenerint,</span> <span class='ocrx_word' id='word_1_138' title='bbox 930 1677 1007 1698; x_wconf 90' lang='lat' dir='ltr'>con-</span> 
     </span>
     <span class='ocr_line' id='line_1_24' title="bbox 14 1718 291 1750; baseline -0.004 -1"><span class='ocrx_word' id='word_1_139' title='bbox 14 1721 143 1750; x_wconf 80' lang='lat' dir='ltr'>tractare</span> <span class='ocrx_word' id='word_1_140' title='bbox 157 1718 291 1749; x_wconf 89' lang='lat' dir='ltr'>valeant.</span> 
     </span>
    </p>

    <p class='ocr_par' dir='ltr' id='par_1_11' title="bbox 15 1771 1007 1865">
     <span class='ocr_line' id='line_1_25' title="bbox 56 1771 1007 1812; baseline 0.004 -12"><span class='ocrx_word' id='word_1_141' title='bbox 56 1783 70 1800; x_wconf 74' lang='grc' dir='ltr'>ι</span> <span class='ocrx_word' id='word_1_142' title='bbox 88 1771 232 1811; x_wconf 83' lang='lat' dir='ltr'>Exposita</span> <span class='ocrx_word' id='word_1_143' title='bbox 240 1780 345 1802; x_wconf 89' lang='lat' dir='ltr'>coram</span> <span class='ocrx_word' id='word_1_144' title='bbox 354 1772 484 1803; x_wconf 87' lang='lat' dir='ltr'>nobis...</span> <span class='ocrx_word' id='word_1_145' title='bbox 495 1790 534 1794; x_wconf 97' lang='lat'><strong>—</strong></span> <span class='ocrx_word' id='word_1_146' title='bbox 547 1773 619 1803; x_wconf 88' lang='lat' dir='ltr'>Dat.</span> <span class='ocrx_word' id='word_1_147' title='bbox 633 1773 746 1810; x_wconf 87' lang='lat' dir='ltr'>Rome,</span> <span class='ocrx_word' id='word_1_148' title='bbox 762 1774 846 1812; x_wconf 84' lang='lat' dir='ltr'>apud</span> <span class='ocrx_word' id='word_1_149' title='bbox 857 1773 1007 1804; x_wconf 86' lang='lat' dir='ltr'>Sanctam</span> 
     </span>
     <span class='ocr_line' id='line_1_26' title="bbox 15 1825 944 1865; baseline 0.003 -10"><span class='ocrx_word' id='word_1_150' title='bbox 15 1825 144 1856; x_wconf 79' lang='lat' dir='ltr'>Mariam</span> <span class='ocrx_word' id='word_1_151' title='bbox 159 1825 312 1864; x_wconf 86' lang='lat' dir='ltr'>Majorem</span> <span class='ocrx_word' id='word_1_152' title='bbox 326 1850 333 1864; x_wconf 93' lang='lat'><strong>‚</strong></span> <span class='ocrx_word' id='word_1_153' title='bbox 349 1836 370 1856; x_wconf 90' lang='lat' dir='ltr'>v</span> <span class='ocrx_word' id='word_1_154' title='bbox 384 1825 539 1856; x_wconf 84' lang='lat' dir='ltr'>kalendas</span> <span class='ocrx_word' id='word_1_155' title='bbox 555 1826 677 1865; x_wconf 81' lang='lat' dir='ltr'>aprilis,</span> <span class='ocrx_word' id='word_1_156' title='bbox 694 1836 779 1857; x_wconf 88' lang='lat' dir='ltr'>anno</span> <span class='ocrx_word' id='word_1_157' title='bbox 795 1827 944 1858; x_wconf 90' lang='lat' dir='ltr'>secundo.</span> 
     </span>
    </p>
   </div>
   <div class='ocr_carea' id='block_1_9' title="bbox 79 2011 162 2040">
    <p class='ocr_par' dir='ltr' id='par_1_12' title="bbox 79 2011 162 2040">
     <span class='ocr_line' id='line_1_27' title="bbox 79 2011 162 2040; baseline 0 0"><span class='ocrx_word' id='word_1_158' title='bbox 79 2011 162 2040; x_wconf 67' lang='lat' dir='ltr'>⁸28ss</span> 
     </span>
    </p>
   </div>
   <div class='ocr_carea' id='block_1_10' title="bbox 0 2072 1006 2158">
    <p class='ocr_par' dir='ltr' id='par_1_13' title="bbox 0 2072 1006 2158">
     <span class='ocr_line' id='line_1_28' title="bbox 0 2072 1006 2112; baseline 0.004 -12"><span class='ocrx_word' id='word_1_159' title='bbox 0 2074 5 2077; x_wconf 84' lang='grc'><strong>“</strong></span> <span class='ocrx_word' id='word_1_160' title='bbox 45 2072 88 2100; x_wconf 85' lang='lat' dir='ltr'>De</span> <span class='ocrx_word' id='word_1_161' title='bbox 100 2075 279 2102; x_wconf 82' lang='lat' dir='ltr'>contentione</span> <span class='ocrx_word' id='word_1_162' title='bbox 294 2075 368 2101; x_wconf 90' lang='lat' dir='ltr'>inter</span> <span class='ocrx_word' id='word_1_163' title='bbox 382 2074 628 2110; x_wconf 88' lang='lat' dir='ltr'>Bambergensem</span> <span class='ocrx_word' id='word_1_164' title='bbox 651 2077 821 2112; x_wconf 88' lang='lat' dir='ltr'>episcopum</span> <span class='ocrx_word' id='word_1_165' title='bbox 840 2080 868 2104; x_wconf 83' lang='lat' dir='ltr'>et</span> <span class='ocrx_word' id='word_1_166' title='bbox 889 2086 1006 2104; x_wconf 90' lang='lat' dir='ltr'>monas-</span> 
     </span>
     <span class='ocr_line' id='line_1_29' title="bbox 18 2122 787 2158; baseline 0.001 -8"><span class='ocrx_word' id='word_1_167' title='bbox 18 2123 110 2150; x_wconf 73' lang='lat' dir='ltr'>:etium</span> <span class='ocrx_word' id='word_1_168' title='bbox 130 2122 166 2150; x_wconf 87' lang='lat' dir='ltr'>de</span> <span class='ocrx_word' id='word_1_169' title='bbox 187 2122 350 2150; x_wconf 87' lang='lat' dir='ltr'>Lancheim.</span> <span class='ocrx_word' id='word_1_170' title='bbox 368 2123 450 2158; x_wconf 78' lang='lat' dir='ltr'>(Rsc.</span> <span class='ocrx_word' id='word_1_171' title='bbox 468 2125 510 2156; x_wconf 84' lang='lat'>44,</span> <span class='ocrx_word' id='word_1_172' title='bbox 527 2132 553 2151; x_wconf 90' lang='lat' dir='ltr'>c.</span> <span class='ocrx_word' id='word_1_173' title='bbox 570 2125 614 2157; x_wconf 74' lang='lat'>79,</span> <span class='ocrx_word' id='word_1_174' title='bbox 631 2125 651 2151; x_wconf 86' lang='lat' dir='ltr'>f.</span> <span class='ocrx_word' id='word_1_175' title='bbox 671 2124 719 2152; x_wconf 70' lang='lat'>129</span> <span class='ocrx_word' id='word_1_176' title='bbox 735 2126 787 2158; x_wconf 90' lang='lat' dir='ltr'>v0.)</span> 
     </span>
    </p>
   </div>
   <div class='ocr_carea' id='block_1_11' title="bbox 365 2011 934 2048">
    <p class='ocr_par' dir='ltr' id='par_1_14' title="bbox 365 2011 934 2048">
     <span class='ocr_line' id='line_1_30' title="bbox 365 2011 934 2048; baseline 0.002 -9"><span class='ocrx_word' id='word_1_177' title='bbox 365 2011 716 2048; x_wconf 76' lang='lat' dir='ltr'>Sainte-Marie-MaJem-e,</span> <span class='ocrx_word' id='word_1_178' title='bbox 733 2014 748 2040; x_wconf 90' lang='lat'>8</span> <span class='ocrx_word' id='word_1_179' title='bbox 763 2021 840 2040; x_wconf 85' lang='lat' dir='ltr'>mars</span> <span class='ocrx_word' id='word_1_180' title='bbox 859 2014 934 2041; x_wconf 64' lang='lat'>1289.</span> 
     </span>
    </p>
   </div>
   <div class='ocr_carea' id='block_1_12' title="bbox 3 2104 32 3413">
    <p class='ocr_par' dir='ltr' id='par_1_15' title="bbox 3 2104 32 3413">
     <span class='ocr_line' id='line_1_31' title="bbox 3 2104 18 2338; baseline 0 -162"><span class='ocrx_word' id='word_1_181' title='bbox 3 2104 18 2338; x_wconf 95' lang='lat' dir='ltr'>   </span> 
     </span>
     <span class='ocr_line' id='line_1_32' title="bbox 11 2338 18 2389; baseline 0 1263"><span class='ocrx_word' id='word_1_182' title='bbox 11 2338 18 2389; x_wconf 95' lang='lat' dir='ltr'> </span> 
     </span>
     <span class='ocr_line' id='line_1_33' title="bbox 8 2389 21 2501; baseline 0 -59"><span class='ocrx_word' id='word_1_183' title='bbox 8 2389 21 2501; x_wconf 95' lang='lat' dir='ltr'>  </span> 
     </span>
     <span class='ocr_line' id='line_1_34' title="bbox 8 2501 21 2715; baseline 0 -109"><span class='ocrx_word' id='word_1_184' title='bbox 8 2501 21 2715; x_wconf 95' lang='lat' dir='ltr'>    </span> 
     </span>
     <span class='ocr_line' id='line_1_35' title="bbox 14 2734 24 2928; baseline 0 -110"><span class='ocrx_word' id='word_1_185' title='bbox 14 2734 24 2928; x_wconf 95' lang='lat' dir='ltr'>   </span> 
     </span>
     <span class='ocr_line' id='line_1_36' title="bbox 15 2928 32 3413; baseline 0 -383"><span class='ocrx_word' id='word_1_186' title='bbox 15 2928 32 3413; x_wconf 95' lang='lat' dir='ltr'>    </span> 
     </span>
    </p>
   </div>
   <div class='ocr_carea' id='block_1_13' title="bbox 0 2226 1006 3061">
    <p class='ocr_par' dir='ltr' id='par_1_16' title="bbox 0 2226 1006 3061">
     <span class='ocr_line' id='line_1_37' title="bbox 50 2226 1006 2265; baseline 0.004 -11"><span class='ocrx_word' id='word_1_187' title='bbox 50 2245 71 2254; x_wconf 84' lang='lat'>..</span> <span class='ocrx_word' id='word_1_188' title='bbox 84 2226 232 2264; x_wconf 81' lang='lat' dir='ltr'>preposito</span> <span class='ocrx_word' id='word_1_189' title='bbox 249 2226 425 2256; x_wconf 74' lang='lat' dir='ltr'>monasterii</span> <span class='ocrx_word' id='word_1_190' title='bbox 441 2227 476 2256; x_wconf 82' lang='lat' dir='ltr'>de</span> <span class='ocrx_word' id='word_1_191' title='bbox 489 2227 633 2264; x_wconf 84' lang='lat' dir='ltr'>Robdorf,</span> <span class='ocrx_word' id='word_1_192' title='bbox 646 2236 702 2265; x_wconf 78' lang='lat' dir='ltr'>per</span> <span class='ocrx_word' id='word_1_193' title='bbox 717 2229 905 2265; x_wconf 69' lang='lat' dir='ltr'>prepositum</span> <span class='ocrx_word' id='word_1_194' title='bbox 923 2229 1006 2258; x_wconf 78' lang='lat' dir='ltr'>soliti</span> 
     </span>
     <span class='ocr_line' id='line_1_38' title="bbox 19 2277 1006 2318; baseline 0.004 -11"><span class='ocrx_word' id='word_1_195' title='bbox 19 2277 179 2315; x_wconf 64' lang='lat' dir='ltr'>intentari,</span> <span class='ocrx_word' id='word_1_196' title='bbox 195 2279 310 2308; x_wconf 78' lang='lat' dir='ltr'>ordinis</span> <span class='ocrx_word' id='word_1_197' title='bbox 320 2279 350 2309; x_wconf 90' lang='lat' dir='ltr'>S.</span> <span class='ocrx_word' id='word_1_198' title='bbox 367 2280 544 2317; x_wconf 66' lang='lat' dir='ltr'>Augustini,</span> <span class='ocrx_word' id='word_1_199' title='bbox 560 2281 735 2310; x_wconf 63' lang='lat' dir='ltr'>Ezssstetensis</span> <span class='ocrx_word' id='word_1_200' title='bbox 752 2282 906 2311; x_wconf 76' lang='lat' dir='ltr'>diocesis.«</span> <span class='ocrx_word' id='word_1_201' title='bbox 919 2282 1006 2318; x_wconf 83' lang='lat' dir='ltr'>Que-</span> 
     </span>
     <span class='ocr_line' id='line_1_39' title="bbox 20 2328 1005 2369; baseline 0.005 -9"><span class='ocrx_word' id='word_1_202' title='bbox 20 2328 74 2360; x_wconf 72' lang='lat' dir='ltr'>reta</span> <span class='ocrx_word' id='word_1_203' title='bbox 99 2331 202 2369; x_wconf 82' lang='lat' dir='ltr'>gravis</span> <span class='ocrx_word' id='word_1_204' title='bbox 223 2331 411 2362; x_wconf 89' lang='lat' dir='ltr'>dilectorum</span> <span class='ocrx_word' id='word_1_205' title='bbox 432 2332 575 2363; x_wconf 87' lang='lat' dir='ltr'>filiorum</span> <span class='ocrx_word' id='word_1_206' title='bbox 602 2357 621 2364; x_wconf 93' lang='lat'>..</span> <span class='ocrx_word' id='word_1_207' title='bbox 647 2334 770 2364; x_wconf 86' lang='lat' dir='ltr'>abbatis</span> <span class='ocrx_word' id='word_1_208' title='bbox 786 2338 816 2364; x_wconf 87' lang='lat' dir='ltr'>et</span> <span class='ocrx_word' id='word_1_209' title='bbox 831 2340 1005 2365; x_wconf 86' lang='lat' dir='ltr'>conventus</span> 
     </span>
     <span class='ocr_line' id='line_1_40' title="bbox 21 2384 1004 2423; baseline 0.005 -10"><span class='ocrx_word' id='word_1_210' title='bbox 21 2384 190 2414; x_wconf 83' lang='lat' dir='ltr'>nonasterii</span> <span class='ocrx_word' id='word_1_211' title='bbox 204 2385 243 2415; x_wconf 92' lang='lat' dir='ltr'>de</span> <span class='ocrx_word' id='word_1_212' title='bbox 258 2385 444 2423; x_wconf 89' lang='lat' dir='ltr'>Lancheim,</span> <span class='ocrx_word' id='word_1_213' title='bbox 464 2386 686 2417; x_wconf 86' lang='lat' dir='ltr'>Cisterciensis</span> <span class='ocrx_word' id='word_1_214' title='bbox 701 2387 832 2422; x_wconf 80' lang='lat' dir='ltr'>ordinis,</span> <span class='ocrx_word' id='word_1_215' title='bbox 852 2388 1004 2419; x_wconf 88' lang='lat' dir='ltr'>Bamber-</span> 
     </span>
     <span class='ocr_line' id='line_1_41' title="bbox 21 2435 1005 2479; baseline 0.005 -13"><span class='ocrx_word' id='word_1_216' title='bbox 21 2435 116 2474; x_wconf 67' lang='lat' dir='ltr'>gensis</span> <span class='ocrx_word' id='word_1_217' title='bbox 131 2436 274 2475; x_wconf 86' lang='lat' dir='ltr'>diocesis,</span> <span class='ocrx_word' id='word_1_218' title='bbox 290 2438 382 2468; x_wconf 86' lang='lat' dir='ltr'>nobis</span> <span class='ocrx_word' id='word_1_219' title='bbox 391 2440 541 2478; x_wconf 82' lang='lat' dir='ltr'>exposita,</span> <span class='ocrx_word' id='word_1_220' title='bbox 555 2440 841 2479; x_wconf 85' lang='lat' dir='ltr'>continebatquod,</span> <span class='ocrx_word' id='word_1_221' title='bbox 853 2441 926 2471; x_wconf 89' lang='lat' dir='ltr'>licet</span> <span class='ocrx_word' id='word_1_222' title='bbox 936 2451 1005 2472; x_wconf 91' lang='lat' dir='ltr'>mo-</span> 
     </span>
     <span class='ocr_line' id='line_1_42' title="bbox 22 2489 1005 2534; baseline 0.006 -15"><span class='ocrx_word' id='word_1_223' title='bbox 22 2489 144 2520; x_wconf 77' lang='lat' dir='ltr'>lasteria</span> <span class='ocrx_word' id='word_1_224' title='bbox 157 2494 188 2520; x_wconf 88' lang='lat' dir='ltr'>et</span> <span class='ocrx_word' id='word_1_225' title='bbox 200 2490 268 2521; x_wconf 89' lang='lat' dir='ltr'>loca</span> <span class='ocrx_word' id='word_1_226' title='bbox 282 2491 416 2531; x_wconf 86' lang='lat' dir='ltr'>predicti</span> <span class='ocrx_word' id='word_1_227' title='bbox 429 2492 565 2529; x_wconf 88' lang='lat' dir='ltr'>ordinis,</span> <span class='ocrx_word' id='word_1_228' title='bbox 580 2497 610 2522; x_wconf 91' lang='lat' dir='ltr'>et</span> <span class='ocrx_word' id='word_1_229' title='bbox 627 2502 761 2531; x_wconf 84' lang='lat' dir='ltr'>persone</span> <span class='ocrx_word' id='word_1_230' title='bbox 777 2503 812 2524; x_wconf 91' lang='lat' dir='ltr'>ac</span> <span class='ocrx_word' id='word_1_231' title='bbox 824 2494 906 2524; x_wconf 89' lang='lat' dir='ltr'>bona</span> <span class='ocrx_word' id='word_1_232' title='bbox 920 2495 1005 2534; x_wconf 86' lang='lat' dir='ltr'>ipso-</span> 
     </span>
     <span class='ocr_line' id='line_1_43' title="bbox 0 2542 1005 2585; baseline 0.005 -13"><span class='ocrx_word' id='word_1_233' title='bbox 0 2566 2 2570; x_wconf 70' lang='grc'>,</span> <span class='ocrx_word' id='word_1_234' title='bbox 22 2550 81 2572; x_wconf 77' lang='lat' dir='ltr'>&#39;um</span> <span class='ocrx_word' id='word_1_235' title='bbox 93 2551 112 2572; x_wconf 88' lang='lat' dir='ltr'>a</span> <span class='ocrx_word' id='word_1_236' title='bbox 127 2542 225 2574; x_wconf 82' lang='lat' dir='ltr'>talliis</span> <span class='ocrx_word' id='word_1_237' title='bbox 242 2548 272 2574; x_wconf 90' lang='lat' dir='ltr'>et</span> <span class='ocrx_word' id='word_1_238' title='bbox 283 2544 500 2574; x_wconf 85' lang='lat' dir='ltr'>exactionibus</span> <span class='ocrx_word' id='word_1_239' title='bbox 511 2554 567 2584; x_wconf 89' lang='lat' dir='ltr'>per</span> <span class='ocrx_word' id='word_1_240' title='bbox 579 2545 723 2584; x_wconf 86' lang='lat' dir='ltr'>spetialia</span> <span class='ocrx_word' id='word_1_241' title='bbox 734 2547 902 2585; x_wconf 87' lang='lat' dir='ltr'>privilegia</span> <span class='ocrx_word' id='word_1_242' title='bbox 921 2548 1005 2578; x_wconf 89' lang='lat' dir='ltr'>sedis</span> 
     </span>
     <span class='ocr_line' id='line_1_44' title="bbox 0 2594 1003 2636; baseline 0.006 -11"><span class='ocrx_word' id='word_1_243' title='bbox 0 2600 2 2622; x_wconf 81' lang='grc' dir='ltr'>ἱ</span> <span class='ocrx_word' id='word_1_244' title='bbox 22 2594 172 2634; x_wconf 69' lang='lat' dir='ltr'>iposmlice</span> <span class='ocrx_word' id='word_1_245' title='bbox 189 2596 253 2626; x_wconf 89' lang='lat' dir='ltr'>sint</span> <span class='ocrx_word' id='word_1_246' title='bbox 267 2601 422 2636; x_wconf 85' lang='lat' dir='ltr'>exempta,</span> <span class='ocrx_word' id='word_1_247' title='bbox 433 2602 539 2627; x_wconf 88' lang='lat' dir='ltr'>tamen</span> <span class='ocrx_word' id='word_1_248' title='bbox 553 2599 744 2630; x_wconf 87' lang='lat' dir='ltr'>venerabilis</span> <span class='ocrx_word' id='word_1_249' title='bbox 752 2600 849 2630; x_wconf 76' lang='lat' dir='ltr'>irater</span> <span class='ocrx_word' id='word_1_250' title='bbox 866 2605 1003 2632; x_wconf 88' lang='lat' dir='ltr'>noster..</span> 
     </span>
     <span class='ocr_line' id='line_1_45' title="bbox 23 2646 1004 2692; baseline 0.006 -14"><span class='ocrx_word' id='word_1_251' title='bbox 23 2646 250 2687; x_wconf 52' lang='lat' dir='ltr'>bambergensis</span> <span class='ocrx_word' id='word_1_252' title='bbox 262 2650 437 2689; x_wconf 89' lang='lat' dir='ltr'>episcopus,</span> <span class='ocrx_word' id='word_1_253' title='bbox 453 2659 517 2680; x_wconf 89' lang='lat' dir='ltr'>uon</span> <span class='ocrx_word' id='word_1_254' title='bbox 531 2651 600 2681; x_wconf 89' lang='lat' dir='ltr'>sine</span> <span class='ocrx_word' id='word_1_255' title='bbox 611 2652 709 2682; x_wconf 87' lang='lat' dir='ltr'>multe</span> <span class='ocrx_word' id='word_1_256' title='bbox 721 2653 903 2692; x_wconf 84' lang='lat' dir='ltr'>cupiditatis</span> <span class='ocrx_word' id='word_1_257' title='bbox 919 2658 1004 2691; x_wconf 88' lang='lat' dir='ltr'>uota,</span> 
     </span>
     <span class='ocr_line' id='line_1_46' title="bbox 33 2701 1006 2742; baseline 0.006 -11"><span class='ocrx_word' id='word_1_258' title='bbox 33 2701 100 2732; x_wconf 81' lang='lat' dir='ltr'>uasi</span> <span class='ocrx_word' id='word_1_259' title='bbox 125 2710 190 2732; x_wconf 89' lang='lat' dir='ltr'>non</span> <span class='ocrx_word' id='word_1_260' title='bbox 210 2703 370 2733; x_wconf 87' lang='lat' dir='ltr'>sufficiant</span> <span class='ocrx_word' id='word_1_261' title='bbox 393 2704 452 2733; x_wconf 88' lang='lat' dir='ltr'>sibi</span> <span class='ocrx_word' id='word_1_262' title='bbox 477 2712 550 2742; x_wconf 85' lang='lat' dir='ltr'>sua,</span> <span class='ocrx_word' id='word_1_263' title='bbox 570 2714 686 2735; x_wconf 88' lang='lat' dir='ltr'>manus</span> <span class='ocrx_word' id='word_1_264' title='bbox 707 2707 815 2736; x_wconf 88' lang='lat' dir='ltr'>avidas</span> <span class='ocrx_word' id='word_1_265' title='bbox 837 2707 876 2736; x_wconf 89' lang='lat' dir='ltr'>ad</span> <span class='ocrx_word' id='word_1_266' title='bbox 899 2707 1006 2737; x_wconf 85' lang='lat' dir='ltr'>aliena</span> 
     </span>
     <span class='ocr_line' id='line_1_47' title="bbox 24 2755 1005 2797; baseline 0.007 -13"><span class='ocrx_word' id='word_1_267' title='bbox 24 2757 116 2785; x_wconf 83' lang='lat' dir='ltr'>ontra</span> <span class='ocrx_word' id='word_1_268' title='bbox 136 2755 336 2786; x_wconf 82' lang='lat' dir='ltr'>honestatem</span> <span class='ocrx_word' id='word_1_269' title='bbox 359 2757 512 2787; x_wconf 74' lang='lat' dir='ltr'>modestia</span> <span class='ocrx_word' id='word_1_270' title='bbox 535 2758 726 2796; x_wconf 89' lang='lat' dir='ltr'>pontificalis</span> <span class='ocrx_word' id='word_1_271' title='bbox 749 2760 938 2797; x_wconf 86' lang='lat' dir='ltr'>extendens,</span> <span class='ocrx_word' id='word_1_272' title='bbox 961 2761 1005 2790; x_wconf 85' lang='lat' dir='ltr'>eis</span> 
     </span>
     <span class='ocr_line' id='line_1_48' title="bbox 25 2806 1004 2849; baseline 0.007 -13"><span class='ocrx_word' id='word_1_273' title='bbox 25 2809 41 2836; x_wconf 89' lang='lat' dir='ltr'>=t</span> <span class='ocrx_word' id='word_1_274' title='bbox 54 2806 236 2840; x_wconf 79' lang='lat' dir='ltr'>hominibus</span> <span class='ocrx_word' id='word_1_275' title='bbox 250 2809 326 2839; x_wconf 90' lang='lat' dir='ltr'>dicti</span> <span class='ocrx_word' id='word_1_276' title='bbox 344 2810 530 2839; x_wconf 85' lang='lat' dir='ltr'>monasterii</span> <span class='ocrx_word' id='word_1_277' title='bbox 545 2810 696 2849; x_wconf 89' lang='lat' dir='ltr'>quasdam</span> <span class='ocrx_word' id='word_1_278' title='bbox 715 2812 754 2842; x_wconf 87' lang='lat' dir='ltr'>de</span> <span class='ocrx_word' id='word_1_279' title='bbox 769 2821 850 2843; x_wconf 87' lang='lat' dir='ltr'>novo</span> <span class='ocrx_word' id='word_1_280' title='bbox 867 2814 1004 2843; x_wconf 83' lang='lat' dir='ltr'>exactio-</span> 
     </span>
     <span class='ocr_line' id='line_1_49' title="bbox 25 2861 1006 2906; baseline 0.008 -17"><span class='ocrx_word' id='word_1_281' title='bbox 25 2868 65 2890; x_wconf 78' lang='lat' dir='ltr'>tes</span> <span class='ocrx_word' id='word_1_282' title='bbox 81 2865 112 2891; x_wconf 90' lang='lat' dir='ltr'>et</span> <span class='ocrx_word' id='word_1_283' title='bbox 126 2861 285 2899; x_wconf 82' lang='lat' dir='ltr'>collectas,</span> <span class='ocrx_word' id='word_1_284' title='bbox 302 2866 402 2893; x_wconf 85' lang='lat' dir='ltr'>certas</span> <span class='ocrx_word' id='word_1_285' title='bbox 417 2862 563 2893; x_wconf 82' lang='lat' dir='ltr'>videlicet</span> <span class='ocrx_word' id='word_1_286' title='bbox 575 2865 782 2902; x_wconf 87' lang='lat' dir='ltr'>pecuniarum</span> <span class='ocrx_word' id='word_1_287' title='bbox 795 2875 937 2897; x_wconf 87' lang='lat' dir='ltr'>summas</span> <span class='ocrx_word' id='word_1_288' title='bbox 950 2876 1006 2906; x_wconf 88' lang='lat' dir='ltr'>pro</span> 
     </span>
     <span class='ocr_line' id='line_1_50' title="bbox 26 2912 1004 2958; baseline 0.008 -16"><span class='ocrx_word' id='word_1_289' title='bbox 26 2912 142 2952; x_wconf 83' lang='lat' dir='ltr'>iugulis</span> <span class='ocrx_word' id='word_1_290' title='bbox 161 2915 355 2946; x_wconf 86' lang='lat' dir='ltr'>animalibus</span> <span class='ocrx_word' id='word_1_291' title='bbox 379 2916 534 2954; x_wconf 83' lang='lat' dir='ltr'>ipsorum,</span> <span class='ocrx_word' id='word_1_292' title='bbox 555 2921 665 2946; x_wconf 86' lang='lat' dir='ltr'>contra</span> <span class='ocrx_word' id='word_1_293' title='bbox 680 2918 805 2948; x_wconf 87' lang='lat' dir='ltr'>indulta</span> <span class='ocrx_word' id='word_1_294' title='bbox 821 2920 1004 2958; x_wconf 86' lang='lat' dir='ltr'>privilegio-</span> 
     </span>
     <span class='ocr_line' id='line_1_51' title="bbox 28 2967 1005 3009; baseline 0.006 -12"><span class='ocrx_word' id='word_1_295' title='bbox 28 2975 80 2996; x_wconf 88' lang='lat' dir='ltr'>um</span> <span class='ocrx_word' id='word_1_296' title='bbox 96 2967 141 2998; x_wconf 88' lang='lat' dir='ltr'>eis</span> <span class='ocrx_word' id='word_1_297' title='bbox 155 2977 174 2998; x_wconf 91' lang='lat' dir='ltr'>a</span> <span class='ocrx_word' id='word_1_298' title='bbox 187 2969 306 3007; x_wconf 79' lang='lat' dir='ltr'>prefata</span> <span class='ocrx_word' id='word_1_299' title='bbox 322 2969 394 2998; x_wconf 87' lang='lat' dir='ltr'>sede</span> <span class='ocrx_word' id='word_1_300' title='bbox 410 2977 645 3006; x_wconf 87' lang='lat' dir='ltr'>concessorum,</span> <span class='ocrx_word' id='word_1_301' title='bbox 668 2970 833 3009; x_wconf 84' lang='lat' dir='ltr'>imponere</span> <span class='ocrx_word' id='word_1_302' title='bbox 850 2982 884 3002; x_wconf 88' lang='lat' dir='ltr'>ac</span> <span class='ocrx_word' id='word_1_303' title='bbox 901 2978 1005 3003; x_wconf 81' lang='lat' dir='ltr'>extor-</span> 
     </span>
     <span class='ocr_line' id='line_1_52' title="bbox 28 3022 1003 3061; baseline 0.008 -13"><span class='ocrx_word' id='word_1_304' title='bbox 28 3027 116 3058; x_wconf 9' lang='lat' dir='ltr'>tuem,</span> <span class='ocrx_word' id='word_1_305' title='bbox 140 3030 239 3060; x_wconf 90' lang='lat' dir='ltr'>usque</span> <span class='ocrx_word' id='word_1_306' title='bbox 266 3022 306 3051; x_wconf 85' lang='lat' dir='ltr'>ad</span> <span class='ocrx_word' id='word_1_307' title='bbox 332 3030 492 3052; x_wconf 87' lang='lat' dir='ltr'>summam</span> <span class='ocrx_word' id='word_1_308' title='bbox 510 3022 819 3061; x_wconf 85' lang='lat' dir='ltr'>quadringentarum</span> <span class='ocrx_word' id='word_1_309' title='bbox 847 3025 1003 3056; x_wconf 87' lang='lat' dir='ltr'>librarum</span> 
     </span>
    </p>
   </div>
   <div class='ocr_carea' id='block_1_14' title="bbox 1086 415 2094 3064">
    <p class='ocr_par' dir='ltr' id='par_1_17' title="bbox 1086 415 2094 3064">
     <span class='ocr_line' id='line_1_53' title="bbox 1093 415 2092 454; baseline 0.005 -12"><span class='ocrx_word' id='word_1_310' title='bbox 1093 415 1315 446; x_wconf 85' lang='lat' dir='ltr'>turonensium</span> <span class='ocrx_word' id='word_1_311' title='bbox 1326 424 1506 454; x_wconf 83' lang='lat' dir='ltr'>parvorum,</span> <span class='ocrx_word' id='word_1_312' title='bbox 1518 416 1607 446; x_wconf 91' lang='lat' dir='ltr'>nisus</span> <span class='ocrx_word' id='word_1_313' title='bbox 1623 416 1692 452; x_wconf 87' lang='lat' dir='ltr'>suit,</span> <span class='ocrx_word' id='word_1_314' title='bbox 1703 424 1759 454; x_wconf 91' lang='lat' dir='ltr'>pro</span> <span class='ocrx_word' id='word_1_315' title='bbox 1775 425 1830 445; x_wconf 89' lang='lat' dir='ltr'>sue</span> <span class='ocrx_word' id='word_1_316' title='bbox 1841 416 1971 446; x_wconf 88' lang='lat' dir='ltr'>arbitrio</span> <span class='ocrx_word' id='word_1_317' title='bbox 1984 417 2092 447; x_wconf 90' lang='lat' dir='ltr'>volun-</span> 
     </span>
     <span class='ocr_line' id='line_1_54' title="bbox 1093 468 2094 508; baseline 0.005 -13"><span class='ocrx_word' id='word_1_318' title='bbox 1093 468 1178 503; x_wconf 76' lang='lat' dir='ltr'>tatiS,</span> <span class='ocrx_word' id='word_1_319' title='bbox 1196 476 1380 506; x_wconf 84' lang='lat' dir='ltr'>quanquam</span> <span class='ocrx_word' id='word_1_320' title='bbox 1397 468 1474 498; x_wconf 86' lang='lat' dir='ltr'>alias</span> <span class='ocrx_word' id='word_1_321' title='bbox 1491 469 1523 498; x_wconf 91' lang='lat' dir='ltr'>id</span> <span class='ocrx_word' id='word_1_322' title='bbox 1539 469 1644 499; x_wconf 85' lang='lat' dir='ltr'>eidem</span> <span class='ocrx_word' id='word_1_323' title='bbox 1660 469 1803 508; x_wconf 86' lang='lat' dir='ltr'>episcopo</span> <span class='ocrx_word' id='word_1_324' title='bbox 1820 478 1884 498; x_wconf 88' lang='lat' dir='ltr'>non</span> <span class='ocrx_word' id='word_1_325' title='bbox 1901 475 2094 508; x_wconf 88' lang='lat' dir='ltr'>competeret</span> 
     </span>
     <span class='ocr_line' id='line_1_55' title="bbox 1092 519 2092 561; baseline 0.004 -12"><span class='ocrx_word' id='word_1_326' title='bbox 1092 519 1130 549; x_wconf 91' lang='lat' dir='ltr'>de</span> <span class='ocrx_word' id='word_1_327' title='bbox 1145 521 1375 551; x_wconf 82' lang='lat' dir='ltr'>consuetudine</span> <span class='ocrx_word' id='word_1_328' title='bbox 1390 522 1439 551; x_wconf 81' lang='lat' dir='ltr'>vel</span> <span class='ocrx_word' id='word_1_329' title='bbox 1451 522 1580 560; x_wconf 84' lang='lat' dir='ltr'>dejure.</span> <span class='ocrx_word' id='word_1_330' title='bbox 1600 523 1647 559; x_wconf 81' lang='lat' dir='ltr'>Et,</span> <span class='ocrx_word' id='word_1_331' title='bbox 1666 527 1699 552; x_wconf 89' lang='lat' dir='ltr'>ut</span> <span class='ocrx_word' id='word_1_332' title='bbox 1716 522 1802 552; x_wconf 90' lang='lat' dir='ltr'>idem</span> <span class='ocrx_word' id='word_1_333' title='bbox 1817 523 1980 561; x_wconf 85' lang='lat' dir='ltr'>episcopus</span> <span class='ocrx_word' id='word_1_334' title='bbox 1995 523 2092 553; x_wconf 90' lang='lat' dir='ltr'>abha-</span> 
     </span>
     <span class='ocr_line' id='line_1_56' title="bbox 1094 575 2093 613; baseline 0.005 -12"><span class='ocrx_word' id='word_1_335' title='bbox 1094 576 1156 601; x_wconf 89' lang='lat' dir='ltr'>tem</span> <span class='ocrx_word' id='word_1_336' title='bbox 1175 578 1204 602; x_wconf 90' lang='lat' dir='ltr'>et</span> <span class='ocrx_word' id='word_1_337' title='bbox 1219 579 1411 604; x_wconf 84' lang='lat' dir='ltr'>conventum</span> <span class='ocrx_word' id='word_1_338' title='bbox 1427 576 1563 613; x_wconf 76' lang='lat' dir='ltr'>prefatos</span> <span class='ocrx_word' id='word_1_339' title='bbox 1585 575 1728 611; x_wconf 75' lang='lat' dir='ltr'>facilins,</span> <span class='ocrx_word' id='word_1_340' title='bbox 1749 580 1783 605; x_wconf 84' lang='lat' dir='ltr'>ut</span> <span class='ocrx_word' id='word_1_341' title='bbox 1799 576 1958 612; x_wconf 80' lang='lat' dir='ltr'>credebat,</span> <span class='ocrx_word' id='word_1_342' title='bbox 1976 577 2010 606; x_wconf 88' lang='lat' dir='ltr'>in</span> <span class='ocrx_word' id='word_1_343' title='bbox 2033 576 2093 607; x_wconf 86' lang='lat' dir='ltr'>hoc</span> 
     </span>
     <span class='ocr_line' id='line_1_57' title="bbox 1093 627 2091 669; baseline 0.006 -15"><span class='ocrx_word' id='word_1_344' title='bbox 1093 630 1216 663; x_wconf 87' lang='lat' dir='ltr'>cogeret</span> <span class='ocrx_word' id='word_1_345' title='bbox 1227 627 1419 663; x_wconf 76' lang='lat' dir='ltr'>consentire,</span> <span class='ocrx_word' id='word_1_346' title='bbox 1432 627 1537 664; x_wconf 86' lang='lat' dir='ltr'>boves,</span> <span class='ocrx_word' id='word_1_347' title='bbox 1550 637 1670 665; x_wconf 82' lang='lat' dir='ltr'>vaccas,</span> <span class='ocrx_word' id='word_1_348' title='bbox 1684 628 1809 665; x_wconf 86' lang='lat' dir='ltr'>vitulos,</span> <span class='ocrx_word' id='word_1_349' title='bbox 1823 633 1852 659; x_wconf 90' lang='lat' dir='ltr'>et</span> <span class='ocrx_word' id='word_1_350' title='bbox 1868 638 1965 667; x_wconf 89' lang='lat' dir='ltr'>equos</span> <span class='ocrx_word' id='word_1_351' title='bbox 1979 639 2091 669; x_wconf 84' lang='lat' dir='ltr'>quam-</span> 
     </span>
     <span class='ocr_line' id='line_1_58' title="bbox 1093 677 2093 718; baseline 0.005 -11"><span class='ocrx_word' id='word_1_352' title='bbox 1093 677 1264 716; x_wconf 87' lang='lat' dir='ltr'>plurimos,</span> <span class='ocrx_word' id='word_1_353' title='bbox 1291 689 1370 718; x_wconf 92' lang='lat' dir='ltr'>quos</span> <span class='ocrx_word' id='word_1_354' title='bbox 1393 680 1468 710; x_wconf 91' lang='lat' dir='ltr'>dicti</span> <span class='ocrx_word' id='word_1_355' title='bbox 1490 681 1585 710; x_wconf 84' lang='lat' dir='ltr'>abbas</span> <span class='ocrx_word' id='word_1_356' title='bbox 1614 685 1644 710; x_wconf 88' lang='lat' dir='ltr'>et</span> <span class='ocrx_word' id='word_1_357' title='bbox 1665 686 1842 711; x_wconf 88' lang='lat' dir='ltr'>conventus</span> <span class='ocrx_word' id='word_1_358' title='bbox 1869 683 1902 711; x_wconf 91' lang='lat' dir='ltr'>in</span> <span class='ocrx_word' id='word_1_359' title='bbox 1926 682 2093 713; x_wconf 84' lang='lat' dir='ltr'>nonnullis</span> 
     </span>
     <span class='ocr_line' id='line_1_59' title="bbox 1092 731 2091 773; baseline 0.005 -13"><span class='ocrx_word' id='word_1_360' title='bbox 1092 731 1233 769; x_wconf 88' lang='lat' dir='ltr'>ipsorum</span> <span class='ocrx_word' id='word_1_361' title='bbox 1248 733 1391 771; x_wconf 83' lang='lat' dir='ltr'>grangiis</span> <span class='ocrx_word' id='word_1_362' title='bbox 1412 738 1487 763; x_wconf 86' lang='lat' dir='ltr'>tunc</span> <span class='ocrx_word' id='word_1_363' title='bbox 1503 733 1679 771; x_wconf 88' lang='lat' dir='ltr'>habebant,</span> <span class='ocrx_word' id='word_1_364' title='bbox 1696 734 1770 764; x_wconf 80' lang='lat' dir='ltr'>fecit</span> <span class='ocrx_word' id='word_1_365' title='bbox 1785 734 1941 764; x_wconf 85' lang='lat' dir='ltr'>violenter</span> <span class='ocrx_word' id='word_1_366' title='bbox 1956 736 2091 773; x_wconf 79' lang='lat' dir='ltr'>auferri,</span> 
     </span>
     <span class='ocr_line' id='line_1_60' title="bbox 1093 785 2094 825; baseline 0.006 -12"><span class='ocrx_word' id='word_1_367' title='bbox 1093 788 1123 813; x_wconf 90' lang='lat' dir='ltr'>et</span> <span class='ocrx_word' id='word_1_368' title='bbox 1135 793 1198 820; x_wconf 75' lang='lat' dir='ltr'>eos,</span> <span class='ocrx_word' id='word_1_369' title='bbox 1215 785 1308 814; x_wconf 84' lang='lat' dir='ltr'>samis</span> <span class='ocrx_word' id='word_1_370' title='bbox 1318 786 1472 815; x_wconf 87' lang='lat' dir='ltr'>cruciatos</span> <span class='ocrx_word' id='word_1_371' title='bbox 1484 786 1604 823; x_wconf 87' lang='lat' dir='ltr'>inedia,</span> <span class='ocrx_word' id='word_1_372' title='bbox 1619 795 1675 825; x_wconf 86' lang='lat' dir='ltr'>per</span> <span class='ocrx_word' id='word_1_373' title='bbox 1688 787 1883 825; x_wconf 84' lang='lat' dir='ltr'>quindenam</span> <span class='ocrx_word' id='word_1_374' title='bbox 1898 788 1931 817; x_wconf 90' lang='lat' dir='ltr'>in</span> <span class='ocrx_word' id='word_1_375' title='bbox 1944 789 2010 818; x_wconf 89' lang='lat' dir='ltr'>suis</span> <span class='ocrx_word' id='word_1_376' title='bbox 2020 798 2094 819; x_wconf 91' lang='lat' dir='ltr'>mu-</span> 
     </span>
     <span class='ocr_line' id='line_1_61' title="bbox 1093 837 2090 879; baseline 0.005 -13"><span class='ocrx_word' id='word_1_377' title='bbox 1093 837 1271 867; x_wconf 87' lang='lat' dir='ltr'>nitionibus</span> <span class='ocrx_word' id='word_1_378' title='bbox 1283 838 1431 873; x_wconf 88' lang='lat' dir='ltr'>detineri,</span> <span class='ocrx_word' id='word_1_379' title='bbox 1452 838 1527 868; x_wconf 87' lang='lat' dir='ltr'>licet</span> <span class='ocrx_word' id='word_1_380' title='bbox 1544 839 1717 869; x_wconf 87' lang='lat' dir='ltr'>nonnullos</span> <span class='ocrx_word' id='word_1_381' title='bbox 1733 848 1769 868; x_wconf 83' lang='lat' dir='ltr'>ex</span> <span class='ocrx_word' id='word_1_382' title='bbox 1785 839 1970 877; x_wconf 72' lang='lat' dir='ltr'>hujusmodi</span> <span class='ocrx_word' id='word_1_383' title='bbox 1980 841 2090 879; x_wconf 87' lang='lat' dir='ltr'>bobus,</span> 
     </span>
     <span class='ocr_line' id='line_1_62' title="bbox 1092 891 2091 931; baseline 0.005 -12"><span class='ocrx_word' id='word_1_384' title='bbox 1092 891 1194 920; x_wconf 86' lang='lat' dir='ltr'>vaccis</span> <span class='ocrx_word' id='word_1_385' title='bbox 1210 895 1240 920; x_wconf 87' lang='lat' dir='ltr'>et</span> <span class='ocrx_word' id='word_1_386' title='bbox 1252 891 1360 920; x_wconf 87' lang='lat' dir='ltr'>vitulis</span> <span class='ocrx_word' id='word_1_387' title='bbox 1371 915 1379 929; x_wconf 91' lang='lat'>‚</span> <span class='ocrx_word' id='word_1_388' title='bbox 1399 891 1590 930; x_wconf 88' lang='lat' dir='ltr'>quibusdam</span> <span class='ocrx_word' id='word_1_389' title='bbox 1605 901 1715 922; x_wconf 90' lang='lat' dir='ltr'>eorum</span> <span class='ocrx_word' id='word_1_390' title='bbox 1728 893 1887 929; x_wconf 85' lang='lat' dir='ltr'>mactatis,</span> <span class='ocrx_word' id='word_1_391' title='bbox 1903 894 2091 931; x_wconf 88' lang='lat' dir='ltr'>quibusdam</span> 
     </span>
     <span class='ocr_line' id='line_1_63' title="bbox 1091 944 2093 983; baseline 0.003 -10"><span class='ocrx_word' id='word_1_392' title='bbox 1091 952 1165 973; x_wconf 86' lang='lat' dir='ltr'>vero</span> <span class='ocrx_word' id='word_1_393' title='bbox 1187 944 1322 974; x_wconf 86' lang='lat' dir='ltr'>mortuis</span> <span class='ocrx_word' id='word_1_394' title='bbox 1343 949 1469 983; x_wconf 87' lang='lat' dir='ltr'>propter</span> <span class='ocrx_word' id='word_1_395' title='bbox 1489 945 1627 981; x_wconf 86' lang='lat' dir='ltr'>famem,</span> <span class='ocrx_word' id='word_1_396' title='bbox 1645 945 1684 974; x_wconf 90' lang='lat' dir='ltr'>ad</span> <span class='ocrx_word' id='word_1_397' title='bbox 1707 945 1918 983; x_wconf 85' lang='lat' dir='ltr'>quorumdam</span> <span class='ocrx_word' id='word_1_398' title='bbox 1937 946 2093 976; x_wconf 84' lang='lat' dir='ltr'>bonorum</span> 
     </span>
     <span class='ocr_line' id='line_1_64' title="bbox 1091 996 2092 1035; baseline 0.004 -10"><span class='ocrx_word' id='word_1_399' title='bbox 1091 996 1232 1026; x_wconf 89' lang='lat' dir='ltr'>virorum</span> <span class='ocrx_word' id='word_1_400' title='bbox 1248 1006 1379 1035; x_wconf 89' lang='lat' dir='ltr'>precum</span> <span class='ocrx_word' id='word_1_401' title='bbox 1395 997 1594 1033; x_wconf 80' lang='lat' dir='ltr'>instantiam,</span> <span class='ocrx_word' id='word_1_402' title='bbox 1608 998 1781 1027; x_wconf 88' lang='lat' dir='ltr'>restituerit</span> <span class='ocrx_word' id='word_1_403' title='bbox 1795 998 1899 1028; x_wconf 88' lang='lat' dir='ltr'>abbati</span> <span class='ocrx_word' id='word_1_404' title='bbox 1911 1003 1942 1028; x_wconf 89' lang='lat' dir='ltr'>et</span> <span class='ocrx_word' id='word_1_405' title='bbox 1953 1007 2092 1029; x_wconf 90' lang='lat' dir='ltr'>conven-</span> 
     </span>
     <span class='ocr_line' id='line_1_65' title="bbox 1092 1049 2093 1089; baseline 0.004 -11"><span class='ocrx_word' id='word_1_406' title='bbox 1092 1049 1137 1078; x_wconf 87' lang='lat' dir='ltr'>tui</span> <span class='ocrx_word' id='word_1_407' title='bbox 1153 1050 1347 1080; x_wconf 86' lang='lat' dir='ltr'>memoratis.</span> <span class='ocrx_word' id='word_1_408' title='bbox 1364 1051 1403 1079; x_wconf 88' lang='lat' dir='ltr'>Et</span> <span class='ocrx_word' id='word_1_409' title='bbox 1418 1059 1602 1089; x_wconf 87' lang='lat' dir='ltr'>quanquam</span> <span class='ocrx_word' id='word_1_410' title='bbox 1617 1050 1801 1079; x_wconf 87' lang='lat' dir='ltr'>carissimus</span> <span class='ocrx_word' id='word_1_411' title='bbox 1815 1050 1849 1079; x_wconf 89' lang='lat' dir='ltr'>in</span> <span class='ocrx_word' id='word_1_412' title='bbox 1865 1050 1991 1081; x_wconf 86' lang='lat' dir='ltr'>Christo</span> <span class='ocrx_word' id='word_1_413' title='bbox 2007 1052 2093 1083; x_wconf 84' lang='lat' dir='ltr'>filius</span> 
     </span>
     <span class='ocr_line' id='line_1_66' title="bbox 1092 1102 2092 1143; baseline 0.005 -12"><span class='ocrx_word' id='word_1_414' title='bbox 1092 1107 1198 1132; x_wconf 89' lang='lat' dir='ltr'>noster</span> <span class='ocrx_word' id='word_1_415' title='bbox 1220 1102 1394 1139; x_wconf 72' lang='lat' dir='ltr'>flodulfus,</span> <span class='ocrx_word' id='word_1_416' title='bbox 1419 1112 1473 1132; x_wconf 81' lang='lat' dir='ltr'>rex</span> <span class='ocrx_word' id='word_1_417' title='bbox 1501 1104 1720 1133; x_wconf 83' lang='lat' dir='ltr'>Romanorum</span> <span class='ocrx_word' id='word_1_418' title='bbox 1744 1103 1894 1141; x_wconf 86' lang='lat' dir='ltr'>illustris,</span> <span class='ocrx_word' id='word_1_419' title='bbox 1916 1114 2010 1143; x_wconf 90' lang='lat' dir='ltr'>super</span> <span class='ocrx_word' id='word_1_420' title='bbox 2034 1106 2092 1136; x_wconf 89' lang='lat' dir='ltr'>hoc</span> 
     </span>
     <span class='ocr_line' id='line_1_67' title="bbox 1091 1156 2093 1196; baseline 0.004 -11"><span class='ocrx_word' id='word_1_421' title='bbox 1091 1156 1194 1186; x_wconf 89' lang='lat' dir='ltr'>eidem</span> <span class='ocrx_word' id='word_1_422' title='bbox 1210 1156 1354 1195; x_wconf 88' lang='lat' dir='ltr'>episcopo</span> <span class='ocrx_word' id='word_1_423' title='bbox 1369 1156 1521 1186; x_wconf 81' lang='lat' dir='ltr'>direxerit</span> <span class='ocrx_word' id='word_1_424' title='bbox 1534 1166 1606 1186; x_wconf 87' lang='lat' dir='ltr'>suas</span> <span class='ocrx_word' id='word_1_425' title='bbox 1621 1156 1744 1187; x_wconf 89' lang='lat' dir='ltr'>litteras</span> <span class='ocrx_word' id='word_1_426' title='bbox 1760 1157 1910 1196; x_wconf 82' lang='lat' dir='ltr'>speciales</span> <span class='ocrx_word' id='word_1_427' title='bbox 1921 1182 1928 1195; x_wconf 78' lang='lat'><strong>‚</strong></span> <span class='ocrx_word' id='word_1_428' title='bbox 1946 1167 1981 1188; x_wconf 84' lang='lat' dir='ltr'>ac</span> <span class='ocrx_word' id='word_1_429' title='bbox 1996 1160 2093 1189; x_wconf 89' lang='lat' dir='ltr'>etiam</span> 
     </span>
     <span class='ocr_line' id='line_1_68' title="bbox 1091 1208 2092 1247; baseline 0.003 -10"><span class='ocrx_word' id='word_1_430' title='bbox 1091 1208 1188 1238; x_wconf 87' lang='lat' dir='ltr'>abbas</span> <span class='ocrx_word' id='word_1_431' title='bbox 1209 1212 1240 1238; x_wconf 85' lang='lat' dir='ltr'>et</span> <span class='ocrx_word' id='word_1_432' title='bbox 1256 1212 1432 1238; x_wconf 86' lang='lat' dir='ltr'>conventus</span> <span class='ocrx_word' id='word_1_433' title='bbox 1448 1208 1580 1247; x_wconf 86' lang='lat' dir='ltr'>predicti</span> <span class='ocrx_word' id='word_1_434' title='bbox 1597 1212 1627 1238; x_wconf 91' lang='lat' dir='ltr'>et</span> <span class='ocrx_word' id='word_1_435' title='bbox 1644 1208 1738 1238; x_wconf 90' lang='lat' dir='ltr'>multi</span> <span class='ocrx_word' id='word_1_436' title='bbox 1752 1208 1809 1238; x_wconf 78' lang='lat' dir='ltr'>alii</span> <span class='ocrx_word' id='word_1_437' title='bbox 1826 1209 1966 1247; x_wconf 82' lang='lat' dir='ltr'>religiosi</span> <span class='ocrx_word' id='word_1_438' title='bbox 1984 1214 2013 1240; x_wconf 88' lang='lat' dir='ltr'>et</span> <span class='ocrx_word' id='word_1_439' title='bbox 2027 1210 2092 1240; x_wconf 91' lang='lat' dir='ltr'>cle-</span> 
     </span>
     <span class='ocr_line' id='line_1_69' title="bbox 1091 1261 2092 1301; baseline 0.003 -11"><span class='ocrx_word' id='word_1_440' title='bbox 1091 1262 1150 1291; x_wconf 86' lang='lat' dir='ltr'>rici</span> <span class='ocrx_word' id='word_1_441' title='bbox 1168 1261 1325 1291; x_wconf 85' lang='lat' dir='ltr'>seculares</span> <span class='ocrx_word' id='word_1_442' title='bbox 1349 1261 1389 1291; x_wconf 87' lang='lat' dir='ltr'>ab</span> <span class='ocrx_word' id='word_1_443' title='bbox 1404 1261 1515 1291; x_wconf 88' lang='lat' dir='ltr'>eodem</span> <span class='ocrx_word' id='word_1_444' title='bbox 1534 1261 1677 1300; x_wconf 89' lang='lat' dir='ltr'>episcopo</span> <span class='ocrx_word' id='word_1_445' title='bbox 1699 1261 1883 1300; x_wconf 84' lang='lat' dir='ltr'>suppliciter</span> <span class='ocrx_word' id='word_1_446' title='bbox 1904 1263 2092 1301; x_wconf 86' lang='lat' dir='ltr'>postularint</span> 
     </span>
     <span class='ocr_line' id='line_1_70' title="bbox 1093 1314 2091 1353; baseline 0.002 -9"><span class='ocrx_word' id='word_1_447' title='bbox 1093 1319 1126 1344; x_wconf 84' lang='lat' dir='ltr'>ut</span> <span class='ocrx_word' id='word_1_448' title='bbox 1143 1315 1183 1344; x_wconf 89' lang='lat' dir='ltr'>ab</span> <span class='ocrx_word' id='word_1_449' title='bbox 1199 1314 1383 1353; x_wconf 89' lang='lat' dir='ltr'>hujusmodi</span> <span class='ocrx_word' id='word_1_450' title='bbox 1406 1315 1538 1353; x_wconf 82' lang='lat' dir='ltr'>inJuriis</span> <span class='ocrx_word' id='word_1_451' title='bbox 1561 1318 1590 1344; x_wconf 90' lang='lat' dir='ltr'>et</span> <span class='ocrx_word' id='word_1_452' title='bbox 1614 1315 1768 1345; x_wconf 89' lang='lat' dir='ltr'>molestiis</span> <span class='ocrx_word' id='word_1_453' title='bbox 1789 1316 1854 1345; x_wconf 90' lang='lat' dir='ltr'>suis</span> <span class='ocrx_word' id='word_1_454' title='bbox 1871 1320 1900 1345; x_wconf 86' lang='lat' dir='ltr'>et</span> <span class='ocrx_word' id='word_1_455' title='bbox 1922 1316 2091 1347; x_wconf 86' lang='lat' dir='ltr'>hominum</span> 
     </span>
     <span class='ocr_line' id='line_1_71' title="bbox 1092 1368 2090 1408; baseline 0.003 -11"><span class='ocrx_word' id='word_1_456' title='bbox 1092 1368 1307 1407; x_wconf 88' lang='lat' dir='ltr'>predictorum</span> <span class='ocrx_word' id='word_1_457' title='bbox 1322 1373 1470 1402; x_wconf 86' lang='lat' dir='ltr'>cessaret,</span> <span class='ocrx_word' id='word_1_458' title='bbox 1483 1368 1618 1406; x_wconf 83' lang='lat' dir='ltr'>illasque</span> <span class='ocrx_word' id='word_1_459' title='bbox 1633 1369 1828 1407; x_wconf 85' lang='lat' dir='ltr'>permitteret</span> <span class='ocrx_word' id='word_1_460' title='bbox 1838 1374 1964 1408; x_wconf 87' lang='lat' dir='ltr'>propter</span> <span class='ocrx_word' id='word_1_461' title='bbox 1975 1371 2090 1407; x_wconf 90' lang='lat' dir='ltr'>Deum,</span> 
     </span>
     <span class='ocr_line' id='line_1_72' title="bbox 1091 1421 2092 1461; baseline 0.001 -9"><span class='ocrx_word' id='word_1_462' title='bbox 1091 1431 1127 1452; x_wconf 87' lang='lat' dir='ltr'>ac</span> <span class='ocrx_word' id='word_1_463' title='bbox 1136 1422 1174 1452; x_wconf 89' lang='lat' dir='ltr'>de</span> <span class='ocrx_word' id='word_1_464' title='bbox 1181 1422 1327 1461; x_wconf 83' lang='lat' dir='ltr'>dampnis</span> <span class='ocrx_word' id='word_1_465' title='bbox 1338 1423 1372 1451; x_wconf 89' lang='lat' dir='ltr'>in</span> <span class='ocrx_word' id='word_1_466' title='bbox 1380 1421 1730 1460; x_wconf 81' lang='lat' dir='ltr'>huJ&#39;usmodioccisione</span> <span class='ocrx_word' id='word_1_467' title='bbox 1738 1422 1894 1452; x_wconf 88' lang='lat' dir='ltr'>dictorum</span> <span class='ocrx_word' id='word_1_468' title='bbox 1901 1423 2092 1453; x_wconf 88' lang='lat' dir='ltr'>animalium</span> 
     </span>
     <span class='ocr_line' id='line_1_73' title="bbox 1091 1475 2090 1515; baseline 0 -10"><span class='ocrx_word' id='word_1_469' title='bbox 1091 1475 1187 1505; x_wconf 87' lang='lat' dir='ltr'>illatis</span> <span class='ocrx_word' id='word_1_470' title='bbox 1203 1475 1324 1505; x_wconf 88' lang='lat' dir='ltr'>eisdem</span> <span class='ocrx_word' id='word_1_471' title='bbox 1341 1475 1513 1514; x_wconf 86' lang='lat' dir='ltr'>aliqualem</span> <span class='ocrx_word' id='word_1_472' title='bbox 1529 1475 1646 1504; x_wconf 82' lang='lat' dir='ltr'>faceret</span> <span class='ocrx_word' id='word_1_473' title='bbox 1659 1475 1908 1505; x_wconf 87' lang='lat' dir='ltr'>satisfactionem</span> <span class='ocrx_word' id='word_1_474' title='bbox 1928 1476 2090 1515; x_wconf 87' lang='lat' dir='ltr'>impendi,</span> 
     </span>
     <span class='ocr_line' id='line_1_74' title="bbox 1091 1528 2090 1568; baseline -0.001 -9"><span class='ocrx_word' id='word_1_475' title='bbox 1091 1529 1192 1559; x_wconf 87' lang='lat' dir='ltr'>dictus</span> <span class='ocrx_word' id='word_1_476' title='bbox 1205 1533 1311 1558; x_wconf 88' lang='lat' dir='ltr'>tamen</span> <span class='ocrx_word' id='word_1_477' title='bbox 1319 1529 1496 1567; x_wconf 90' lang='lat' dir='ltr'>episcopus,</span> <span class='ocrx_word' id='word_1_478' title='bbox 1505 1529 1538 1557; x_wconf 90' lang='lat' dir='ltr'>in</span> <span class='ocrx_word' id='word_1_479' title='bbox 1547 1537 1604 1557; x_wconf 90' lang='lat' dir='ltr'>sua</span> <span class='ocrx_word' id='word_1_480' title='bbox 1611 1528 1729 1557; x_wconf 89' lang='lat' dir='ltr'>duritia</span> <span class='ocrx_word' id='word_1_481' title='bbox 1739 1537 1956 1566; x_wconf 82' lang='lat' dir='ltr'>perseverans,</span> <span class='ocrx_word' id='word_1_482' title='bbox 1969 1529 2090 1568; x_wconf 86' lang='lat' dir='ltr'>suppli-</span> 
     </span>
     <span class='ocr_line' id='line_1_75' title="bbox 1091 1580 2090 1621; baseline 0 -9"><span class='ocrx_word' id='word_1_483' title='bbox 1091 1583 1229 1613; x_wconf 86' lang='lat' dir='ltr'>cationes</span> <span class='ocrx_word' id='word_1_484' title='bbox 1244 1581 1440 1621; x_wconf 80' lang='lat' dir='ltr'>hujusmodi,</span> <span class='ocrx_word' id='word_1_485' title='bbox 1458 1589 1513 1619; x_wconf 89' lang='lat' dir='ltr'>pro</span> <span class='ocrx_word' id='word_1_486' title='bbox 1530 1590 1585 1610; x_wconf 88' lang='lat' dir='ltr'>sue</span> <span class='ocrx_word' id='word_1_487' title='bbox 1600 1581 1690 1610; x_wconf 87' lang='lat' dir='ltr'>libito</span> <span class='ocrx_word' id='word_1_488' title='bbox 1703 1580 1884 1615; x_wconf 83' lang='lat' dir='ltr'>voluntatis,</span> <span class='ocrx_word' id='word_1_489' title='bbox 1902 1582 2090 1618; x_wconf 79' lang='lat' dir='ltr'>obaudiens,</span> 
     </span>
     <span class='ocr_line' id='line_1_76' title="bbox 1090 1634 2091 1672; baseline -0.001 -7"><span class='ocrx_word' id='word_1_490' title='bbox 1090 1636 1236 1665; x_wconf 85' lang='lat' dir='ltr'>abbatem</span> <span class='ocrx_word' id='word_1_491' title='bbox 1254 1640 1284 1665; x_wconf 87' lang='lat' dir='ltr'>et</span> <span class='ocrx_word' id='word_1_492' title='bbox 1306 1639 1498 1665; x_wconf 85' lang='lat' dir='ltr'>conventum</span> <span class='ocrx_word' id='word_1_493' title='bbox 1530 1634 1658 1664; x_wconf 91' lang='lat' dir='ltr'>eosdem</span> <span class='ocrx_word' id='word_1_494' title='bbox 1685 1634 1869 1663; x_wconf 88' lang='lat' dir='ltr'>durioribus</span> <span class='ocrx_word' id='word_1_495' title='bbox 1891 1634 2091 1672; x_wconf 81' lang='lat' dir='ltr'>postmodum</span> 
     </span>
     <span class='ocr_line' id='line_1_77' title="bbox 1090 1687 2088 1728; baseline -0.002 -9"><span class='ocrx_word' id='word_1_496' title='bbox 1090 1689 1248 1719; x_wconf 89' lang='lat' dir='ltr'>lacessivit</span> <span class='ocrx_word' id='word_1_497' title='bbox 1261 1688 1403 1728; x_wconf 85' lang='lat' dir='ltr'>injuriis,</span> <span class='ocrx_word' id='word_1_498' title='bbox 1421 1687 1525 1717; x_wconf 84' lang='lat' dir='ltr'>affecit</span> <span class='ocrx_word' id='word_1_499' title='bbox 1540 1687 1717 1725; x_wconf 85' lang='lat' dir='ltr'>opprobriis</span> <span class='ocrx_word' id='word_1_500' title='bbox 1735 1692 1765 1716; x_wconf 85' lang='lat' dir='ltr'>et</span> <span class='ocrx_word' id='word_1_501' title='bbox 1777 1688 1911 1726; x_wconf 77' lang='lat' dir='ltr'>Jacturis</span> <span class='ocrx_word' id='word_1_502' title='bbox 1922 1688 2088 1725; x_wconf 85' lang='lat' dir='ltr'>oppressit,</span> 
     </span>
     <span class='ocr_line' id='line_1_78' title="bbox 1090 1740 2091 1778; baseline -0.002 -5"><span class='ocrx_word' id='word_1_503' title='bbox 1090 1743 1125 1772; x_wconf 87' lang='lat' dir='ltr'>in</span> <span class='ocrx_word' id='word_1_504' title='bbox 1148 1743 1301 1773; x_wconf 84' lang='lat' dir='ltr'>offensam</span> <span class='ocrx_word' id='word_1_505' title='bbox 1327 1742 1401 1778; x_wconf 88' lang='lat' dir='ltr'>Dei,</span> <span class='ocrx_word' id='word_1_506' title='bbox 1433 1750 1469 1771; x_wconf 88' lang='lat' dir='ltr'>ac</span> <span class='ocrx_word' id='word_1_507' title='bbox 1496 1741 1682 1771; x_wconf 88' lang='lat' dir='ltr'>eorumdem</span> <span class='ocrx_word' id='word_1_508' title='bbox 1712 1740 1835 1770; x_wconf 85' lang='lat' dir='ltr'>abbatis</span> <span class='ocrx_word' id='word_1_509' title='bbox 1858 1745 1887 1770; x_wconf 89' lang='lat' dir='ltr'>et</span> <span class='ocrx_word' id='word_1_510' title='bbox 1912 1744 2091 1771; x_wconf 82' lang='lat' dir='ltr'>conventus</span> 
     </span>
     <span class='ocr_line' id='line_1_79' title="bbox 1089 1794 2089 1836; baseline -0.002 -10"><span class='ocrx_word' id='word_1_511' title='bbox 1089 1797 1230 1836; x_wconf 86' lang='lat' dir='ltr'>dictique</span> <span class='ocrx_word' id='word_1_512' title='bbox 1258 1795 1445 1826; x_wconf 87' lang='lat' dir='ltr'>monasterii</span> <span class='ocrx_word' id='word_1_513' title='bbox 1471 1804 1567 1833; x_wconf 89' lang='lat' dir='ltr'>grave</span> <span class='ocrx_word' id='word_1_514' title='bbox 1596 1794 1809 1833; x_wconf 78' lang='lat' dir='ltr'>prejudicium</span> <span class='ocrx_word' id='word_1_515' title='bbox 1840 1800 1870 1824; x_wconf 89' lang='lat' dir='ltr'>et</span> <span class='ocrx_word' id='word_1_516' title='bbox 1898 1803 2089 1832; x_wconf 77' lang='lat' dir='ltr'>gravamen,</span> 
     </span>
     <span class='ocr_line' id='line_1_80' title="bbox 1089 1847 2091 1889; baseline -0.003 -9"><span class='ocrx_word' id='word_1_517' title='bbox 1089 1855 1215 1889; x_wconf 86' lang='lat' dir='ltr'>propter</span> <span class='ocrx_word' id='word_1_518' title='bbox 1227 1850 1311 1889; x_wconf 90' lang='lat' dir='ltr'>quod</span> <span class='ocrx_word' id='word_1_519' title='bbox 1326 1849 1425 1879; x_wconf 89' lang='lat' dir='ltr'>dictos</span> <span class='ocrx_word' id='word_1_520' title='bbox 1438 1848 1583 1878; x_wconf 84' lang='lat' dir='ltr'>abbatem</span> <span class='ocrx_word' id='word_1_521' title='bbox 1599 1852 1629 1877; x_wconf 90' lang='lat' dir='ltr'>et</span> <span class='ocrx_word' id='word_1_522' title='bbox 1642 1853 1836 1878; x_wconf 86' lang='lat' dir='ltr'>conventum</span> <span class='ocrx_word' id='word_1_523' title='bbox 1849 1853 1970 1886; x_wconf 88' lang='lat' dir='ltr'>oportet</span> <span class='ocrx_word' id='word_1_524' title='bbox 1985 1847 2091 1877; x_wconf 89' lang='lat' dir='ltr'>locum</span> 
     </span>
     <span class='ocr_line' id='line_1_81' title="bbox 1087 1901 2091 1943; baseline -0.004 -9"><span class='ocrx_word' id='word_1_525' title='bbox 1087 1905 1193 1943; x_wconf 88' lang='lat' dir='ltr'>ipsum</span> <span class='ocrx_word' id='word_1_526' title='bbox 1220 1903 1355 1933; x_wconf 90' lang='lat' dir='ltr'>omnino</span> <span class='ocrx_word' id='word_1_527' title='bbox 1382 1902 1545 1939; x_wconf 88' lang='lat' dir='ltr'>deserere,</span> <span class='ocrx_word' id='word_1_528' title='bbox 1571 1901 1635 1931; x_wconf 91' lang='lat' dir='ltr'>nisi</span> <span class='ocrx_word' id='word_1_529' title='bbox 1663 1901 1708 1931; x_wconf 89' lang='lat' dir='ltr'>eis</span> <span class='ocrx_word' id='word_1_530' title='bbox 1733 1910 1788 1940; x_wconf 88' lang='lat' dir='ltr'>per</span> <span class='ocrx_word' id='word_1_531' title='bbox 1813 1901 1984 1939; x_wconf 86' lang='lat' dir='ltr'>apostolice</span> <span class='ocrx_word' id='word_1_532' title='bbox 2009 1901 2091 1931; x_wconf 89' lang='lat' dir='ltr'>sedis</span> 
     </span>
     <span class='ocr_line' id='line_1_82' title="bbox 1087 1954 2092 1996; baseline -0.005 -8"><span class='ocrx_word' id='word_1_533' title='bbox 1087 1958 1264 1996; x_wconf 88' lang='lat' dir='ltr'>presidium</span> <span class='ocrx_word' id='word_1_534' title='bbox 1282 1961 1493 1987; x_wconf 84' lang='lat' dir='ltr'>succurratur.</span> <span class='ocrx_word' id='word_1_535' title='bbox 1514 1955 1594 1985; x_wconf 90' lang='lat' dir='ltr'>Cum</span> <span class='ocrx_word' id='word_1_536' title='bbox 1610 1959 1716 1984; x_wconf 89' lang='lat' dir='ltr'>autem</span> <span class='ocrx_word' id='word_1_537' title='bbox 1738 1954 1868 1984; x_wconf 80' lang='lat' dir='ltr'>difficile</span> <span class='ocrx_word' id='word_1_538' title='bbox 1885 1955 1925 1984; x_wconf 87' lang='lat' dir='ltr'>sit</span> <span class='ocrx_word' id='word_1_539' title='bbox 1942 1954 2047 1984; x_wconf 87' lang='lat' dir='ltr'>abbati</span> <span class='ocrx_word' id='word_1_540' title='bbox 2063 1959 2092 1984; x_wconf 89' lang='lat' dir='ltr'>et</span> 
     </span>
     <span class='ocr_line' id='line_1_83' title="bbox 1088 2008 2091 2049; baseline -0.005 -7"><span class='ocrx_word' id='word_1_541' title='bbox 1088 2011 1260 2042; x_wconf 86' lang='lat' dir='ltr'>conventui</span> <span class='ocrx_word' id='word_1_542' title='bbox 1276 2010 1465 2049; x_wconf 87' lang='lat' dir='ltr'>supradictis</span> <span class='ocrx_word' id='word_1_543' title='bbox 1485 2018 1559 2039; x_wconf 92' lang='lat' dir='ltr'>cum</span> <span class='ocrx_word' id='word_1_544' title='bbox 1580 2008 1692 2038; x_wconf 87' lang='lat' dir='ltr'>eodem</span> <span class='ocrx_word' id='word_1_545' title='bbox 1712 2009 1872 2047; x_wconf 83' lang='lat' dir='ltr'>episcopo,</span> <span class='ocrx_word' id='word_1_546' title='bbox 1897 2012 2023 2046; x_wconf 87' lang='lat' dir='ltr'>propter</span> <span class='ocrx_word' id='word_1_547' title='bbox 2042 2008 2091 2037; x_wconf 91' lang='lat' dir='ltr'>sui</span> 
     </span>
     <span class='ocr_line' id='line_1_84' title="bbox 1088 2061 2090 2104; baseline -0.005 -9"><span class='ocrx_word' id='word_1_548' title='bbox 1088 2065 1273 2104; x_wconf 83' lang='lat' dir='ltr'>potentiam,</span> <span class='ocrx_word' id='word_1_549' title='bbox 1296 2073 1390 2102; x_wconf 88' lang='lat' dir='ltr'>super</span> <span class='ocrx_word' id='word_1_550' title='bbox 1411 2063 1471 2093; x_wconf 87' lang='lat' dir='ltr'>hoc</span> <span class='ocrx_word' id='word_1_551' title='bbox 1487 2063 1521 2092; x_wconf 89' lang='lat' dir='ltr'>in</span> <span class='ocrx_word' id='word_1_552' title='bbox 1542 2061 1712 2092; x_wconf 84' lang='lat' dir='ltr'>Alamanie</span> <span class='ocrx_word' id='word_1_553' title='bbox 1728 2061 1870 2100; x_wconf 87' lang='lat' dir='ltr'>partibus</span> <span class='ocrx_word' id='word_1_554' title='bbox 1884 2061 2090 2100; x_wconf 85' lang='lat' dir='ltr'>judicialibus</span> 
     </span>
     <span class='ocr_line' id='line_1_85' title="bbox 1087 2114 2091 2156; baseline -0.006 -7"><span class='ocrx_word' id='word_1_555' title='bbox 1087 2119 1284 2149; x_wconf 83' lang='lat' dir='ltr'>anfractibus</span> <span class='ocrx_word' id='word_1_556' title='bbox 1299 2117 1451 2156; x_wconf 75' lang='lat' dir='ltr'>experiri,</span> <span class='ocrx_word' id='word_1_557' title='bbox 1470 2116 1561 2146; x_wconf 89' lang='lat' dir='ltr'>nobis</span> <span class='ocrx_word' id='word_1_558' title='bbox 1579 2115 1748 2145; x_wconf 84' lang='lat' dir='ltr'>humiliter</span> <span class='ocrx_word' id='word_1_559' title='bbox 1762 2114 1981 2153; x_wconf 86' lang='lat' dir='ltr'>supplicarunt</span> <span class='ocrx_word' id='word_1_560' title='bbox 1998 2119 2031 2144; x_wconf 86' lang='lat' dir='ltr'>ut</span> <span class='ocrx_word' id='word_1_561' title='bbox 2047 2116 2091 2144; x_wconf 91' lang='lat' dir='ltr'>eis</span> 
     </span>
     <span class='ocr_line' id='line_1_86' title="bbox 1087 2168 2089 2212; baseline -0.004 -11"><span class='ocrx_word' id='word_1_562' title='bbox 1087 2172 1253 2212; x_wconf 84' lang='lat' dir='ltr'>providere</span> <span class='ocrx_word' id='word_1_563' title='bbox 1271 2179 1365 2209; x_wconf 91' lang='lat' dir='ltr'>super</span> <span class='ocrx_word' id='word_1_564' title='bbox 1378 2170 1437 2200; x_wconf 88' lang='lat' dir='ltr'>hoc</span> <span class='ocrx_word' id='word_1_565' title='bbox 1453 2170 1491 2199; x_wconf 92' lang='lat' dir='ltr'>de</span> <span class='ocrx_word' id='word_1_566' title='bbox 1507 2169 1703 2207; x_wconf 83' lang='lat' dir='ltr'>benignitate</span> <span class='ocrx_word' id='word_1_567' title='bbox 1715 2168 1798 2198; x_wconf 87' lang='lat' dir='ltr'>sedis</span> <span class='ocrx_word' id='word_1_568' title='bbox 1811 2168 1981 2206; x_wconf 83' lang='lat' dir='ltr'>apostolice</span> <span class='ocrx_word' id='word_1_569' title='bbox 1996 2176 2089 2198; x_wconf 90' lang='lat' dir='ltr'>cura-</span> 
     </span>
     <span class='ocr_line' id='line_1_87' title="bbox 1087 2221 2092 2260; baseline -0.005 -5"><span class='ocrx_word' id='word_1_570' title='bbox 1087 2231 1205 2255; x_wconf 88' lang='lat' dir='ltr'>remus.</span> <span class='ocrx_word' id='word_1_571' title='bbox 1235 2224 1389 2260; x_wconf 85' lang='lat' dir='ltr'>Quocirca</span> <span class='ocrx_word' id='word_1_572' title='bbox 1410 2223 1595 2253; x_wconf 88' lang='lat' dir='ltr'>discretioni</span> <span class='ocrx_word' id='word_1_573' title='bbox 1620 2227 1671 2252; x_wconf 85' lang='lat' dir='ltr'>tue</span> <span class='ocrx_word' id='word_1_574' title='bbox 1698 2231 1754 2260; x_wconf 88' lang='lat' dir='ltr'>per</span> <span class='ocrx_word' id='word_1_575' title='bbox 1778 2221 1948 2260; x_wconf 87' lang='lat' dir='ltr'>apostolica</span> <span class='ocrx_word' id='word_1_576' title='bbox 1976 2222 2092 2258; x_wconf 86' lang='lat' dir='ltr'>scripta</span> 
     </span>
     <span class='ocr_line' id='line_1_88' title="bbox 1087 2274 2091 2316; baseline -0.006 -8"><span class='ocrx_word' id='word_1_577' title='bbox 1087 2278 1277 2308; x_wconf 88' lang='lat' dir='ltr'>mandamus</span> <span class='ocrx_word' id='word_1_578' title='bbox 1292 2282 1466 2316; x_wconf 87' lang='lat' dir='ltr'>quatenus,</span> <span class='ocrx_word' id='word_1_579' title='bbox 1486 2276 1638 2315; x_wconf 84' lang='lat' dir='ltr'>inquisita</span> <span class='ocrx_word' id='word_1_580' title='bbox 1655 2283 1748 2313; x_wconf 89' lang='lat' dir='ltr'>super</span> <span class='ocrx_word' id='word_1_581' title='bbox 1764 2274 1928 2313; x_wconf 86' lang='lat' dir='ltr'>premissis</span> <span class='ocrx_word' id='word_1_582' title='bbox 1943 2274 1982 2304; x_wconf 90' lang='lat' dir='ltr'>de</span> <span class='ocrx_word' id='word_1_583' title='bbox 1999 2274 2091 2312; x_wconf 89' lang='lat' dir='ltr'>plano</span> 
     </span>
     <span class='ocr_line' id='line_1_89' title="bbox 1088 2327 2089 2369; baseline -0.005 -8"><span class='ocrx_word' id='word_1_584' title='bbox 1088 2336 1118 2362; x_wconf 88' lang='lat' dir='ltr'>et</span> <span class='ocrx_word' id='word_1_585' title='bbox 1130 2333 1199 2361; x_wconf 89' lang='lat' dir='ltr'>sine</span> <span class='ocrx_word' id='word_1_586' title='bbox 1212 2331 1342 2369; x_wconf 86' lang='lat' dir='ltr'>strepitu</span> <span class='ocrx_word' id='word_1_587' title='bbox 1354 2330 1469 2369; x_wconf 86' lang='lat' dir='ltr'>judicii</span> <span class='ocrx_word' id='word_1_588' title='bbox 1483 2329 1671 2367; x_wconf 87' lang='lat' dir='ltr'>diligentius</span> <span class='ocrx_word' id='word_1_589' title='bbox 1685 2328 1832 2365; x_wconf 76' lang='lat' dir='ltr'>veritate,</span> <span class='ocrx_word' id='word_1_590' title='bbox 1847 2336 1882 2357; x_wconf 86' lang='lat' dir='ltr'>ac</span> <span class='ocrx_word' id='word_1_591' title='bbox 1899 2327 1926 2356; x_wconf 86' lang='lat' dir='ltr'>si</span> <span class='ocrx_word' id='word_1_592' title='bbox 1945 2328 1999 2357; x_wconf 88' lang='lat' dir='ltr'>tibi</span> <span class='ocrx_word' id='word_1_593' title='bbox 2015 2336 2089 2357; x_wconf 88' lang='lat' dir='ltr'>con-</span> 
     </span>
     <span class='ocr_line' id='line_1_90' title="bbox 1087 2380 2089 2422; baseline -0.006 -7"><span class='ocrx_word' id='word_1_594' title='bbox 1087 2386 1201 2415; x_wconf 87' lang='lat' dir='ltr'>stiterit</span> <span class='ocrx_word' id='word_1_595' title='bbox 1215 2385 1258 2414; x_wconf 81' lang='lat' dir='ltr'>ita</span> <span class='ocrx_word' id='word_1_596' title='bbox 1279 2393 1364 2421; x_wconf 82' lang='lat' dir='ltr'>esse,</span> <span class='ocrx_word' id='word_1_597' title='bbox 1381 2383 1502 2413; x_wconf 85' lang='lat' dir='ltr'>dictum</span> <span class='ocrx_word' id='word_1_598' title='bbox 1521 2383 1704 2422; x_wconf 81' lang='lat' dir='ltr'>episcopum</span> <span class='ocrx_word' id='word_1_599' title='bbox 1727 2391 1762 2411; x_wconf 82' lang='lat' dir='ltr'>ex</span> <span class='ocrx_word' id='word_1_600' title='bbox 1784 2386 1870 2420; x_wconf 89' lang='lat' dir='ltr'>parte</span> <span class='ocrx_word' id='word_1_601' title='bbox 1887 2384 1993 2410; x_wconf 86' lang='lat' dir='ltr'>nostra</span> <span class='ocrx_word' id='word_1_602' title='bbox 2016 2380 2089 2410; x_wconf 80' lang='lat' dir='ltr'>dili-</span> 
     </span>
     <span class='ocr_line' id='line_1_91' title="bbox 1086 2434 2089 2477; baseline -0.006 -9"><span class='ocrx_word' id='word_1_603' title='bbox 1086 2443 1197 2477; x_wconf 83' lang='lat' dir='ltr'>genter</span> <span class='ocrx_word' id='word_1_604' title='bbox 1214 2446 1344 2468; x_wconf 87' lang='lat' dir='ltr'>moneas</span> <span class='ocrx_word' id='word_1_605' title='bbox 1367 2442 1397 2466; x_wconf 89' lang='lat' dir='ltr'>et</span> <span class='ocrx_word' id='word_1_606' title='bbox 1418 2437 1569 2473; x_wconf 85' lang='lat' dir='ltr'>inducas,</span> <span class='ocrx_word' id='word_1_607' title='bbox 1587 2441 1620 2466; x_wconf 88' lang='lat' dir='ltr'>ut</span> <span class='ocrx_word' id='word_1_608' title='bbox 1644 2436 1684 2465; x_wconf 89' lang='lat' dir='ltr'>ab</span> <span class='ocrx_word' id='word_1_609' title='bbox 1705 2434 1890 2474; x_wconf 87' lang='lat' dir='ltr'>hujusmodi</span> <span class='ocrx_word' id='word_1_610' title='bbox 1914 2434 2089 2463; x_wconf 75' lang='lat' dir='ltr'>exactionis</span> 
     </span>
     <span class='ocr_line' id='line_1_92' title="bbox 1086 2487 2089 2530; baseline -0.006 -9"><span class='ocrx_word' id='word_1_611' title='bbox 1086 2492 1290 2530; x_wconf 87' lang='lat' dir='ltr'>perversitate</span> <span class='ocrx_word' id='word_1_612' title='bbox 1309 2490 1442 2520; x_wconf 87' lang='lat' dir='ltr'>omnino</span> <span class='ocrx_word' id='word_1_613' title='bbox 1462 2490 1608 2525; x_wconf 88' lang='lat' dir='ltr'>desistat,</span> <span class='ocrx_word' id='word_1_614' title='bbox 1627 2493 1657 2519; x_wconf 88' lang='lat' dir='ltr'>et</span> <span class='ocrx_word' id='word_1_615' title='bbox 1677 2489 1716 2518; x_wconf 90' lang='lat' dir='ltr'>de</span> <span class='ocrx_word' id='word_1_616' title='bbox 1739 2488 1886 2526; x_wconf 84' lang='lat' dir='ltr'>dampnis</span> <span class='ocrx_word' id='word_1_617' title='bbox 1908 2496 1943 2516; x_wconf 89' lang='lat' dir='ltr'>ac</span> <span class='ocrx_word' id='word_1_618' title='bbox 1961 2487 2089 2524; x_wconf 86' lang='lat' dir='ltr'>injuriis</span> 
     </span>
     <span class='ocr_line' id='line_1_93' title="bbox 1086 2540 2089 2584; baseline -0.007 -9"><span class='ocrx_word' id='word_1_619' title='bbox 1086 2546 1164 2584; x_wconf 89' lang='lat' dir='ltr'>ipsis</span> <span class='ocrx_word' id='word_1_620' title='bbox 1179 2544 1285 2575; x_wconf 89' lang='lat' dir='ltr'>abbati</span> <span class='ocrx_word' id='word_1_621' title='bbox 1298 2549 1328 2574; x_wconf 90' lang='lat' dir='ltr'>et</span> <span class='ocrx_word' id='word_1_622' title='bbox 1343 2545 1514 2574; x_wconf 89' lang='lat' dir='ltr'>conventui</span> <span class='ocrx_word' id='word_1_623' title='bbox 1532 2544 1565 2573; x_wconf 90' lang='lat' dir='ltr'>in</span> <span class='ocrx_word' id='word_1_624' title='bbox 1583 2543 1641 2572; x_wconf 84' lang='lat' dir='ltr'>hac</span> <span class='ocrx_word' id='word_1_625' title='bbox 1656 2546 1742 2581; x_wconf 85' lang='lat' dir='ltr'>parte</span> <span class='ocrx_word' id='word_1_626' title='bbox 1757 2541 1872 2577; x_wconf 85' lang='lat' dir='ltr'>illatis,</span> <span class='ocrx_word' id='word_1_627' title='bbox 1890 2541 1976 2569; x_wconf 84' lang='lat' dir='ltr'>infra</span> <span class='ocrx_word' id='word_1_628' title='bbox 1992 2540 2089 2569; x_wconf 88' lang='lat' dir='ltr'>unius</span> 
     </span>
     <span class='ocr_line' id='line_1_94' title="bbox 1087 2592 2089 2636; baseline -0.009 -7"><span class='ocrx_word' id='word_1_629' title='bbox 1087 2593 1206 2629; x_wconf 83' lang='lat' dir='ltr'>mensis</span> <span class='ocrx_word' id='word_1_630' title='bbox 1225 2598 1359 2636; x_wconf 86' lang='lat' dir='ltr'>spatium</span> <span class='ocrx_word' id='word_1_631' title='bbox 1379 2601 1448 2636; x_wconf 87' lang='lat' dir='ltr'>post</span> <span class='ocrx_word' id='word_1_632' title='bbox 1469 2597 1679 2626; x_wconf 88' lang='lat' dir='ltr'>monitionem</span> <span class='ocrx_word' id='word_1_633' title='bbox 1701 2600 1803 2629; x_wconf 88' lang='lat' dir='ltr'>tuam,</span> <span class='ocrx_word' id='word_1_634' title='bbox 1826 2593 1919 2623; x_wconf 86' lang='lat' dir='ltr'>dictis</span> <span class='ocrx_word' id='word_1_635' title='bbox 1937 2592 2041 2622; x_wconf 85' lang='lat' dir='ltr'>abbati</span> <span class='ocrx_word' id='word_1_636' title='bbox 2060 2598 2089 2621; x_wconf 85' lang='lat' dir='ltr'>et</span> 
     </span>
     <span class='ocr_line' id='line_1_95' title="bbox 1086 2645 2087 2690; baseline -0.008 -8"><span class='ocrx_word' id='word_1_637' title='bbox 1086 2652 1259 2683; x_wconf 88' lang='lat' dir='ltr'>conventui</span> <span class='ocrx_word' id='word_1_638' title='bbox 1279 2651 1408 2690; x_wconf 86' lang='lat' dir='ltr'>plenam</span> <span class='ocrx_word' id='word_1_639' title='bbox 1433 2655 1464 2680; x_wconf 89' lang='lat' dir='ltr'>et</span> <span class='ocrx_word' id='word_1_640' title='bbox 1488 2650 1627 2680; x_wconf 86' lang='lat' dir='ltr'>debitam</span> <span class='ocrx_word' id='word_1_641' title='bbox 1648 2647 1895 2678; x_wconf 81' lang='lat' dir='ltr'>satisfactionem</span> <span class='ocrx_word' id='word_1_642' title='bbox 1912 2645 2087 2684; x_wconf 82' lang='lat' dir='ltr'>impendat,</span> 
     </span>
     <span class='ocr_line' id='line_1_96' title="bbox 1087 2698 2090 2743; baseline -0.008 -8"><span class='ocrx_word' id='word_1_643' title='bbox 1087 2711 1117 2736; x_wconf 87' lang='lat' dir='ltr'>et</span> <span class='ocrx_word' id='word_1_644' title='bbox 1130 2706 1169 2735; x_wconf 90' lang='lat' dir='ltr'>ab</span> <span class='ocrx_word' id='word_1_645' title='bbox 1186 2705 1370 2743; x_wconf 84' lang='lat' dir='ltr'>hujusmodi</span> <span class='ocrx_word' id='word_1_646' title='bbox 1387 2707 1416 2733; x_wconf 87' lang='lat' dir='ltr'>et</span> <span class='ocrx_word' id='word_1_647' title='bbox 1432 2703 1591 2732; x_wconf 85' lang='lat' dir='ltr'>similibus</span> <span class='ocrx_word' id='word_1_648' title='bbox 1608 2701 1792 2731; x_wconf 88' lang='lat' dir='ltr'>eorumdem</span> <span class='ocrx_word' id='word_1_649' title='bbox 1811 2704 1842 2729; x_wconf 90' lang='lat' dir='ltr'>et</span> <span class='ocrx_word' id='word_1_650' title='bbox 1860 2699 2018 2732; x_wconf 84' lang='lat' dir='ltr'>dictorum</span> <span class='ocrx_word' id='word_1_651' title='bbox 2035 2698 2090 2728; x_wconf 89' lang='lat' dir='ltr'>ho-</span> 
     </span>
     <span class='ocr_line' id='line_1_97' title="bbox 1086 2752 2087 2797; baseline -0.009 -8"><span class='ocrx_word' id='word_1_652' title='bbox 1086 2760 1213 2789; x_wconf 82' lang='lat' dir='ltr'>minum</span> <span class='ocrx_word' id='word_1_653' title='bbox 1226 2757 1465 2797; x_wconf 83' lang='lat' dir='ltr'>gravaminibus</span> <span class='ocrx_word' id='word_1_654' title='bbox 1481 2756 1516 2785; x_wconf 88' lang='lat' dir='ltr'>in</span> <span class='ocrx_word' id='word_1_655' title='bbox 1534 2760 1694 2794; x_wconf 85' lang='lat' dir='ltr'>posterum</span> <span class='ocrx_word' id='word_1_656' title='bbox 1709 2754 1840 2783; x_wconf 88' lang='lat' dir='ltr'>omnino</span> <span class='ocrx_word' id='word_1_657' title='bbox 1853 2752 1995 2788; x_wconf 82' lang='lat' dir='ltr'>desistat,</span> <span class='ocrx_word' id='word_1_658' title='bbox 2013 2761 2087 2781; x_wconf 91' lang='lat' dir='ltr'>eum</span> 
     </span>
     <span class='ocr_line' id='line_1_98' title="bbox 1086 2804 2089 2849; baseline -0.009 -7"><span class='ocrx_word' id='word_1_659' title='bbox 1086 2813 1126 2843; x_wconf 89' lang='lat' dir='ltr'>ad</span> <span class='ocrx_word' id='word_1_660' title='bbox 1149 2812 1200 2848; x_wconf 88' lang='lat' dir='ltr'>id,</span> <span class='ocrx_word' id='word_1_661' title='bbox 1224 2812 1252 2841; x_wconf 87' lang='lat' dir='ltr'>si</span> <span class='ocrx_word' id='word_1_662' title='bbox 1277 2819 1354 2849; x_wconf 85' lang='lat' dir='ltr'>opus</span> <span class='ocrx_word' id='word_1_663' title='bbox 1376 2810 1490 2845; x_wconf 84' lang='lat' dir='ltr'>fuerit,</span> <span class='ocrx_word' id='word_1_664' title='bbox 1516 2808 1701 2838; x_wconf 84' lang='lat' dir='ltr'>auctoritate</span> <span class='ocrx_word' id='word_1_665' title='bbox 1729 2810 1854 2844; x_wconf 86' lang='lat' dir='ltr'>nostra,</span> <span class='ocrx_word' id='word_1_666' title='bbox 1879 2804 2089 2844; x_wconf 83' lang='lat' dir='ltr'>appellatione</span> 
     </span>
     <span class='ocr_line' id='line_1_99' title="bbox 1087 2859 2089 2906; baseline -0.01 -10"><span class='ocrx_word' id='word_1_667' title='bbox 1087 2865 1274 2906; x_wconf 86' lang='lat' dir='ltr'>postposita,</span> <span class='ocrx_word' id='word_1_668' title='bbox 1298 2862 1529 2902; x_wconf 87' lang='lat' dir='ltr'>compellendo.</span> <span class='ocrx_word' id='word_1_669' title='bbox 1554 2861 1644 2897; x_wconf 89' lang='lat' dir='ltr'>Quod</span> <span class='ocrx_word' id='word_1_670' title='bbox 1667 2860 1694 2890; x_wconf 87' lang='lat' dir='ltr'>si</span> <span class='ocrx_word' id='word_1_671' title='bbox 1720 2860 1821 2889; x_wconf 87' lang='lat' dir='ltr'>dictus</span> <span class='ocrx_word' id='word_1_672' title='bbox 1845 2859 2010 2897; x_wconf 89' lang='lat' dir='ltr'>episcopus</span> <span class='ocrx_word' id='word_1_673' title='bbox 2035 2866 2089 2887; x_wconf 83' lang='lat' dir='ltr'>ex-</span> 
     </span>
     <span class='ocr_line' id='line_1_100' title="bbox 1086 2913 2090 2952; baseline -0.009 -3"><span class='ocrx_word' id='word_1_674' title='bbox 1086 2917 1389 2950; x_wconf 86' lang='lat' dir='ltr'>communicationis</span> <span class='ocrx_word' id='word_1_675' title='bbox 1416 2915 1628 2949; x_wconf 80' lang='lat' dir='ltr'>sententiam,</span> <span class='ocrx_word' id='word_1_676' title='bbox 1655 2922 1750 2952; x_wconf 90' lang='lat' dir='ltr'>quam</span> <span class='ocrx_word' id='word_1_677' title='bbox 1774 2913 1807 2942; x_wconf 89' lang='lat' dir='ltr'>iu</span> <span class='ocrx_word' id='word_1_678' title='bbox 1831 2913 1936 2951; x_wconf 86' lang='lat' dir='ltr'>ipsum</span> <span class='ocrx_word' id='word_1_679' title='bbox 1963 2915 2090 2950; x_wconf 86' lang='lat' dir='ltr'>propter</span> 
     </span>
     <span class='ocr_line' id='line_1_101' title="bbox 1086 2965 2088 3010; baseline -0.01 -8"><span class='ocrx_word' id='word_1_680' title='bbox 1086 2973 1146 3003; x_wconf 89' lang='lat' dir='ltr'>hoc</span> <span class='ocrx_word' id='word_1_681' title='bbox 1161 2972 1250 3007; x_wconf 81' lang='lat' dir='ltr'>forte,</span> <span class='ocrx_word' id='word_1_682' title='bbox 1270 2970 1413 3010; x_wconf 86' lang='lat' dir='ltr'>ejusdem</span> <span class='ocrx_word' id='word_1_683' title='bbox 1429 2968 1567 3007; x_wconf 81' lang='lat' dir='ltr'>episcopi</span> <span class='ocrx_word' id='word_1_684' title='bbox 1581 2967 1672 3005; x_wconf 87' lang='lat' dir='ltr'>culpa</span> <span class='ocrx_word' id='word_1_685' title='bbox 1688 2966 1746 2996; x_wconf 85' lang='lat' dir='ltr'>hoc</span> <span class='ocrx_word' id='word_1_686' title='bbox 1764 2965 1913 3005; x_wconf 81' lang='lat' dir='ltr'>poscenti,</span> <span class='ocrx_word' id='word_1_687' title='bbox 1929 2965 1998 2994; x_wconf 83' lang='lat' dir='ltr'>fieri</span> <span class='ocrx_word' id='word_1_688' title='bbox 2011 2971 2088 2994; x_wconf 87' lang='lat' dir='ltr'>con—</span> 
     </span>
     <span class='ocr_line' id='line_1_102' title="bbox 1087 3016 2085 3064; baseline -0.009 -9"><span class='ocrx_word' id='word_1_689' title='bbox 1087 3026 1208 3064; x_wconf 84' lang='lat' dir='ltr'>tigerit,</span> <span class='ocrx_word' id='word_1_690' title='bbox 1225 3033 1281 3063; x_wconf 89' lang='lat' dir='ltr'>per</span> <span class='ocrx_word' id='word_1_691' title='bbox 1299 3032 1400 3053; x_wconf 90' lang='lat' dir='ltr'>unum</span> <span class='ocrx_word' id='word_1_692' title='bbox 1417 3031 1561 3052; x_wconf 87' lang='lat' dir='ltr'>mensem</span> <span class='ocrx_word' id='word_1_693' title='bbox 1581 3021 1690 3050; x_wconf 90' lang='lat' dir='ltr'>animo</span> <span class='ocrx_word' id='word_1_694' title='bbox 1710 3019 1899 3049; x_wconf 87' lang='lat' dir='ltr'>sustinuerit</span> <span class='ocrx_word' id='word_1_695' title='bbox 1916 3016 2085 3056; x_wconf 85' lang='lat' dir='ltr'>pertinaci,</span> 
     </span>
    </p>
   </div>
  </div>
 </body>
</html>
