2342 3652
922 365 1154 403 TROISIEME
1176 364 1332 403 ΑΝΝΕΕ
2116 385 2172 414 409

149 438 266 465 2323

115 499 297 535 Dispensatio
313 507 400 534 super
415 499 574 534 pluralitate
590 499 806 526 beneficiorum.
824 499 907 533 (Rae.
925 501 974 531 45,
991 509 1017 527 c.
1040 500 1083 532 ζ20,

80 551 99 577 f.
114 550 128 576 4
143 556 191 580 v03
209 548 274 575 Li».
291 557 325 575 nn
340 548 438 578 Timui,
456 547 508 579 ΙΙΙ,
528 549 581 580 17.)

385 436 747 471 Sainte-Marie-Majeure,
764 438 797 464 25
815 439 917 465 fevi-ier
936 440 1011 466 1290.

119 643 238 674 odiloni
253 644 286 672 de
304 644 468 678 Memorio,
484 643 633 680 preposito
651 643 767 672 ecclesie
793 643 987 679 Brztvatensz's,
1015 643 1084 672 Cla-

77 698 275 727 romoniensis
291 696 423 725 diocesis.
449 695 530 725 Cum
548 704 601 730 eo,
622 704 760 734 quocum
782 696 850 733 jam
875 704 892 723 a
919 695 1083 725 Clemente

78 759 156 790 papa
170 749 237 780 1111
251 749 469 788 dispensatum
487 751 534 778 est
558 757 652 787 super
671 748 865 777 simultanea
887 749 1083 787 possessione

77 804 247 834 decanatus
272 802 425 832 ecclesiae
454 802 665 838 Brivatensis,
695 801 845 831 ecclesiae
871 802 979 831 Sancti
1004 802 1082 831 Ger-

79 855 166 887 mani
181 855 232 885 del
248 855 323 893 Seyl
337 878 345 892 ,
375 855 574 884 Mimatensis
599 854 770 889 dioecesis,
789 854 988 893 praebendae
1009 864 1082 884 cum

79 908 226 941 vestiario
242 907 393 938 ecclesiae
413 907 630 943 Mimatensis,
655 907 860 937 canonicatus
879 913 909 937 et
928 908 1083 946 praeben-

78 962 135 992 dae
149 960 421 991 Claromontensis
447 960 598 990 ecclesiae
614 965 643 990 et
663 961 820 998 prioratus
846 961 884 990 de
909 961 1081 997 Fontanis,

78 1014 348 1046 Claromontensis
364 1015 533 1050 dioecesis,
552 1023 689 1053 quorum
706 1015 847 1044 redditus
873 1016 1038 1052 sexaginta
1055 1019 1084 1045 et

78 1068 218 1109 quinque
239 1076 420 1098 marcarum
443 1068 569 1106 argenti
586 1068 725 1097 valorem
743 1077 889 1097 annuum
909 1077 971 1098 non
990 1077 1082 1098 exce-

77 1121 172 1158 dunt,
193 1130 303 1151 rursus
326 1120 489 1159 dispensat
506 1125 555 1157 ut,
581 1121 714 1150 dimisso
732 1121 891 1160 praedicto
913 1121 1081 1158 decanatu,

78 1174 326 1214 praeposituram
346 1174 545 1204 Brivatensis
563 1174 714 1204 ecclesiae
731 1175 872 1214 recipere
884 1179 997 1205 etcum
1011 1174 1082 1204 aliis

76 1227 264 1268 supradictis
280 1228 445 1257 beneficiis
458 1228 597 1258 retinere
615 1229 722 1267 possit.

116 1292 130 1309 ι(
154 1281 326 1311 Personam
344 1285 430 1311 tuam
447 1290 545 1320 qne...
564 1299 602 1303 —
616 1284 687 1312 Dat.
702 1282 813 1317 Rome,
830 1282 913 1320 apud
931 1282 1079 1312 Sanctam

76 1335 209 1365 Mariam
228 1335 395 1373 Majorem,
413 1345 432 1364 v
447 1334 600 1364 kalendas
617 1335 735 1369 martii,
754 1343 839 1365 anno
856 1335 956 1365 tertio.
976 1347 990 1361 ⁷»

126 1506 377 1535 2324-2346
446 1505 806 1540 Sainte-Marie-Majeure,
825 1506 840 1532 6
857 1513 932 1532 mars
950 1506 1026 1533 1290.

107 1567 234 1595 Licentia
249 1568 402 1603 colligendi
418 1568 609 1595 eleemosinas
629 1568 663 1594 ad
680 1577 838 1603 pauperum
855 1572 883 1594 et
902 1568 1079 1595 infirmorum

74 1625 155 1653 opus.
173 1617 256 1650 (ttae.
276 1617 319 1649 45,
337 1625 362 1643 c.
379 1617 424 1650 21,
442 1617 459 1642 f.
478 1618 492 1643 4
509 1620 558 1648 vo.)

114 1720 233 1748 Dilectis
253 1720 328 1756 filiis

74 1774 210 1809 Antonii,
234 1773 409 1803 Viennensis
425 1773 558 1802 diocesis.
579 1784 591 1799 ‹
606 1772 736 1802 Pridem
750 1773 788 1802 ad
806 1777 946 1802 nostram
963 1773 1080 1812 perlato

76 1826 221 1856 notitiam
237 1826 321 1865 quod
336 1826 487 1857 nonnulli
502 1826 685 1865 iniquitatis
701 1826 772 1863 filii,
786 1836 818 1856 sc
836 1827 948 1856 fratres
964 1826 1080 1857 militie

73 1879 213 1918 Templi,
237 1879 404 1918 hospitalis
431 1879 541 1910 Sancti
562 1879 723 1909 Johannis
746 1879 1078 1910 Jerosolimitanorum

73 1935 103 1962 et
114 1932 250 1962 aliorum
266 1932 467 1963 diversorum
483 1933 648 1970 ordinum,
665 1933 911 1963 domorum‘Dei
930 1936 960 1962 et
976 1933 1079 1971 hospi-

71 1984 184 2015 talium
202 1990 390 2022 asserentes,
410 1995 466 2025 per
483 1986 626 2016 diversas
646 1986 758 2015 mundi
773 1986 959 2025 provintias,
978 1986 1077 2016 dicto-

73 2047 144 2069 rum
159 2038 323 2076 ordinum,
341 2039 509 2069 domorum
526 2044 556 2069 et
573 2039 781 2078 hospitalium
800 2040 942 2076 nomine,
961 2040 1077 2070 elemo-

73 2092 160 2123 sinas
173 2096 203 2122 et
219 2092 322 2131 legata
335 2097 365 2122 et
377 2093 566 2123 maleablata
579 2116 586 2129 ‚
600 2093 722 2123 incerta
737 2098 765 2122 et
785 2102 847 2132 que
862 2092 940 2123 alias
956 2093 1077 2123 ratione

73 2145 295 2184 predicationis
321 2147 424 2176 crucis
448 2146 555 2176 offerri
582 2146 758 2184 contingit,
783 2147 817 2176 in
843 2147 938 2176 Terre
963 2146 1077 2176 Sancte

353 1741 373 1748 ..
402 1720 550 1756 maqt'stro
572 1724 598 1748 et
623 1720 775 1756 fratribus
796 1720 954 1757 hospitalis
976 1720 1080 1750 Sancti

73 2198 249 2228 subsidium
271 2199 501 2236 convertenda,
520 2203 626 2238 petere
644 2204 675 2229 et
693 2199 841 2237 colligere
863 2200 997 2229 minime
1014 2200 1076 2229 for·
1123 2231 1126 2233 Α

72 2250 247 2289 midabant,
265 2261 300 2282 ea
316 2253 349 2282 in
367 2262 443 2282 usus
466 2253 609 2292 proprios
627 2257 746 2282 temere
764 2253 988 2289 convertendo,
1006 2261 1074 2289 nos,

73 2304 230 2335 universis
246 2310 277 2335 et
295 2305 432 2344 singulis
451 2305 608 2344 religiosis
626 2306 804 2343 ordinibus,
821 2306 1028 2345 hospitalium
1048 2311 1077 2335 et

72 2357 237 2389 domorum
251 2359 312 2389 Dei
328 2360 492 2398 magistris
504 2363 533 2389 et
549 2360 711 2397 fratribus,
726 2361 956 2399 cujuscumque
973 2361 1076 2390 forent

73 2412 261 2442 conditionis
278 2413 327 2443 vel
343 2414 478 2449 ordinis,
498 2418 629 2452 questus
644 2414 751 2444 omnis
767 2415 954 2443 exercitium
975 2415 1074 2443 inter-

73 2464 211 2497 dicentes
227 2468 371 2503 omnino,
388 2467 530 2506 quelibet
543 2467 722 2506 privilegia,
742 2467 962 2505 indulgentias
978 2472 1007 2497 et
1023 2468 1074 2497 lit-

73 2521 164 2556 teras,
187 2520 418 2559 cujuscumque
437 2521 554 2550 tenoris
582 2520 770 2557 existerent,
788 2521 832 2550 eis
848 2521 888 2550 ab
903 2521 1075 2559 apostolica

72 2571 143 2601 sede
167 2571 216 2602 vel
236 2573 304 2611 ejus
326 2572 438 2610 legatis
458 2578 513 2602 aut
534 2573 606 2602 aliis
634 2574 890 2612 quibuscumque
912 2582 1072 2611 concessa,

71 2624 172 2662 quoad
187 2629 334 2664 questum
352 2626 537 2663 hujusmodi
555 2626 737 2656 faciendum
749 2650 756 2664 ‚
776 2635 830 2665 per
845 2633 967 2656 nostras
988 2626 1073 2656 litte-

70 2683 120 2706 ras
143 2678 269 2716 penitus
298 2687 444 2709 revocare
472 2680 657 2709 curavimus
678 2683 708 2708 et
732 2679 854 2708 nullius
877 2688 944 2708 esse
965 2679 1073 2709 decre-

71 2728 175 2760 vimus
196 2730 368 2768 firmitatis,
389 2732 627 2762 venerabilibus
643 2732 794 2762 fratribus
812 2732 928 2762 nostris
945 2732 1072 2762 archie-

71 2781 214 2821 piscopis,
233 2784 387 2823 episcopis
403 2794 438 2814 ac
454 2785 577 2814 dilectis
594 2785 669 2814 filiis
686 2785 846 2815 universis
865 2784 1072 2815 ecclesiarum

71 2835 208 2874 prelatis,
232 2839 386 2876 exemptis
413 2842 443 2868 et
463 2847 526 2869 non
549 2839 718 2877 exemptis,
742 2838 853 2868 dantes
880 2848 934 2877 per
952 2838 1071 2868 litteras

69 2885 152 2926 ipsas
175 2888 210 2918 in
235 2890 350 2920 virtute
375 2891 558 2921 obedientie
586 2891 762 2921 districtius
788 2892 820 2920 in
851 2891 1005 2929 preceptis
1039 2895 1072 2920 ut

70 2946 179 2970 eorum
207 2942 339 2980 quilibet
364 2943 396 2972 in
427 2944 618 2979 civitatibus,
646 2943 823 2973 diocesibus
851 2947 881 2973 et
908 2943 984 2978 locis
1007 2944 1070 2973 sihi

38 2991 41 2994 '
69 2992 217 3032 subjectis
241 3001 403 3034 questores
430 3005 485 3026 seu
511 2998 622 3026 fratres
648 2996 834 3034 hujusmodi
855 2996 893 3025 ad
918 2995 1070 3034 colligen-

70 3043 146 3075 dum
170 3047 372 3086 elemosinas,
398 3049 500 3087 legata
520 3054 550 3079 et
576 3048 680 3079 ablata
702 3048 840 3087 predicta
866 3057 1068 3087 nequaquam

210 3112 281 3142 Rea.
302 3111 424 3142 Niconis
444 3115 496 3141 IV.

1123 444 1126 449 ’
1166 439 1370 469 admitterent
1387 450 1489 480 neque
1502 445 1719 481 permitterent
1734 454 1751 474 a
1765 446 1901 476 subditis
1910 455 2019 477 eorum
2029 450 2170 487 admitti,

1167 492 1230 521 nisi
1254 497 1321 530 post
1345 493 1530 532 hujusmodi
1554 497 1800 534 prohibitionem
1821 504 1961 529 nostram
1983 502 2169 532 mandatum

1166 554 1261 583 super
1280 546 1338 575 hoc
1360 547 1399 576 ab
1417 549 1493 577 eade
1519 550 1591 579 sede
1614 551 1696 588 ipsos
1712 551 1823 581 fratres
1838 553 1955 583 habere
1971 555 2171 593 contingeret

1167 598 1312 635 spetiale3
1329 599 1399 629 illos
1415 609 1540 640 quoque
1555 608 1717 641 questores
1746 614 1824 643 quos
1851 611 1959 636 contra
1984 608 2171 646 hujusmodi

1166 650 1414 688 prohibitionem
1435 659 1574 684 nostram
1597 665 1686 686 secus
1706 662 1907 697 attemptasse
1928 660 2061 691 forsitan
2081 663 2170 692 inve-

1168 703 1275 733 nirent
1304 714 1412 744 capere
1438 716 1472 735 ac
1496 708 1579 746 ipsos
1606 714 1709 747 captos
1741 720 1812 740 cum
1843 713 1933 750 equis
1957 718 1986 742 et
2018 716 2166 745 omnibus

1167 756 1259 786 bonis
1276 766 1370 796 penes
1386 760 1469 797 ipsos
1487 761 1627 790 inventis
1643 762 1681 790 ad
1699 772 1755 792 nos
1769 764 1826 793 sub
1840 765 1900 794 sida
1913 767 2054 796 custodia
2070 772 2169 798 trans-

1167 809 1526 849 mittereprocurarent3
1546 815 1792 845 contradictores
1814 827 1867 855 per
1883 827 2050 849 censuram
2068 821 2169 851 eccle·

1166 861 1338 899 siasticam,
1370 864 1584 902 appellatione
1615 869 1798 905 postposita,
1827 872 2074 909 compescendo;
2104 882 2167 903 non

1165 915 1308 945 obstante
1333 917 1360 946 si
1387 917 1547 956 aliquibus
1577 928 1595 948 a
1622 920 1695 949 sede
1717 923 1888 959 apostolica
1908 929 1989 954 esset
2008 925 2169 956 indultum

1165 968 1249 1006 quod
1266 971 1546 1007 excommunicari,
1565 973 1716 1010 suspendi
1733 974 1781 1002 vel
1801 975 1947 1005 interdici
1965 985 2026 1006 non
2045 984 2171 1016 possent

1167 1030 1220 1058 per
1238 1020 1357 1051 litteras
1373 1023 1455 1052 dicte
1472 1024 1557 1053 sedis
1579 1033 1643 1054 non
1670 1026 1820 1055 facientes
1851 1027 1975 1066 plenam
1994 1033 2022 1058 et
2045 1040 2170 1068 expres-

1166 1083 1232 1102 sam
1255 1074 1293 1103 de
1312 1075 1437 1105 indulto
1457 1077 1642 1115 hujusmodi
1669 1080 1883 1117 mentionem,
1905 1081 2050 1112 invocato
2076 1084 2170 1113 etiam

1164 1127 1203 1156 ad
1224 1128 1297 1163 hoc,
1320 1129 1345 1157 si
1367 1138 1495 1159 necesse
1520 1130 1611 1167 toret,
1634 1132 1752 1162 anxilio
1772 1133 1894 1163 brachii
1912 1135 2072 1165 secularis.
2093 1136 2169 1166 Pre-

1164 1181 1242 1210 fatas
1259 1191 1332 1211 vero
1352 1182 1472 1212 litteras
1496 1193 1551 1222 per
1571 1185 1713 1214 civitates
1732 1191 1761 1215 et
1784 1186 1851 1216 loca
1872 1188 2010 1226 predicta
2028 1198 2082 1227 per
2099 1199 2168 1220 eos-

1164 1235 1236 1264 dem
1254 1235 1388 1273 prelalos
1406 1237 1560 1275 publicari
1578 1238 1738 1268 voluimus
1759 1244 1788 1269 et
1807 1250 1868 1278 que
1887 1242 2121 1272 mandabantur
2135 1244 2167 1272 in

1164 1289 1209 1318 eis
1225 1289 1453 1319 inviolabiliter
1476 1291 1649 1327 observari,
1675 1302 1812 1331 quarum
1835 1295 1923 1332 copia
1946 1304 2041 1333 penes
2062 1305 2094 1325 se
2110 1297 2169 1326 sub

1163 1350 1261 1371 manu
1279 1343 1403 1381 publica
1422 1344 1471 1373 vel
1486 1346 1646 1375 autentico
1663 1346 1768 1383 sigillo
1785 1351 1917 1383 retenta,
1933 1348 2006 1377 illas
2018 1358 2127 1378 carum
2146 1372 2165 1379 ..

1163 1395 1255 1425 latori
1278 1397 1317 1425 ad
1342 1402 1444 1435 partes
1463 1397 1542 1428 alias
1560 1399 1749 1429 deferendas
1768 1402 1933 1431 restituere
1949 1408 2163 1441 procurarent.

1164 1450 1282 1478 Verum
1300 1451 1371 1489 etgsi
1390 1459 1442 1480 vos
1460 1452 1542 1481 nihil
1561 1462 1714 1491 unquam,
1733 1459 1822 1492 prout
1844 1455 1938 1484 habet
1953 1460 2056 1485 vestre
2072 1456 2165 1486 devo-

1164 1503 1258 1532 tionis
1274 1505 1416 1540 assertio,
1428 1505 1582 1542 petieritis
1595 1506 1748 1536 hactenus
1761 1508 1844 1545 quod
1861 1509 1956 1538 Terre
1972 1509 2087 1538 Sancte
2100 1519 2166 1547 pre-

1163 1556 1244 1586 dicte
1263 1557 1404 1587 subsidio
1421 1558 1513 1587 fuerit
1527 1559 1725 1597 deputatum,
1742 1569 1777 1590 ac
1789 1570 1824 1590 ea
1838 1562 2012 1599 dumtaxat,
2031 1563 2166 1592 exclusis

1162 1609 1310 1639 omnibus
1341 1611 1444 1640 eidem
1479 1612 1621 1642 subsidio
1654 1613 1767 1642 debitis
1780 1637 1787 1650 ,
1817 1615 1850 1643 in
1879 1619 2036 1652 posterum
2063 1620 2166 1654 petere

1161 1663 1334 1693 intendatis
1349 1674 1409 1702 que
1422 1665 1510 1695 beato
1522 1667 1661 1695 Antonio
1675 1671 1704 1696 et
1717 1662 1858 1705 ejusdem
1872 1668 2037 1706 hospitalis
2050 1678 2164 1707 paupe·

1162 1717 1250 1746 ribus
1269 1722 1298 1746 et
1312 1718 1451 1747 infirmis
1470 1719 1519 1757 pia
1544 1719 1710 1749 devotione
1734 1720 1875 1750 fidelium
1896 1722 2068 1760 spetialiter
2083 1723 2162 1752 assi-

1162 1772 1399 1810 gnantursgsine
1414 1772 1530 1811 quibus
1546 1777 1649 1803 vestre
1668 1774 1842 1811 facultates,
1862 1779 1897 1804 ut
1912 1775 2026 1812 dicitis,
2045 1784 2163 1814 nequa-

1161 1833 1257 1863 quam
1276 1829 1479 1864 suppeterent
1500 1826 1539 1855 ad
1565 1826 1789 1865 hospitalitatis
1810 1828 1960 1858 continue
1980 1829 2032 1858 cui
2047 1829 2164 1858 vacatis

1161 1886 1258 1908 onera
1274 1880 1497 1917 supportanda,
1514 1880 1590 1919 quia
1607 1884 1713 1910 tamen
1728 1881 1880 1911 dubitatis
1899 1890 1938 1911 ne
1952 1881 2051 1920 aliqui
2068 1881 2165 1912 eccle-

1161 1932 1282 1962 siarum
1307 1932 1418 1970 prelati
1444 1942 1498 1963 vos
1526 1937 1555 1963 et
1582 1935 1713 1964 nuntios
1738 1939 1856 1965 vestros
1877 1935 1916 1964 ad
1941 1935 2113 1973 petendum
2137 1940 2167 1965 et

1161 1985 1378 2024 colligendum
1397 1987 1553 2026 predicta,
1573 1988 1716 2026 ejusdem
1740 1989 1841 2018 sancti
1863 1989 1996 2019 Antonii
2014 1989 2164 2025 nomine,

1160 2039 1220 2068 sibi
1237 2043 1266 2068 et
1279 2040 1407 2078 prefatis
1423 2040 1611 2080 infirmisiac
1624 2042 1812 2080 pauperibus
1829 2043 1987 2082 deputata,
2000 2043 2164 2073 occasione

1159 2092 1323 2123 interdicti
1342 2097 1372 2123 et
1387 2095 1597 2125 revocationis
1616 2095 1819 2134 hujusmodi,
1839 2096 2007 2126 admittere
2023 2096 2164 2126 indebite

1159 2146 1386 2182 contradicant,
1401 2147 1491 2177 nobis
1503 2148 1673 2178 humiliter
1687 2149 1887 2187 supplicastis
1900 2153 1943 2185 ut,
1956 2149 2161 2178 infirmorum

1159 2204 1189 2229 et
1212 2209 1387 2238 pauperum
1406 2201 1648 2231 necessitatibus
1665 2202 1849 2231 eorumdem
1869 2202 1920 2241 pio
1936 2202 2162 2240 compatientes

1158 2253 1283 2289 affectu⁷
1301 2253 1466 2292 providere
1487 2263 1581 2293 super
1606 2255 1665 2285 hoc
1689 2255 1727 2285 de
1752 2255 1950 2293 benignitate
1966 2255 2048 2285 sedis
2070 2264 2162 2293 apos-

1159 2306 1250 2336 tolice
1276 2307 1527 2337 misericorditer
1553 2308 1772 2346 dignaremur.
1799 2309 1865 2339 Nos
1888 2309 1996 2347 igitur,
2022 2309 2162 2346 benigna

1159 2360 1366 2390 meditatione
1383 2365 1552 2399 pensantes
1568 2362 1651 2400 quod
1672 2363 1706 2391 in
1734 2362 1879 2400 hospitali
1897 2367 1998 2392 vestro
2016 2362 2097 2391 circa
2114 2362 2161 2390 in-

1157 2413 1325 2443 firmorum
1339 2418 1368 2443 et
1384 2416 1836 2453 pauperumsssustentationem
1852 2415 2036 2445 continuam
2050 2419 2080 2443 et
2097 2423 2160 2444 non

1156 2466 1339 2496 intermisse
1365 2467 1585 2505 hospitalitatis
1610 2469 1844 2497 observantiam
1873 2477 1948 2497 cura
1975 2467 2159 2506 propensior

1155 2519 1325 2549 adhibetur
1344 2524 1374 2549 et
1388 2520 1449 2549 alia
1467 2521 1561 2549 etiam
1582 2521 1835 2558 laudandaginibi
1853 2521 1977 2559 pietatis
1994 2529 2089 2558 opera
2105 2520 2158 2558 ju-
2194 2528 2198 2530 ’

1155 2573 1237 2610 giter
1265 2577 1452 2602 exercentur
1473 2582 1509 2602 ac
1529 2578 1691 2612 propterea
1707 2582 1771 2603 non
1795 2574 1928 2611 indigne
1946 2573 2082 2603 volentes
2104 2581 2158 2602 vos

1155 2632 1184 2656 et
1198 2626 1350 2665 hospitale
1367 2627 1521 2664 prefatum
1546 2627 1667 2665 spetiali
1694 2622 1842 2665 prosequi
1869 2626 1970 2664 gratia
1986 2630 2015 2655 et
2034 2626 2156 2662 favore,

1154 2679 1350 2717 presentium
1371 2680 1555 2710 auctoritate
1581 2680 1783 2709 decernimus
1812 2684 1845 2708 ut
1869 2689 1923 2717 per
1951 2679 2156 2708 interdictum

1154 2738 1183 2762 et
1210 2733 1443 2763 revocationem
1472 2733 1656 2772 hujusmodi
1682 2742 1737 2771 per
1763 2741 1818 2761 nos
1847 2733 1941 2770 sacta,
1968 2732 2017 2762 vel
2046 2740 2156 2761 eorum

1152 2786 1327 2822 occasione,
1345 2786 1472 2815 nullum
1484 2787 1571 2815 vobis
1587 2790 1641 2815 aut
1656 2785 1805 2820 hospitali
1819 2791 1923 2815 vestro
1942 2784 2155 2824 prejudicium

1152 2839 1389 2877 quomodolibet
1410 2843 1589 2877 generetur,
1608 2840 1686 2877 quin
1711 2838 1809 2868 libere
1824 2847 1860 2868 ac
1877 2839 1947 2867 sine
1963 2839 2154 2876 cujusquam

1152 2893 1380 2922 contrarietatis
1396 2893 1518 2931 objectu
1535 2892 1660 2930 possitis
1678 2897 1781 2930 petere
1795 2900 1831 2921 ac
1848 2892 1999 2930 recipere,
2017 2891 2056 2920 ad
2073 2900 2153 2930 opus

1151 2945 1355 2975 infirmorum
1369 2950 1398 2974 et
1414 2954 1588 2984 pauperum
1600 2945 1826 2983 predictorum,
1843 2945 2035 2975 elemosinas
2047 2948 2077 2974 et
2091 2943 2153 2974 alia

1151 2998 1290 3037 quelibet
1307 2998 1445 3027 caritatis
1462 2998 1604 3027 subsidia
1621 3007 1682 3036 que
1703 2998 1811 3034 vohis,
1829 3006 1884 3036 pro
1900 2998 2154 3028 substentatione

1150 3051 1305 3081 dictorum
1320 3052 1523 3081 infirmorum
1542 3056 1571 3080 et
1587 3059 1780 3090 pauperum⁷
1800 3046 1850 3090 pia
1863 3051 1986 3081 devotio
2002 3049 2146 3079 fidelium

1981 3117 2013 3143 52
