2342 3652
919 365 1147 405 DEUmen
1167 367 1322 404 ANNEE.
2111 382 2161 413 191

149 445 235 475 820

114 506 239 534 Licentia
254 504 443 532 transferendi
458 505 545 530 altare
562 503 643 538 (Rae.
661 503 710 534 44,
727 511 754 529 c.
774 503 834 534 162,
852 503 870 529 f.
890 504 938 530 144
955 509 995 535 r⁰;
1011 502 1078 529 Lu.

82 565 116 585 nu
131 555 235 586 Tuam,
252 553 295 585 11,
312 553 362 586 80;
382 552 483 580 Por-tn.
502 552 610 583 22945.)

421 441 779 475 Sainte-Marie-Majeure,
797 441 831 468 22
846 441 915 467 avril
932 440 1008 468 1289.

125 643 288 674 Venerabili
306 643 402 678 fratri
419 665 436 670 ..
457 642 588 678 episcopo
611 640 762 669 Leodiensi
779 639 910 668 mandat
923 643 1080 678 quatenus

83 720 105 728 ..
125 696 243 726 decano
270 699 300 724 et
323 692 461 732 capitulo
489 692 639 722 ecclesiae
667 692 776 722 Sancti
802 691 921 721 Albani
944 692 1080 720 Namur-

81 749 182 781 censis
206 747 366 778 licentiam
394 746 543 776 concedat
569 744 780 775 transferendi
805 744 915 780 altare,
933 754 987 782 per
1002 744 1080 774 Cor-

82 802 201 834 nelium
216 809 326 839 papam
342 803 573 835 consecratum,
593 798 675 837 quod
703 807 739 827 ex
758 797 965 836 ampliatione
980 797 1079 826 eccle-

83 855 146 886 siae
162 855 194 884 in
210 853 314 883 medio
332 853 394 882 fere
410 852 500 882 chori
517 852 671 881 remansit

121 919 136 936 α
151 907 208 937 Pia
225 905 379 935 desideria
396 905 618 935 devotorum...
637 921 676 926 —
692 904 762 933 Dat.
784 907 819 933 ut
833 912 939 942 supra.

148 1052 230 1081 8⁸21

115 1114 230 1142 Gollatio
246 1113 461 1140 beneficiorum.
479 1112 560 1146 (Rae.
578 1112 626 1146 44,
644 1120 668 1138 c.
688 1112 754 1142 163,
773 1112 790 1138 f.
812 1111 859 1138 144
875 1113 924 1144 r0.)

441 1049 786 1083 sainte-MarteMaJeure
797 1070 804 1082 ,
821 1049 837 1074 ‘2
853 1048 909 1075 mai
929 1048 1007 1076 1289.

120 1216 276 1252 Gausrt'do,
293 1215 425 1253 episcopo
445 1215 638 1250 Taurinensz',
655 1214 717 1249 cui,
734 1218 809 1244 tunc
820 1214 978 1243 exercenti
996 1213 1081 1251 prio-

81 1270 124 1300 ris
136 1269 274 1299 officinm
296 1268 330 1297 in
351 1267 501 1306 hospitali
518 1267 625 1297 Sancti
646 1267 778 1296 Antonii
802 1266 999 1303 Viennensi,
1020 1266 1081 1296 duo

81 1322 243 1358 beneficia,
260 1321 299 1351 ad
311 1321 507 1360 praedictum
524 1320 680 1359 hospitale
697 1320 882 1359 spectantia,
903 1328 984 1358 qnae
1002 1324 1081 1348 tem-

80 1385 154 1417 pore
169 1374 376 1415 promotionis
394 1383 469 1403 suae
485 1374 519 1403 in
537 1375 720 1412 episcopum
737 1373 911 1409 obtinebat,
932 1373 1081 1403 Urbanus

81 1429 288 1464 conservavit,
304 1428 449 1458 concedit
465 1432 514 1463 ut,
536 1428 563 1457 si
583 1450 602 1457 ..
620 1428 772 1465 magister
799 1427 964 1466 hospitalis
985 1426 1081 1455 Vien-

81 1483 188 1514 nensis
216 1482 313 1511 aliam
342 1482 445 1520 magis
472 1481 670 1511 commodam
705 1479 1020 1510 administrationem
1052 1479 1083 1509 ei

49 1547 56 1553 ·
84 1536 246 1573 obtulerit,
268 1544 355 1573 eam,
377 1535 519 1565 dimissis
533 1535 702 1573 praedictis
721 1534 903 1569 beneficiis,
922 1533 1083 1572 suscipere

83 1589 189 1621 valeat.

123 1655 137 1670 ι
155 1643 292 1674 Grandis
317 1643 495 1673 devotionis
521 1642 690 1673 affectus...
713 1659 752 1663 —
774 1642 845 1672 Dat.
866 1642 982 1677 Rome,
1000 1640 1084 1679 apud

84 1696 228 1726 Sanctam
251 1696 386 1725 Mariam
413 1696 588 1735 Maj0rem,
616 1705 647 1724 vr
672 1704 773 1726 nonas
799 1695 892 1729 maii,
922 1703 1008 1724 anno
1034 1703 1083 1723 se-

84 1749 195 1781 cundo.
213 1761 227 1776 »

152 1896 237 1925 8⁸22

117 1957 300 1993 Dispensatio
313 1957 487 1985 matrimonii
505 1957 587 1991 (Rae.
605 1957 653 1987 44,
670 1965 696 1983 c.
716 1957 778 1990 164,
795 1957 814 1984 f.
836 1956 883 1983 144
899 1957 951 1987 v0.)

408 1894 777 1930 Sainte—Marie-MaJeure,
795 1895 829 1921 22
847 1894 917 1921 avril
935 1893 1014 1920 1289.

123 2083 143 2090 ..
161 2061 262 2090 abbati
273 2061 378 2091 Sancti
391 2061 551 2089 Laurentii
566 2059 639 2096 foris
652 2068 757 2088 muros
768 2060 802 2088 de
818 2059 889 2087 Urbe
902 2064 930 2088 et
948 2081 967 2088 ..
984 2059 1086 2096 priori

84 2113 195 2144 ecclesie
221 2115 433 2143 Lateranensis
453 2112 585 2142 mandat
606 2117 763 2152 quatenus
787 2121 861 2142 cum
887 2111 988 2142 nobili
1017 2112 1085 2140 viro

83 2165 181 2197 Paulo
197 2166 330 2205 Caputio
345 2166 384 2196 de
399 2166 553 2205 Caputiis‚
571 2170 601 2196 et
618 2165 718 2196 nobili
733 2165 871 2195 muliere
886 2164 1084 2201 Constantia,

83 2223 156 2250 nata
181 2219 338 2250 Johannis
366 2220 453 2249 Petri
479 2219 612 2249 Henrici
643 2219 682 2248 de
709 2219 816 2256 Urbe,
848 2218 1009 2257 dispenset-
1031 2222 1084 2254 ut,
1118 2232 1120 2234 v

83 2271 289 2303 adsedandas
305 2273 495 2303 inimicitias
516 2273 602 2302 inter
633 2272 902 2310 consanguineos,
926 2280 989 2301 non
1015 2271 1086 2301 obs-

85 2329 168 2356 tante
182 2331 294 2365 quarto
314 2326 603 2364 consanguinitatis
618 2326 719 2364 gradu
735 2335 798 2364 quo
819 2326 981 2364 conjuncti
998 2329 1084 2362 sunt,

85 2380 322 2409 matrimonium
339 2379 527 2409 contrahere
543 2379 674 2418 possint.

124 2444 140 2460 «
159 2433 244 2463 Licet
258 2433 292 2462 in
309 2437 461 2472 quarto...
477 2449 516 2454 —
535 2433 594 2462 Dat
612 2433 734 2469 Rome,
752 2433 836 2471 apud
852 2432 999 2462 Sanctam
1017 2432 1086 2461 Ma-

86 2487 165 2518 riam
181 2488 334 2527 Majorem
345 2511 354 2525 ,
374 2497 393 2517 x
410 2487 564 2518 kalendas
579 2488 676 2524 maii,
693 2496 779 2518 anno
799 2487 950 2518 secundo.
968 2499 980 2514 ι

153 2633 339 2662 sva-828

121 2695 206 2730 nugo
241 2697 379 2723 ecclesiae
409 2695 693 2731 Caesaraugustanae
723 2696 878 2731 episcopus
912 2696 1085 2731 praeficitur.

91 2743 168 2777 tRm.
185 2745 233 2777 44,
251 2754 276 2772 c.
291 2746 356 2776 165,
372 2746 392 2772 f.
411 2745 461 2772 144
477 2749 526 2777 vo.)

703 2633 796 2665 Rieu,
816 2633 848 2659 14
863 2634 918 2660 mai
936 2634 1013 2661 1289.

133 2833 294 2864 Venerabili
310 2835 405 2870 fratri
424 2834 566 2871 Huyoni,
584 2835 716 2871 episcopo
736 2835 1006 2872 Cesar-augustano.
1029 2834 1087 2864 Ec-

88 2884 493 2925 clesiaCaesaraugusmua,
510 2886 633 2916 ordinis
649 2886 680 2916 S.
696 2888 881 2925 Augustini,
899 2896 954 2926 per
964 2887 1086 2916 obitum

89 2937 174 2968 Petri
189 2945 329 2977 vacante,
342 2940 429 2978 prior
439 2944 470 2969 et
484 2939 661 2978 capitulum
671 2939 749 2969 duas
760 2939 943 2977 electiones,
955 2939 1088 2970 alteram

90 2991 127 3021 de
148 2991 294 3031 Hugone,
313 2997 389 3022 tunc
404 2993 583 3032 praeposito
599 2992 748 3022 ecclesiae
770 2993 994 3031 Massiliensis,
1011 2993 1088 3023 alte-

90 3052 156 3074 ram
173 3045 211 3075 de
232 3046 385 3076 Fortunio
401 3046 440 3075 de
459 3045 594 3084 Bergua,
613 3045 767 3076 canonico
785 3045 1088 3086 Caesaraugustam,

1165 445 1240 469 tunc
1255 441 1478 472 archidiacono
1490 443 1661 473 Daroceusi
1671 445 1704 473 in
1718 444 1848 473 ecclesia
1857 444 2161 484 caesaraugustana,

1163 493 1197 522 in
1206 493 1363 523 discordia
1372 495 1581 526 celebrarunt.
1594 497 1715 526 Harum
1725 502 1832 527 antem
1839 497 2030 528 electionum
2038 501 2164 537 negotio

1162 555 1217 584 per
1228 547 1453 584 appellationes
1468 550 1617 587 praedicti
1626 551 1769 580 Fortunii
1783 556 1814 581 et
1824 551 1974 580 Roderici
1985 552 2022 581 de
2034 552 2162 589 Lizauo‚

1162 599 1324 637 quondam
1335 600 1645 640 Caesaraugustanae
1661 604 1811 633 ecclesiae
1831 605 1990 641 canonici,
2003 605 2042 634 ad
2057 606 2164 636 sedem

1163 653 1366 690 apostolicam
1382 654 1522 692 legitime
1541 657 1700 692 devoluto,
1719 658 1875 687 Martinus
1892 667 1969 696 papa
1988 659 2065 695 1111,
2083 660 2165 689 bone

1164 707 1316 735 memorie
1343 707 1518 737 Ordonium
1535 734 1539 743 ,
1559 710 1776 739 'l‘nsculanutn
1792 711 1987 748 episcopum,
2010 713 2165 742 concessit

1163 759 1305 796 partibus
1332 760 1526 797 auditorem3
1563 762 1617 790 sed
1642 769 1709 800 post
1737 762 1860 801 aliquos
1887 773 2062 801 processus,
2088 766 2163 795 For-

1164 812 1272 840 tunius
1309 821 1326 841 a
1364 813 1452 842 curia
1486 822 1617 843 romana
1652 815 1737 844 haud
1773 816 1925 846 dimissus
1955 818 2066 854 abfuit,
2106 827 2165 848 nec

1163 864 1296 894 ulterius
1323 866 1487 903 negotium
1525 876 1578 905 per
1607 868 1858 905 quadriennium
1891 875 2074 907 prosecutus
2106 875 2163 900 est.

1163 918 1308 957 Cumque
1332 919 1531 957 postmodnm
1549 921 1706 950 Martinus
1730 931 1807 959 papa
1831 927 1860 951 et
1882 928 1986 960 postea
2003 924 2165 962 episcopus

1164 971 1364 1001 Tusculanus
1384 973 1626 1010 occubuissent,
1649 974 1810 1004 Honorius
1833 984 1910 1013 papa
1929 977 2091 1013 negotium
2110 977 2164 1006 Jo-

1164 1023 1279 1062 hanni,
1300 1026 1443 1064 episcopo
1459 1025 1652 1063 Tusculano,
1670 1027 1838 1063 commisit,
1853 1036 1958 1057 coram
1975 1037 2036 1066 quo
2053 1037 2166 1066 procu-

1164 1081 1248 1106 rator
1265 1078 1413 1115 Hugonis
1429 1080 1656 1108 contumatiam
1673 1080 1817 1109 Fortunii
1829 1082 1997 1110 accusavit.
2017 1082 2166 1120 Episcopo

1164 1139 1238 1161 vero
1260 1131 1440 1161 Tusculano
1463 1132 1501 1161 ad
1527 1133 1750 1171 exequendum
1775 1133 1943 1171 legationis
1966 1134 2107 1163 officium
2132 1135 2167 1163 in

1164 1183 1353 1214 Alamaniae
1375 1186 1515 1224 partibus
1533 1196 1551 1215 a
1567 1187 1653 1215 curia
1673 1187 1830 1224 discesso,
1847 1196 1925 1225 papa
1942 1188 2165 1225 Benedictum,

1164 1237 1273 1267 Sancti
1292 1239 1413 1269 Nicolai
1430 1240 1462 1268 in
1475 1239 1608 1269 Carcere
1619 1240 1765 1270 Tulliano
1777 1241 1946 1270 diaconum
1958 1241 2165 1278 cardinalem,

1164 1292 1343 1321 auditorem
1353 1293 1386 1322 in
1397 1294 1522 1330 negotio
1533 1294 1703 1329 commisit,
1713 1296 1767 1332 qni
1779 1294 1948 1331 diligenter
1961 1303 2087 1323 cansam
2099 1303 2166 1324 exa-

1164 1345 1315 1382 minavit3
1333 1347 1387 1375 sed
1406 1346 1515 1376 eodem
1533 1352 1671 1385 tempore
1688 1353 1830 1377 mortuns
1843 1352 1889 1377 est
1904 1348 2064 1377 Honorius
2076 1357 2164 1386 papa.

1166 1399 1253 1428 Tunc
1271 1400 1455 1436 Fortuziius‚
1469 1401 1620 1438 quasdam
1640 1401 1768 1431 inter-as.
1782 1402 1838 1430 «nb
1855 1402 1985 1430 Martini
1996 1410 2092 1439 papae
2110 1410 2167 1431 no-

1166 1453 1254 1482 mine
1264 1454 1442 1487 fabricatas,
1457 1476 1476 1483 ..
1489 1455 1651 1484 Auxitano
1664 1455 1808 1493 episcopo
1823 1455 2002 1490 ostendens„
2013 1456 2167 1484 abeomu-

1166 1515 1227 1536 nus
1243 1508 1489 1536 consecrationis
1500 1507 1649 1537 obtinuit.
1664 1508 1744 1538 Cum
1762 1517 1835 1538 vero
1846 1508 2015 1546 collegium
2025 1509 2166 1538 cardina-

1167 1559 1258 1595 lium,
1279 1560 1352 1590 sede
1368 1561 1537 1599 apostolica
1553 1566 1694 1597 vacante,
1721 1584 1740 1590 ..
1765 1562 1909 1600 episeopo
1927 1561 2116 1591 Dertnsensi
2137 1566 2167 1590 et

1168 1614 1348 1649 Bernardo,
1370 1614 1596 1644 archidiacono
1612 1614 1826 1644 Montaldensi
1850 1615 1884 1644 in
1905 1614 2037 1644 ecclesia
2058 1617 2165 1652 Agen-

1168 1668 1275 1704 nensi‚
1295 1668 1477 1697 mandasset
1496 1673 1529 1697 ut
1551 1668 1741 1698 Fortunium
1758 1672 1934 1698 coartarent
1951 1668 1989 1697 ad
2010 1668 2165 1697 exhiben-

1167 1720 1223 1750 das
1235 1721 1412 1759 praedictas
1428 1721 1559 1757 litteras,
1573 1722 1736 1760 episcopus
1749 1721 1963 1756 Dertnsensis,
1977 1721 2166 1751 Fortunium

1167 1774 1202 1803 in
1224 1774 1284 1804 hoc
1306 1775 1544 1804 inobedientem
1567 1775 1749 1812 inveniens,
1772 1784 1845 1805 eum
1869 1774 2165 1811 excommunicavit,

1168 1828 1261 1866 eique
1282 1828 1598 1858 administrationem
1622 1828 1932 1866 Caesaraugustanae
1949 1828 2097 1857 ecclesiae
2118 1828 2167 1856 iu-

1170 1882 1306 1911 terdixit.
1326 1882 1449 1912 Deinde
1470 1882 1663 1912 Benedictus
1679 1881 1867 1917 cardinalis,
1887 1881 1926 1910 de
1941 1881 2090 1910 mandato
2109 1880 2169 1910 Ni-

1167 1934 1246 1964 colai
1262 1944 1370 1973 papae,
1388 1943 1571 1973 processum
1585 1940 1692 1964 contra
1711 1935 1900 1964 Fortunium
1915 1934 2049 1972 aperuit,
2066 1934 2169 1963 hunc-

1167 1997 1229 2026 que
1246 1989 1476 2018 contumaciter
1496 1988 1535 2018 ab
1558 1989 1646 2018 omni
1662 1989 1753 2027 jure,
1778 1988 1804 2017 si
1825 1987 1909 2026 quod
1933 1988 1961 2017 ei
1978 1997 2013 2016 ex
2032 1987 2169 2026 praefata

1168 2041 1322 2071 electione
1345 2042 1557 2080 competebat,
1575 2042 1719 2079 privavit.
1738 2041 1879 2070 Tandem
1896 2046 1925 2070 et
1950 2041 2043 2078 Hugo
2060 2043 2170 2078 sponte

1168 2104 1225 2125 sua
1253 2095 1341 2125 omni
1361 2096 1426 2134 juri
1455 2095 1663 2124 renuntiavit.
1686 2095 1775 2124 Tunc
1801 2103 1878 2133 papa
1901 2093 2038 2123 eundem
2062 2093 2170 2130 Hugo-

1167 2158 1242 2178 nem
1259 2150 1571 2187 caesaraugustanae
1587 2148 1738 2178 ecclesiae
1753 2149 1937 2187 episcopum
1958 2147 2118 2186 praefecit.

1209 2215 1223 2230 α
1234 2203 1376 2234 Onerosa
1385 2203 1549 2242 pastoralis
1558 2203 1694 2232 officii...
1706 2218 1744 2224 —
1756 2202 1826 2232 Dat.
1838 2203 1948 2238 Reate,
1961 2211 1982 2230 11
1994 2201 2066 2230 idus
2078 2201 2168 2236 maii,

1167 2266 1253 2287 anno
1271 2257 1422 2287 secundo.
1442 2270 1453 2282 n

1208 2311 1245 2341 In
1269 2320 1296 2340 e.
1317 2320 1361 2340 m.
1386 2333 1406 2340 ..
1431 2311 1528 2349 priori
1552 2314 1582 2339 et
1601 2309 1738 2348 capitulo
1761 2308 1912 2339 ecclesiae
1935 2308 2169 2344 Caesaraugus-

1168 2369 1260 2394 tanae
1275 2364 1406 2394 mandat
1420 2368 1576 2403 quatenus
1593 2363 1696 2392 eidem
1714 2362 1845 2400 Hugoni
1864 2361 2002 2391 debitam
2019 2360 2167 2390 obedien-

1170 2419 1247 2448 tiam
1264 2418 1422 2458 praebeat.

1208 2473 1247 2502 In
1264 2481 1291 2502 e.
1309 2481 1352 2501 m.
1371 2471 1454 2501 clero
1473 2471 1611 2501 civitatis
1632 2475 1662 2500 et
1680 2470 1830 2500 dioecesis
1845 2469 2166 2504 Caesaraugustanae.

1208 2526 1247 2555 In
1259 2535 1286 2555 e.
1302 2534 1345 2554 m.
1358 2524 1472 2563 populo
1482 2524 1619 2554 civitatis
1636 2527 1666 2553 et
1681 2522 1833 2552 dioecesis
1847 2521 2168 2557 Caesaraugustanae.

1208 2580 1247 2609 In
1262 2587 1290 2609 e.
1307 2587 1350 2607 m.
1366 2577 1510 2607 vassallis
1526 2576 1675 2606 ecclesiae
1691 2576 2011 2612 Caesaraugustanae.

1207 2632 1246 2661 In
1263 2640 1290 2661 e.
1308 2640 1351 2662 m.
1368 2654 1387 2660 ..
1405 2630 1681 2668 archiepiscopum
1696 2629 1965 2658 Tarraconensem
1977 2626 2121 2655 hortatur
2138 2630 2170 2654 ut

1169 2685 1308 2714 eundem
1326 2684 1499 2721 Hugonem
1514 2683 1620 2713 favore
1642 2691 1698 2712 suo
1714 2684 1932 2720 prosequatur.

1241 2829 1327 2858 829

1206 2892 1375 2919 Immnnitas
1405 2890 1638 2925 procurationum
1664 2888 1747 2921 (Res.
1777 2888 1826 2919 44,
1855 2895 1882 2914 c.
1913 2887 2017 2922 166‚f.
2048 2889 2094 2914 145
2124 2894 2169 2918 νη

1171 2941 1278 2968 Por-ra.
1294 2940 1406 2973 22961.)

1539 2825 1903 2859 Sainte-Marie-Majfflre,
1919 2824 1933 2852 3
1950 2825 2006 2852 mai
2022 2824 2097 2852 ¹289.

1215 3066 1234 3072 ..
1250 3043 1351 3080 prt’ori
1367 3040 1505 3071 Cartttsie
1521 3046 1544 3070 et
1564 3041 1715 3069 universis
1728 3040 1882 3077 prioribus
1893 3043 1918 3068 et
1931 3039 2082 3076 fratribus
2101 3038 2173 3067 θαι*-
