2477 3637
186 352 243 380 422
932 335 1170 368 nnelsTnEs
1192 335 1246 366 nn
1268 333 1452 365 Niconis
1474 334 1532 364 1v.

186 415 287 452 censi,
301 414 334 444 in
352 414 503 443 honorem
521 410 628 439 beatae
641 407 957 436 Mariaeconstrncta.
970 402 1186 439 Dat.ibidem,

186 469 280 500 nonis
299 467 388 502 maii,
405 472 489 494 anno
507 462 596 492 tertio
616 459 726 498 (Ilici).

227 522 264 551 In
283 530 311 550 e.
334 529 389 554 m..
412 526 465 556 pro
486 514 616 546 ecclesia
642 513 774 542 fratrum
798 511 959 540 minorum
978 509 1017 539 de
1037 509 1187 545 Cadomo,

187 573 370 614 Bajocensis
389 570 542 601 dioecesis
558 566 675 606 (Ibat).

253 717 369 746 2449
530 709 895 748 Sainte-Marie-Majtznre,
913 709 927 735 4
945 715 1021 734 mars
1040 707 1116 734 1290.

221 781 261 807 De
289 779 428 805 electione
457 775 679 810 Salzburgensis
709 773 848 808 episcopi.
881 770 965 803 (Rae.
996 770 1050 803 45,
1079 777 1105 796 c.
1135 768 1189 798 71.

185 831 201 856 s.
225 830 253 856 13
270 831 316 861 r⁰.)

223 918 266 947 Act
278 921 455 955 perpetuam
471 916 516 944 rei
534 913 724 943 memoriam.
739 910 879 940 Vacante
894 907 1081 939 Brixinensi
1094 905 1192 937 eccle-

183 973 230 1002 sia
248 980 300 1010 per
318 969 439 1000 obitum
456 967 632 1000 Brunonis,
656 964 833 1004 capitulum
856 963 1024 998 Ottonem,
1047 960 1190 999 ejusdem

183 1024 334 1056 ecclesiae
359 1022 566 1056 canonicum,
594 1019 753 1049 desectum
780 1018 813 1047 in
839 1016 1007 1047 ordinibus
1033 1019 1063 1044 et
1090 1017 1192 1044 aetate

183 1078 368 1118 patientem,
385 1075 425 1105 ad
441 1075 656 1113 episcopatum
671 1071 870 1102 concorditer
884 1068 1102 1109 postularunt3
1118 1075 1193 1107 pen-

183 1132 278 1162 dente
294 1138 367 1160 vero
387 1129 444 1158 hac
463 1126 674 1167 postulatione
696 1134 802 1155 corani
822 1123 895 1154 sede
913 1121 1099 1162 apostolica,
1120 1120 1192 1159 qui-

183 1185 256 1215 dam
283 1192 320 1213 ex
345 1180 509 1212 canonicis
539 1179 736 1215 Henricnm,
762 1177 921 1207 decanum
946 1183 1059 1211 snum,
1086 1178 1116 1203 et
1137 1172 1192 1202 alii

184 1237 434 1269 Bonicontrnm‚
459 1231 773 1270 archipresbyterum
803 1229 1041 1263 Veronensem,
1070 1226 1191 1264 episco-

184 1299 262 1330 pum
278 1288 454 1326 elegerunt.
478 1286 583 1322 Quare
602 1292 680 1322 papa
692 1282 930 1320 archiepiscopo
946 1277 1189 1316 Salzburgensi,

183 1343 336 1374 ecclesiae
353 1338 556 1371 Brixinensis
569 1335 824 1376 metropolitano,
844 1339 874 1364 et
891 1333 1021 1364 cuilibet
1035 1331 1092 1361 alii
1108 1330 1193 1360 inhi-

183 1398 236 1427 bet
252 1405 292 1426 ne
309 1400 546 1433 quemcumque
563 1390 788 1420 Brixinensem
803 1388 986 1427 episcopum
1001 1385 1193 1415 confirment

183 1449 232 1480 vel
250 1450 436 1479 consecrent
451 1454 509 1475 nec
527 1444 564 1474 de
581 1443 763 1483 provisione
779 1441 923 1480 ejusdem
942 1438 1095 1469 ecclesiae
1110 1445 1192 1476 qno·

183 1501 341 1543 quomodo
355 1509 388 1530 se
403 1498 628 1529 intromittant.

225 1569 238 1583 α
265 1555 459 1585 imminente
475 1552 566 1582 nobis
582 1550 828 1581 ecclesiarum...
845 1565 883 1569 —-
895 1548 966 1577 Dat.
980 1547 1093 1583 Rome,
1108 1544 1193 1584 apud

184 1611 334 1641 Sanctam
364 1608 500 1637 Mariam
532 1606 704 1644 Majorem,
735 1612 781 1633 1111
813 1610 916 1633 nonas
946 1600 1070 1636 martii,
1107 1607 1194 1629 anno

185 1664 287 1694 tertio.
306 1675 319 1689 n

254 1808 372 1837 2450
548 1802 895 1837 Satute-Marie-Majeure‚
915 1801 930 1828 4
948 1808 1024 1827 mars
1042 1799 1121 1826 1290.

222 1871 264 1898 De
280 1870 380 1897 eodem
397 1869 521 1903 negotio.
539 1867 623 1901 (Rau.
640 1866 683 1900 45,
700 1874 726 1892 c.
744 1865 786 1897 7⁶2,
804 1864 823 1890 f.
841 1863 873 1890 13
890 1864 939 1895 rv.)

233 1960 400 1990 Venerabili
414 1959 509 1995 fratri
528 1979 548 1987 ..
565 1958 700 1995 ,episcopo
718 1954 877 1985 Veronensi
893 1951 1024 1982 mandat
1037 1954 1195 1989 quatenns

188 2015 345 2045 decanum
370 2018 400 2042 et
420 2010 738 2049 archipresbyterum
760 2005 958 2045 supradictos
985 2009 1015 2033 et
1036 2003 1116 2033 alios
1139 2003 1194 2041 qni

188 2077 245 2098 sua
262 2068 417 2097 interesse
431 2063 626 2095 crediderint
639 2062 713 2092 citet
730 2065 763 2090 nt
779 2060 863 2090 inira
879 2059 976 2088 nnius
991 2057 1112 2086 mensis
1127 2065 1196 2094 spa-

189 2122 268 2151 tium
286 2124 354 2159 post
368 2119 563 2153 citationem,
578 2125 650 2146 cum
667 2114 818 2145 omnibns
830 2113 920 2149 actis,
935 2112 1062 2151 juribus
1079 2114 1109 2140 et
1123 2119 1192 2139 mu-

190 2174 344 2204 nimentis
360 2173 438 2209 suis
454 2170 625 2210 apostolico
641 2178 674 2199 se
687 2167 870 2206 conspectui
884 2169 1097 2205 praesentent,

232 2241 243 2253 α
271 2226 466 2256 Imininente
487 2224 578 2254 nobis
591 2222 837 2253 eeclesiarum...
856 2235 896 2242 -—·
912 2218 982 2247 Dat.
1001 2222 1035 2247 ut
1052 2225 1158 2255 snpra.
1179 2228 1193 2242 v>

261 2372 374 2402 2451
540 2365 898 2399 Sainte-Marie-Majeure,
917 2364 932 2390 8
953 2371 1030 2390 mars
1046 2362 1124 2389 1290.

227 2435 334 2462 Munus
349 2433 575 2461 consecrationis
592 2431 722 2458 inanibus
738 2428 800 2456 suis
815 2428 952 2463 episcopo
965 2425 1128 2453 Sednnensi
1143 2426 1198 2452 im-

192 2484 298 2520 pendit.
318 2483 399 2517 (Rec.
417 2482 460 2513 45,
477 2490 502 2508 c.
521 2482 564 2514 73,
583 2481 601 2507 f.
621 2479 650 2507 13
668 2486 709 2510 r⁰;
728 2478 794 2504 [ΛΡ.
812 2485 847 2504 nu
861 2475 959 2508 Tflem,
977 2474 1028 2507 111,
1046 2475 1102 2507 47.)

238 2573 405 2603 Venerabili
420 2572 515 2608 fratri
535 2593 554 2599 ..
573 2569 739 2606 Bonifatio,
757 2568 889 2605 episcopo
904 2565 1082 2595 Sedunensi.

235 2640 246 2652 «
270 2627 444 2657 Ammonet
461 2632 518 2654 nos
537 2623 712 2664 injuncti...
732 2638 770 2642 -
786 2621 857 2650 Dat.
876 2619 988 2654 Rome,
1003 2617 1087 2657 apud
1101 2617 1198 2646 Sanc-

195 2684 257 2710 tam
275 2679 411 2710 Mariam
430 2678 598 2717 Majoiem,
615 2685 671 2706 vni
688 2674 760 2705 idus
775 2673 894 2709 martii,
915 2679 1001 2702 anno
1018 2670 1122 2702 tertio.
1143 2681 1158 2697 n

248 2825 493 2854 2452-2433
552 2819 910 2854 Sainte-Marie-Majenre,
928 2818 961 2845 19
975 2825 1052 2844 mars
1069 2816 1146 2843 1290.

232 2888 395 2913 Adeniarus
415 2886 536 2913 Oscensi
567 2884 704 2912 ecclesiae
730 2883 886 2918 episcopus
914 2879 1087 2916 praeficitur.
1119 2876 1200 2909 (Res.

198 2936 241 2968 45,
258 2944 284 2962 o.
300 2936 343 2967 74,
360 2936 379 2962 i.
400 2936 430 2962 13
446 2937 492 2967 ro.)

246 3025 408 3053 Venerabili
424 3025 518 3060 fratri
535 3023 694 3060 Ademaro,
713 3023 846 3061 episcopo
862 3019 990 3049 Oscensi.
1011 3017 1105 3053 Eum,
1121 3023 1203 3045 mor-

1271 405 1324 430 tuo
1340 399 1473 435 Jacoho,
1489 395 1566 429 o‘lim
1583 399 1713 429 Oscensi
1731 398 1895 437 episcopo,
1919 399 2052 428 durante
2072 399 2240 429 interdicto
2261 409 2279 429 a

1272 453 1410 482 Martius)
1425 461 1503 490 papa
1528 452 1562 480 in
1581 460 1680 489 regno
1707 451 1887 488 Aragoniae
1907 451 2128 490 pronuntiato,
2147 451 2280 482 Oscensi

1271 506 1422 536 eevlesiae
1438 505 1619 543 episcopum
1640 503 1791 543 praeficit.

1314 571 1326 585 n(
1354 557 1524 588 Pastoralis
1538 557 1634 587 officii
1648 557 1778 587 nohis...
1794 573 1834 580 —
1849 557 1921 587 Dat.
1941 557 2054 594 Rome,
2072 557 2156 596 apud
2179 557 2280 588 Sanc-

1273 617 1336 642 tam
1367 611 1502 641 Mariam
1539 611 1710 648 Maiorem,
1747 619 1815 640 xnn
1851 610 2005 641 kalendas
2037 610 2166 649 aprilis,
2196 618 2282 641 anuo
2335 609 2340 613 ’

1274 666 1375 696 tertio.
1396 677 1409 692 n

1312 719 1351 748 Iu
1374 727 1402 748 e.
1419 728 1464 749 ln.
1483 717 1621 757 capitulo
1637 717 1789 747 ecclesiae
1805 717 1956 747 Oscensis
1971 717 2103 747 mandat
2123 721 2283 756 quatenus

1273 771 1434 812 praedicto
1452 772 1595 810 episcopo
1612 770 1751 800 debitam
1765 770 1982 801 obedientiam
1999 770 2158 800 exhibeat.

1314 825 1352 855 In
1371 834 1398 855 e.
1416 834 1459 854 m.
1479 825 1562 855 clero
1578 824 1716 854 civitatis
1732 827 1761 853 et
1776 824 1930 854 dioecesis
1943 823 2105 854 Oscensis.

1313 879 1353 908 In
1369 888 1396 909 e.
1415 887 1457 908 m.
1474 878 1587 918 populo
1603 878 1740 908 civitatis
1757 882 1787 907 et
1802 877 1958 908 dioecesis
1975 877 2139 907 Oscensis.

1314 933 1352 962 ln
1369 941 1395 962 e.
1414 941 1457 962 m.
1478 932 1637 962 universis
1653 931 1797 961 vassallis
1814 931 1946 961 mandat
1959 935 1993 960 nt
2011 930 2116 960 eidem
2133 929 2286 969 episcopo

1248 1013 1259 1023 ,
1274 990 1424 1016 consueta
1440 985 1602 1016 fidelitatis
1614 986 1837 1025 juramentum
1856 988 1886 1014 et
1901 984 2034 1014 servitia
2048 986 2220 1022 praestent.
2273 992 2277 994 ·

1317 1040 1352 1069 ln
1372 1049 1399 1069 e.
1425 1048 1468 1069 m.
1496 1063 1516 1069 ..
1541 1039 1813 1069 Terraconensem
1838 1037 2112 1076 archiepiscopum
2135 1040 2228 1076 rogat
2249 1039 2286 1066 ut
2332 1033 2342 1044 ⁸

1275 1093 1377 1123 eidem
1402 1094 1547 1133 episcopo
1562 1093 1704 1123 savorem
1721 1096 1751 1122 et
1765 1091 1925 1122 auxilium
1941 1091 2100 1130 praebeat.

1328 1252 1577 1281 2058-24134

1310 1315 1479 1342 Fernandus
1500 1315 1639 1342 ecclesiae
1659 1314 1803 1341 Abulensi
1825 1313 1982 1349 episcopus
2004 1312 2178 1348 praeficitur.
2199 1310 2292 1346 (REGJ

1275 1364 1318 1398 45,
1335 1372 1360 1390 c.
1378 1363 1421 1398 75,
1438 1363 1457 1390 r.
1477 1364 1508 1391 13
1521 1365 1572 1396 vo.)

1643 1250 1991 1286 Sainte-Marie-Majenre,
2010 1250 2043 1278 19
2058 1258 2135 1278 mars
2151 1249 2230 1278 1290.

1321 1467 1490 1495 Venerabili
1508 1466 1604 1502 fratri
1622 1466 1797 1501 fernando,
1820 1465 1953 1504 episcopo
1970 1464 2127 1494 Abulensi.
2146 1463 2286 1494 Vacante

1275 1519 1435 1550 Abulensi
1459 1519 1593 1549 ecclesia
1618 1528 1672 1558 per
1694 1519 1818 1549 obitum
1841 1518 1897 1554 D.,
1919 1516 2285 1557 quondam-Attonsae,

1275 1572 1426 1609 decanus,
1444 1577 1474 1603 et
1489 1572 1663 1611 capitulum
1683 1572 1892 1607 Ademarum,
1911 1579 1998 1601 nnnc
2013 1570 2188 1602 Oscensem
2205 1569 2286 1609 epis-

1275 1635 1406 1665 copum,
1429 1626 1640 1665 professorem
1658 1625 1780 1656 ordinis
1798 1624 2064 1664 praedicatorum,
2084 1623 2118 1653 in
2135 1622 2284 1654 Abulen-

1276 1689 1343 1710 sem
1353 1680 1533 1719 episcopum
1549 1679 1732 1718 elegerunt3
1745 1678 1799 1709 sed
1813 1687 1892 1717 papa
1904 1677 2121 1717 provisionem
2133 1675 2285 1707 ecclesiae

1276 1734 1339 1764 sibi
1362 1733 1537 1764 reservavit
1558 1738 1589 1763 et
1611 1742 1697 1763 nunc
1720 1732 1945 1769 Feruandum,
1968 1731 2167 1762 Abulensem
2191 1729 2285 1760 deca-

1277 1796 1367 1823 num,
1385 1786 1546 1817 Abulensi
1561 1786 1713 1817 ecclesiae
1730 1786 1914 1825 episcopum
1930 1785 2083 1824 praeficit.

1318 1853 1333 1870 «
1356 1841 1407 1871 Ad
1423 1841 1615 1871 universalis
1630 1840 1800 1878 ecclesie...
1814 1856 1852 1862 —
1869 1839 1941 1869 Dat.
1959 1839 2072 1876 Rome,
2090 1837 2175 1877 apud
2190 1836 2286 1868 Sanc-

1277 1901 1341 1926 tam
1374 1895 1510 1924 Mariam
1542 1894 1697 1933 Majorem
1708 1917 1716 1931 ,
1748 1903 1815 1923 xnn
1846 1892 2001 1923 kalendas
2032 1891 2162 1931 aprilis,
2201 1898 2288 1921 anno

1279 1949 1380 1979 tertio.
1400 1961 1413 1976 n

1317 2003 1357 2032 In
1371 2011 1398 2032 e.
1416 2011 1459 2032 m.
1475 2001 1612 2040 capitulo
1628 2000 1782 2031 ecclesiae
1795 1999 1970 2030 Abulensis
1986 1998 2118 2030 mandat
2127 2001 2290 2038 quatenus

1276 2056 1438 2096 praedicto
1452 2055 1597 2095 episcopo
1614 2055 1755 2085 debitam
1772 2054 1991 2085 obedientiam
2008 2053 2166 2083 exhibeat.

1319 2111 1357 2141 In
1377 2119 1405 2140 e.
1421 2119 1464 2141 m.
1483 2109 1567 2140 clero
1582 2109 1720 2139 civitatis
1738 2113 1769 2139 et
1784 2108 1939 2139 dioecesis
1959 2106 2146 2138 Abulensis.

1319 2164 1357 2194 In
1373 2172 1401 2194 e.
1420 2172 1463 2193 m.
1482 2162 1598 2202 populo
1612 2163 1748 2193 civitatis
1766 2167 1796 2191 et
1811 2161 1966 2192 dioecesis
1982 2159 2169 2191 Abulensis.

1318 2218 1357 2248 In
1374 2227 1402 2247 e.
1419 2226 1463 2246 rn.
1482 2215 1643 2246 universis
1666 2214 1812 2245 vassallis
1831 2214 1983 2244 ecclesiae
2000 2212 2177 2244 Abulensis
2193 2219 2288 2242 man·

1279 2272 1332 2302 dat
1347 2275 1382 2301 nt
1396 2271 1499 2301 eidem
1515 2270 1660 2309 episcopo
1677 2273 1830 2300 consueta
1845 2267 2009 2298 fidelitatis
2021 2267 2245 2306 jurameutum
2258 2268 2294 2296 et-

1280 2325 1411 2356 servitia
1426 2328 1597 2363 praestent.

1320 2379 1359 2409 In
1376 2387 1403 2408 e.
1423 2387 1466 2408 m.
1487 2400 1506 2408 ..
1523 2376 1798 2415 archiepiscopum
1821 2374 2116 2414 compostellanum
2141 2373 2292 2404 hortatur

1283 2436 1315 2463 ut
1333 2432 1437 2462 eidem
1455 2431 1600 2470 episcopo
1616 2431 1757 2461 favorem
1773 2434 1803 2460 et
1817 2429 1975 2460 auxilinm
1991 2427 2150 2458 exhibeat.

1323 2498 1337 2514 «
1361 2486 1411 2516 Ad
1428 2484 1595 2516 cumulum
1613 2489 1700 2514 tue...
1717 2500 1758 2507 —
1773 2484 1844 2514 Dat.
1867 2487 1900 2513 nt
1913 2491 2020 2522 supra.
2042 2495 2054 2508 »

1322 2541 1360 2571 In
1377 2549 1403 2570 e.
1425 2549 1469 2569 m.
1483 2561 1503 2569 ..
1517 2547 1625 2577 regem
1640 2537 1796 2569 castellae
1812 2537 1956 2567 hortatur
1971 2541 2006 2566 ut
2021 2535 2127 2566 eidem
2143 2534 2294 2574 episcopo
2327 2526 2330 2530 ’

1281 2595 1422 2624 favorem
1442 2597 1472 2623 et
1484 2591 1643 2622 auxilium
1657 2591 1815 2622 exhibeat.

1324 2659 1338 2675 «
1363 2647 1483 2685 Regem
1500 2649 1659 2685 potentem
1672 2645 1868 2684 deponere...
1886 2660 1924 2666 —
1940 2643 2009 2674 Dat.
2033 2646 2067 2673 nt
2083 2649 2190 2682 supra.
2205 2651 2219 2669 ι

1354 2799 1472 2830 2465

1320 2861 1366 2888 Ad
1395 2860 1633 2888 sustentationem
1664 2859 1839 2895 Reginensis
1868 2857 2091 2894 archiepiscopi.
2122 2855 2207 2890 (Rso.
2236 2854 2289 2887 45,

1284 2919 1310 2938 c.
1327 2910 1371 2945 76,
1388 2911 1407 2937 f.
1425 2909 1456 2936 14
1473 2911 1518 2941 νο.)

1623 2796 1978 2832 Sainte-Marie-Majeure,
1998 2796 2027 2822 11
2045 2802 2123 2822 mars
2138 2793 2218 2822 1290.

1332 3013 1497 3043 Venerabili
1513 3013 1608 3049 [ratri
1626 3011 1674 3050 B„
1689 3013 1821 3049 episcopo
1839 3010 2024 3046 Peneslrino,
2041 3007 2199 3047 apostolice
2212 3004 2294 3036 sedit

2460 1949 2477 2256 ,nane-5351&

2461 2329 2477 2355 fi·
2471 2283 2475 2298 -
