2477 3637
182 372 242 401 344
932 355 1170 388 REGISTRES
1191 355 1246 385 DE
1269 353 1454 384 NICOLAS
1477 353 1532 383 tv.

258 434 374 464 1905
437 426 792 459 Sainte-Mario-Majeure
804 447 808 455 ,
823 424 860 452 29
873 423 1026 462 decembre
1043 422 1120 449 1289.

222 495 406 533 Dispensatio
422 501 510 528 super
526 492 638 517 defectu
657 489 803 516 natalium.
815 487 899 520 (Rea.
913 487 957 518 ⁴4,
969 494 994 512 e.
1007 485 1081 520 7182,
1094 485 1112 512 t.
1128 485 1191 514 27¹,

183 558 217 576 en
236 547 356 581 margo.)

226 649 385 681 Nicotaus,
406 649 459 674 etc.
479 643 587 671 Dilecto
603 641 667 677 filio
686 662 706 668 ..
724 639 825 668 abbati
840 638 1020 667 monasterii
1035 637 1193 672 Gasenove,

187 700 392 733 cisterciensis
412 695 546 728 ordinis.
572 694 735 723 Pennensis
760 693 899 728 diocesis,
920 690 1090 721 committit
1114 697 1192 728 qua-

185 759 277 786 tenus
301 761 375 783 cum
405 749 576 780 Francisco
604 747 643 777 de
672 746 776 779 Luco,
804 745 1007 784 presbytero.
1036 743 1194 774 monacho

184 805 370 841 monasterii
396 803 616 837 Casaenovae,
643 800 804 838 dispenset
827 803 878 835 nt,
900 806 962 827 non
980 797 1124 827 obstante
1139 795 1195 825 de-

185 861 269 891 fectu
296 857 451 888 natalium
477 864 571 895 quem
596 854 729 893 patitur,
753 862 769 882 e
798 851 981 891 presbytero
1010 850 1138 888 genitus
1167 852 1197 878 et

188 915 311 949 soluta,
328 913 360 942 in
379 910 532 949 susceptis
547 907 715 939 ordinibus
735 906 919 936 ministrare
935 909 964 934 et
979 903 1018 934 ad
1035 902 1197 941 regulares

187 967 484 999 administrauones
512 963 560 993 sui
587 961 714 992 ordinis
740 960 908 989 dumtaxat
934 957 1056 987 assumi
1082 955 1195 985 valeat.

229 1033 242 1048 ι
268 1018 439 1057 Regularis
465 1016 587 1047 ordinis
618 1013 888 1054 professoribus...
912 1027 952 1034 —
976 1011 1047 1040 Dat.
1078 1010 1196 1045 Rome,

187 1074 271 1114 apud
288 1073 438 1103 Sanctam
457 1070 592 1100 Mariam
610 1068 763 1107 Major-em
775 1089 783 1102 ‚
811 1075 856 1095 1111
873 1064 1026 1094 kalendas
1038 1062 1196 1102 januarii,

188 1137 274 1158 auno
291 1126 441 1156 secundo.
461 1136 474 1151 >⁷

483 1280 854 1314 Sainte-Marie-Majcure,
874 1278 904 1305 10
919 1277 1032 1312 janvier
1052 1276 1127 1303 1290.

268 1287 287 1314 1
296 1285 383 1315 906

229 1349 272 1375 Ad
289 1349 461 1374 solutionem
477 1345 605 1371 decimae
622 1351 673 1378 pro
687 1342 792 1368 Terrae
809 1340 931 1367 Sanctae
953 1338 1094 1366 subsidio.
1116 1337 1200 1370 (Rea.

194 1400 235 1428 tt,
252 1406 277 1424 c.
296 1397 357 1426 719,
375 1397 393 1422 s,
410 1395 458 1422 271
480 1401 522 1427 v⁰;
542 1393 659 1426 Portu„
677 1392 787 1423 23157.)

234 1501 399 1531 Carissimo
418 1501 449 1528 in
466 1498 586 1527 Christo
603 1496 668 1533 filio
682 1496 730 1531 E.,
748 1493 932 1531 ⁷·e9iAn9tz‘e
944 1491 1074 1521 illustri.
1086 1489 1204 1520 Statuit

192 1560 244 1589 nt,
264 1563 336 1584 cuin
355 1554 386 1582 in
403 1551 541 1588 Angliae
553 1555 583 1580 et
598 1549 722 1579 Scotiae
734 1547 843 1586 regnis
859 1550 889 1576 et
904 1545 1049 1575 Yberuia
1065 1549 1095 1573 et
1109 1543 1203 1573 Wal-

191 1608 235 1638 lia
255 1608 399 1637 diversae
422 1605 607 1635 reddituum
627 1607 657 1633 et
679 1606 893 1642 proventuum
914 1598 1203 1629 ecclesiasticorum

193 1661 419 1692 extimationes
438 1659 531 1694 fiant,
550 1658 639 1696 juxta
655 1658 778 1695 justum
795 1663 905 1684 eorum
921 1652 1063 1682 valorem
1079 1651 1204 1681 decima

191 1715 400 1754 persolvatur.

233 1779 248 1796 ι
267 1767 377 1805 Nuper
390 1765 573 1796 celsitudini
591 1764 715 1802 regie...
732 1779 770 1784 -
786 1762 855 1791 Dat.
869 1762 987 1795 Rome,
1005 1758 1089 1798 apud
1102 1757 1202 1788 Sanc-

193 1826 256 1851 tam
289 1821 422 1849 Mariam
453 1819 606 1857 Maj0rem
621 1839 629 1852 ,
659 1826 704 1846 uu
737 1816 809 1845 idus
835 1813 995 1854 januarii,
1031 1819 1118 1842 anno
1152 1819 1202 1840 se-

193 1874 312 1904 cundo.
329 1886 341 1900 ι)

231 2029 250 2055 1
260 2025 392 2055 {lov-¹
401 2026 487 2054 {uz
504 2022 868 2056 Sainte-Marie-Majeure,
879 2020 912 2048 28
924 2019 1076 2046 decembre
1089 2017 1167 2045 1289.

229 2089 402 2116 Laurentius
424 2087 566 2115 Gradensi
582 2087 722 2113 ecclesiae
747 2084 904 2120 patriarcba
927 2083 1099 2118 praeficitur.
1122 2081 1203 2113 (Rau.

193 2141 237 2172 44,
255 2149 279 2166 c.
298 2140 358 2169 720,
378 2139 396 2164 l‘.
415 2137 461 2163 271
482 2138 533 2168 νο.)

240 2240 404 2271 Venerabili
431 2240 526 2276 sralri
553 2238 735 2272 Laurentio,
759 2233 934 2273 patriarche
954 2233 1114 2263 Gradensi.
1139 2232 1204 2261 Va-

192 2301 284 2326 cante
309 2293 467 2325 Giarlensi
488 2292 619 2322 ecclesia
637 2300 691 2329 per
705 2290 828 2320 obitum
843 2288 1013 2324 Gnidonis,
1028 2286 1204 2326 capitulum

194 2349 290 2387 clegit
315 2348 525 2382 Bonifatium,
546 2345 673 2375 ordinis
690 2343 958 2383 praedicatorum,
977 2350 1040 2380 quo
1057 2338 1206 2370 electioni

195 2412 257 2433 non
277 2401 498 2432 consentiente
515 2423 521 2436 ‚
538 2398 713 2437 capitulum
733 2405 808 2427 suae
827 2395 979 2425 ecclesiae
992 2393 1205 2433 provisionem

192 2457 231 2486 ad
248 2459 389 2485 sanctum
406 2453 513 2483 sedem
532 2452 666 2481 remisit.
685 2452 790 2484 Quare
807 2458 887 2488 papa.
903 2447 1113 2478 Laurentium
1130 2446 1208 2476 Gra-

192 2510 285 2539 densi
303 2508 457 2538 ecclesiae
474 2505 685 2545 patriarcham
704 2503 858 2543 praeficit.

232 2575 244 2589 a
282 2561 427 2592 Rationis
453 2559 555 2590 oculis
583 2560 784 2588 intuentes...
812 2575 847 2578 —
874 2556 944 2586 Dat.
974 2556 1096 2592 Rome,
1124 2554 1209 2593 apud

190 2616 338 2646 Sanctam
368 2614 503 2644 Mariam
526 2613 702 2651 Majorem‚
728 2620 748 2640 v
770 2609 924 2640 kalendas
940 2608 1103 2648 Jatiuarii‚
1122 2615 1209 2638 anno

190 2669 342 2699 secundo.
362 2680 376 2695 »

235 2722 269 2751 lu
288 2731 313 2751 e.
335 2730 377 2750 in.
396 2718 534 2759 capitulo
555 2717 715 2748 Gradensi
737 2715 868 2746 mandat
894 2720 926 2745 ut
947 2715 1052 2745 eidem
1076 2714 1208 2753 patriar-

193 2777 270 2806 cha-¹,
288 2775 426 2805 dubitaui
444 2771 663 2803 obedientiam
681 2770 840 2809 praebeat.

228 2830 266 2860 In
283 2839 309 2858 e.
328 2837 370 2857 m.
388 2828 472 2857 clero
487 2826 623 2856 civit-itis
640 2828 670 2854 et
685 2823 840 2854 dioecesis
856 2821 1048 2853 Gradensis.

230 2883 267 2913 In
286 2892 313 2911 e.
333 2891 372 2910 m.
394 2881 506 2919 populo
521 2878 658 2909 civitatis
677 2882 707 2907 et
722 2876 878 2907 dioecesis
896 2875 1084 2906 Gradensis.

238 2935 273 2964 In
293 2945 319 2963 ν.
339 2944 381 2963 in.
401 2933 561 2963 univorsis
577 2931 788 2968 suffraganeis
806 2929 950 2967 ejusdem
967 2928 1129 2958 ecclesiae.

239 2989 272 3017 ln
294 2998 321 3016 e.
348 2997 389 3015 iu.
412 3009 430 3016 ..
452 2986 564 3015 ducem
593 2991 623 3014 et
645 2992 818 3014 commune
840 2983 1037 3012 Venetorum
1062 2985 1154 3020 rogat
1180 2985 1215 3012 ut

198 3041 306 3071 rilem
326 3041 462 3069 savorem
480 3048 573 3068 suum
595 3038 777 3076 praebeant.

1348 419 1462 448 1913
1535 416 1892 452 Sainte-Marie-Majeure,
1911 417 1944 444 ’27
1959 417 2112 444 decembre
2133 417 2208 445 ¹289.

1309 481 1436 509 Traditio
1453 481 1545 515 pallei.
1564 480 1647 507 lRao.
1664 479 1708 513 44,
1727 488 1751 506 c.
1769 479 1831 514 720,
1849 480 1868 506 f.
1883 479 1932 506 271
1952 481 2004 512 vo.)

1323 585 1488 614 Venerabili
1515 584 1608 620 fratri
1636 583 1818 619 Laurentio,
1842 582 2017 620 patriarche
2042 582 2208 619 Gradensi,
2229 591 2285 622 per

1278 638 1487 674 Matthaeuin,
1509 636 1644 667 Sanctae
1662 635 1783 665 Mariae
1801 635 1833 665 in
1851 635 1979 666 Porticu
1994 635 2167 666 diaconum
2182 635 2284 666 cardi-

1277 691 1400 727 nalem,
1418 690 1556 729 palleum
1576 689 1726 727 assignat.

1319 757 1333 771 «
1353 745 1432 775 Cum
1457 743 1594 783 palleum
1611 743 1777 780 insigne...
1795 759 1834 764 -
1853 742 1924 772 Dat.
1944 743 2064 779 Rome,
2083 741 2167 781 apud
2187 741 2286 773 Sanc—

1281 803 1343 828 tam
1377 798 1512 828 Mariam
1547 797 1701 834 Majorem
1718 819 1724 831 ,
1755 805 1786 825 v1
1820 795 1974 825 kalendas
2003 795 2169 834 januarii,
2201 803 2288 826 anuo

1279 851 1429 882 secundo.
1456 862 1469 876 n

1320 1038 1538 1068 1914-191
1547 1038 1571 1066 ⁸!
1629 1036 2000 1072 Sainte—Marie-MaJeui-e‚
2017 1036 2033 1064 2
2046 1036 2160 1071 Janvier
2176 1035 2253 1064 1290.

1318 1102 1466 1129 Robertus
1483 1102 1658 1128 monasterio
1670 1100 1850 1127 Caesariensi
1864 1100 1953 1126 abbas
1964 1100 2137 1135 praeficitur.
2149 1099 2233 1133 (Rau.
2245 1099 2290 1133 44*
2324 1110 2327 1116 ·

1282 1159 1307 1177 c.
1325 1150 1387 1183 721,
1403 1150 1421 1176 s.
1438 1149 1489 1176 ‘272
1508 1156 1549 1179 r⁰·‚
1568 1149 1635 1176 LAr.
1653 1157 1687 1176 nn
1703 1148 1806 1180 Tasta,
1824 1148 1869 1179 ΙΙ,
1887 1148 1960 1177 355.)

1325 1253 1462 1289 Ηοὺενιο,
1479 1252 1581 1281 abbati
1603 1252 1783 1281 monasterii
1799 1251 1995 1287 Cea-ariensis,
2014 1252 2134 1281 ordinis
2147 1251 2180 1282 S.
2201 1251 2291 1282 Bene-

1285 1305 1369 1339 dicti,
1388 1305 1557 1341 Bajocerisis
1572 1305 1707 1334 diocesis.
1727 1303 1866 1334 Vacante
1883 1304 2077 1334 monasterio
2092 1303 2293 1336 Caesariensi
2308 1311 2309 1314 ’

1285 1367 1340 1397 per
1358 1357 1479 1387 obitum
1498 1356 1657 1393 Thomae‚
1674 1357 1756 1387 duae
1773 1358 1807 1387 in
1826 1366 1862 1388 eo
1887 1357 2056 1388 electiones
2076 1366 2094 1387 a
2113 1357 2290 1396 monacbis,

1285 1411 1384 1441 altera
1414 1410 1565 1441 videlicet
1592 1411 1631 1441 de
1659 1411 1812 1448 Hem-ico,
1837 1411 1942 1450 priore
1969 1411 2157 1442 monasterii
2186 1410 2294 1442 Sancti

1286 1464 1463 1496 Fiomundi
1481 1464 1753 1499 Constantiensis,
1771 1464 1871 1495 altera
1891 1464 1930 1495 de
1945 1465 2069 1495 Thoma
2081 1488 2088 1501 ,
2106 1465 2210 1504 priore
2226 1473 2295 1496 mo-

1286 1519 1418 1549 nasterii
1445 1518 1484 1548 de
1511 1518 1643 1548 Duobus
1666 1517 1840 1555 Gemellis,
1867 1517 2052 1557 Bajocensis
2074 1515 2311 1556 dioecesis‚in1

1286 1571 1447 1602 discordia
1470 1571 1647 1601 celebratae
1669 1571 1812 1601 fuerunt.
1837 1571 1974 1610 Negatio
2001 1580 2076 1602 vero
2101 1570 2295 1602 electionum
2307 1568 2319 1591 ·“

1286 1626 1326 1656 ad
1351 1625 1456 1655 sedem
1477 1624 1683 1664 apostolicam
1705 1625 1870 1660 devoluto,
1888 1629 2022 1664 uterque
2039 1624 2212 1655 electorum
2228 1623 2309 1663 juri,

1289 1679 1353 1710 sibi
1369 1678 1563 1717 competenti
1580 1678 1790 1709 renuntiavit.
1807 1678 1902 1709 Unde
1921 1687 2000 1717 papa
2014 1678 2201 1715 Robertum,
2220 1681 2299 1708 tuno-

1287 1732 1481 1763 monachum
1512 1732 1698 1762 monasterii
1726 1731 1967 1768 Cluniace11sis‚
1993 1731 2073 1762 olim
2095 1731 2233 1770 priorem
2255 1729 2314 1762 do'*

1287 1786 1436 1824 Nogento
1455 1785 1608 1822 Retrodi,
1628 1785 1830 1825 capellanum
1848 1794 1956 1822 snum,
1972 1784 2168 1815 monasterio
2182 1783 2311 1816 Caesae-³

1287 1839 1386 1870 riensi
1404 1839 1549 1869 abbatem
1569 1839 1721 1877 praeficit.
1747 1878 1750 1880 Δ

1329 1905 1344 1921 «
1367 1893 1450 1923 Cura
1477 1892 1641 1931 pastoralis
1664 1892 1796 1923 officii...
1816 1909 1856 1914 —
1874 1892 1946 1922 Dat.
1967 1892 2081 1929 Rome,
2097 1891 2181 1931 apud
2196 1887 2313 1922 Sanc-i

1287 1951 1352 1976 tam
1379 1946 1515 1976 Mariam
1546 1945 1718 1984 Majorem,
1749 1955 1791 1974 nn
1824 1954 1924 1975 nonas
1947 1944 2108 1983 januarii,
2136 1952 2223 1975 anno
2246 1952 2312 1975 se-⁴

1287 2000 1404 2030 cundo.
1423 2012 1437 2027 1>
2286 1983 2310 2000 '⁴

1328 2054 1366 2083 In
1379 2062 1407 2083 e.
1425 2062 1468 2083 m.
1486 2075 1504 2082 ..
1522 2053 1620 2092 priori
1635 2057 1665 2081 et
1680 2052 1854 2082 conventui
1869 2051 2056 2081 monasterii
2068 2049 2309 2088 Caesariensisf.

1287 2106 1410 2137 ordinis
1426 2106 1458 2136 S.
1479 2105 1654 2142 Benedicti,
1676 2104 1859 2143 Bajocensis
1876 2104 2050 2141 dioecesis,
2070 2103 2202 2134 mandat
2217 2111 2298 2143 quar-

1289 2166 1380 2190 tenus
1396 2159 1499 2190 eidem
1515 2159 1621 2189 abbati
1639 2159 1777 2188 debitam
1793 2158 2010 2198 obedientiam
2032 2157 2216 2197 praebeant.

1329 2214 1366 2244 In
1383 2223 1411 2243 e.
1429 2222 1471 2242 m.
1489 2212 1647 2243 universis
1665 2212 1808 2241 vassallis
1823 2211 2012 2242 monasterii
2028 2209 2256 2241 Caesariensis.
2300 2197 2314 2235 >¹-

1329 2267 1367 2296 In
1385 2276 1412 2296 e.
1431 2275 1473 2296 m.
1492 2289 1511 2296 ..
1531 2275 1637 2304 regem
1655 2266 1807 2296 Franciae
1831 2270 1920 2303 rogat
1944 2269 2102 2304 quatenus
2123 2263 2229 2295 eidem
2241 2262 2310 2294 abv-

2463 1724 2477 1752 f»

1289 2321 1355 2352 bati
1372 2321 1495 2359 regium
1517 2320 1657 2350 savorem
1676 2319 1805 2349 tribuat.
2463 2323 2477 2354 st

1331 2387 1343 2401 α
1363 2373 1511 2405 Occurrit
1527 2373 1655 2404 nobis...
1669 2389 1710 2395 —
1726 2373 1796 2403 Dat.
1817 2374 1971 2411 utsupra.
1991 2384 2004 2399 ιι
2453 2379 2477 2407 ,ᾖ

1841 2418 1844 2422 ›
2454 2437 2474 2467 .Ιὲ

2454 2490 2477 2516 “tt

1331 2561 1484 2591 19¹8-ss
1492 2561 1575 2591 92¹
1633 2559 2038 2595 Sainte-Marie-Majeure,12
2054 2557 2207 2586 decembre
2223 2550 2317 2605 12892-5-
2463 2540 2477 2571 Ἰ

1329 2624 1522 2651 Recanatensi
1537 2624 1677 2651 ecclcsiae
1693 2624 1820 2658 dignitas
1833 2622 2009 2658 episcopalis
2025 2621 2203 2651 restituitur.
2218 2619 2311 2656 eique).>

1294 2673 1399 2700 Salvus
1425 2674 1582 2708 episcopus
1612 2673 1786 2709 praeficitur.
1818 2672 1900 2705 (Rea.
1926 2672 1976 2703 44,
2002 2679 2028 2698 c.
2053 2670 2115 2703 722,
2141 2669 2161 2697 f.
2183 2667 2235 2697 272
2256 2673 2299 2703 βε

1295 2722 1411 2755 Pori-n„
1430 2723 1540 2757 23139.)
1726 2729 1732 2735 ·
2247 2718 2250 2723 ’

1341 2826 1510 2855 Venerabili
1533 2826 1628 2862 fratri
1650 2825 1755 2860 Salvo,
1774 2825 1908 2862 episcopo
1924 2823 2135 2853 Racanatensi.
2159 2821 2305 2851 Recent-

1297 2879 1378 2908 tensi
1396 2878 1558 2912 ecclesiae,
1576 2878 1616 2907 ab
1632 2877 1763 2908 Urbano
1784 2885 1862 2917 papa
1877 2875 2048 2916 episcopali
2063 2874 2220 2913 dignitate
2235 2861 2310 2912 ρτί-’Ῐ

1296 2936 1406 2968 vatae,
1437 2931 1519 2961 banc
1541 2931 1698 2967 restituit,
1727 2930 1823 2969 eique
1852 2929 1984 2960 Salvum
1999 2952 2006 2965 ,
2030 2927 2154 2959 ordinis
2177 2923 2313 2970 praetii-¹

1296 2990 1437 3016 catorum
1454 2985 1662 3024 professorem
1678 3009 1684 3020 ‚
1702 2984 1886 3023 episcopum
1903 2982 2055 3022 praeficit.
2253 2984 2259 2991 ·

1338 3051 1351 3066 ι
1376 3038 1537 3075 Quoniam
1564 3039 1706 3069 humana
1726 3037 1903 3069 conditio...
1929 3036 2063 3067 —rDat.
2085 3035 2204 3072 Rome,
2219 3029 2300 3072 apud
