2342 3652
916 368 1142 409 Dnuxtmm
1165 366 1322 406 ANNnn.
2104 378 2161 409 239

74 453 245 487 nodatum,
266 449 304 479 de
322 449 457 478 fratrum
479 455 610 477 suorum
626 446 779 482 consilio,
802 445 840 474 de
857 453 994 484 quorum
1014 453 1074 473 nu-

77 516 163 539 mero
176 512 251 537 tunc
263 514 400 541 eramus,
415 503 549 533 cassavit
563 506 592 531 et
607 501 755 537 irritavit,
771 500 820 530 vel
834 501 938 539 potius
951 509 1075 529 cassum

79 566 107 593 et
129 561 255 590 irritum
281 557 442 588 nuntiavit
463 555 618 595 quicquid
636 554 717 584 circa
740 555 897 593 prefatum
921 553 1077 583 Jacobnm

77 615 177 645 fuerat
192 622 246 652 per
262 611 446 641 unctionem
461 633 468 645 ,
484 609 585 638 immo
601 607 707 636 verius
726 607 959 636 execrationem
977 610 1007 635 et
1025 613 1078 634 co-

77 667 274 699 ronationem
291 663 495 703 hujusmodi,
520 669 597 700 quas
618 661 759 698 recipere
775 660 813 689 de
830 660 909 689 facto
931 667 994 688 non
1012 668 1077 688 me-

77 721 147 757 tuit,
162 724 192 749 et
205 728 282 758 quas
300 718 409 756 utique
424 719 547 746 constat
563 713 669 743 nullas
684 722 752 742 esse
764 717 996 751 presumptum.
1014 712 1079 741 Nos

78 777 194 809 autem,
211 775 377 811 postquam
388 793 396 806 ‚
413 769 602 808 disponente
617 767 757 796 Domino
768 788 775 801 ,
787 765 943 803 assumpti
959 765 1080 794 fuimus

79 827 119 858 ad
145 826 266 865 apicem
290 822 458 862 apostolice
483 820 667 859 dignitatis,
686 818 889 848 intendentes
908 818 1081 855 benignius

81 878 215 919 experiri
236 881 342 907 utrum
363 875 471 915 aliqua
492 873 670 904 devotionis
692 871 832 902 scintilla
849 871 882 900 in
900 871 1010 900 eodem
1025 871 1081 900 Ja-

78 933 155 964 cobo
176 930 401 965 remansisset,
423 937 459 958 ac
480 935 642 966 processus
664 934 719 964 per
743 925 850 954 sedem
877 923 1081 962 apostolicam

81 986 236 1017 hactenus
267 983 392 1013 habitos
418 985 528 1012 contra
549 989 622 1010 eum
647 979 681 1008 in
711 978 761 1008 sui
785 977 907 1008 roboris
934 977 1084 1006 firmitate

80 1046 208 1070 manere
220 1035 374 1072 volentes,
388 1034 546 1073 prefatum
560 1033 715 1063 Jacobum
729 1036 758 1061 et
772 1031 867 1061 etiam
881 1030 1004 1060 Siculos
1018 1038 1084 1059 mo-

80 1100 155 1122 nere
174 1089 359 1121 curavimus
383 1092 417 1118 ut
436 1088 516 1126 ipsi,
535 1087 595 1116 sibi
612 1085 782 1115 salubriter
805 1083 1027 1118 consulentes,
1044 1083 1084 1112 ad

81 1148 187 1175 nostra
215 1147 244 1173 et
270 1141 403 1172 ecclesie
427 1149 559 1171 romane
585 1139 735 1169 mandata
756 1138 908 1174 redirent,
936 1141 965 1166 et
990 1145 1085 1175 super

78 1196 258 1229 commissis
279 1196 318 1225 ab
341 1195 386 1224 eis
401 1199 511 1225 contra
531 1193 696 1223 ecclesiam
712 1191 888 1231 predictam
905 1190 1085 1220 excessibus

83 1254 113 1282 et
130 1249 260 1281 offensis
280 1249 397 1279 nostris
413 1252 444 1277 et
458 1247 561 1285 ipsius
578 1245 710 1275 ecclesie
728 1243 934 1282 beneplacitis
956 1242 1084 1272 humili-

82 1309 129 1336 ter
149 1307 180 1334 et
203 1303 372 1334 efficaciter
398 1301 543 1341 parituri.
571 1299 728 1338 Alioquin
759 1302 868 1329 contra
896 1307 965 1333 eos,
995 1301 1087 1336 prout

80 1357 280 1389 contumacia
302 1356 444 1395 ipsorum
470 1355 611 1392 exigeret
633 1357 663 1383 et
681 1352 873 1382 videremus
894 1351 1085 1390 expediens,

80 1409 289 1450 spiritualiter
314 1413 345 1438 et
376 1407 591 1447 temporaliter
617 1405 787 1446 procedere
818 1410 1013 1435 curaremus.
1046 1406 1088 1433 At

83 1463 158 1504 ipsi,
174 1463 292 1493 animis
307 1463 342 1492 in
359 1462 557 1492 contumacia
575 1460 752 1490 obfirmatis
769 1463 799 1489 et
815 1457 986 1497 apostolice
1005 1457 1088 1487 sedis

40 1515 42 1518 '
85 1516 262 1547 monitione
277 1519 469 1554 contempta,
484 1514 586 1544 redire
602 1513 641 1542 ad
657 1517 764 1543 nostra
780 1516 809 1542 et
824 1512 925 1550 ipsius
941 1511 1089 1540 mandata

85 1569 216 1600 ecclesie
232 1577 295 1598 non
313 1572 478 1604 curarunt,
496 1567 576 1606 quin
593 1568 693 1596 immo
707 1570 818 1596 contra
835 1574 891 1595 nos
908 1569 937 1594 et
953 1564 1089 1594 eandem

84 1623 267 1658 ecclesiam,
283 1631 319 1652 ac
341 1622 438 1652 etiam
461 1621 663 1651 carissimum
688 1620 722 1649 in
745 1619 873 1650 Christo
896 1619 999 1648 filium
1016 1627 1089 1649 nos-

87 1680 169 1706 trum
184 1675 345 1711 Carolum,
361 1674 472 1704 Sicilie
489 1682 594 1712 regem
610 1673 781 1708 illustrem,
800 1681 873 1702 suos
890 1677 1020 1702 conatus
1038 1681 1091 1702 ne-

85 1729 179 1759 farios
196 1732 341 1768 procurat
357 1727 577 1766 multipliciter
593 1735 749 1762 exercere,
768 1731 859 1764 prout
873 1726 956 1755 fame
969 1725 1090 1755 clamor

85 1783 231 1813 enuntiat
254 1786 284 1811 et
305 1781 380 1812 facti
408 1781 568 1810 evidentia
590 1780 786 1809 manifestat.
808 1779 895 1809 >Cum
922 1784 1027 1809 autem
1052 1779 1091 1808 ad

86 1835 331 1875 propulsandam
348 1839 434 1864 tante
452 1834 717 1873 presumptionis,
744 1837 872 1871 tamque
892 1832 1001 1866 infesti
1025 1841 1092 1871 per-

84 1889 235 1919 secutoris
250 1889 450 1925 instantiam,
468 1888 551 1917 sicut
566 1887 702 1925 expedit,
718 1886 944 1923 intendamus,
964 1895 999 1916 ac
1018 1895 1090 1924 pre-

86 1942 168 1972 fatus
188 1951 240 1972 rex
259 1942 411 1979 Carolus,
427 1951 445 1971 a
461 1941 551 1971 nobis
568 1949 672 1979 nuper
692 1940 726 1969 in
748 1949 853 1978 regem
876 1939 986 1969 Sicilie
1003 1948 1091 1970 coro-

87 2000 178 2026 natus
189 2021 196 2029 ,
214 1995 397 2034 hujusmodi
418 1995 583 2033 negotium
602 1994 728 2023 duxerit
743 1993 973 2023 assumendum
985 2017 993 2030 ‚
1012 2002 1069 2023 nos
1083 2017 1091 2030 ,

88 2047 226 2079 volentes
250 2048 368 2086 ipsum,
390 2053 424 2077 ut
440 2047 608 2081 efficatius,
625 2047 751 2076 favente
770 2046 924 2083 Domino,
943 2046 1092 2085 prosequi

87 2101 281 2140 valeatquod
297 2101 426 2140 incepit,
442 2101 608 2140 oportunis
623 2099 752 2130 auxiliis
766 2100 930 2139 adjuvare,
949 2099 1020 2134 sibi,
1036 2108 1092 2138 pro

86 2154 227 2194 ejusdem
245 2155 462 2193 prosecutione
480 2154 600 2192 negotii
615 2163 651 2183 ac
667 2153 766 2183 etiam
777 2162 832 2192 pro
849 2153 1092 2183 necessitatibus

87 2207 206 2238 eisdem
231 2208 299 2246 regi
326 2212 356 2238 et
380 2216 479 2246 regno
505 2207 613 2238 Sicilie
639 2206 907 2242 imminentibus,
934 2206 1092 2236 decimam
1121 2233 1123 2235 .

86 2262 231 2292 omnium
253 2261 539 2291 ecclesiasticorum
558 2255 742 2290 reddituum
770 2264 799 2289 et
822 2264 1035 2298 proventuum
1057 2260 1092 2289 in

89 2315 198 2346 eodem
211 2323 309 2353 regno
323 2314 445 2352 Sicilie,
462 2315 688 2344 Beneventana
703 2314 831 2343 civitate
844 2322 879 2343 ac
895 2313 1014 2343 diocesi
1029 2322 1092 2344 non

88 2367 232 2404 exclusis,
250 2377 305 2407 per
320 2371 382 2397 tres
398 2376 499 2397 annos
517 2367 556 2397 ab
573 2367 709 2396 instanti
726 2367 804 2397 festo
816 2366 998 2396 Nativitatis
1009 2367 1092 2396 beati

87 2419 248 2451 «Iohannis
269 2420 410 2458 Baptiste
433 2420 670 2455 numerandos,
691 2419 731 2449 de
750 2419 884 2449 fratrum
910 2423 1093 2449 nostrorum

88 2472 239 2510 consilio,
263 2473 416 2503 duximus
439 2472 688 2503 concedendam.
713 2473 964 2503 Universitatem
985 2474 1093 2512 itaque

89 2528 224 2556 vestram
242 2529 361 2556 attente
385 2534 575 2562 monemus,
597 2526 767 2556 affectuose
788 2534 938 2564 rogamus
954 2531 984 2556 et
1002 2527 1093 2556 obse-

89 2586 215 2610 cramus
226 2580 262 2609 in
276 2579 417 2609 Domino
431 2579 512 2609 Jesu
527 2579 668 2616 Christo,
685 2579 776 2609 vobis
792 2579 1024 2609 nichilominus
1039 2589 1094 2618 per

90 2632 258 2671 apostolica
280 2634 396 2672 scripta
412 2633 619 2670 mandantes,
636 2641 672 2663 ac
687 2633 721 2663 in
741 2633 965 2664 remissionem
983 2643 1092 2672 pecca-

91 2685 216 2715 minum
232 2685 452 2724 injungentes,
466 2690 622 2724 quatenus
639 2695 789 2724 magnam
806 2690 836 2716 et
847 2686 1020 2717 instantem
1037 2696 1094 2717 ne-

91 2738 269 2768 cessitatem
285 2738 410 2776 negotii
426 2738 608 2775 memorati,
625 2747 686 2778 que
704 2739 850 2775 multam,
867 2744 960 2778 prout
974 2749 1010 2770 ex
1026 2740 1095 2779 ipsa

91 2791 217 2830 potestis
234 2791 394 2822 evidentia
411 2792 484 2821 facti
505 2800 713 2830 cognoscere,
735 2792 998 2823 accelerationem
1020 2802 1094 2832 pro-

91 2844 242 2874 motionis
258 2845 412 2883 exposcit,
435 2854 471 2874 ac
494 2845 588 2874 etiam
612 2853 677 2875 non
699 2845 858 2876 modicam
881 2846 1095 2884 indigentiam

91 2897 176 2936 regis
192 2898 334 2937 ejusdem
351 2897 462 2927 sedula
479 2897 733 2927 consideratione
749 2902 930 2937 pensantes,
948 2904 979 2929 et
993 2903 1094 2929 atten-

91 2944 202 2981 de'ntes
217 2951 352 2981 sollicite
369 2951 454 2989 quod
472 2950 575 2980 eidem
598 2950 665 2988 regi
682 2951 801 2989 absque
823 2956 1004 2982 nostrarum
1021 2961 1095 2991 pre-

92 3011 164 3034 cum
180 3005 353 3041 instantia,
371 3013 443 3034 cum
463 3007 604 3033 vestrum
624 3003 676 3041 agi
698 3008 845 3034 noscatur
869 3005 904 3034 in
929 3005 988 3035 hac
1010 3009 1097 3044 parte

71 3085 73 3089 .
93 3058 267 3095 negotium,
280 3057 402 3087 debetis
413 3066 468 3097 pro
485 3056 673 3087 facultatum
688 3061 867 3087 vestrarum
881 3058 1005 3088 viribus
1019 3058 1096 3088 sub-

1159 443 1286 478 venii-05
1301 443 1526 481 compatientes
1538 452 1663 482 quoque
1674 443 1712 472 ab
1728 443 1855 472 intimis
1872 442 2047 479 doloribus,
2064 444 2160 473 afflic-

1161 494 1311 526 tionibus,
1328 494 1466 533 injuriis,
1479 496 1718 532 gravaminibus
1734 500 1763 525 et
1775 495 1908 534 jacturis
1924 501 2097 526 memorate
2110 506 2161 526 ro·

1160 555 1254 575 mane
1277 546 1425 583 ecclesie,
1451 549 1560 577 matris
1588 553 1706 584 vestre,
1731 549 1770 579 ob
1795 549 1938 578 divinam
1962 553 1991 578 et
2019 549 2161 587 ejusdem

1161 599 1244 628 sedis
1260 608 1295 629 ac
1317 604 1457 629 nostram
1481 602 1693 630 reverentiam
1708 625 1715 638 ,
1739 606 1916 631 vestrorum
1941 603 2087 632 omnium
2113 612 2163 632 ec-

1161 651 1408 682 clesiasticorum
1426 653 1612 683 reddituum
1624 677 1631 690 ,
1652 659 1865 692 proventuum
1884 660 1914 684 et
1932 656 2164 685 obventionum

1161 705 1330 741 decimam,
1349 710 1383 735 ut
1399 707 1604 744 premittitur,
1623 717 1676 745 per
1692 708 1877 746 hujusmodi
1898 709 2076 737 triennium
2098 718 2165 747 per-

1162 758 1309 795 solvatis,
1331 760 1376 788 sic
1398 760 1431 788 in
1454 759 1512 789 bac
1535 765 1620 797 parte
1645 761 1834 790 venerabilis
1854 762 1959 791 fratris
1982 762 2081 791 nostri
2104 763 2140 793 Β,
2158 785 2164 797 ,

1163 812 1300 850 episcopi
1318 812 1496 841 Penestrini
1511 837 1516 848 ,
1534 813 1703 851 apostolice
1724 814 1806 842 sedis
1822 813 1928 851 legati,
1948 815 2164 852 persuasioni-

1163 865 1241 894 bus.
1260 865 1530 894 exhortationibus
1552 870 1581 894 et
1601 865 1743 894 consiliis
1765 867 1895 904 parituri
1909 890 1917 903 ,
1939 870 1970 896 ul
1989 877 2006 896 a
2025 868 2107 902 Deo,
2128 867 2166 897 de

1165 918 1255 955 cujus
1271 918 1405 955 negotiis
1417 918 1533 954 agitur,
1551 922 1659 947 eterne
1676 919 1894 948 retributionis
1911 920 2069 956 premium
2085 924 2114 949 et
2128 920 2167 949 ab

1165 971 1275 999 eadem
1297 970 1371 999 sede
1392 970 1534 1008 precipui
1555 970 1671 1000 favoris
1694 976 1904 1008 augmentum
1929 973 2079 1010 consequi
2105 981 2168 1002 non

1164 1023 1325 1052 immerito
1341 1022 1480 1052 valeatis.
1506 1023 1571 1052 Nos
1591 1023 1679 1052 enim
1701 1023 1804 1052 eidem
1826 1024 1930 1061 legato
1951 1025 2170 1054 commisimus

1167 1081 1200 1106 ut
1225 1076 1349 1114 aliquas
1379 1084 1529 1114 personas
1557 1076 1699 1114 ydoneas
1730 1080 1760 1105 et
1788 1076 1898 1105 fideles
1927 1077 2076 1115 deputare
2099 1086 2170 1115 pro-

1166 1135 1269 1165 curet,
1298 1138 1352 1168 per
1382 1138 1460 1167 quas
1490 1129 1630 1167 predicta
1660 1129 1782 1158 decima
1811 1129 1947 1159 fideliter
1979 1134 2009 1158 et
2040 1129 2172 1159 sollicite

1167 1182 1347 1220 colligatur,
1366 1190 1419 1220 pro
1435 1182 1614 1220 premissis,
1630 1182 1720 1220 juxta
1738 1181 1820 1211 sedis
1836 1182 1975 1220 predicte
1993 1182 2171 1220 beneplaci-

1169 1240 1248 1272 tum,
1268 1235 1473 1273 assignanda.
1492 1235 1642 1265 Ceterum
1658 1235 1790 1265 clericos
1805 1235 1878 1265 illos
1893 1236 1931 1265 ad
1948 1236 2173 1274 prestationem

1168 1289 1269 1328 ipsius
1287 1289 1410 1318 decime
1429 1289 1530 1318 teneri
1550 1288 1700 1318 nolumus
1721 1298 1858 1327 quorum
1877 1289 2078 1319 ecclesiastici
2103 1289 2175 1319 red-

1169 1343 1254 1373 ditus
1279 1348 1309 1373 et
1333 1348 1504 1381 proventus
1524 1352 1682 1372 summam
1703 1346 1822 1381 septem
1843 1342 1999 1372 librarum
2022 1348 2175 1373 turonen-

1170 1398 1254 1426 sium
1274 1405 1443 1434 parvorum
1459 1397 1554 1426 annis
1571 1395 1709 1433 singulis
1726 1404 1788 1425 non
1802 1397 1968 1426 excedunt.
1983 1397 2052 1426 Dat.
2064 1396 2173 1431 Reate,

1169 1459 1211 1479 ΧΠ
1228 1449 1381 1479 kalendas
1393 1450 1480 1488 julii,
1499 1458 1583 1479 anno
1601 1449 1752 1479 secundo.
1770 1461 1782 1476 ι

1796 1543 1882 1574 Rieu,
1900 1543 1933 1569 *20
1945 1544 2009 1576 juin
2027 1543 2103 1570 1289.

1214 1632 1227 1646 α
1252 1620 1291 1648 In
1317 1628 1343 1648 e.
1362 1628 1404 1648 m.
1423 1619 1658 1648 venerabilibus
1670 1619 1822 1648 fratribus
1843 1642 1862 1648 ..
1880 1618 2129 1653 Tarentasicnsi,
2152 1641 2172 1648 ..

1174 1673 1408 1708 Ebredunensi,
1424 1696 1443 1703 ..
1458 1673 1601 1711 Aquensi
1615 1677 1676 1701 et..
1698 1671 1875 1701 Arelatensi
1887 1671 2132 1709 archiepiscopis
2146 1675 2178 1699 et

1173 1726 1327 1765 episcopis
1342 1735 1378 1755 ac
1393 1725 1517 1755 dilectis
1533 1725 1610 1754 filiis
1624 1725 1743 1756 electis,
1759 1725 1934 1757 abbatibus,
1950 1723 2104 1761 prioribus
2118 1727 2176 1753 etc.

1173 1785 1208 1810 ut
1223 1788 1333 1818 snpra,
1352 1788 1451 1817 usque
1468 1779 1621 1816 exemptis
1642 1783 1672 1807 et
1688 1786 1750 1807 non
1768 1778 1937 1815 exemptis,
1957 1786 2011 1816 per
2026 1777 2178 1805 Taranta-

1174 1834 1325 1869 siensem,
1339 1832 1614 1871 Ebredunensem,
1627 1832 1812 1870 Aquensem
1826 1835 1855 1860 et
1870 1829 2091 1860 Arelatensem
2109 1838 2179 1867 pro—

1174 1887 1291 1916 vintias
1319 1885 1514 1916 constitutis.
1541 1884 1684 1914 Salutem
1713 1889 1771 1913 etc.
1800 1883 2003 1920 Divulgantis
2034 1882 2072 1912 ab
2103 1881 2181 1912 olim

1173 1939 1258 1969 fame
1274 1939 1426 1969 relatibus
1443 1942 1500 1967 etc.
1518 1947 1620 1976 usque
1634 1937 1799 1976 oportunis
1815 1936 1942 1965 auxiliis
1958 1936 2107 1972 adjuvare
2122 1934 2182 1963 sibi

1175 2001 1230 2032 pro
1246 1992 1388 2031 ejusdem
1406 1991 1625 2030 prosecutione
1638 1990 1781 2027 negotii,
1799 1999 1834 2019 ac
1853 1989 1948 2018 etiam
1970 1997 2024 2027 pro
2042 1987 2178 2017 necessi—

1177 2047 1292 2076 tatibus
1308 2045 1387 2084 ipsis
1404 2045 1472 2082 regi
1492 2049 1523 2073 et
1540 2053 1639 2081 regno
1657 2043 1766 2073 Sicilie
1784 2042 2006 2077 iminentibus,
2024 2041 2180 2070 decimam

1174 2100 1321 2129 omnium
1347 2098 1633 2128 ecclesiasticorum
1655 2097 1840 2127 reddituum
1863 2101 1892 2125 et
1913 2099 2124 2134 proventuum
2145 2094 2178 2123 in

1173 2152 1430 2185 Tarentasiensi.
1449 2151 1687 2186 Ebredunensi,
1708 2151 1853 2189 Aquensi
1869 2154 1896 2179 et
1914 2148 2095 2179 Arelatensi
2112 2156 2181 2187 pro-

1175 2207 1295 2242 vintiis,
1315 2211 1397 2235 terra
1412 2206 1580 2235 comitatus
1597 2205 1761 2241 Venesini,
1773 2204 1811 2233 ad
1825 2203 1996 2243 predictam
2012 2210 2178 2232 romanam

1175 2260 1339 2290 ecclesiam
1364 2259 1559 2297 pertinente,
1582 2268 1617 2287 ac
1637 2263 1718 2287 terra
1741 2266 1837 2296 quam
1862 2257 1894 2285 in
1915 2257 1991 2295 ipsis
2013 2255 2178 2294 provintiis

1175 2313 1361 2343 carissimus
1377 2313 1410 2341 iu
1431 2312 1558 2341 Christo
1574 2311 1661 2340 filius
1682 2315 1788 2340 noster
1802 2310 1991 2348 Phylippus,
2011 2318 2062 2337 rex
2080 2308 2177 2337 Fran-

1175 2368 1223 2397 cie
1239 2366 1384 2402 illustris,
1401 2366 1545 2395 obtinere
1559 2365 1752 2401 dinoscitur,
1770 2364 1932 2393 dumtaxat
1952 2362 2105 2400 exceptis,
2124 2370 2179 2399 per

1175 2425 1238 2450 tres
1262 2429 1363 2450 annos
1384 2419 1423 2449 ab
1448 2419 1582 2448 instanti
1605 2407 1681 2448 festo
1708 2417 1890 2447 Nativitatis
1914 2417 1998 2446 beati
2018 2415 2178 2445 «Iohannis

1177 2474 1318 2512 Baptiste
1347 2471 1576 2508 numerandos,
1605 2471 1643 2500 de
1673 2471 1806 2500 fratrum
1837 2474 2016 2500 nostrorum
2036 2467 2177 2503 consilio,

1175 2526 1327 2556 duximus
1356 2525 1603 2555 concedendam.
1633 2523 1883 2554 Universitatem
1910 2523 2016 2560 itaque
2043 2525 2178 2550 vestram

1175 2584 1293 2609 attente
1309 2586 1496 2614 monemuS,
1516 2577 1683 2606 affectuose
1706 2585 1855 2614 rogamus
1877 2579 1906 2604 et
1924 2575 2124 2605 obsecramus
2144 2573 2177 2602 in

1176 2633 1315 2662 Domino
1331 2631 1411 2661 Jesu
1429 2630 1566 2665 Christo,
1586 2630 1675 2659 vobis
1691 2623 1920 2659 nichilominus
1937 2636 1992 2665 per
2008 2625 2178 2664 apostolica

1176 2685 1292 2724 scripta
1307 2683 1512 2718 mandantes,
1531 2691 1567 2712 ac
1589 2683 1623 2711 in
1647 2682 1868 2711 remissionem
1893 2679 2111 2718 peccaminum
2127 2679 2178 2708 in-

1172 2739 1356 2777 jungentes,
1374 2740 1532 2774 quatenus
1551 2743 1701 2772 magnam
1719 2739 1748 2763 et
1766 2734 1939 2762 instantem
1959 2732 2178 2762 necessitatem

1177 2790 1296 2828 negotii
1311 2788 1489 2822 memorati,
1507 2797 1568 2826 que
1584 2787 1718 2816 multam
1731 2785 1991 2816 accelerationem
2008 2784 2179 2823 promotio-

1178 2844 1228 2872 nis
1249 2841 1406 2880 exposcit,
1424 2849 1459 2870 ac
1481 2841 1577 2870 etiam
1601 2848 1666 2870 non
1688 2839 1843 2869 modicam
1865 2838 2077 2876 indigentiam
2097 2837 2179 2875 regis

1179 2895 1323 2936 ejusdem
1341 2893 1454 2923 sedula
1467 2893 1722 2922 consideratione
1739 2896 1920 2930 pensantes,
1940 2896 1970 2921 et
1984 2891 2179 2929 compatien-

1179 2954 1224 2979 tes
1245 2948 1285 2978 ab
1300 2946 1425 2977 intimis
1443 2945 1622 2981 doloribus,
1643 2944 1881 2981 afflictionibus,
1900 2944 2030 2983 injuriis
2043 2967 2050 2980 ,
2067 2952 2179 2982 grava-

1179 3001 1323 3032 minibus
1343 3004 1372 3029 et
1390 2999 1524 3038 Jacturis
1548 3003 1722 3028 memorate
1743 3006 1876 3028 romane
1897 2996 2046 3033 ecclesie,
2069 2996 2180 3026 matris

1179 3060 1294 3091 vestre,
1309 3053 1349 3084 ob
1363 3052 1507 3082 divinam
1524 3057 1555 3082 et
1569 3051 1711 3091 ejusdem
1727 3051 1811 3081 sedis
1827 3059 1864 3081 ac
1882 3056 2020 3081 nostram
2034 3058 2180 3080 reveren-
