2477 3637
2401 0 2477 215 i

328 418 386 450 120
1075 400 1312 433 REGISTRES
1333 400 1388 430 DE
1410 395 1593 429 NICOLAS
1615 395 1673 426 lv.

329 483 515 516 auctoritate
531 480 701 511 statuimus
718 480 752 506 ut
767 485 803 506 ex
815 482 902 504 nunc
918 473 952 502 in
968 475 1062 502 antea
1074 473 1213 500 castrum
1229 468 1334 507 ipsum

330 540 411 569 sicut
427 537 490 567 alia
507 539 609 566 castra
625 531 769 571 ejusdem
786 529 901 562 Masse,
920 526 979 556 sub
992 523 1216 564 jurisdictione
1231 526 1261 552 et
1277 520 1332 551 do-

329 591 433 622 minio
448 588 576 628 sepesati
600 584 731 616 rectoris
745 583 778 612 in
798 584 987 621 perpetuum
1010 581 1138 607 maneat
1163 580 1193 606 et
1214 575 1334 605 consis-

330 650 384 676 tat.
424 643 548 680 Quibus
584 637 795 670 Urbinatibus
831 639 862 665 et
897 632 1049 663 omnibus
1085 630 1155 660 aliis
1190 628 1335 668 personis

330 699 460 729 illarum
476 695 615 734 partium
631 690 806 722 districtius
823 687 1010 718 inhibemus
1026 694 1078 721 ne,
1092 687 1234 723 pretextu
1244 690 1336 713 occu-

330 750 467 791 pationis
483 747 621 787 predicte
635 744 686 775 vel
699 743 763 774 alia
774 749 976 782 quacumque
989 738 1166 775 occasione,
1178 736 1214 766 in
1224 735 1335 765 eodem

330 809 431 836 castro
453 802 503 832 vel
531 802 600 840 ejus
624 797 812 829 hominibus
832 797 1020 835 presumant
1045 792 1105 822 sibi
1129 789 1259 829 aliquod
1283 789 1336 828 jus

330 855 567 898 quomodolibet
582 853 764 886 vendicare,
783 847 986 879 decernendo
1001 855 1038 876 ex
1065 853 1167 880 nunc,
1195 843 1222 873 si
1246 850 1336 872 secus

331 916 438 942 actum
455 909 561 944 fuerit,
579 907 707 937 irritum
728 908 759 933 et
780 903 889 932 inane.
914 899 1006 930 Nulli
1029 907 1103 936 ergo
1128 901 1208 931 eto,
1231 898 1337 925 nostre

332 962 568 996 constitutionis
585 964 616 990 et
630 957 835 990 inhibitionis
851 959 909 986 etc.
928 955 999 984 Dat.
1021 957 1054 982 ut
1068 959 1174 990 supra.
1198 961 1211 977 ι

403 1123 490 1151 606
951 1113 1039 1146 Rieu,
1056 1112 1087 1138 21
1105 1112 1172 1137 aout
1191 1109 1266 1136 1288.

369 1186 411 1213 De
427 1185 568 1212 solutione
592 1182 753 1209 debitorum
769 1177 936 1206 monasterii
951 1175 1052 1202 Turris
1068 1173 1196 1208 Majoris,
1216 1169 1340 1197 Nuceri-

333 1244 384 1263 nae
401 1234 554 1262 dioecesis.
572 1232 655 1266 (Rae.
675 1231 717 1260 44,
734 1237 759 1256 c.
778 1228 822 1258 39,
840 1228 859 1254 f.
877 1226 910 1254 94
930 1226 982 1257 vo.)

379 1336 546 1367 Venerabili
561 1334 656 1371 fratri
674 1332 723 1367 G„
744 1332 877 1368 episcopo
893 1327 1073 1360 Subinates,
1092 1322 1249 1362 apostolice
1264 1322 1342 1351 sedis

334 1392 428 1429 leyato
448 1395 486 1424 et,
504 1396 567 1417 vna
583 1395 649 1416 cum
669 1385 774 1414 dilecto
789 1383 856 1420 filio
871 1379 967 1411 nobili
984 1381 1052 1409 viro
1069 1377 1119 1414 R„
1133 1377 1238 1406 comite
1256 1375 1341 1404 Atre-

332 1444 457 1479 batensi‚
473 1441 575 1478 bajulo
590 1440 677 1476 regni
689 1438 804 1473 Sicilie,
820 1445 873 1473 per
888 1442 1051 1463 romanam
1066 1431 1219 1461 ecclesiam
1233 1429 1343 1458 consti—

333 1502 396 1526 tuto
408 1519 416 1532 ,
442 1494 572 1524 mandat
595 1496 753 1531 quatenus
779 1489 946 1519 universos
976 1486 1116 1521 fructus,
1142 1482 1285 1513 redditus
1313 1485 1343 1511 et

332 1553 504 1590 proventus
518 1545 703 1577 monasterii
720 1543 832 1574 Turris
849 1541 992 1581 Majoris,
1009 1539 1048 1569 ad
1062 1545 1230 1569 romanam
1246 1535 1344 1565 eccle-

333 1604 414 1634 siam
434 1601 524 1632 nullo
540 1599 646 1630 medio
661 1596 868 1638 pertinentis,
884 1594 1007 1625 ordinis
1027 1592 1139 1622 Sancti
1155 1588 1341 1626 Benedicti,

334 1656 518 1687 Nucerinae
533 1652 704 1689 dioecesis,
723 1649 865 1688 colligat,
888 1648 1114 1685 assignataque
1132 1652 1168 1674 ex
1188 1643 1232 1673 eis
1250 1664 1269 1672 ..
1287 1641 1343 1671 ab-

334 1710 401 1740 bati
418 1713 448 1739 et
462 1706 632 1738 conventui
648 1703 903 1735 substentatione
919 1708 1072 1738 congrua,
1086 1697 1252 1728 residuum
1267 1704 1344 1725 con-

335 1766 437 1793 vertat
452 1762 486 1791 in
503 1760 695 1791 solutionem
711 1757 892 1788 debitorum
907 1754 1050 1794 ejusdem
1063 1749 1264 1782 monasterii.

379 1828 393 1842 α
413 1815 503 1845 Circa
519 1812 750 1844 monasterium
767 1809 879 1840 Turris
894 1807 1062 1847 Maioris...
1078 1821 1119 1828 —
1134 1804 1206 1834 Dat.
1224 1803 1339 1839 Reate,

338 1879 380 1900 xxi
397 1868 551 1899 kalendas
568 1864 774 1905 septembris,
794 1871 879 1904 anno
894 1861 1007 1900 primo.
1029 1872 1043 1886 r>

413 2027 498 2056 60³2
961 2018 1049 2050 Rieti,
1065 2018 1097 2045 ‘21
1115 2018 1183 2044 aout
1199 2015 1276 2044 1288.

380 2090 421 2116 De
440 2087 655 2124 recuperatione
676 2085 914 2112 monasteriorum
931 2083 1040 2117 injuste
1054 2081 1088 2108 ab
1105 2079 1307 2115 Hospitalariis
1322 2082 1351 2105 et

343 2139 513 2174 Templariis
537 2138 564 2164 in
589 2144 678 2171 regno
701 2135 815 2162 Siciliae
838 2136 1055 2168 occupatorum.
1081 2130 1164 2165 (Res.
1188 2129 1240 2162 44,
1257 2136 1283 2154 e.
1302 2128 1350 2161 40,

344 2190 363 2217 s.
380 2189 413 2217 94
432 2190 483 2220 νυ.)

387 2286 488 2315 Eidem
507 2282 637 2312 mandat
657 2284 826 2319 quatenus,
844 2278 871 2308 si
888 2285 1001 2307 verum
1023 2275 1064 2305 sit
1080 2272 1308 2313 Hospitalarios
1324 2276 1355 2302 et

350 2337 546 2377 Templarios
559 2343 726 2374 occupasse
743 2331 916 2363 nonnullas
932 2330 1074 2361 abbatias
1090 2337 1145 2358 seu
1160 2325 1355 2357 monasteria

349 2397 380 2423 et
399 2392 461 2421 alia
476 2390 626 2428 religiosa
643 2388 711 2418 loca
730 2387 822 2425 regni
840 2385 986 2421 Siciliae,
1003 2383 1042 2413 ad
1059 2381 1226 2413 ecclesiam
1249 2388 1355 2410 roma-

350 2455 425 2476 nam
456 2438 650 2483 spectantia,
681 2446 711 2472 et
739 2441 801 2471 alia
829 2438 1046 2474 monasteria,
1076 2437 1112 2466 in
1139 2436 1224 2465 dieto
1256 2442 1356 2472 regno

351 2498 578 2532 consistentia,
597 2496 636 2525 ab
655 2503 765 2525 eorum
791 2492 958 2524 abbatibus
976 2495 1006 2521 et
1031 2488 1198 2519 monachis
1222 2487 1355 2524 emisse,

352 2557 462 2584 contra
483 2551 628 2580 instituta
649 2548 802 2579 canoniea
817 2544 1084 2576 monasteriorum
1100 2543 1243 2581 ipsorum
1256 2565 1263 2577 ,
1280 2540 1358 2570 haec

352 2607 421 2637 loca
435 2606 474 2636 ad
487 2606 540 2643 jus
557 2609 587 2633 et
602 2602 826 2642 proprietatem
840 2607 993 2629 romanae
1009 2596 1159 2627 ecclesiae
1174 2597 1310 2632 revocet,
1323 2601 1359 2623 ac

354 2660 473 2690 eisdem
492 2656 693 2687 monasteriis
709 2662 859 2694 personas
875 2652 1017 2692 ydoneas
1035 2649 1198 2689 praeficiat
1212 2649 1247 2678 in
1262 2647 1359 2678 abba-

356 2717 418 2743 tes,
437 2710 645 2750 depositionis
668 2708 825 2738 sententia
846 2706 878 2736 iu
903 2705 1032 2735 abbates
1047 2703 1190 2742 aliosque
1206 2700 1360 2741 praelatos

356 2766 529 2805 culpabiles
548 2762 753 2803 promulgata.

400 2833 410 2841 «ι
435 2819 587 2847 Mirantes
602 2816 786 2846 audivimus
802 2812 923 2853 quod...
941 2828 979 2835 —
995 2811 1066 2841 Dat.
1084 2813 1240 2848 utsupra.
1261 2819 1275 2835 a

431 2977 516 3005 (3⁰8
979 2972 1064 3002 Rieu.
1083 2970 1112 2996 ‘21
1131 2970 1198 2996 aodt
1215 2967 1291 2995 1288.

398 3042 432 3067 G.
455 3041 575 3066 mittitur
596 3039 707 3073 legatus
733 3038 759 3064 in
785 3037 1020 3072 Corplioneusem
1046 3033 1179 3060 insulam.
1200 3030 1296 3064 (Rem,
1314 3029 1364 3061 44,

363 3102 388 3118 c.
408 3091 450 3123 tt,
468 3091 484 3116 s.
504 3090 536 3115 υτ,
553 3090 599 3119 ro.)

1458 464 1561 493 Eidem
1586 460 1757 492 committit
1777 459 1910 498 plenum
1929 458 2098 497 legationis
2119 459 2260 489 officium
2283 459 2318 490 in
2341 460 2416 492 Cor·
2466 466 2477 512 Ι

1418 517 1576 557 phonensi
1589 514 1707 552 insula,
1723 522 1804 553 quae
1819 513 1878 543 sub
1890 512 2033 543 dominio
2047 516 2094 543 est
2107 512 2262 543 heredum
2273 513 2321 552 C.‚
2335 516 2416 554 regie
2464 518 2469 563 Ι

1417 570 1557 601 Siciliae.
2466 582 2467 596 ι

1462 636 1474 650 α
1493 622 1740 654 Considerantes
1751 620 1904 650 attentius
1919 619 2091 658 grandia...
2103 636 2142 642 -
2154 619 2226 650 Dat.
2241 623 2416 660 utsupra.»

1490 802 1576 832 609
2034 799 2126 832 Rieti,
2143 800 2173 826 ‘21
2191 801 2259 827 aout
2275 799 2350 828 1288.

1457 864 1592 891 Facultas
1628 863 1663 891 G.
1677 885 1683 895 ,
1713 864 1807 898 legato
1842 864 1870 889 in
1903 861 2103 897 Coi-phonensi
2131 862 2225 889 insula
2238 884 2244 893 ,
2273 855 2422 892 concessu.⁸

1422 914 1505 947 (Rea.
1523 914 1566 946 44,
1583 921 1609 940 c.
1628 913 1670 944 42,
1687 913 1707 939 f.
1724 913 1757 940 95
1775 912 1825 946 r⁰.)

2419 961 2424 977 Ι

1462 1017 1565 1046 Eidem
1587 1015 1769 1046 facultatem
1791 1014 1936 1045 concedit
1952 1013 2127 1053 recipiendi
2146 1022 2165 1044 a
2185 1013 2351 1044 nonnullis
2372 1022 2430 1046 ιιι-υ,

1422 1069 1643 1108 chiepiscopis,
1656 1069 1811 1109 episcopis
1825 1072 1855 1098 et
1867 1067 1940 1098 aliis
1955 1067 2161 1098 ecclesiarum
2174 1066 2324 1106 praelatis
2335 1068 2430 1107 regni
2468 1067 2470 1070 ’

1423 1122 1570 1158 Siciliae,
1595 1123 1651 1162 qui
1674 1131 1728 1162 per
1747 1122 1968 1161 symoniacam
1988 1121 2176 1160 pravitatem
2196 1120 2351 1152 beneficia
2371 1123 2435 1154 sut*

1424 1180 1624 1214 receperunt,
1641 1176 1817 1206 cessionem
1834 1184 1888 1205 seu
1905 1174 2178 1205 renuntiationem
2193 1173 2430 1213 praedictarum·

1425 1228 1645 1259 ecclesiarum.

1467 1294 1480 1309 «
1499 1282 1651 1312 Pervenit
1665 1281 1705 1312 ad
1720 1281 1955 1312 audientiam...
1974 1298 2014 1302 —
2029 1281 2100 1311 Dat.
2119 1285 2154 1311 ut
2171 1289 2278 1320 supra.
2297 1292 2310 1308 n

1497 1461 1587 1490 611)
2051 1461 2140 1496 Rieti,
2151 1461 2183 1489 21
2201 1463 2270 1489 aont
2285 1461 2362 1490 1288.

1461 1524 1675 1552 Tabellionatus
1690 1524 1826 1551 officium.
1844 1524 1926 1556 (Rea.
1946 1524 1988 1557 44,
2007 1532 2032 1551 c.
2051 1524 2093 1556 43.
2110 1523 2130 1552 f.
2146 1523 2180 1551 95
2195 1525 2240 1556 νο.)

2422 1586 2427 1609 t

1474 1627 1641 1657 Venerabili
1659 1628 1754 1664 fratri
1777 1627 1822 1664 G.,
1842 1628 1975 1666 episcopo
1990 1627 2164 1663 Sabinensi,
2184 1627 2342 1665 apostolice
2357 1620 2433 1669 sediqv

1430 1681 1541 1719 legato,
1566 1679 1748 1710 facultatem
1770 1680 1915 1711 concedit
1936 1680 2067 1711 creandi
2088 1684 2118 1711 et
2140 1680 2279 1711 faciendi
2299 1672 2434 1720 quatuoef

1430 1733 1618 1764 tabelliones
1633 1733 1787 1773 publicos

1472 1799 1486 1814 <a
1504 1787 1586 1818 Cum
1605 1787 1686 1818 sicut
1699 1796 1774 1818 ex...
1791 1804 1829 1809 —
1844 1787 1916 1818 Dat.
1935 1791 2092 1827 utsupra.
2111 1800 2124 1815 2

1503 1967 1586 1996 611
1973 1967 2061 1999 Rieti,
2078 1967 2092 1995 3
2109 1966 2272 2002 septembre
2289 1967 2368 1996 1288.
2463 1997 2466 2006 ,

1469 2016 1622 2051 Privilegia
1637 2016 1769 2044 concedit
1783 2017 1919 2044 fratribus
1935 2017 2044 2044 ordinis
2060 2016 2289 2052 praedicatorum
2303 2016 2339 2044 ad
2348 2020 2436 2046 term
2460 2010 2468 2026 '⁶

1433 2066 1591 2093 infidelium
1614 2066 1874 2102 proficiscentibus.
1902 2065 1982 2097 (nm.
2008 2066 2058 2097 44,
2080 2074 2106 2093 c.
2128 2066 2176 2100 44,
2202 2066 2221 2093 f.
2245 2065 2298 2098 95;
2322 2064 2434 2099 Pon-mg
2460 2056 2465 2099 ,¹

1433 2114 1542 2147 22788.)
2462 2107 2465 2116 ⁴

1475 2218 1588 2247 Littera
1613 2225 1750 2247 concessa
1772 2217 2014 2256 predicatoribus
2033 2225 2123 2254 super
2143 2217 2350 2254 predicatione
2371 2216 2437 2255 W
2460 2217 2463 2252 ζ

1436 2272 1475 2301 acl
1489 2280 1635 2309 payanos.
2460 2254 2463 2262 Ι

1477 2325 1618 2354 Nicotaus
1635 2329 1687 2353 etc.
1705 2324 1826 2354 Dilectis
1843 2324 1918 2361 filiis
1933 2325 2085 2360 fratribus
2103 2324 2137 2353 de
2154 2324 2261 2354 ordine
2271 2323 2438 2362 predicato·
2457 2314 2462 2340 Ἰ

1438 2387 1509 2406 rum
1525 2378 1564 2406 ad
1577 2382 1673 2407 terras
1688 2376 1939 2412 Sarracenorunt,
1954 2377 2163 2415 Payanorum,
2182 2377 2354 2412 Grecoru‘m,
2372 2372 2439 2408 Bab
2458 2385 2462 2395 ⁸

1438 2439 1603 2469 yar-orum,
1621 2431 1841 2466 Cumanorum,
1863 2429 2023 2460 Ulacorum
2039 2431 2217 2469 ubicumque
2231 2431 2438 2466 existentium.
2456 2447 2458 2452 ·

1440 2485 1614 2521 Ethiopztm,
1625 2483 1785 2523 Syrorum,
1805 2485 1968 2519 iberorum,
1980 2483 2162 2520 Alanorum,
2175 2484 2376 2520 cazarorum,
2388 2482 2439 2514 Ge*
2456 2477 2465 2497 ³¹¹

1443 2538 1576 2574 thorum,
1587 2539 1607 2567 Z
1612 2539 1742 2573 irarum,
1757 2539 1975 2576 Ruthenornm,
1987 2539 2209 2574 Jacobitarum‚
2219 2538 2439 2575 Nubianonmt,
2456 2566 2462 2575 Ι,

1440 2593 1694 2621 Nestorianorum
1708 2615 1714 2625 ‚
1741 2592 1995 2629 Georyt'anorum,
2025 2592 2232 2622 Armenorwm
2245 2614 2252 2626 ,
2278 2591 2439 2626 Indorum,
2454 2616 2460 2641 Ι

1443 2645 1672 2679 Moscetttoram,
1689 2645 1902 2682 Tartarorwn,
1913 2647 2135 2684 Hanqarorum
2145 2644 2270 2682 Majoris
2278 2642 2439 2682 Hunytm'ae,
2454 2660 2462 2698 Ι

1443 2699 1681 2728 christianorum
1708 2700 1933 2737 captivatorum
1958 2700 2040 2736 apud
2066 2699 2222 2734 Tartar-os,
2250 2698 2442 2736 aliarumque
2454 2703 2461 2718 '⁵

1443 2757 1618 2782 eoeteraram
1632 2752 1794 2781 nationum
1811 2752 1941 2782 Orientis
1953 2753 2198 2782 communionem
2210 2756 2313 2782 sancte
2322 2757 2458 2783 romane.

1445 2806 1561 2835 ecclesie
1573 2814 1634 2835 non
1644 2804 1822 2835 habentium
1834 2805 2092 2844 proficiscentibus
2102 2806 2234 2836 salutem
2245 2810 2324 2836 etc...
2339 2815 2354 2832 ι
2367 2803 2443 2838 GUD
2452 2799 2474 2831 =⁸·

1446 2859 1524 2889 hora
1542 2858 1748 2889 undecima...
1770 2859 1976 2890 Presentium
1993 2859 2082 2890 vobis
2101 2858 2287 2890 auctoritate
2300 2831 2462 2889 concedi—3

1447 2921 1518 2942 mus
1532 2916 1566 2941 ut
1576 2912 1611 2941 in
1624 2912 1718 2942 terris
1726 2921 1788 2951 que
1795 2912 1901 2943 adhuc
1911 2912 1994 2943 sedis
2006 2911 2178 2952 apostolice
2188 2910 2373 2950 magisterio
2382 2911 2442 2941 nm
2451 2882 2477 2936 κ

1446 2965 1620 2995 intendunt
1639 2974 1814 3005 proponere
1833 2966 1967 2997 verbum
1989 2965 2051 2996 Dei
2071 2969 2102 2996 et
2119 2964 2299 2996 constitutis
2315 2962 2442 2999 ibidem,
2473 2986 2477 2991 .

1448 3027 1512 3049 non
1528 3019 1671 3049 obstante
1689 3020 1714 3049 si
1733 3019 1843 3059 aliqua
1858 3024 1934 3050 sunt
1949 3018 2280 3050 excommunicatione
2294 3015 2397 3056 ligati,
2410 3013 2444 3046 in
2456 3013 2477 3062 ψ

1448 3073 1567 3110 verbis,
1591 3073 1695 3104 officio
1715 3078 1746 3103 et
1769 3074 1840 3104 cibo
1864 3082 1901 3105 ac
1918 3074 1954 3104 in
1975 3073 2049 3104 aliis
2069 3081 2179 3104 secure
2198 3070 2442 3106 communicare,
