2342 3652
935 371 1162 411 DEUXIEME
1183 370 1340 410 ANNn'n.

98 453 231 481 Romana
244 450 403 487 provintia
422 448 552 477 mandat
569 451 742 486 quatenus,
762 447 800 476 de
823 446 956 476 consilio
971 446 1097 484 aliquo-

98 513 169 534 rum
184 503 390 532 discretorum
414 501 546 530 fratrum
564 500 615 529 sui
629 499 771 536 ordinis,
791 499 886 537 eligat
906 504 1043 537 quatuor
1060 498 1098 527 de

99 555 245 586 fratribus
271 563 345 583 suae
369 541 569 592 provinciae,
593 552 631 581 ad
656 552 877 590 inquisitionis
896 552 1039 581 officium
1064 551 1098 580 in

100 616 196 647 regno
215 607 341 637 Siciliae
358 611 387 635 et
402 606 532 636 civitate
552 605 778 634 Beneventana
795 604 1032 643 exequendum.

143 674 156 688 ι
177 661 237 691 Pre
251 660 373 690 cunctis
392 664 537 689 nostre...
554 675 592 680 —
609 658 679 687 Dat.
699 662 732 687 ut
748 666 853 696 supra.
880 670 892 683 n

168 833 254 863 895

133 896 176 923 De
191 895 288 922 eodem
309 895 424 929 neg-otio
441 893 524 926 (Rae.
541 893 587 924 44,
605 900 631 919 c.
650 893 697 919 181
713 914 718 923 ,
736 892 754 918 s.
774 892 823 919 150
839 894 886 923 r0.)

432 830 799 865 Sainte-Marie-MaJeui-e,
815 829 849 856 ε2-2
865 829 934 855 avril
953 828 1028 855 ¹289.

137 999 277 1029 Nicotaus
287 1002 340 1026 etc.
361 995 579 1026 Venerabilibus
589 996 737 1032 fratribus
748 995 980 1032 archiepiscopis
991 998 1016 1022 et
1025 994 1100 1030 epis-

64 1056 68 1060 “
99 1052 187 1090 copiti,
205 1056 229 1080 et
245 1051 360 1080 dilectis
374 1049 449 1086 filiis
460 1049 567 1085 electis,
578 1049 742 1084 abbatibus,
757 1048 921 1084 prioribus,
938 1047 1100 1081 ministris,

99 1103 278 1143 quartilianis
293 1108 318 1132 et
333 1103 405 1131 aliis
416 1102 608 1131 ecclesiarum
619 1101 746 1138 prelatis
757 1105 783 1129 et
798 1101 974 1136 rectoribus,
987 1108 1102 1128 necnon

99 1163 126 1188 et
139 1157 280 1187 universo
301 1157 388 1191 clero,
410 1160 471 1184 tam
496 1155 646 1198 reliyiosz's
667 1155 885 1191 cujuscumque
905 1152 1103 1190 professionis

99 1216 126 1242 et
135 1211 254 1240 ordinis
268 1218 361 1247 quam
375 1209 574 1244 secularibus,
588 1217 640 1245 per
662 1216 791 1245 regnum
806 1207 918 1242 Sicilie,
938 1215 1053 1235 necnon
1070 1206 1103 1234 in

99 1265 219 1294 civitate
228 1263 436 1292 Beneventano
443 1263 541 1299 etejus
550 1262 704 1297 districtu,
712 1262 895 1290 constitutis.
906 1260 1039 1289 Salutem
1050 1265 1102 1289 etc.

101 1315 154 1346 Eis
168 1315 298 1345 mandat
313 1319 470 1353 quatenus
488 1314 658 1352 praedictis
671 1318 807 1352 quatuor
821 1313 983 1350 fratribus,
1000 1312 1039 1341 ad
1053 1312 1103 1341 in-

100 1368 303 1409 quisitionem
334 1367 588 1407 prosequendam
619 1367 738 1404 electis,
770 1372 799 1396 et
823 1366 907 1401 aliis,
925 1367 951 1395 si
969 1375 1047 1404 quos
1065 1365 1104 1395 ad

99 1421 159 1452 hoc
173 1421 340 1459 contigerit
361 1421 526 1459 deputari,
549 1421 717 1457 assistant,
744 1421 788 1450 eis
806 1420 963 1450 auxilium
980 1420 1104 1457 impen-

101 1473 212 1505 dendo.
899 1480 903 1482 -

142 1540 155 1555 n
181 1528 300 1558 Exortis
318 1528 351 1557 in
369 1537 481 1566 agro...
497 1545 533 1550 —
552 1528 622 1558 Dat.
641 1532 675 1558 ut
690 1537 796 1566 supra.
824 1540 836 1554 n

169 1702 255 1731 896
724 1700 815 1735 Rieu,
836 1700 865 1727 ¹8
882 1702 936 1727 mai
957 1700 1032 1728 1289.

137 1763 318 1800 Dispensatio
327 1772 414 1799 super
423 1763 537 1790 defectu
549 1764 695 1790 natalium.
708 1763 791 1797 (Res.
806 1764 848 1797 44,
858 1772 883 1791 c.
899 1763 957 1794 182,
967 1763 986 1789 f.
1003 1763 1050 1790 150
1059 1764 1105 1795 ro.)

146 1865 307 1897 Venerabili
321 1867 415 1903 fratri
430 1889 448 1895 ..
467 1867 600 1903 episcopo
616 1866 850 1902 constantiensi,
864 1866 904 1896 ad
919 1865 1106 1895 instantiam

102 1919 155 1956 R„
170 1919 390 1949 Romanorum
403 1919 503 1957 regis,
518 1922 548 1948 et
565 1919 743 1948 Burchardi
756 1942 762 1955 ,
781 1919 925 1957 magistri
939 1918 1105 1956 hospitalis

103 1971 234 2002 Sanctae
253 1972 373 2002 Mariae
391 1972 527 2001 fratrum
543 1971 815 2002 Theotonicorum
829 1972 1104 2002 ‹ierosolimitano-

101 2033 184 2062 rum,
195 2029 225 2055 et
240 2025 385 2063 magistri
403 2025 536 2055 Henrici
547 2025 586 2055 de
598 2025 810 2064 Cligemberg,
821 2025 999 2064 imperialis
1014 2024 1105 2054 aulae

101 2078 321 2117 protonotarii,
341 2079 485 2117 ejusdem
508 2079 592 2116 regis
619 2079 824 2116 nuntiorum,
844 2079 975 2109 mandat
994 2082 1105 2118 quate-

103 2139 165 2161 nus
176 2139 250 2162 cnm
258 2131 368 2162 Ulrico
379 2132 418 2161 de
430 2132 644 2170 Brengarten,
659 2131 726 2162 filio
742 2133 843 2171 ipsius
856 2133 953 2170 regis,
965 2133 1020 2172 qui
1032 2142 1106 2162 eum

102 2183 140 2213 ad
156 2183 339 2222 temporalia
354 2184 569 2222 legitimitatis
588 2184 679 2215 titulo
696 2185 867 2222 decoravit,
880 2195 974 2224 super
983 2185 1105 2215 defectu

103 2236 256 2267 natalium
277 2246 372 2276 quem
395 2238 523 2276 patitur,
542 2248 558 2267 e
588 2239 758 2276 conjugato
782 2238 910 2276 genitus
938 2242 968 2268 et
992 2238 1104 2272 soluta,

56 2290 57 2294 ’
104 2289 274 2328 dispenset,
300 2295 334 2320 ut
361 2290 398 2319 ad
417 2299 529 2320 omnes
547 2291 680 2321 ordines
702 2293 881 2330 promoveri
897 2296 926 2321 et
942 2291 1105 2322 ecclesias-

105 2343 201 2373 ticum
219 2343 422 2380 beneficium,
441 2345 536 2374 etiam
553 2353 664 2374 curam
677 2345 859 2375 animarum
877 2345 1009 2382 habens,
1026 2345 1106 2374 reci-

105 2405 176 2434 pere
189 2396 296 2435 possit.

147 2461 160 2476 ‹
183 2449 344 2480 Accedens
360 2449 399 2479 ad
415 2450 649 2488 presentiam...
667 2467 706 2473 —
723 2451 793 2481 Dat.
812 2451 926 2488 Reate,
941 2461 981 2481 xv
996 2451 1108 2481 kalen-

105 2499 159 2531 das
173 2502 259 2541 Junii
273 2526 280 2539 ,
300 2511 386 2533 anuo
404 2503 555 2533 secundo.
583 2516 595 2530 ι,

179 2675 367 2704 saw-898
731 2676 819 2710 Rieti,
837 2676 868 2703 2¹
888 2677 942 2703 mai
960 2677 1038 2704 1289.

141 2735 337 2772 Indulgentiae
354 2737 437 2771 (Rae.
458 2738 507 2768 44.
526 2746 551 2764 c.
571 2738 636 2772 183,
657 2738 677 2764 f.
696 2738 747 2765 150
762 2746 802 2772 r⁰;
821 2738 886 2765 Lim.
904 2748 939 2766 nu
954 2738 1110 2770 TH51L‚II‚

109 2783 162 2816 81.)

150 2909 170 2917 ..
183 2889 349 2925 preceptori
366 2893 392 2917 et
409 2889 559 2924 fratribus
577 2889 683 2918 domus
698 2890 808 2919 militie
826 2891 939 2929 Templi
959 2891 992 2920 de
1009 2891 1111 2927 Silva,

109 2938 305 2969 Ruthenensz's
321 2941 456 2970 diocesis.
474 2939 713 2978 Indulgentiam
731 2942 827 2972 unius
842 2943 922 2972 anni
934 2947 964 2972 et
976 2943 1036 2972 XL
1051 2943 1116 2972 die-

110 2999 181 3021 rum
202 2993 348 3022 concedit
363 2993 579 3030 visitantibus,
597 2993 632 3022 in
652 2993 728 3024 festo
746 2995 984 3034 Assumptionis
1008 2996 1117 3026 beatae

112 3043 242 3083 Mariae,
268 3046 421 3085 capellam
448 3046 592 3085 ejusdem
615 3047 748 3083 domus,
774 3048 806 3077 in
835 3048 988 3079 honorem
1007 3049 1117 3079 beatae

2124 384 2180 414 197

1154 476 1157 482 ί
1182 446 1301 474 Mariae
1318 447 1451 483 virginis
1469 448 1658 484 dedicatam,
1674 448 1707 476 in
1724 456 1786 485 qua
1801 447 1883 476 fiunt
1897 447 1997 477 multa
2013 448 2178 479 miracula..

1223 510 1236 524 ιι
1261 499 1341 528 Loca
1355 505 1534 529 sanctornm
1547 501 1731 531 oninium...
1748 517 1786 521 —-
1798 501 1868 530 Dat.
1886 501 1994 536 Reate,
2010 510 2054 530 xri
2070 501 2180 530 kalen-

1181 549 1352 589 dasjunii,
1372 561 1457 582 anno
1476 554 1625 583 secundo.
1653 567 1664 579 »ι

1801 620 1887 651 meti,
1905 620 1938 647 23
1957 622 2011 647 mai
2033 620 2108 647 1289.

1222 680 1259 708 In
1277 689 1304 709 e.
1331 689 1373 709 m.
1400 703 1422 710 ..
1443 683 1587 721 episcopo
1603 687 1632 712 et
1656 683 1793 721 capitulo
1814 683 2074 721 Lincopensibus.
2099 683 2182 712 Ean-

1184 732 1256 761 dem
1276 733 1512 771 indulgentiam
1531 736 1674 765 coucedit
1697 737 1743 765 eis
1767 737 1821 774 qui
1840 737 2068 774 Lincopensem
2084 735 2182 766 eccle-

1183 785 1273 821 siam,
1294 786 1328 814 in
1348 786 1502 816 bonorem
1519 793 1702 818 sanctorum
1719 789 1805 818 Petri
1819 790 2182 825 etPauliconstructam,

1183 839 1216 867 in
1241 840 1428 868 eorumdem
1449 845 1645 877 sanctorum,
1664 842 1772 871 beatae
1789 842 1909 871 Mariae
1926 847 1955 870 et
1974 842 2006 871 S.
2027 834 2201 871 Johannis'

1185 891 1343 929 Baptistae
1362 893 1596 927 festivitatibus,
1610 894 1819 923 visitaverint.
1836 895 1904 924 Dat.
1924 895 2031 929 Reate,
2047 904 2065 923 x
2078 894 2186 924 kalen-

1183 945 1238 974 das
1251 946 1349 983 junii,
1366 954 1452 975 anno
1469 947 1618 977 secundo.

1255 1118 1340 1146 899
1799 1118 1890 1151 Rieti,
1910 1119 2023 1152 terjuin
2042 1118 2116 1145 1289.

1221 1179 1315 1206 Locus
1345 1181 1463 1207 fratrum
1490 1181 1524 1206 de
1561 1180 1739 1207 Poenitentia
1767 1180 1839 1207 Jesu
1874 1181 1981 1207 Christi
2012 1180 2190 1208 pictavensis

1185 1231 1320 1256 fratribus
1348 1231 1507 1257 minoribns
1533 1230 1665 1257 venditur
1692 1230 1775 1264 (Res.
1803 1231 1851 1261 44,
1877 1239 1904 1259 c.
1931 1231 1993 1262 184,
2018 1230 2037 1256 f.
2068 1230 2115 1256 150
2143 1235 2187 1263 v0;

1188 1279 1294 1306 Pomi.
1313 1280 1421 1313 22975.)

1234 1384 1395 1412 Venerabili
1411 1385 1506 1419 fratri
1527 1406 1547 1413 ..
1570 1385 1702 1420 episcopo
1724 1389 1750 1412 et
1773 1384 1877 1411 dilecto
1901 1383 1965 1418 filio
1992 1404 2011 1411 ..
2037 1383 2191 1412 scolastico

1188 1437 1412 1466 pictavensibus·
1436 1436 1565 1465 mandat
1584 1440 1616 1465 ut
1632 1436 1782 1465 {intribus
1802 1435 1924 1465 ordinis
1940 1436 2102 1464 minorum
2120 1436 2192 1464 l'ic-

1189 1491 1326 1518 tavensis
1354 1489 1535 1528 provinciae
1553 1489 1659 1518 locum
1675 1489 1808 1518 fratrum
1832 1488 1870 1517 de
1890 1488 2091 1517 Poenitentia
2115 1487 2193 1516 Jesu

1187 1542 1306 1572 Christi
1329 1543 1559 1577 Pictavensem‚
1579 1542 1635 1580 qui
1652 1541 1719 1571 loco
1742 1543 1878 1570 fratrum
1895 1541 2059 1570 minorum
2079 1553 2091 1566 u
2116 1540 2193 1570 adeo

1188 1601 1234 1626 est
1255 1597 1380 1625 vicinus
1399 1596 1483 1634 quod
1504 1605 1558 1634 per
1581 1595 1744 1633 quandam
1766 1594 1853 1623 viam
1874 1594 2049 1630 dumtaxat,
2065 1592 2193 1631 plenam

1187 1641 1387 1679 sordibus'et
1408 1648 1637 1683 immunditiis,
1654 1648 1693 1677 ab
1708 1647 1846 1677 invicem
1863 1651 2068 1685 separantur,
2088 1658 2100 1672 n
2119 1654 2193 1676 cum

1187 1702 1363 1738 vacaverit,
1382 1701 1534 1732 vendant.

1230 1768 1243 1782 a
1268 1756 1332 1785 Sua
1354 1756 1444 1785 uobis
1466 1755 1611 1785 dilecti...
1630 1770 1668 1776 —-
1690 1755 1761 1784 Dat.
1783 1754 1901 1790 Reate,
1928 1753 2073 1783 kalendis
2088 1753 2193 1791 junii,

1187 1818 1273 1839 anno
1292 1809 1442 1839 secundo.
1469 1818 1484 1838 ›

1257 1981 1345 2010 9⁰⁰

1224 2045 1266 2071 De
1290 2046 1467 2071 dissentione
1491 2044 1564 2069 inter
1591 2050 1744 2069 commune
1768 2046 1796 2068 et
1825 2042 1995 2076 episcopum
2022 2041 2193 2068 Vicentinos

1188 2094 1271 2127 (Rae.
1287 2094 1336 2124 44,
1355 2101 1381 2120 c.
1402 2093 1466 2123 185,
1483 2093 1502 2118 f.
1524 2092 1571 2119 150
1589 2093 1640 2124 vo.)

1813 1979 1904 2010 meti,
1920 1978 1953 2005 28
1971 1979 2025 2005 mai
2045 1978 2118 2005 1289.

1235 2197 1401 2226 Venerabili
1417 2197 1511 2231 fratri
1530 2216 1550 2224 ..
1569 2196 1702 2232 episcopo
1720 2194 1920 2223 Ferrarz'enst.
1940 2192 2098 2228 Potestas,
2123 2200 2194 2222 con—

1189 2250 1298 2279 cilium
1316 2254 1345 2278 et
1360 2257 1531 2278 commune
1550 2248 1729 2284 Vicendna,
1747 2252 1777 2276 et
1793 2246 1923 2285 quidam
1935 2245 1990 2275 alii
2002 2245 2192 2283 singulares,

1191 2302 1408 2337 Bernardum,
1441 2301 1624 2339 proximum
1666 2300 1940 2339 praedecessorem
1971 2298 2072 2333 Pet-ri,
2109 2307 2195 2328 nunc

1189 2355 1329 2394 episcopi
1347 2354 1528 2390 vicentini,
1546 2353 1727 2391 spoliarunt
1749 2353 1788 2382 ab
1805 2352 1895 2382 omni
1918 2351 2083 2389 temporali
2101 2351 2196 2389 juris·

1189 2408 1328 2438 dictione
1344 2416 1440 2446 quam
1458 2407 1491 2436 in
1511 2407 1637 2436 civitate
1651 2405 1824 2435 Vicentina
1836 2405 1970 2443 ejusque
1982 2404 2126 2433 districtu
2140 2413 2192 2433 seu

1190 2462 1340 2492 comitatu
1371 2461 1460 2490 sedes
1493 2459 1692 2498 episcopalis,
1721 2467 1756 2487 ex
1779 2457 1948 2494 largitione
1977 2457 2194 2486 Romanorum

1191 2514 1437 2553 imperatorum,
1467 2512 1647 2547 detinebat,
1677 2511 1769 2540 feuda
1802 2511 1900 2548 ipsius
1931 2509 2094 2543 ecclesiae,
2131 2513 2194 2537 ter-

1192 2569 1234 2597 tia
1254 2568 1418 2597 dumtaxat
1436 2571 1523 2605 parte
1551 2566 1695 2603 episcopo
1712 2568 1887 2598 reservata,
1912 2561 2144 2597 vendiderunt,
2166 2565 2196 2590 et

1192 2621 1401 2650 decreverunt
1416 2623 1483 2655 «ut,
1501 2619 1527 2648 si
1543 2617 1703 2656 quispiam
1719 2617 1752 2645 in
1769 2616 1893 2645 civitate
1910 2614 2048 2653 predicta
2063 2615 2195 2652 ejusque

1193 2674 1322 2709 diocesi,
1339 2673 1423 2702 dicta
1439 2675 1588 2710 potestate
1600 2669 1771 2699 Vicentina
1790 2673 1911 2697 tantum
1927 2671 2070 2705 excepta,
2092 2670 2196 2696 utatur

1189 2727 1411 2766 jurisdictione
1428 2725 1537 2763 aliqua
1553 2733 1609 2762 per
1627 2722 1820 2760 exigentiam
1843 2721 2010 2759 suijuris,
2028 2720 2067 2750 ab
2085 2719 2197 2749 eadem

1193 2781 1320 2811 civitate
1352 2783 1381 2808 et
1416 2779 1557 2808 districtu
1586 2776 1686 2815 ipsius
1715 2778 1865 2813 perpetuo
1897 2774 1938 2803 sit
1969 2773 2135 2808 bannitus,
2167 2777 2197 2802 et

1194 2833 1310 2863 deinde
1328 2837 1436 2870 captus
1453 2830 1692 2861 obtruncatione
1707 2828 1819 2866 capitis
1834 2828 1994 2866 puniatur,
2014 2827 2073 2857 sub
2084 2826 2196 2865 huJus-

1195 2887 1280 2916 modi
1322 2884 1467 2923 nepharii
1500 2882 1705 2921 generalitate
1737 2880 1844 2910 statuti
1879 2880 2035 2918 prefatum
2066 2880 2197 2909 Petrum

1197 2939 1397 2979 episcopum,
1423 2936 1514 2966 tacite
1538 2935 1702 2973 quamvis,
1721 2933 1868 2971 nequiter
1887 2932 2100 2962 includentes.
2129 2944 2143 2959 »
2162 2933 2198 2962 Et

1198 2997 1323 3032 propter
1337 3000 1371 3020 ea
1388 2987 1652 3020 excommunicati
1678 2987 1745 3024 ipso
1762 2986 1860 3022 facto,
1886 2994 1922 3014 ex
1945 2985 2047 3015 forma
2068 2986 2198 3024 provin-

1199 3045 1288 3076 cialis
1305 3041 1529 3082 Aquilegensis
1558 3039 1701 3075 concilii,
1728 3037 1853 3077 publice
1874 3042 2107 3077 proposuerunt
2129 3050 2142 3064 α
2167 3042 2199 3067 ut
