2477 3637
309 411 367 444 150
1058 407 1296 439 REGISTRES
1317 408 1373 439 DE
1395 406 1579 438 NICOLAS
1599 406 1657 437 IV.

308 479 455 517 episcopis
471 477 601 507 mandat
620 480 777 516 quatenus
793 478 995 514 potestatem,
1021 475 1239 514 capitaneum,
1261 484 1316 505 an-

308 532 431 568 zianos,
449 531 595 562 consules
613 535 644 560 et
659 529 828 567 magistros
844 537 899 558 seu
915 528 1018 567 capita
1033 528 1151 558 artium
1169 532 1199 558 et
1213 528 1316 559 consi-

308 585 419 615 liarios
439 584 659 615 Bononienses
680 582 720 612 ab
743 580 1085 611 excommunicationis
1105 585 1136 611 et
1155 581 1315 611 civitatem

309 638 549 669 Bononiensem
568 641 599 666 et
615 635 768 666 suburbia
787 635 827 664 ab
847 634 1010 664 interdicti
1028 635 1202 671 sententia,
1218 642 1315 673 quam

307 692 376 730 ipso
402 691 482 720 facto
506 690 729 724 incurrerunt,
755 696 854 726 quum
875 688 930 722 B.‚
951 687 1089 726 episcopi
1112 686 1314 722 Portuensis,

307 744 340 773 in
360 743 423 772 illis
438 742 579 781 partibus
591 741 760 779 legationis
773 740 876 771 officio
888 739 1064 777 fungentis,
1077 739 1231 769 minacias
1243 746 1317 768 con-

308 800 504 832 temnentes,
523 794 779 834 jnrisdictionem
797 799 826 823 et
846 795 1075 832 protectionem
1093 796 1193 822 terrae
1212 791 1316 822 Medi-

307 849 409 885 cinae,
429 857 510 887 quae
528 848 728 886 proprietatis
744 846 894 877 ecclesiae
908 854 1059 876 romanae
1075 849 1131 881 est,
1150 845 1210 875 sibi
1225 845 1316 874 attri-

307 903 464 937 buerunt,
484 902 651 932 absolvant
675 901 725 931 his
750 900 989 932 conditionibus
1009 910 1016 930 :
1035 899 1120 938 quod
1138 902 1270 939 potestas
1286 901 1316 928 et

307 957 491 996 capitaneus
508 955 738 994 personaliter,
765 963 936 985 commune
956 962 992 983 ac
1019 953 1152 992 populns
1168 961 1223 991 per
1235 960 1313 991 syn-

307 1011 434 1046 dicum,
468 1010 522 1048 qui
548 1014 622 1038 tunc
650 1012 697 1038 est
721 1008 861 1038 Jacobus
892 1007 1062 1043 Amoneti,
1090 1006 1176 1036 cives
1206 1006 1314 1035 Bono-

306 1063 447 1097 niensis,
473 1063 694 1101 juramentnm
717 1065 876 1100 praestent
905 1059 1040 1090 abrandi
1067 1059 1176 1089 omnia
1198 1062 1314 1087 statuta

307 1125 389 1156 quae
409 1116 447 1146 de
463 1115 688 1155 jurisdictione
705 1114 897 1151 exercenda,
915 1123 969 1143 seu
987 1112 1126 1143 collectis
1146 1116 1201 1142 aut
1218 1111 1314 1141 talliis

306 1170 341 1200 in
360 1175 441 1199 terra
459 1169 639 1198 Medicinae
650 1168 816 1204 faciendis,
836 1168 869 1196 in
891 1167 983 1196 libris
1004 1175 1059 1196 seu
1084 1164 1314 1204 capitularibus

306 1224 387 1260 sint,
422 1232 480 1252 nec
512 1222 547 1252 e'a
578 1221 628 1251 vel
656 1221 776 1251 similia
805 1220 1009 1257 resumendi,
1034 1219 1117 1258 quod
1144 1218 1182 1247 de
1209 1217 1314 1247 homi-

304 1277 402 1307 nibus
428 1276 607 1315 praedictae
631 1279 732 1305 terrae
749 1274 930 1304 Medicinae
950 1281 1121 1303 commune
1138 1271 1313 1311 praefatum

301 1331 460 1371 justitiam
477 1330 537 1359 sibi
555 1338 618 1358 non
637 1329 741 1364 saciat,
761 1328 815 1357 sed
832 1336 850 1357 a
870 1350 890 1357 ..
908 1331 1029 1356 rectore
1040 1326 1141 1356 dictae
1152 1330 1252 1355 terrae
1264 1324 1314 1355 vel

304 1384 373 1423 ejus
389 1382 594 1418 officialibus,
612 1391 667 1411 seu
688 1390 706 1410 a
729 1404 749 1410 ..
776 1385 897 1410 rectore
919 1379 1130 1410 Romaniolae
1152 1378 1312 1417 requirat,

305 1437 443 1475 exceptis
458 1437 491 1465 in
512 1435 574 1465 illis
591 1435 695 1464 causis
716 1443 797 1473 qnae
814 1434 935 1463 ratione
956 1433 1063 1463 delicti
1079 1432 1183 1462 forum
1208 1431 1314 1461 Bouo-

304 1490 416 1520 niense
447 1489 641 1525 sortiantur3
681 1487 765 1526 quod
794 1487 937 1526 quaestio
966 1486 1174 1516 bannitorum
1213 1489 1314 1514 terrae

304 1543 484 1573 Medicinae
501 1550 654 1580 suspensa
674 1541 730 1578 sit,
753 1540 854 1570 donec
877 1548 1029 1570 romanae
1046 1538 1196 1568 ecclesiae
1215 1538 1312 1577 judex

305 1597 343 1627 de
368 1597 429 1626 hac
455 1595 643 1625 bannitione
665 1594 869 1632 cognoverit3
894 1593 1083 1623 exhibeatur
1100 1591 1203 1622 cantio
1227 1592 1313 1631 quod

304 1650 424 1681 eisdem
441 1648 584 1679 bannitis
604 1647 693 1678 nulla
711 1647 833 1686 inJuria
850 1647 1017 1684 inseretur,
1038 1659 1049 1672 ιι
1069 1650 1098 1675 et
1113 1645 1197 1684 quod
1215 1645 1312 1675 etiam

302 1704 509 1735 bannitorum
526 1703 669 1742 ipsorum
687 1702 857 1741 ymagines
874 1701 907 1730 in
925 1700 1047 1730 eisdem
1063 1699 1244 1730 communis
1261 1707 1313 1738 pa-

301 1757 377 1788 latio
393 1763 422 1787 et
440 1757 536 1795 portis
552 1756 688 1786 civitatis
706 1755 848 1795 predicte
873 1754 1013 1793 depictas
1036 1753 1155 1783 faciant
1176 1752 1312 1783 totaliter

302 1811 433 1842 aboleri.
455 1823 467 1837 τ)

342 1865 466 1895 Novam
483 1858 822 1894 excommunicationis
839 1862 1032 1892 sententiam
1049 1863 1083 1891 in
1102 1861 1188 1891 cives
1208 1861 1312 1890 Bono-

302 1918 430 1947 nienses
446 1917 501 1956 qui
518 1917 595 1956 quid
612 1921 720 1946 contra
744 1920 860 1945 terram
882 1915 1062 1945 Medicinae
1077 1913 1309 1952 attemptarint,

302 1971 366 2001 nisi
383 1971 468 2000 infra
484 1979 629 2000 mensem
648 1971 685 1999 de
708 1969 856 2008 dampnis
877 1969 904 1998 ei
922 1968 1019 1998 illatis
1035 1967 1261 1999 satisfecerint.
1282 1970 1312 1996 et

300 2025 460 2055 interdicti
477 2029 587 2054 contra
603 2024 780 2059 civitatem,
803 2027 917 2053 terram
938 2022 999 2051 nisi
1015 2010 1207 2061 praefatam,
1225 2020 1311 2049 infra

299 2083 367 2110 octo
389 2078 457 2107 dies
479 2081 546 2116 post
562 2078 802 2116 occupationem
819 2077 887 2114 ejus
900 2101 907 2114 ,
930 2075 1028 2105 libere
1045 2074 1261 2110 restituerint,
1280 2078 1310 2103 et

300 2132 339 2162 de
355 2131 503 2170 dampnis
519 2131 548 2160 ei
564 2130 786 2160 satisfecerint.

342 2197 354 2213 «
382 2186 526 2215 Romane
541 2184 651 2213 matris
667 2182 836 2213 ecclesie...
853 2199 891 2204 —
905 2182 974 2211 Dat.
988 2182 1101 2218 Rome,
1114 2181 1198 2220 apud
1213 2181 1308 2211 Sanc-

301 2243 363 2269 tam
376 2239 511 2268 Mariam
525 2238 690 2275 Majorem,
704 2247 722 2265 v
734 2236 888 2266 kalendas
900 2235 1021 2274 aprilis,
1034 2243 1119 2265 anuo
1132 2235 1282 2266 secundo.
1294 2247 1306 2263 n

369 2431 456 2460 '21ss

334 2493 735 2527 Promulgatinstrumentum
752 2491 1164 2527 compositionisinterregem
1180 2495 1208 2518 et
1223 2500 1306 2527 prae-

295 2542 366 2569 latos
383 2541 585 2576 portugalliae,
603 2550 692 2576 super
707 2549 742 2568 xi.
758 2541 888 2568 articulis
904 2541 1026 2568 habitae.
1045 2540 1128 2574 (Reti.
1150 2541 1193 2573 44,
1217 2549 1242 2568 c.
1260 2542 1302 2571 50,

296 2592 315 2618 f.
336 2592 383 2618 117
401 2591 446 2625 νο.)

654 2429 1017 2465 Sainte-Marie-Majeure,
1032 2430 1045 2456 7
1062 2437 1138 2456 mars
1155 2429 1233 2457 1289.

336 2709 380 2737 Ad
405 2708 616 2737 certitudinem
641 2707 827 2745 presentium
854 2712 879 2736 et
906 2707 1086 2735 memoriam
1107 2707 1300 2742 futurorum.

298 2773 311 2787 ιι
334 2760 414 2790 Cum
432 2760 509 2790 olim
529 2760 560 2789 in
569 2765 613 2789 ter
618 2783 678 2789 .....
696 2760 801 2789 Tenor
816 2764 923 2789 autem
944 2759 1156 2788 instrumenti·
1172 2763 1202 2789 et
1223 2759 1302 2788 arti-

296 2813 479 2843 culorum...
499 2814 568 2843 talis
588 2818 634 2844 est
653 2823 659 2843 :

339 2878 352 2894 1>
380 2867 413 2895 ln
445 2868 576 2896 nomine
601 2867 744 2897 Domini.
778 2868 894 2897 Amen.
926 2867 963 2896 In
990 2874 1090 2903 regno
1121 2865 1302 2904 Portugalie

298 2931 312 2946 ι)
337 2924 366 2949 et
384 2919 527 2957 Algarbii
545 2921 675 2957 grandis
691 2922 774 2950 inter
790 2920 926 2959 prelatos
944 2920 1044 2958 ipsius
1060 2920 1150 2957 regni
1167 2924 1197 2949 et
1213 2928 1302 2956 reges

297 2985 310 2999 n
335 2973 389 3011 qni
408 2973 537 3001 fuerunt
550 2982 604 3012 pro
621 2978 760 3012 tempore
779 2983 874 3012 super
893 2982 928 3003 eo
944 2973 984 3003 ab
1001 2973 1091 3009 olim,
1107 2973 1190 3003 sicut
1207 2972 1302 3002 habet

298 3039 311 3053 »
337 3027 468 3055 assertio
485 3027 758 3066 in[ras-criptarum
777 3028 926 3066 partium,
945 3027 1100 3056 dissentio
1119 3031 1165 3056 est
1180 3030 1298 3062 exorta,

297 3092 311 3107 »
335 3080 418 3119 quod
438 3080 534 3109 iidem
559 3080 668 3118 prelati
687 3089 729 3115 se,
751 3080 898 3110 ecclesias
915 3085 944 3110 et
966 3088 1116 3118 personas
1136 3079 1300 3110 ecclesias-

1390 2514 1403 2529 ὃ
1390 2461 1403 2476 ὃ
1390 2407 1404 2422 δ
1391 2354 1405 2369 δ
1391 2300 1405 2315 ἕ
1392 2246 1405 2261 ὅ
1392 2193 1405 2209 ³
1393 2138 1406 2153 ὃ
1393 2085 1406 2100 a!
1391 2032 1404 2047 υ
1395 1979 1407 1993 ’ὅ
1395 1925 1408 1941 ὅ
1395 1871 1408 1887 ὃ
1396 1817 1409 1833 δ

1400 486 1413 502 n
1439 474 1515 504 ticas
1532 473 1622 511 regni
1641 472 1796 512 ejusdem,
1817 481 1881 503 non
1900 473 2003 504 solum
2018 474 2052 507 in
2071 475 2327 515 depressionem,
2345 478 2399 510 sed

1399 539 1413 555 n
1437 527 1533 557 etiam
1552 527 1585 556 in
1600 527 1844 557 subversionem
1859 526 2074 558 ecclesiastice
2088 528 2258 565 libertatis,
2273 529 2306 560 in
2321 531 2399 563 mul-

1399 592 1413 608 »
1438 581 1477 610 tis
1501 585 1645 618 gravatos
1664 579 1763 609 tuisse
1783 588 1819 610 ac
1837 580 1961 618 gravari
1982 580 2151 618 dicebant;
2171 591 2265 620 super
2288 583 2399 622 quibus

1399 646 1414 661 »
1438 634 1497 664 sub
1514 633 1649 663 diversis
1668 633 1810 663 romanis
1829 633 2033 672 pontificibus
2057 638 2087 664 et
2105 643 2160 672 per
2177 643 2230 665 eos
2248 635 2399 676 multipli-

1399 699 1414 715 »
1438 687 1515 718 catis
1538 686 1736 726 processibus
1762 690 1792 716 et
1821 686 2003 716 tractatibus
2029 687 2146 717 habitis
2171 687 2256 718 iuter
2280 693 2398 730 partes,

1399 750 1414 771 ι
1437 741 1574 778 contigit
1599 740 1847 770 controversiam
1876 749 1970 779 super
1999 740 2212 779 infrascriptis
2241 742 2398 783 articulis,

1401 806 1413 820 ι
1437 803 1574 833 quorum
1596 790 1697 832 aliqui
1720 794 1822 832 primo
1847 801 1952 823 coram
1980 793 2078 824 felicis
2101 794 2330 826 recordationis
2345 776 2433 828 ‹io-1⁰

1399 858 1413 874 ω
1437 847 1525 877 mino
1543 846 1708 877 Clemente
1727 854 1805 885 papa
1824 846 1910 883 IIII,
1930 850 1959 876 et
1976 850 2039 876 tam
2055 846 2117 885 ipsi
2138 855 2235 885 quam
2252 855 2362 878 uounu
2383 869 2403 880 «.

1399 912 1413 927 »
1438 900 1492 930 alii
1504 909 1610 930 coram
1623 899 1788 929 recolende
1801 899 1955 929 memorie
1966 899 2098 930 domino
2109 899 2261 938 Gregorio
2272 901 2387 941 paan
2396 915 2417 939 ι..

1400 965 1413 980 ⁷>
1438 962 1473 984 ex
1495 958 1583 992 parte
1605 953 1761 983 dictorum
1788 952 1981 991 prelatorum
2004 952 2101 983 oblati
2125 953 2224 984 fuisse
2241 951 2393 986 dicuntur*
2420 947 2435 986 .'

1399 1018 1413 1033 n
1438 1011 1471 1036 ut
1494 1006 1630 1036 inferius
1651 1006 1840 1045 exprimitur
1860 1006 1895 1035 in
1922 1006 2058 1043 eisdem,
2077 1016 2177 1046 usque
2198 1006 2237 1036 ad
2263 1011 2365 1047 tempo
2386 1009 2437 1044 11>st

1399 1071 1413 1086 n
1438 1059 1602 1097 magnifici
1615 1059 1767 1097 principis
1782 1058 1904 1089 domini
1917 1058 2069 1096 Dionisii,
2083 1059 2217 1089 illustris
2229 1059 2313 1098 regis
2326 1048 2417 1092 Pon}

1398 1124 1410 1138 ›
1438 1111 1556 1150 tugalie
1572 1117 1602 1141 et
1622 1112 1786 1150 Algarbii,
1805 1112 1984 1151 prorogari,
2009 1117 2038 1141 et
2058 1112 2184 1142 tandem
2203 1112 2287 1142 inter
2307 1104 2412 1153 vene-1
2447 1147 2449 1151 ,

1400 1177 1413 1192 »
1438 1165 1553 1195 rabiles
1578 1169 1681 1204 patres
1708 1165 1854 1196 dominos
1879 1166 1932 1202 T.,
1959 1166 2234 1205 archiepiscopum
2263 1166 2410 1198 Braclr

1400 1230 1413 1245 n
1439 1227 1582 1255 rensem,
1610 1220 1663 1255 A„
1690 1218 1979 1256 Colimbriensem,
2003 1219 2052 1255 Β.,
2070 1218 2280 1258 Sylvensem,
2301 1223 2331 1250 et
2350 1219 2380 1252 J.
2411 1205 2415 1212 >

1439 1272 1664 1302 Lamecensem
1689 1272 1870 1311 episcopos,
1894 1272 1926 1302 in
1954 1272 2043 1302 curia
2066 1281 2200 1302 romana
2223 1276 2425 1312 presentesxss
2448 1267 2450 1276 ἱ

1439 1330 1501 1355 tam
1519 1334 1574 1364 pro
1589 1334 1621 1355 se
1637 1334 1732 1364 quam
1749 1334 1804 1364 pro
1820 1325 1892 1355 aliis
1908 1325 2049 1364 prelatis,
2065 1325 2207 1356 ecclesiis
2219 1331 2250 1357 et
2261 1319 2409 1366 person'j

1438 1377 1658 1408 ecclesiasticis
1677 1379 1769 1417 regni
1787 1379 1946 1417 ejusdem,
1967 1388 2020 1418 pro
2042 1379 2158 1418 quibus
2182 1379 2400 1410 sanctissim

1437 1436 1524 1471 pater
1539 1436 1569 1461 et
1585 1432 1734 1462 dominus
1749 1432 1899 1462 dominns
1914 1433 2078 1470 Nicolaus,
2101 1432 2212 1462 divina
2233 1424 2393 1472 provide&

1398 1497 1412 1513 »
1438 1486 1478 1515 tia
1495 1494 1575 1524 papa
1590 1485 1669 1520 ΙΙΙΙ,
1685 1485 1723 1515 ad
1740 1485 1998 1524 componendum
2015 1490 2045 1515 et
2061 1485 2294 1524 pacificandum
2309 1494 2359 1516 su·
2372 1485 2395 1520 ιζ

1398 1550 1411 1566 n
1437 1538 1584 1578 pretactis
1606 1538 1763 1575 articulis,
1784 1538 1829 1568 eis
1849 1539 2005 1569 concessit
2023 1548 2077 1578 per
2098 1547 2171 1569 suas
2189 1537 2309 1569 litteras
2324 1547 2386 1570 su

1397 1603 1412 1619 »
1436 1592 1543 1631 scripti
1569 1592 1687 1622 tenoris
1712 1591 1844 1621 liberam
1870 1596 2074 1631 potestatem,
2101 1595 2130 1621 et
2147 1591 2300 1622 discretos
2317 1591 2348 1622 vi
2370 1598 2391 1625 ιιξ

1398 1657 1411 1672 ι)
1437 1645 1613 1675 Martinum
1633 1645 1731 1682 Petri,
1750 1649 1912 1675 cantorem
1930 1644 2137 1675 Elborensem
2149 1669 2156 1682 ,
2175 1649 2205 1675 et
2218 1645 2393 1677 Johanum'

1397 1711 1410 1727 »
1436 1699 1586 1735 Martini,
1606 1699 1797 1729 canonicum
1813 1698 2099 1735 Colimbriensem,
2117 1703 2334 1738 procuratores
2348 1707 2389 1730 1·

1396 1764 1410 1779 »
1434 1752 1481 1790 gis
1504 1752 1663 1789 eiusdem,
1680 1752 1720 1781 ab
1737 1752 1804 1790 ipso
1821 1752 1855 1780 in
1877 1752 1979 1782 forma
1995 1752 2199 1791 infrascripta
2215 1751 2394 1786 mandatust

1434 1805 1598 1841 habentes,
1617 1805 1693 1834 dicti
1709 1805 1794 1843 regis
1815 1805 1964 1841 nomine,
1983 1805 2200 1836 mediantibus
2215 1814 2341 1836 revere·
2355 1803 2398 1838 ¹⁷2

1435 1859 1575 1898 patribus
1592 1858 1732 1888 dominis
1749 1858 1798 1895 L.,
1816 1858 1958 1888 Ostiensi
1981 1862 2012 1888 et
2025 1857 2219 1889 Velletrensi
2237 1859 2408 1902 episcopo*
2432 1870 2436 1876 ·

1435 1913 1483 1950 P„
1501 1912 1582 1942 tituli
1599 1912 1632 1942 S.
1648 1911 1749 1941 Marci
1765 1911 1963 1951 presbytero,
1979 1916 2008 1942 et
2025 1912 2075 1949 B.,
2089 1912 2121 1943 S.
2136 1911 2262 1942 Nicolai
2278 1912 2312 1942 in
2327 1911 2361 1944 C
2379 1921 2396 1942 f:

1432 1976 1503 1997 cere
1519 1965 1667 1996 Tulliano
1683 1965 1826 1995 diaconis
1842 1965 2072 2002 cardinalibus,
2090 1966 2129 1996 ab
2146 1966 2257 1996 eodem
2273 1974 2386 1997 summ
2423 1966 2435 1988 ἰ

1432 2019 1581 2058 pontifice
1607 2018 1645 2048 ad
1669 2018 1909 2048 discutiendum
1933 2023 1962 2048 et
1987 2018 2193 2057 dirigendum
2216 2019 2390 2058 hujusmu

1433 2073 1594 2111 negotium
1621 2072 1796 2110 deputatis,
1821 2071 1890 2101 talis
1917 2080 2012 2110 super
2034 2072 2154 2102 eisdem
2180 2072 2341 2110 articulis,
2362 2071 2384 2097 '1-

1432 2126 1591 2165 presentia
1613 2125 1799 2156 eorumdem
1818 2125 2051 2162 cardinalium,
2073 2125 2139 2156 mei
2157 2125 2275 2156 notarii
2293 2130 2324 2157 et
2357 2124 2385 2152 -.;ῑ
2416 2150 2420 2154 .

1432 2180 1512 2210 tium
1541 2179 1809 2218 subscriptorum,
1843 2188 1900 2218 pax
1933 2184 1963 2209 et
1991 2180 2178 2218 compositio
2209 2178 2369 2210 interveni
2377 2183 2388 2214 ⁵5

1431 2233 1587 2264 Predictis
1610 2232 1768 2272 siquidem
1791 2233 2028 2272 archiepiscopo
2049 2237 2079 2263 et
2097 2233 2270 2273 episcopis,
2288 2241 2343 2272 pro
2366 2237 2387 2274 τῇ

1430 2296 1466 2318 ac
1489 2287 1618 2317 illorum
1646 2286 1794 2322 nomine,
1822 2294 1876 2325 pro
1901 2286 2017 2325 quibus
2041 2286 2081 2316 ad
2110 2286 2343 2326 pacificandum
2370 2300 2375 2331 3
2420 2308 2423 2315 .

1429 2340 1686 2380 componendum
1706 2343 1890 2378 receperant
1904 2339 1944 2369 ab
1961 2339 2072 2370 eodem
2090 2348 2217 2370 summo
2234 2339 2387 2379 pontifi

1429 2398 1464 2425 ut
1489 2394 1697 2433 premittitur,
1720 2397 1920 2432 potestatem,
1941 2397 1971 2423 et
1988 2393 2117 2432 prefatis
2140 2392 2392 2432 procuratoribfls

1428 2448 1501 2478 dicti
1516 2447 1612 2485 regis,
1630 2455 1685 2485 pro
1702 2446 1772 2485 ipso
1790 2455 1879 2484 rege,
1897 2446 1933 2475 in
1959 2446 2117 2477 dictorum
2133 2445 2346 2477 cardinalium
2367 2458 2371 2471 2
2415 2487 2417 2489 Ι

1428 2502 1556 2531 testium
1571 2508 1608 2530 ac
1623 2499 1685 2529 mei
1705 2499 1822 2529 notarii
1845 2499 2003 2538 presentia
2020 2499 2220 2537 constitutis;
2239 2498 2342 2529 lectis·
2360 2507 2379 2542 ·¹,⁴
2417 2490 2420 2492 v

1389 2568 1402 2583 »
1430 2554 1566 2593 singulis
1584 2553 1771 2592 subscriptis
1787 2553 1930 2583 articulis
1943 2561 2000 2592 per
2015 2562 2066 2583 me
2082 2553 2243 2583 notarium
2259 2552 2376 2583 dictu
2421 2574 2423 2577 ·

1386 2622 1399 2636 2
1427 2613 1457 2639 et
1472 2608 1580 2638 subter
1595 2606 1728 2636 annexis
1744 2606 2007 2645 responsionibus
2025 2615 2081 2645 per
2098 2605 2226 2637 eosdem
2243 2613 2336 2646 procu
2358 2611 2376 2632 2¹1

1388 2675 1402 2690 »
1427 2667 1508 2693 tores
1530 2661 1570 2691 ad
1591 2660 1733 2698 singulos
1757 2660 1942 2690 eorumdem
1963 2659 2171 2698 singulariter
2195 2660 2374 2692 subsecutu-
2396 2661 2407 2674 ’“

1387 2729 1401 2744 »
1426 2717 1493 2746 vice
1508 2724 1544 2745 ac
1561 2714 1690 2744 nomine
1706 2714 1781 2744 dicti
1795 2714 1891 2752 regis,
1907 2723 1980 2744 cum
1994 2713 2037 2753 (1)
2050 2723 2196 2753 expressa
2208 2713 2383 2747 intention

1388 2782 1400 2797 n
1425 2770 1529 2809 ipsum
1547 2777 1653 2805 regem
1672 2767 1710 2797 ad
1727 2771 1874 2797 contenta
1890 2769 1924 2797 in
1938 2767 2016 2806 ipsis
2031 2767 2293 2806 responsionibus
2307 2765 2346 2798 ob
2413 2786 2418 2790 -

1386 2835 1401 2850 »
1425 2822 1534 2861 gandi,
1550 2821 1665 2860 quibus
1681 2821 1811 2860 quidem
1828 2821 2093 2860 responsionibus
2109 2820 2208 2850 iidem
2228 2818 2341 2859 prelati
2360 2833 2398 2851 ·;

1387 2888 1400 2904 n
1424 2876 1575 2905 dixerunt
1592 2883 1738 2912 expresse
1760 2878 1789 2904 et
1814 2878 2006 2904 vocaverunt
2028 2874 2120 2914 plene
2138 2877 2318 2912 contentos;
2334 2871 2378 2904 d:
2394 2877 2398 2885 ⁴

1386 2942 1400 2957 ³>
1426 2938 1514 2958 mum
1532 2928 1628 2958 iidem
1646 2932 1754 2957 cantor
1770 2931 1800 2957 et
1819 2928 1983 2958 Johannes
1999 2927 2235 2967 archiepiscopo
2256 2931 2286 2957 et
2305 2923 2387 2957 eu'n·
2408 2966 2409 2970 Ἰ

1386 2995 1399 3010 n
1424 2982 1511 3021 copis
1527 2981 1710 3011 memoratis
1729 2985 1759 3010 et
1774 2981 1875 3011 michi
1895 2981 2071 3020 subscripto
2089 2981 2224 3017 notario,
2242 2988 2298 3020 pro
2312 2975 2390 3027 ἰριζ-

1399 1444 1412 1459 5
1399 1390 1413 1405 ὅ
1399 1337 1413 1352 S
1399 1283 1413 1298 ὅ

1416 3088 1447 3118 (i)
1467 3090 1514 3111 Ms.
1531 3096 1537 3110 .·
1554 3094 1608 3110 non
1624 3094 1658 3110 au
1677 3088 1732 3111 lieu
1751 3089 1784 3110 (te
1801 3094 1871 3110 cum.
