2342 3652
861 347 1087 388 nnumeE
1109 345 1266 386 ANNiin.
2049 354 2104 383 169

97 430 176 458 ’251
356 424 717 459 Sainte-Marie-MaJeure,
735 425 766 450 15
779 432 856 450 mars
875 423 951 450 1289.

61 489 268 525 Indulgentiae.
284 488 366 522 (Rm.
383 489 430 521 44,
449 497 471 514 c.
491 488 540 518 71,
557 487 641 514 §.1⁵27
657 492 704 519 v⁰;
721 486 788 512 LAP.
804 495 840 513 nu
855 485 958 516 Tame,
976 484 1020 517 II,

28 540 81 572 44.)

63 661 89 673 ..
115 640 213 670 abbati
228 643 254 668 et
269 639 427 668 conventui
450 638 627 667 monasterii
644 637 750 666 Sancte
770 637 863 665 Mczrie
878 636 910 664 ds·
928 636 1021 663 Bella-

28 694 115 729 valle,
133 692 335 722 Cistercz‘eusis
351 692 487 727 ordinis,
511 691 669 719 Bisunlz'ne
691 690 823 718 diocesis.
844 688 1022 724 Indulgen-

27 746 102 776 tiam
127 744 223 774 unius
247 744 326 773 anni
355 748 384 772 et
409 744 468 773 XL
496 743 619 772 dierum
646 741 790 771 concedit
821 740 1023 770 visitantibus

29 798 188 830 ecclesiam
211 797 353 836 ejusdem
370 797 565 832 monasterii,
581 796 615 824 in
631 800 766 834 quatuor
779 795 887 824 beatae
905 794 1023 823 Mariae

27 851 179 890 virginiS,
209 849 242 880 S.
274 849 445 885 Bernardi,
473 848 505 878 S.
535 848 632 881 Petri,
665 847 741 878 olim
772 846 1024 877 Tarentasiensis

0 912 1 927 t
28 903 263 942 archiepiscopi,
280 903 370 941 cujus
387 910 498 940 corpus
514 901 548 930 in
565 900 675 930 eadem
691 900 823 930 ecclesia
836 900 1022 938 requiescit,

28 955 264 992 festivitatibus,
288 959 318 984 et
337 963 393 993 per
407 956 486 984 'octo
508 954 575 983 dies
597 953 781 982 festivitates
804 954 888 991 ipsas
908 954 1022 982 imme-

29 1009 110 1041 diate
124 1012 303 1047 sequentes.

67 1075 82 1092 «
99 1062 262 1093 Gloriosus
278 1062 363 1091 Deus
384 1062 456 1091 in...
479 1078 517 1083 —
539 1061 611 1090 Dat.
635 1061 747 1098 Rome,
769 1061 852 1099 apud
874 1060 1023 1091 Sanctam

28 1116 158 1148 Mariam
175 1116 338 1154 Majorem,
360 1115 466 1144 idibus
482 1114 601 1150 martii,
617 1123 703 1144 anno
717 1114 867 1144 secundo.
889 1127 902 1141 υ

95 1273 282 1304 *az-253

59 1336 102 1364 De
116 1336 295 1364 contentione
311 1336 384 1361 inter
399 1335 567 1369 episcopum
583 1334 780 1361 pictavensem
793 1340 820 1361 et
831 1344 927 1369 regem
941 1336 1024 1362 Fran-

26 1386 84 1414 ciae
98 1385 178 1422 (Rae.
196 1385 238 1416 44,
255 1393 282 1411 c.
299 1384 341 1416 7‘2,
359 1384 376 1410 f.
399 1384 445 1411 1⁶28
462 1389 501 1414 r⁰;
519 1383 584 1410 LAP.
603 1392 638 1411 nn
654 1384 742 1410 Triari,
758 1383 795 1415 ΙΙ,
814 1384 868 1417 39).

354 1272 707 1307 Sainte-Marie-tttajeure,
727 1273 766 1299 12¹·
783 1282 857 1300 mars
874 1274 950 1301 1-289.

63 1487 177 1518 Dilectis
191 1487 265 1524 filiis
285 1508 303 1516 ..
324 1487 434 1515 decano
452 1491 478 1515 et
496 1508 515 1516 ..
534 1486 714 1515 cancellario
734 1487 849 1515 ecclesie
866 1488 1021 1516 Parisien-

25 1541 76 1572 sis.
101 1551 115 1567 α
133 1540 241 1578 Nuper
261 1539 300 1569 ad
323 1543 468 1568 nostrum
494 1538 641 1577 pervenit
665 1538 811 1568 auditum
827 1539 921 1577 quod,
948 1547 1021 1569 cum

26 1593 191 1625 Gualterus
210 1592 317 1629 Asini,
342 1591 442 1622 laicus
467 1591 666 1621 pictavensis
691 1591 836 1628 diocesis,
862 1592 1022 1630 quoddam

25 1647 153 1678 feudum
168 1656 186 1676 a
200 1646 384 1676 venerabile
399 1646 496 1675 fratre
511 1650 618 1675 nostro
636 1667 655 1674 ..
677 1645 821 1683 episcopo
841 1645 1022 1674 pictavensi

27 1704 146 1732 teneret
171 1703 240 1735 etc„
275 1703 310 1728 ut
337 1707 431 1737 supra
457 1699 492 1728 in
520 1707 582 1737 qua
608 1698 758 1727 scribitur
786 1698 1023 1728 venerabilibus

26 1753 171 1784 fratribus
190 1775 210 1783 ..
229 1752 414 1782 Ebroicensi
432 1755 463 1781 et
483 1774 503 1781 ..
529 1751 762 1781 Silvanecteusi
784 1752 959 1790 episcopis,
988 1753 1022 1781 in

27 1803 159 1845 capitulo
173 1805 323 1841 XL11110,
341 1814 442 1843 usque
467 1804 592 1834 studeat
611 1804 774 1834 adhibere.
791 1794 946 1840 Quocirca
962 1805 1024 1834 dis-

27 1857 266 1889 cretionivestre
275 1867 330 1897 per
340 1857 512 1897 apostolica
531 1858 645 1896 scripta
662 1859 695 1887 in
711 1858 828 1888 virtute
843 1858 1022 1888 obedientie

26 1911 163 1942 districte
179 1911 382 1950 precipiendo
398 1911 589 1941 mandamus
605 1915 761 1950 quatenus
783 1920 856 1946 vos,
876 1911 925 1941 vel
944 1912 1023 1942 alter

25 1968 175 2002 vestrum,
192 1973 247 2003 pro
262 1969 370 1995 nostra
388 1964 595 2003 etapostolice
611 1964 693 1994 sedis
709 1965 896 2001 reverentia,
915 1965 1022 2003 hujus-

26 2018 110 2050 modi
134 2018 318 2057 negotium,
342 2018 425 2057 quod
448 2018 613 2057 potissime
640 2018 759 2048 insidet
782 2019 868 2049 cordi
894 2024 1021 2056 nostro,

0 2074 5 2078 ”
26 2072 175 2111 promptis
196 2071 313 2101 animis
336 2075 548 2108 assumentes,
576 2080 688 2101 omnes
709 2072 888 2109 magistros,
914 2081 1021 2102 senes-

26 2123 130 2162 callos,
144 2124 274 2155 ballivos
286 2128 317 2154 et
328 2124 478 2155 officiales
491 2124 659 2163 predictos,
669 2133 704 2154 ac
714 2133 930 2163 quoscumque
942 2125 1022 2155 alios

26 2178 205 2208 auctoritate
227 2178 265 2207 ad
289 2178 347 2208 hoc
368 2178 456 2216 regia
480 2177 664 2216 deputatos,
682 2187 700 2207 a
715 2178 880 2217 quibusvis
897 2187 1022 2216 proces-

27 2229 123 2267 sibus,
139 2230 314 2266 sententiis,
330 2230 488 2260 mandatis
503 2230 551 2260 vel
567 2231 807 2260 executionibus
823 2236 930 2260 contra
943 2231 1022 2269 epis-

27 2289 136 2322 copum
155 2283 204 2313 vel
224 2283 388 2313 ecclesiam
404 2283 617 2321 supradictos,
633 2288 775 2322 pretextu
795 2284 1021 2322 premissorum

27 2343 89 2366 non
103 2336 340 2375 comparitionis
358 2336 501 2375 ejusdem
518 2337 655 2374 episcopi
678 2340 707 2366 et
731 2341 841 2366 contra
861 2337 1022 2376 applegia-

0 2416 2 2418 ,
28 2388 130 2428 tionis,
146 2389 195 2420 vel
205 2399 313 2419 earum
322 2389 452 2420 alterius
465 2390 505 2419 ab
520 2398 556 2420 eo
566 2398 631 2420 non
645 2390 724 2419 facte
739 2399 793 2420 seu
807 2399 871 2420 non
882 2391 1021 2429 prestite,

27 2440 196 2480 faciendis,
218 2447 328 2473 contra
345 2442 548 2481 privilegium
569 2446 598 2472 et
616 2444 847 2481 possessionem
864 2444 1021 2482 predicta,

27 2493 76 2525 vel
91 2494 168 2526 alias
183 2500 291 2526 contra
305 2496 484 2526 libertatem
503 2505 565 2535 que
584 2496 661 2534 ipsis
682 2501 860 2535 competere
881 2497 1024 2531 noscitur

27 2547 65 2578 de
88 2549 315 2579 consuetudine
337 2549 387 2579 vel
408 2549 445 2579 de
465 2550 550 2588 jure,
567 2558 602 2579 ac
629 2549 726 2579 etiam
747 2550 899 2588 quicquid
915 2554 1024 2579 contra

28 2603 177 2639 premissa
200 2602 250 2632 vel
274 2603 415 2641 ipsorum
439 2602 567 2640 aliquod
584 2612 639 2641 per
660 2602 752 2639 illos,
770 2603 938 2642 presertim
954 2612 1023 2641 pre-

28 2653 107 2685 dicto
132 2659 274 2694 pretextu
290 2679 296 2693 ,
319 2655 507 2685 inveneritis
523 2656 762 2694 quomodolibet
784 2661 1022 2695 attemptatum,

28 2708 207 2739 auctoritate
223 2714 330 2739 nostra
351 2709 474 2738 faciatis
497 2718 552 2747 per
573 2710 754 2747 magistros,
782 2710 971 2740 senescallos
996 2714 1026 2739 et

28 2759 104 2791 alios
123 2762 317 2800 supradictos
335 2762 469 2791 totaliter
484 2762 641 2797 revocari,
666 2762 714 2792 vel
731 2772 785 2793 vos
801 2763 879 2802 ipsi,
898 2764 924 2792 si
947 2773 1024 2802 opus

28 2812 131 2854 fuerit,
153 2815 278 2853 penitus
300 2813 464 2844 revocetis.
490 2813 646 2844 Volumus
668 2819 774 2846 autem
790 2816 874 2854 quod
892 2817 924 2845 in
941 2816 1023 2853 hiis,

28 2873 82 2904 per
95 2875 150 2896 vos
166 2867 214 2897 vel
230 2876 284 2906 per
301 2867 400 2896 alium
417 2876 471 2896 seu
488 2865 578 2903 alios,
594 2866 633 2896 de
649 2867 743 2905 plano
761 2874 791 2898 et
805 2869 925 2907 absque
944 2874 1022 2899 stre-

29 2919 92 2958 pitu
105 2924 135 2949 et
149 2920 249 2958 figura
259 2920 376 2959 J'udicii
392 2920 577 2958 procedatis,
589 2921 834 2952 contradictores
847 2927 877 2952 et
892 2922 1024 2952 rebelles

28 2979 82 3010 per
91 2980 256 3002 censuram
270 2972 525 3007 ecclesiasticam,
535 2972 745 3011 appellatione
754 2975 933 3013 postposita,
942 2984 1025 3005 com-

28 3025 190 3063 pescendo.
208 3026 280 3055 Non
304 3025 502 3056 obstantibus
523 3025 550 3054 si
572 3025 673 3055 eidem
695 3027 763 3065 regi
786 3032 840 3057 aut
863 3028 1024 3067 aliquibus

165 3090 236 3118 Rae.
256 3090 379 3118 Niconis
398 3090 451 3117 IV.

1103 420 1185 455 aliis⁷
1196 422 1423 459 cujuscumque
1439 418 2106 460 preminentie,dignitatis,conditionisaut

1105 478 1202 502 status
1216 474 1363 510 existant,
1383 474 1465 512 quod
1482 472 1749 503 excommunicari
1767 475 1819 500 aut
1838 479 1944 500 eorum
1964 476 2043 500 terre
2060 480 2104 500 ec·

1105 526 1278 555 clesiastico
1292 527 1462 556 interdicto
1475 526 1610 565 supponi
1622 533 1683 554 non
1696 525 1814 563 possint
1825 533 1879 561 per
1890 523 2008 552 litteras
2024 523 2105 553 dicte

1106 579 1189 608 sedis
1206 588 1266 617 que
1286 579 1323 609 de
1340 579 1464 608 indulto
1482 578 1664 617 hujusiizodi
1680 583 1804 615 totoque
1820 577 1919 614 ipsius
1941 581 2046 606 tenore
2070 585 2106 606 ac

1106 632 1143 661 de
1164 633 1258 662 vei-bo
1281 633 1319 662 ad
1343 633 1474 661 verbum
1498 632 1623 671 plenam
1641 637 1670 660 et
1689 640 1867 668 expressam
1889 639 1952 660 uon
1975 630 2106 660 fecerint

1107 685 1321 716 mentionem,
1347 694 1401 714 seu
1429 685 1595 723 quibusvis
1618 683 1794 722 privilegiis
1822 683 1871 712 vel
1896 683 2106 721 indulgentiis

1106 738 1361 776 quibuscumque
1387 738 1530 776 personis
1554 737 1603 766 vel
1620 737 1696 766 locis
1717 737 1775 765 sub
1794 737 1905 774 quavis
1924 737 2023 765 forma
2042 746 2106 765 ver-

1105 790 1218 819 borum
1242 791 1410 826 concessis,
1435 790 1471 819 de
1493 789 1610 827 quibus
1633 786 1923 827 quorumque‘totis
1946 789 2106 819 tenoribus

1105 842 1139 870 in
1157 842 1274 872 nostris
1290 843 1402 872 litteris
1417 842 1531 871 similis
1546 841 1667 871 mentio
1687 842 1726 870 sit
1742 841 1886 870 habenda
1903 865 1909 876 ,
1927 846 1956 870 et
1974 851 2029 879 per
2046 851 2107 880 que

1107 895 1235 924 effectus
1265 895 1460 934 presentium
1488 894 1639 932 impediri
1672 894 1772 922 valeat
1799 893 2034 931 quomodolibet
2058 894 2106 923 vel

1106 948 1223 977 differi.
1255 948 1414 978 Nolumus
1442 952 1547 977 autem
1579 947 1663 986 quod
1693 956 1747 985 per
1776 947 1958 985 hujusmodi
1987 947 2107 976 litteras

1106 1006 1214 1031 contra
1230 1001 1387 1039 prefatum
1406 1009 1513 1038 regem
1530 1000 1579 1029 vel
1604 1001 1672 1039 ejus
1693 1005 1869 1029 consortem
1887 1004 1940 1028 aut
1955 999 2107 1037 capellam

1106 1055 1226 1091 regiam
1246 1054 1279 1083 in
1300 1054 1406 1092 aliquo
1425 1053 1612 1091 procedatis.
1634 1052 1724 1088 Quod
1745 1061 1816 1081 xero
1834 1052 1970 1081 feceritis
1991 1053 2025 1081 in
2042 1062 2107 1091 pre-

1106 1107 1213 1136 missis
1230 1107 1322 1137 nobis
1337 1116 1391 1145 per
1407 1111 1525 1136 vestras
1540 1107 1659 1135 litteras
1674 1105 1791 1135 harum
1806 1106 1921 1135 seriem
1940 1107 2107 1135 contineu-

1107 1166 1151 1190 tes
1166 1161 1304 1190 fideliter
1331 1160 1497 1190 intimetis.
1525 1160 1595 1189 Dat.
1622 1160 1734 1195 Rome,
1764 1159 1846 1197 apud
1870 1159 2019 1188 Sanctam
2044 1159 2106 1188 Ma-

1105 1215 1187 1244 riam
1204 1215 1370 1254 Majorem,
1388 1213 1534 1243 kalendis
1550 1213 1671 1249 martii,
1688 1221 1774 1242 anno
1789 1213 1938 1243 secundo.
1961 1225 1974 1239 »

1147 1281 1160 1296 (ι
1179 1269 1215 1298 Iu
1239 1278 1265 1298 e.
1289 1278 1331 1297 ni.
1355 1269 1486 1298 eisdem.
1505 1268 1615 1305 Nuper
1634 1267 1673 1296 ad
1699 1272 1841 1296 nostrum
1859 1267 2004 1305 pervenit
2019 1267 2108 1296 audi-

1106 1327 1172 1352 tum
1197 1327 1273 1358 etc.,
1301 1330 1401 1360 usque
1426 1321 1515 1359 gravi
1541 1321 1716 1359 prejudicio
1742 1325 1771 1350 et
1795 1321 1928 1358 jactura.
1955 1319 2107 1356 Quocirca

1107 1375 1289 1405 discretioni
1312 1378 1412 1404 vestre
1433 1384 1489 1413 per
1511 1373 1681 1412 apostolica
1696 1374 1812 1412 scripta
1833 1374 1867 1402 in
1893 1374 2006 1403 virtute
2032 1373 2107 1403 obe-

1107 1429 1224 1458 dientie
1239 1428 1379 1458 districte
1395 1427 1599 1466 precipiendo
1614 1426 1804 1456 mandamus
1820 1432 1977 1465 quatenus
1991 1435 2045 1456 vos
2058 1426 2108 1456 vel

1106 1485 1185 1514 alter
1200 1489 1351 1520 vestrum,
1367 1492 1422 1521 per
1438 1491 1491 1512 vos
1508 1482 1556 1511 vel
1571 1491 1625 1520 per
1639 1481 1740 1511 alium
1753 1491 1806 1511 seu
1818 1482 2058 1520 alios,partibus
2070 1481 2108 1511 ad

1106 1536 1460 1575 vestramsspresentiam
1486 1535 1633 1570 evocatis,
1661 1544 1755 1573 super
1772 1534 1836 1563 hiis
1855 1535 2041 1570 summarie,
2070 1536 2109 1565 de

1106 1591 1200 1630 plano
1223 1596 1253 1620 et
1274 1591 1343 1619 sine
1365 1589 1495 1628 strepitu
1520 1597 1555 1617 ac
1580 1588 1682 1625 figura
1704 1588 1816 1626 judicii
1839 1588 2058 1625 procedentes,
2082 1589 2108 1617 si

1106 1644 1296 1674 inveneritis
1335 1642 1473 1672 eundem
1515 1642 1694 1679 episcopum
1732 1640 2108 1678 contraapplegiationem

1107 1696 1292 1736 hujusmodi
1306 1700 1444 1734 prestare
1461 1694 1596 1723 minime
1607 1693 1764 1730 debuisse,
1783 1693 1929 1731 quodque
1942 1702 2005 1722 non
2023 1698 2108 1722 teue-

1106 1755 1211 1787 retur,
1231 1750 1312 1779 sicut
1333 1748 1526 1788 premittitur
1542 1770 1548 1782 ‚
1572 1756 1678 1776 coram
1695 1755 1769 1783 rege
1784 1747 1851 1784 ipso
1868 1746 1916 1775 vel
1933 1747 2002 1785 ejus
2021 1748 2109 1776 curia

1106 1803 1313 1843 personaliter
1329 1810 1522 1840 comparere,
1539 1801 1694 1839 prefatum
1702 1799 1904 1836 Gauii-idum,
1917 1800 2109 1838 inquocum-

1106 1866 1168 1896 que
1189 1861 1269 1886 statu
1289 1855 1339 1885 vel
1358 1855 1470 1884 habitu
1495 1854 1646 1883 inventus
1668 1853 1782 1889 fuerit,
1808 1861 1881 1882 cum
1910 1862 2001 1891 sepe,
2030 1853 2110 1883 sicut

1106 1911 1273 1947 asseritur,
1290 1908 1460 1939 malitiosis
1476 1907 1588 1938 studiis
1602 1907 1695 1936 illum
1711 1911 1832 1942 mutet,
1850 1911 1906 1936 aut
1927 1907 2108 1944 cujuscum-

1106 1973 1168 2003 que
1195 1973 1251 1993 seu
1282 1970 1559 2001 quorumcumque
1587 1960 1756 1990 familiaris
1788 1960 1854 1989 sive
1885 1959 2110 1989 commensalis

1107 2018 1233 2053 existat,
1261 2016 1345 2055 quod
1372 2015 1476 2045 eidem
1502 2014 1649 2053 episcopo
1677 2013 1759 2043 hona
1786 2013 1895 2043 onmia
1922 2013 2049 2042 mobilia
2080 2017 2111 2042 et

1106 2070 1284 2100 immobilia
1296 2070 1376 2108 ejus,
1393 2078 1454 2108 que
1474 2073 1581 2098 tenere
1597 2077 1651 2097 seu
1671 2067 1787 2096 habere
1800 2067 1988 2102 dinoscitur,
2005 2066 2055 2095 vel
2070 2066 2109 2096 ad

1106 2133 1179 2154 eum
1197 2128 1340 2162 pretextu
1357 2122 1568 2161 predictorum
1585 2130 1648 2151 non
1664 2121 1902 2159 comparitionis
1918 2120 1967 2149 vel
1983 2125 2108 2150 contra-

1105 2176 1347 2216 applegiationis
1373 2175 1412 2205 ab
1439 2175 1584 2214 episcopo
1612 2182 1675 2203 non
1703 2174 1784 2203 facte
1809 2183 1865 2203 seu
1892 2182 1955 2203 nou
1982 2173 2110 2211 prestite

1106 2231 1295 2270 supradicto,
1308 2238 1344 2259 ac
1360 2229 1539 2268 specialiter
1556 2232 1767 2257 memoratum
1781 2231 1920 2257 castrum
1933 2227 1970 2256 de
1983 2226 2107 2264 Engha,

1107 2294 1179 2314 cum
1206 2284 1355 2314 omnibus
1377 2283 1504 2322 juribus
1529 2287 1558 2311 et
1580 2281 1781 2320 pertinentiis
1807 2282 1871 2310 suis
1899 2290 1934 2310 ac
1954 2280 2110 2310 fructibus

1108 2337 1212 2368 medio
1231 2341 1370 2375 tempore
1383 2336 1538 2375 perceptis
1556 2345 1591 2365 ex
1604 2335 1660 2371 eis,
1678 2340 1707 2364 et
1722 2335 1777 2373 qui
1792 2335 1911 2373 percipi
1927 2338 2108 2373 potuerunt,

1108 2400 1163 2430 per
1179 2399 1348 2420 censuram
1367 2389 1613 2419 ecclesiasticam
1631 2393 1660 2417 et
1673 2388 1752 2417 alias
1768 2387 1973 2426 spiritualiter
1990 2392 2019 2416 et
2035 2391 2109 2416 tem-

1107 2443 1268 2482 poraliter,
1298 2446 1390 2481 prout
1410 2441 1557 2480 expedire
1574 2441 1728 2477 videritis,
1751 2441 1926 2470 monitione
1944 2439 2107 2477 premissa,

1107 2497 1236 2535 cogatis,
1254 2496 1314 2525 sibi
1330 2500 1360 2525 et
1375 2495 1447 2524 aliis
1463 2495 1501 2524 de
1518 2494 1634 2533 quibus
1651 2494 1796 2532 expedire
1812 2493 1961 2531 putabitis
1973 2501 2007 2521 ex
2022 2497 2109 2529 parte

1108 2555 1216 2580 nostra
1241 2550 1418 2579 districtius
1449 2549 1653 2587 prohibentes
1685 2556 1724 2576 ue
1754 2547 1901 2584 deinceps
1927 2545 2109 2584 episcopum

1108 2603 1157 2634 vel
1169 2603 1336 2633 ecclesiam
1349 2602 1516 2642 prelibatos
1530 2607 1637 2631 contra
1650 2600 1865 2639 privilegium,
1878 2599 2109 2637 possessiouem

1108 2656 1286 2686 libertatem
1303 2655 1490 2686 canonicam
1509 2659 1540 2684 et
1556 2653 1821 2684 consuetudinem
1843 2652 1909 2681 sive
1928 2651 1980 2689 jus
2003 2659 2109 2680 coram

1109 2710 1220 2740 eodem
1238 2718 1312 2746 rege
1328 2708 1378 2738 vel
1397 2708 1575 2745 magistris,
1598 2705 1802 2740 senescallis,
1826 2704 1952 2734 ballivis
1971 2709 2024 2732 aut
2040 2702 2109 2733 olfi-

1109 2763 1244 2793 cialibus
1260 2772 1314 2792 seu
1331 2761 1403 2791 aliis
1421 2762 1675 2800 quibuscumque
1689 2759 1874 2788 auctoritate
1890 2757 2022 2795 regiain
2040 2765 2110 2785 cau—

1108 2825 1175 2846 sam
1203 2815 1307 2845 trahat
1333 2814 1382 2844 vel
1410 2818 1556 2853 procuret
1587 2822 1641 2843 seu
1671 2813 1764 2841 faciat
1790 2810 1925 2840 evocari.
1955 2808 2108 2847 Alioquin

1107 2874 1217 2900 contra
1244 2877 1315 2906 eos,
1338 2872 1432 2906 prout
1456 2867 1494 2896 de
1515 2867 1587 2905 jure
1613 2866 1728 2901 fuerit,
1756 2864 1924 2903 procedere
1946 2862 2106 2891 studeatis.

1108 2923 1180 2953 Non
1197 2921 1393 2951 obstantibus
1409 2920 1665 2958 quibuscumque
1681 2917 1858 2956 privilegiis
1876 2915 1926 2945 vel
1942 2914 2111 2952 indulgeu-

1108 2976 1171 3012 tiis,
1183 2974 1348 3013 quibusvis
1360 2972 1504 3011 personis
1515 2971 1692 3010 specialiter
1706 2970 1754 3000 vel
1766 2969 1958 3007 generaliter
1971 2968 2010 2997 ab
2024 2976 2110 3006 apos-

1106 3028 1200 3059 tolica
1213 3027 1285 3057 sede
1298 3026 1467 3065 concessis,
1483 3025 1521 3054 de
1535 3025 1652 3064 quibus
1668 3032 1844 3062 quorumve
1862 3022 1931 3052 totis
1949 3020 2110 3050 tenoribus

1936 3087 1969 3113 2⁶2
