2477 3637
228 362 290 393 ‘218
981 354 1219 386 REGISTRES
1241 355 1296 386 DE
1319 354 1506 385 NICOLAS
1528 354 1586 385 IV.

230 439 292 461 usu
311 428 359 459 vel
377 437 431 457 esu
449 436 505 457 suo
522 426 589 464 capi
612 430 641 455 et
663 427 708 456 sic
733 423 879 453 consumi
898 422 947 452 vel
964 423 1035 454 sine
1051 421 1163 452 fraude
1186 421 1242 453 do-

232 482 302 512 nari
319 480 489 518 contigerit
504 478 628 508 decima
647 486 709 508 non
730 476 883 507 solvetur.

275 535 310 565 Et
335 534 410 573 quia
437 531 587 562 nonnulli
603 531 748 561 obtinent
772 538 790 559 a
811 529 1014 559 monasteriis
1042 533 1072 558 et
1100 528 1243 560 ecclesiis

233 588 399 628 prioratus,
417 584 584 623 grangias,
605 583 732 618 domos,
753 581 913 618 redditus,
934 582 1105 621 pensiones
1121 587 1152 612 et
1167 591 1242 612 cen-

231 650 299 675 sus,
326 640 358 669 in
382 637 533 669 solvenda
556 636 596 666 de
621 636 684 666 hiis
710 635 833 666 decima
853 635 1014 665 credimus
1040 635 1243 673 distinguen-

230 693 306 723 dum
322 717 328 727 ,
346 690 494 721 videlicet
511 698 551 719 an
570 689 643 719 talia
662 689 698 718 in
714 688 907 718 beneficium
931 688 1121 724 habeantur,
1143 697 1184 717 an
1204 696 1241 718 ex

230 749 408 779 contractu,
423 752 464 772 au
480 752 517 772 ex
535 751 623 772 mera
639 742 756 780 gratia,
775 745 805 771 et
822 750 862 771 an
883 749 938 779 pro
961 741 1107 770 mercede
1124 740 1243 771 laboris

231 798 280 828 vel
302 797 462 836 obsequii;
487 800 517 825 et
540 795 671 835 quidem
693 795 876 825 obtinentes
894 794 971 824 talia
996 795 1029 823 in
1049 793 1243 824 beneficium

230 856 261 882 et
277 851 373 881 etiam
393 859 429 879 ex
451 858 539 879 mera
564 849 683 886 gratia,
711 848 777 878 sive
795 848 853 878 hoc
883 847 925 877 sit
952 856 1007 886 per
1026 847 1135 877 sedem
1152 855 1243 886 apos-

233 904 378 941 tolicam,
408 903 474 932 sive
498 911 552 941 per
578 903 720 941 ipsorum
745 901 1013 931 monasteriorum
1038 905 1068 931 et
1091 899 1243 931 ecclesia-

233 967 304 988 rum
322 966 488 996 personas,
505 956 544 986 de
561 955 691 986 illorum
710 955 916 994 proventibus
931 953 1056 984 solvent
1070 953 1241 984 decimam.

232 1011 314 1042 Cum
330 1015 435 1040 antem
454 1010 643 1039 obtinentur
664 1008 738 1038 talia
756 1017 793 1038 ex
811 1012 974 1038 contractu
989 1031 995 1044 ,
1015 1011 1088 1046 puta
1106 1007 1146 1036 ad
1163 1015 1243 1045 peu-

232 1065 358 1095 sionem
379 1063 428 1093 vel
445 1064 573 1092 firmam
594 1071 737 1092 annuam
750 1084 758 1099 ‚
774 1062 808 1091 in
826 1070 888 1101 qua
905 1070 968 1091 uon
985 1066 1032 1091 est
1046 1061 1127 1091 facta
1141 1060 1245 1098 gratia

232 1118 413 1153 obtinenti,
439 1117 493 1146 sed
517 1119 650 1155 uterque
675 1115 936 1145 contrahentium
969 1114 1091 1144 studuit
1120 1114 1153 1143 111
1185 1113 1245 1143 1100

233 1171 453 1202 conditionem
472 1178 563 1199 suam
580 1169 683 1199 facere
699 1168 882 1204 meliorem,
904 1172 1100 1206 perceptores
1117 1166 1244 1206 pensio-

233 1226 284 1255 nis
301 1224 349 1254 vel
366 1225 459 1254 firme
476 1223 514 1253 de
531 1223 599 1262 ipsa
624 1222 781 1261 pensione
799 1221 848 1251 vel
865 1221 960 1251 firma
975 1221 1133 1251 decimam
1154 1220 1244 1250 exhi-

234 1278 365 1308 bebunt.

274 1330 309 1361 Si
324 1335 431 1360 autem
450 1329 524 1368 quis
539 1333 613 1358 ante
639 1328 689 1357 vel
709 1331 778 1366 post
799 1328 1036 1358 concessionem
1059 1327 1245 1366 hujusmodi

232 1384 356 1414 decime
373 1383 413 1413 ad
431 1383 530 1412 vitam
550 1382 712 1421 propriam
729 1381 805 1410 emit
823 1385 1006 1419 proventus,
1024 1381 1183 1419 prioratus
1195 1379 1246 1410 vel

231 1437 370 1468 aliorum
387 1436 602 1475 predictorum
630 1443 685 1474 pro
706 1434 814 1473 aliqua
835 1434 970 1473 pecunie
986 1434 1179 1473 quantitate,
1201 1433 1246 1463 ita

237 1490 321 1529 quod
338 1490 372 1519 in
386 1490 443 1519 hoc
461 1490 490 1518 ei
516 1489 654 1518 scienter
672 1488 776 1526 gratia
801 1496 865 1518 non
882 1492 929 1517 est
944 1488 1042 1524 sacta,
1061 1487 1246 1518 considera-

234 1544 321 1574 bitur
336 1548 494 1582 quantum
513 1542 723 1572 extimatione
740 1541 911 1577 communi,
924 1541 1050 1571 valeant
1063 1541 1246 1580 annuipro-

235 1602 349 1628 ventus
367 1598 527 1636 prioratus
540 1620 548 1633 ‚
571 1596 725 1634 grangie,
748 1596 875 1631 domus,
897 1600 1054 1625 terrarum
1071 1604 1126 1625 sen
1143 1595 1246 1625 reddi-

236 1656 326 1680 tuum
345 1649 531 1689 hujusmodi
551 1673 557 1685 ,
576 1653 606 1679 et
625 1649 803 1679 secundum
820 1649 890 1685 hoc,
905 1649 944 1678 ab
960 1648 1026 1678 illis
1044 1657 1182 1687 quorum
1201 1653 1247 1679 est

235 1704 351 1733 horum
380 1703 572 1741 proprietas,
600 1703 654 1741 qni
680 1702 755 1732 inde
784 1702 921 1740 pretium
950 1711 1006 1740 pro
1032 1702 1139 1732 futuro
1166 1706 1245 1732 tem-

236 1765 310 1796 pore
346 1760 553 1794 receperunt,
586 1765 641 1794 per
672 1764 774 1785 annos
803 1755 920 1794 quibus
954 1755 1087 1785 debetur
1123 1755 1247 1786 decima

238 1812 393 1848 exigetur.

278 1864 310 1893 Si
336 1868 441 1893 autem
470 1864 502 1892 in
526 1862 590 1891 hiis
609 1863 710 1900 gratia
738 1863 818 1892 facta
845 1863 886 1892 sit
910 1863 1140 1900 obtinentibus,
1172 1863 1247 1902 quia

238 1917 375 1947 scienter
391 1925 446 1955 pro
470 1916 586 1945 minori
610 1925 707 1954 (1110111
727 1916 852 1945 valeant
868 1921 944 1945 sunt
960 1916 1004 1945 eis
1031 1916 1103 1946 talia
1119 1917 1248 1947 vendita

239 1970 288 2000 vel
307 1970 421 2002 locata,
446 1970 506 2008 ipsi
522 1970 718 2005 obtinentes,
737 1974 766 1999 01
784 1978 847 1999 11011
866 1971 1099 2000 monasterium
1121 1970 1171 2000 vel
1196 1979 1247 2001 ec-

238 2024 349 2060 clesia,
367 2024 405 2053 de
421 2023 476 2052 illo
495 2023 527 2051 in
550 2032 611 2062 quo
630 2023 729 2061 gratia
744 2023 824 2052 facta
845 2028 891 2053 est
907 2023 1002 2062 ipsis,
1018 2029 1048 2053 et
1066 2024 1105 2053 de
1121 2024 1247 2063 reliquo

238 2077 287 2106 illi
301 2085 437 2115 quorum
456 2080 502 2104 est
518 2076 701 2114 proprietas,
718 2076 876 2106 decimam
896 2076 1105 2106 exhibebunt.

280 2130 313 2159 Si
329 2135 435 2159 autem
452 2129 597 2168 personis
613 2129 776 2168 aliquibus
794 2138 849 2167 pro
863 2130 948 2167 justa
963 2130 1109 2160 mercede
1126 2140 1181 2160 seu
1197 2140 1248 2161 re-

240 2183 461 2212 muneratione
485 2182 602 2211 laboris
633 2182 683 2211 vel
708 2183 854 2221 obsequii
875 2184 995 2222 prestiti
1019 2183 1068 2213 vel
1086 2185 1249 2222 prestandi

241 2236 315 2266 talia
333 2244 483 2265 concessa
505 2239 595 2272 sunt,
626 2235 673 2265 1111
697 2244 833 2274 qnorum
857 2241 903 2265 est
929 2236 1059 2267 illorum
1076 2238 1250 2277 proprietas

240 2291 274 2320 111
294 2290 506 2319 decimatione
525 2294 737 2327 proventuum
761 2299 892 2319 suorum
920 2290 1014 2320 etiam
1038 2291 1153 2321 horum
1176 2300 1249 2331 pro-

240 2348 354 2373 ventus
380 2343 495 2372 merito
518 2333 760 2380 numerabunt,
786 2349 816 2373 et
841 2344 879 2373 de
902 2344 985 2379 illis,
1013 2345 1095 2374 sicut
1117 2346 1154 2375 de
1177 2346 1251 2376 aliis

241 2405 320 2436 quos
350 2405 404 2435 pro
427 2396 539 2426 ceteris
562 2397 628 2426 suis
651 2396 842 2427 utilitatibus
865 2398 1065 2436 expendunt,
1091 2399 1250 2430 decimam

241 2450 451 2480 exhibebunt.
470 2450 560 2486 Quod
577 2451 603 2479 si
622 2451 681 2480 1100
697 2460 751 2489 per
767 2450 838 2480 illos
854 2451 911 2490 qui
927 2460 962 2480 ca
977 2452 1123 2483 obtinent
1142 2453 1200 2484 rite
1217 2455 1250 2484 in

241 2504 319 2534 alios
346 2508 421 2533 sunt
445 2503 619 2540 translata,
648 2504 723 2543 111110
745 2514 795 2535 105
818 2505 930 2535 transit
955 2515 1026 2535 cum
1051 2515 1148 2537 onere
1174 2517 1249 2546 suo,

242 2557 338 2586 etiam
357 2557 438 2586 circa
461 2556 532 2587 illos
556 2567 617 2595 que
640 2558 840 2596 prediximus
863 2559 1087 2590 servabuntur.
1111 2560 1178 2591 Nec
1194 2561 1250 2591 de-

241 2610 400 2640 ducentur
416 2620 556 2648 expense
574 2620 636 2649 que
654 2620 710 2650 pro
725 2611 892 2641 monachis
908 2612 961 2650 (1111
979 2613 1012 2641 111
1035 2613 1150 2643 talibus
1165 2615 1250 2653 prio-

243 2663 373 2700 ratibus,
387 2663 531 2701 grangiis
547 2673 602 2693 seu
619 2664 766 2694 domibus
782 2665 816 2694 in
833 2665 1026 2695 beneficium
1039 2676 1093 2697 sen
1111 2676 1147 2697 ex
1164 2677 1251 2698 mera

243 2717 342 2753 gratia
362 2718 519 2747 concessis
543 2727 579 2747 ex
607 2723 696 2759 pacto
720 2719 821 2749 teneri
846 2719 962 2749 debent
983 2720 1054 2750 fieri
1077 2721 1251 2752 dinoscun-

245 2773 305 2798 tur.

287 2821 427 2859 Expense
443 2828 551 2853 autem
572 2824 700 2854 illorum
725 2826 955 2856 monachorum
977 2827 1026 2857 vel
1044 2837 1250 2867 personarum

245 2873 299 2910 qui
322 2874 423 2902 teneri
448 2874 567 2905 debent
585 2885 619 2905 ex
645 2881 732 2915 pacto
751 2878 784 2907 in
803 2879 1012 2917 prioratibus,
1032 2881 1178 2917 grangiis
1196 2890 1250 2911 5011

245 2925 393 2955 domibus
410 2927 448 2955 ad
462 2928 581 2965 justam
596 2929 723 2960 firmam
738 2931 786 2961 vel
800 2933 987 2970 pensionem
1000 2934 1171 2971 concessis,
1185 2935 1251 2964 sive

246 2976 455 3008 determinate
474 2980 605 3018 suerint,
619 2983 686 3012 sive
704 2992 779 3021 non,
793 2985 1031 3016 extimabuutur
1043 2987 1251 3018 extimatione

246 3032 421 3067 communi,
434 3038 463 3061 et
481 3034 573 3064 talem
590 3036 829 3069 extimationem
840 3040 1070 3071 monasterium
1084 3041 1135 3072 vel
1151 3041 1249 3072 eccle-

1327 421 1374 451 sia
1391 422 1484 460 cujus
1505 421 1637 452 illorum
1662 426 1709 451 est
1734 423 1910 461 proprietas
1933 431 2007 453 curn
2035 425 2102 454 suis
2134 426 2338 464 proventibus

1326 473 1510 506 decimabit.

1367 527 1487 558 Prelati
1505 527 1544 558 de
1561 528 1842 567 procurationibus
1860 537 1939 567 quas
1957 529 1990 559 in
2017 530 2210 562 victualibus
2236 534 2338 571 perci·-

1326 580 1419 619 piunt
1435 580 1594 611 decimam
1613 589 1678 611 non
1698 581 1880 619 persolvent
1894 592 1903 619 ;
1919 582 1973 612 sed
1989 582 2037 612 hii
2054 583 2109 622 qui
2125 593 2178 614 eas
2198 590 2339 623 prestant

1325 633 1513 673 hujusmodi
1531 633 1680 663 victualia
1697 634 1730 663 in
1747 633 1962 665 decimatione
1973 644 2106 666 suornm
2126 642 2336 675 proventuum

1326 691 1356 717 et
1379 687 1562 717 reddituum
1584 687 1818 724 numerabunt,
1839 692 1870 718 et
1884 687 2009 718 solvent
2031 688 2191 720 decimam
2214 690 2254 721 de
2275 691 2337 723 eie-

1326 741 1411 771 dem.

1367 794 1415 824 De
1439 793 1505 824 illis
1530 798 1637 824 autem
1660 795 1957 833 procurationibus,
1986 796 2013 825 si
2033 805 2096 835 que
2118 797 2239 827 fuerint
2259 806 2337 838 quas

1326 847 1439 886 prelati
1463 848 1498 877 in
1519 847 1657 886 pecunia
1674 852 1841 878 numerata
1851 849 1924 887 jure
1943 848 2053 888 aliquo
2066 850 2198 880 forsita-n
2212 850 2338 890 spetiali

1327 900 1388 929 rite
1404 900 1604 940 percipiunt,
1622 900 1782 930 decimam
1800 906 1939 939 prestare
1960 905 2120 933 tenentur.
2353 891 2360 898 ⁵

1369 953 1506 983 Prelatis
1520 958 1629 984 autem
1644 954 1701 992 qui
1717 954 1974 993 procurationem
1985 979 1992 991 ,
2009 955 2037 985 si
2052 964 2116 994 qua
2132 957 2228 987 fuerit
2241 965 2337 997 quam

1328 1005 1399 1036 sine
1417 1006 1602 1037 visitatione
1620 1007 1723 1046 potuit
1742 1007 1893 1038 similiter
1911 1008 2037 1047 spetiali
2053 1009 2133 1039 forte
2147 1011 2221 1049 ¹jure
2235 1006 2336 1050 perci-

1328 1068 1402 1098 pere
1418 1060 1452 1089 iu
1471 1061 1608 1099 pecunia
1625 1066 1795 1091 numerata
1807 1084 1815 1098 ,
1832 1061 1931 1091 alicui
1949 1061 2081 1093 ecclesie
2096 1063 2248 1103 remittit,
2263 1064 2338 1103 quia

1327 1113 1463 1142 remittit
1478 1113 1565 1152 quod
1584 1114 1644 1144 sihi
1660 1114 1793 1144 debetur
1808 1119 1839 1144 et
1862 1114 1900 1144 de
1928 1123 1991 1154 quo
2016 1115 2165 1146 solvisset
2179 1116 2338 1148 decimam

1328 1166 1355 1195 si
1374 1167 1543 1205 recepisset
1556 1167 1652 1202 iilud,
1674 1172 1798 1197 tenetur
1814 1178 1849 1197 ex
1867 1168 1922 1197 tali
1938 1170 2162 1208 procuratione
2177 1169 2337 1202 decimam
2378 1198 2385 1206 ‚

1328 1219 1490 1249 exhibere.
1513 1220 1548 1250 Si
1572 1229 1648 1251 vero
1667 1221 1926 1259 procurationem
1952 1231 2050 1260 quam
2074 1227 2198 1253 tantum
2215 1223 2251 1252 iu
2268 1222 2335 1255 vic-

1329 1272 1470 1303 tualibus
1487 1273 1564 1303 licet
1579 1273 1618 1304 de
1629 1275 1703 1313 jure
1717 1275 1883 1304 communi
1904 1276 2022 1314 percipi
2038 1275 2172 1306 fortasse
2186 1276 2339 1316 remittat,

1329 1335 1465 1364 persona
1488 1326 1703 1358 ecclesiastica
1728 1329 1779 1358 cui
1806 1328 1953 1358 remissio
1978 1329 2060 1358 facta
2084 1333 2131 1359 est
2154 1329 2339 1368 hujusmodi

1330 1378 1482 1409 victualia
1505 1389 1581 1410 cum
1605 1380 1677 1410 aliis
1698 1382 1765 1411 suis
1787 1382 2012 1421 proventibus,
2038 1391 2111 1412 cum
2131 1382 2231 1413 solvet
2251 1382 2339 1414 deci-

1329 1441 1433 1469 mam,
1451 1433 1633 1471 extimabit,
1652 1443 1725 1464 cum
1743 1435 1858 1471 etiam,
1884 1436 1909 1464 si
1928 1444 1993 1466 non
2010 1440 2093 1465 esset
2108 1436 2261 1474 remissa,
2280 1436 2341 1468 hoo

1330 1486 1434 1517 facere
1452 1491 1625 1518 teneretur.

1370 1540 1408 1570 In
1425 1540 1578 1571 solvendo
1593 1540 1753 1571 decimam
1769 1542 1985 1580 supradictam
1998 1541 2064 1572 sole
2076 1551 2213 1581 expense
2226 1551 2339 1574 neces-

1330 1593 1413 1623 sarie
1425 1603 1488 1632 que
1504 1594 1586 1624 fiunt
1601 1594 1636 1623 in
1657 1604 1690 1623 re
1703 1603 1739 1624 ex
1757 1603 1820 1633 qua
1838 1594 1960 1625 fructus
1972 1595 2203 1634 percipiuntur,
2219 1595 2339 1628 arando

1330 1650 1360 1677 et
1384 1646 1518 1677 colendo
1539 1656 1576 1677 ac
1599 1647 1781 1685 colligendo
1806 1647 1928 1677 fructus
1942 1673 1949 1685 ,
1966 1649 2036 1678 sine
2051 1649 2168 1688 quibus
2186 1657 2251 1679 non
2268 1657 2339 1688 pos-
2362 1653 2366 1660 ”

1330 1705 1406 1730 sunt
1420 1700 1483 1739 ipsi
1498 1701 1620 1730 fructus
1634 1700 1773 1739 percipi,
1792 1700 2002 1731 deducentur.

1370 1754 1516 1793 Expense
1527 1758 1635 1784 autem
1647 1763 1708 1793 que
1720 1755 1804 1784 fiunt
1814 1755 1848 1784 in
1864 1759 2041 1785 castrorum
2055 1755 2254 1793 custodibus,
2267 1764 2339 1788 cum
2356 1769 2357 1772 ¹

1330 1808 1394 1837 51111
1406 1813 1493 1838 extra
1504 1817 1584 1844 rem,
1598 1808 1647 1838 vel
1662 1808 1696 1837 in
1709 1808 1842 1838 edificiis
1854 1809 2078 1839 construendis
2089 1809 2138 1839 vet
2149 1818 2338 1840 eonservan·

1330 1861 1396 1898 dis,
1414 1861 1598 1892 nullatenus
1618 1861 1827 1898 deducentur,
1847 1863 1929 1891 sicut
1951 1870 2011 1892 nec
2028 1862 2083 1892 ille
2099 1872 2161 1901 que
2178 1871 2234 1902 pro
2251 1862 2337 1894 villis

1331 1915 1459 1945 tuendis
1473 1916 1587 1945 fierent
1606 1915 1640 1945 in
1657 1915 1782 1953 guerris
1797 1924 1852 1944 seu
1869 1915 1966 1945 etiam
1981 1915 2162 1946 cavalcatis.

1373 1969 1420 1999 De
1434 1968 1499 1998 hiis
1514 1977 1642 2008 quoque
1666 1978 1728 2007 11110
1754 1969 1935 1999 consistunt
1950 1970 1984 1999 in
1997 1970 2237 2008 jurisdictione,
2253 1979 2340 2002 mero

1332 2022 1489 2061 imperio,
1514 2021 1677 2059 regalibus
1700 2026 1795 2060 atque
1824 2022 2010 2059 similibus,
2037 2022 2178 2053 solvetur
2199 2023 2337 2062 decima,

1332 2076 1475 2106 deductis
1497 2075 1669 2105 moderatis
1693 2075 1822 2105 salariis
1845 2085 1907 2114 que
1927 2081 2001 2106 aute
2026 2077 2265 2108 concessionem
2286 2076 2339 2108 do-

1332 2129 1415 2159 cime
1430 2133 1666 2159 consueverunt
1691 2128 1828 2167 persolvi
1852 2128 2016 2168 J'udicibus
2028 2152 2035 2166 ,
2052 2129 2244 2166 officialibus
2265 2138 2338 2161 con-

1333 2183 1558 2221 similibusque
1577 2182 1739 2221 personis,
1759 2182 1831 2212 sine
1855 2182 1975 2221 quibus
1995 2183 2177 2222 jurisdictio
2195 2188 2226 2214 et
2239 2187 2340 2215 cetera

1333 2236 1455 2267 similia
1476 2240 1642 2275 nequeunt
1664 2236 1820 2273 exerceri,
1842 2236 1885 2265 ita
1907 2241 2014 2266 tamen
2035 2237 2120 2276 quod
2141 2238 2175 2268 in
2197 2226 2349 2268 fraudem¹

1333 2291 1456 2321 decime
1484 2290 1587 2320 nichil
1611 2290 1694 2319 circa
1719 2289 1779 2320 hoc
1806 2289 2012 2329 aliquatenus
2041 2295 2264 2331 attemptetur,
2286 2286 2364 2326 sed]

1333 2339 1471 2384 expense
1484 2343 1685 2380 officialium,
1694 2343 1841 2383 J'udicum
1856 2348 1886 2374 et
1899 2344 2121 2375 consimilium
2133 2352 2339 2384 personarum

1333 2400 1413 2429 facte
1435 2399 1469 2428 in
1497 2398 1638 2428 vestibus
1660 2407 1715 2427 seu
1743 2398 1936 2429 victualibus
1961 2399 2098 2429 minime
2124 2399 2337 2437 deducentur.

1333 2452 1416 2482 sicut
1435 2460 1493 2482 nec
1508 2451 1570 2482 alie
1586 2460 1723 2490 expense
1738 2451 1860 2481 similes
1877 2452 1956 2482 facte
1972 2452 2056 2483 circa
2070 2452 2168 2483 aliam
2185 2451 2338 2483 familiam

1333 2505 1540 2545 prelatorum.

1374 2560 1510 2589 Ratione
1528 2561 1635 2588 autem
1658 2557 1720 2587 eris
1744 2557 1844 2588 alieni
1867 2566 1930 2597 quo
1951 2567 2085 2597 persona
2111 2558 2236 2589 solvens
2254 2556 2338 2589 deci*

1334 2622 1419 2642 mam
1449 2612 1588 2650 obligata
1615 2611 1765 2641 consistit
1794 2611 1896 2650 nichil
1923 2612 1962 2642 de
2000 2612 2124 2643 decima
2159 2615 2336 2651 minuetur,

1335 2667 1432 2697 etiam
1446 2666 1472 2696 si
1490 2669 1573 2696 certe
1587 2674 1637 2695 res
1652 2664 1867 2695 ecclesiastice
1885 2669 2012 2705 propter
2029 2665 2088 2697 hoc
2105 2675 2123 2696 a
2140 2665 2338 2705 quocumque

1334 2719 1510 2759 spetialiter
1528 2719 1649 2749 suerint
1665 2718 1814 2757 obligate.
2319 2717 2324 2725 ’

1376 2774 1456 2804 Item
1474 2773 1512 2803 de
1531 2773 1637 2802 furnis
1656 2777 1687 2803 et
1705 2772 1901 2803 molendinis
1919 2773 2043 2803 decima
2061 2773 2264 2812 prestabitur.

1375 2827 1521 2858 Solvetur
1550 2830 1657 2856 autem
1686 2826 1809 2856 decima
1834 2826 1872 2856 de
1903 2826 2121 2857 oblationibus
2134 2851 2141 2864 ,
2168 2826 2236 2857 sive
2261 2825 2338 2857 flant

1334 2889 1389 2919 pro
1406 2879 1628 2910 benedictione
1654 2880 1861 2916 nubentium,
1884 2879 1951 2909 sive
1968 2888 2023 2919 pro
2039 2879 2184 2919 exequiis
2199 2881 2336 2910 mortuo-

1334 2942 1417 2969 rum,
1434 2941 1558 2963 necnon
1576 2932 1614 2962 de
1632 2924 1836 2971 proventibus
1851 2932 2032 2970 sigillorum
2049 2932 2241 2971 prelatorum
2255 2935 2287 2963 et
2299 2931 2338 2964 de

1335 2986 1478 3016 emendis
1498 2994 1576 3023 quas
1594 2985 1633 3015 ab
1652 2985 1937 3015 excommunicatis
1956 2985 2126 3024 recipiunt.

1375 3040 1421 3069 De
1442 3039 1553 3077 legatis
1576 3047 1703 3077 quoquc
1724 3038 1784 3068 sibi
1804 3045 1834 3068 et
1852 3038 1925 3068 aliis
1958 3039 2101 3077 personis
2120 3037 2336 3070 ecclesiasticis
