2477 3637
218 335 254 364 26
429 352 434 353 ν
963 331 1200 363 REGISTRES
1222 333 1277 363 DE
1300 333 1485 364 NICOLAS
1507 334 1564 364 IV.

290 400 374 429 ¹58
837 397 930 429 Rieu,
946 398 979 425 ἓν.)
992 398 1056 433 juin
1074 397 1153 425 1288.

253 476 386 503 Potestas
400 474 567 502 conferendi
583 474 656 501 duas
671 473 858 509 praebendas.
876 472 963 506 (Rae.
980 473 1026 505 44,
1044 481 1070 500 c.
1087 474 1136 505 80,
1152 474 1172 500 f.
1189 473 1220 500 21

217 532 256 558 τος
275 524 342 552 Lar.
359 533 394 551 nu
409 523 510 555 Τιιειι..
528 523 556 555 1,
573 523 628 556 27.)

261 653 427 682 Venerabili
445 652 539 688 fiatri
563 651 711 680 Ademaro
739 652 872 689 episcopo
900 650 1142 680 Claromonlensi
1165 659 1220 690 po—

217 709 362 736 testatem
377 704 523 735 concedit
538 703 675 733 faciendi
701 704 799 742 recipi
818 703 897 734 duas
914 712 1062 742 personas
1078 703 1220 742 ydoneas

213 759 248 788 in
266 757 521 788 Claromontensi
538 756 683 793 ecclesia,
700 756 733 786 in
747 765 810 795 qua
827 756 1079 795 praebendarum
1095 756 1220 787 collatio

213 810 277 840 ad..
304 809 518 848 praepositum
535 813 565 839 et
589 808 764 848 capitulum
783 809 884 848 ipsius
899 809 1050 839 ecclesiae
1071 810 1219 849 pertinet,

214 865 247 893 in
270 864 440 893 canonicos
459 867 489 892 et
508 863 542 892 in
559 863 690 899 fratres,
712 871 748 892 ac
766 862 954 902 providendi
979 863 1122 901 personis
1142 863 1219 901 ipsis

213 917 252 947 de
267 917 454 956 praebendis
475 925 538 947 non
565 916 813 946 sacerdotalibus
836 917 1020 946 vacantibus
1040 917 1159 946 ibidem
1179 917 1219 946 ad

209 979 362 1009 praesens
378 969 428 999 vel
444 978 541 1008 quam
561 970 700 1008 primum
719 969 889 1006 vacaturis,
908 978 1031 1000 necnon
1052 974 1081 1000 et
1097 974 1219 1000 contra-

212 1023 345 1053 dictores
362 1032 417 1061 per
432 1031 601 1052 censuram
615 1022 860 1053 ecclesiasticam
873 1022 1084 1061 appellatione
1100 1027 1220 1062 postpo-

211 1076 271 1105 sita
285 1075 518 1114 compescendi.

256 1142 268 1156 ι
291 1131 392 1159 'ruam
409 1129 552 1160 volentes
569 1130 763 1160 honorare...
787 1147 823 1151 —
844 1130 915 1160 Dat.
937 1131 1052 1168 Reate,
1068 1140 1087 1160 x
1104 1131 1218 1161 kalen-

211 1183 266 1213 das
281 1183 367 1222 julii,
387 1191 472 1213 anno
491 1183 602 1222 primo.
625 1195 637 1209 n

283 1383 365 1412 ¹59
847 1381 938 1412 Ricti,
956 1382 970 1409 3
983 1383 1048 1416 juin
1068 1382 1143 1409 1288.

245 1457 286 1483 De
302 1457 536 1493 procuratoribus
548 1457 760 1484 constituendis
771 1458 911 1485 ecclesiae
924 1457 1060 1485 Nolanae.
1077 1458 1157 1491 (Rea.
1171 1458 1213 1490 44,

208 1514 234 1533 e.
251 1507 295 1538 st,
312 1507 330 1532 f.
348 1507 379 1532 -ιι
397 1507 444 1541 ro.)

254 1636 419 1664 Venerabili
434 1636 529 1671 fratri
555 1636 587 1665 G.
609 1636 741 1674 episcopo
757 1636 933 1674 Sabinensi,
955 1639 1114 1675 apostolice
1138 1639 1215 1668 sedis

155 1701 159 1704 ·
209 1690 316 1726 leyato,
334 1688 464 1717 mandat
480 1692 648 1726 quatenus,
667 1689 694 1717 si
710 1697 821 1718 verum
840 1689 880 1718 sit
902 1690 986 1729 quod
1001 1691 1112 1721 dicunt
1128 1692 1214 1723 Tho-

208 1742 328 1771 masius
352 1741 481 1778 Cantor,
507 1741 621 1771 Petrus
653 1741 837 1772 Baraballae
858 1747 888 1772 et
911 1744 973 1774 Leo
989 1744 1026 1774 de
1050 1746 1212 1783 Argeum,

207 1794 352 1823 canonici
373 1793 524 1824 ecclesiae
542 1794 703 1831 Nolanae,
723 1794 762 1824 de
778 1795 1060 1835 dilapidationibus
1084 1798 1211 1838 Felicis,

208 1847 394 1886 presbyteri,
413 1852 443 1876 et
463 1847 591 1881 Ysaiae,
617 1848 716 1886 ipsius
731 1848 882 1879 ecclesiae
903 1852 1144 1889 canonicorum,
1162 1853 1212 1882 his

207 1901 319 1931 amotis
331 1923 340 1938 ,
371 1909 521 1939 personas
550 1902 691 1940 ydoneas
724 1902 792 1932 loco
823 1904 965 1942 ipsorum
996 1911 1212 1944 procuratores

207 1955 374 1984 constituat
399 1954 499 1984 dictae
525 1954 676 1985 ecclesiae
695 1959 772 1986 tunc
797 1958 937 1987 vacantis
956 1968 1011 1997 per
1026 1965 1162 1989 mortem
1179 1961 1209 1991 J.

208 2008 324 2037 Nolani
340 2009 488 2047 episcopi.
513 2026 550 2029 —
570 2009 652 2038 Dicti
669 2009 756 2039 enim
777 2010 865 2040 Felix
889 2015 918 2041 et
934 2012 1031 2042 Ysaia
1050 2025 1062 2039 α
1081 2013 1163 2043 hona
1181 2018 1210 2044 et

207 2062 392 2091 thesaurum
408 2061 507 2099 ipsius
523 2061 654 2092 ecclesie
669 2062 847 2102 dilapidant
865 2068 896 2094 et
916 2070 1128 2103 consumunt,
1147 2075 1211 2096 non

207 2119 351 2143 verentes
368 2123 404 2144 ea
421 2115 556 2153 propriis
572 2120 601 2145 et
617 2117 933 2154 consanguineorum
951 2119 1062 2149 usibus
1078 2120 1110 2149 in
1125 2120 1210 2158 ejus—

205 2167 277 2196 dem
297 2167 426 2197 ecclesie
445 2168 647 2206 dispendium
665 2169 828 2208 deputare.
846 2183 859 2197 ι)

249 2233 260 2246 π
278 2221 321 2250 Ex
340 2225 425 2259 parte
441 2220 713 2252 dilect01·um„.—
727 2224 797 2253 Dat.
817 2224 928 2263 Reate,
944 2235 979 2255 111
999 2235 1098 2256 nonas
1111 2228 1210 2266 junii,

206 2282 290 2303 anno
309 2282 421 2312 primo.
446 2286 458 2300 »

279 2481 464 2510 1130-183
822 2485 913 2519 Rieu,
932 2486 965 2513 ‘20
978 2488 1042 2521 juin
1060 2489 1137 2516 1288.

241 2557 420 2589 Monaldum,
447 2558 555 2585 ordinis
572 2560 689 2586 fratrum
707 2561 849 2588 minorum
865 2563 1043 2596 professum,
1071 2565 1218 2592 ecclesiae·

204 2605 332 2632 Civitatis
348 2606 525 2634 Castellanae
542 2609 671 2643 praeficit
685 2610 712 2636 in
729 2610 908 2645 episcopum.
934 2612 1024 2646 (Res.
1043 2614 1075 2640 44
1087 2636 1093 2646 ,
1116 2623 1141 2641 c.
1159 2615 1207 2648 82,

205 2655 222 2680 s.
239 2655 268 2680 ²31
288 2662 329 2686 r⁰;
350 2655 465 2689 Po'rrn„
480 2657 588 2690 22745.)

251 2783 414 2813 Venerabili
439 2788 533 2821 fratri
561 2787 697 2817 Monaldo
716 2790 848 2827 episcopo
871 2790 1010 2821 Civitatis
1029 2792 1205 2824 castellane.

206 2846 218 2860 α
245 2835 282 2864 Ex
301 2841 443 2875 suscepte
459 2839 659 2870 servitutis...
682 2841 811 2872 Dudum
830 2843 986 2882 siquidem
1004 2845 1136 2876 ecclesia
1152 2846 1207 2877 Ci-

205 2889 309 2917 vitatis
326 2889 504 2921 Castellane
526 2902 580 2931 per
597 2894 718 2925 obitum
741 2896 821 2926 bone
844 2899 998 2928 memorie
1014 2898 1052 2929 G.
1071 2900 1208 2939 episcopi

204 2942 348 2972 Civitatis
361 2943 539 2975 Castellane
553 2951 672 2984 pastore
683 2953 825 2987 vacante,
838 2950 900 2981 duo
913 2951 1041 2982 fuerunt
1051 2953 1084 2982 in
1097 2953 1207 2983 eadem

205 2995 335 3025 ecclesia
363 2996 402 3025 ab
423 2997 523 3035 ipsius
545 2998 675 3030 ecclesie
699 3003 879 3040 canonicis,
907 3014 970 3035 una
994 3006 1143 3036 videlicet
1169 3006 1208 3036 de

1305 399 1439 437 Jacobo,
1457 401 1601 439 ejusdem
1613 424 1620 438 ‚
1644 400 1768 440 reliqua
1785 410 1861 432 vero
1879 402 1917 433 de
1936 404 2081 442 Angelo,
2102 404 2312 436 Viterbiensis

1307 451 1512 482 ecclesiarum
1547 453 1834 492 archipresbyteris
1847 479 1854 492 ,
1880 455 2050 488 electiones
2085 458 2119 488 in
2152 458 2311 489 discordia

1305 505 1461 536 celebrate
1481 517 1488 543 3
1526 507 1580 545 qui
1615 506 1760 537 videlicet
1794 507 2064 549 archipresbyteri
2095 515 2222 550 propter
2253 511 2312 542 hoc

1305 559 1520 597 postmodnm,
1548 564 1640 599 prout
1672 560 1878 598 tenebantur,
1903 563 1943 592 ad
1974 564 2082 594 sedem
2106 565 2310 604 apostolicam

1304 613 1505 650 accedentes,
1531 613 1658 643 tandem
1678 614 1757 652 juri,
1776 615 1905 654 siquod
1930 616 1976 646 eis
1998 620 2028 646 et
2046 625 2155 647 eorum
2184 618 2312 657 utrique

1304 674 1340 694 ex
1366 665 1550 705 hujusmodi
1571 667 1778 697 electionibus
1796 668 1957 706 quesitum
1976 669 2088 708 fuerat,
2107 671 2138 701 in
2159 671 2310 701 manibus

1304 719 1404 750 felicis
1420 721 1647 751 recordationis
1664 721 1797 751 Honorii
1818 731 1894 761 pape
1910 723 1976 753 IIII
1994 724 2225 763 predecessoris
2240 733 2312 756 nos-

1304 773 1341 802 tri
1360 774 1624 804 renuntiaverunt
1642 775 1740 805 libere
1757 779 1786 805 et
1813 784 1969 814 expresse.
1988 777 2054 807 Nos
2073 778 2216 817 itaque...
2240 787 2310 818 pre·

1303 826 1364 856 sate
1388 827 1519 857 ecclesie
1536 827 1681 858 Civitatis
1706 828 1887 859 Castellane
1913 829 1952 859 de
1972 834 2000 860 te
2027 831 2150 862 ordinis
2176 832 2309 862 fratrum

1302 880 1465 910 minorum
1488 881 1636 912 duximus
1659 882 1908 920 providendum,
1936 887 2028 922 teque
2049 884 2153 914 eidem
2178 884 2311 916 ecclesie

1303 934 1492 973 prefecimus
1508 936 1540 964 in
1557 935 1739 975 episcopum
1753 941 1783 966 et
1799 941 1966 975 pastorem,
1984 946 2093 968 curam
2110 942 2139 968 et
2153 938 2310 969 adminis-

1303 987 1471 1018 trationem
1500 989 1599 1027 ipsius
1629 989 1682 1019 tibi
1708 990 1743 1019 in
1776 989 1995 1029 spiritualibus
2025 995 2055 1021 et
2081 991 2308 1030 temporalibus

1301 1041 1539 1078 committendo,
1558 1050 1594 1072 ac
1612 1042 1843 1081 subsequenter
1863 1051 1984 1073 munus
2002 1044 2253 1075 consecrationis
2271 1053 2308 1075 ex
2334 1064 2338 1066 ἡ

1302 1094 1418 1123 nostris
1452 1094 1601 1124 manibus
1634 1095 1691 1125 tibi
1726 1095 1877 1125 duximus
1910 1096 2201 1134 impendendum...
2234 1097 2308 1128 Dat.

1302 1148 1414 1183 Reate,
1434 1157 1475 1177 xu
1492 1147 1644 1178 kalendas
1656 1148 1742 1187 Julii,
1759 1158 1844 1179 anno
1860 1150 1973 1188 primo.
1995 1161 2007 1176 n

1344 1202 1377 1230 ln
1396 1211 1422 1231 e.
1443 1211 1481 1231 m.
1494 1201 1630 1240 capitulo
1644 1202 1794 1233 ecclesiae
1807 1203 1951 1233 Civitatis
1963 1203 2165 1234 Castellanao
2178 1204 2310 1234 mandat

1300 1259 1458 1292 quatenus
1481 1255 1584 1284 eidem
1603 1255 1749 1295 episcopo
1767 1256 1906 1287 debitam
1930 1257 2058 1296 praebat
2079 1257 2306 1288 obedientiam.

1302 1308 1373 1337 Dat.
1392 1312 1426 1338 ut
1441 1317 1547 1346 supra.

1340 1361 1377 1390 In
1392 1369 1418 1390 e.
1432 1370 1474 1390 m.
1488 1361 1571 1391 clero
1585 1362 1721 1391 civitatis
1732 1367 1762 1392 et
1772 1362 1926 1393 dioecesis
1935 1363 2080 1393 Civitatis
2093 1362 2304 1394 Castellanae.

1342 1415 1377 1444 Iu
1396 1424 1422 1443 e.
1441 1423 1484 1444 m.
1510 1414 1623 1454 populo
1648 1416 1785 1445 civitatis
1804 1420 1834 1446 et
1849 1416 2002 1447 dioecesis
2018 1416 2164 1447 Civitatis
2181 1415 2304 1447 Castel-

1299 1466 1401 1497 lanae.

1370 1675 1455 1703 164
1916 1675 2003 1706 Ricti,
2023 1675 2137 1710 ⁴1⁰¹·juin
2155 1675 2233 1704 1288.

1333 1746 1517 1786 Dispensatio
1534 1758 1621 1785 super
1639 1751 1799 1786 pluralitate
1815 1751 2030 1778 beneficiorum.
2049 1751 2132 1784 (Rae.
2150 1751 2200 1785 44,
2217 1760 2242 1779 c.
2260 1752 2302 1784 83,

1297 1799 1565 1833 f.21v0;L1m.nu
1580 1800 1684 1830 Tflair,
1703 1799 1732 1831 Ι,
1750 1800 1805 1833 29.)

1336 1937 1445 1965 Dilecto
1460 1937 1525 1973 filio
1540 1937 1687 1973 mayiscro
1699 1936 1879 1973 Raymundo
1896 1936 2040 1972 Barbelli,
2056 1937 2200 1966 canonico
2213 1937 2302 1968 eccle-

1294 1991 1336 2019 sie
1351 1991 1563 2025 Narbonensis,
1584 2001 1596 2016 z<
1617 1994 1651 2019 ut
1676 1993 1880 2028 personatum
1906 1988 1957 2019 vel
1983 1989 2169 2028 dignitatem
2193 1998 2302 2020 curam

1296 2052 1359 2074 nou
1378 2043 1548 2073 habentem
1563 2043 1763 2079 animarum,
1788 2043 1816 2072 si
1838 2043 1911 2081 quis
1936 2042 1987 2072 vel
2006 2044 2033 2072 si
2051 2051 2114 2081 qua
2136 2043 2170 2072 in
2192 2042 2303 2073 eadem

1296 2096 1428 2127 ecclesia
1451 2095 1655 2126 Narbonensi
1681 2095 1739 2125 tibi
1763 2095 1916 2125 canonice
1940 2095 2109 2132 offeratur,
2133 2095 2227 2126 illum
2253 2096 2302 2126 vel

1263 2145 1268 2149 ”
1294 2150 1385 2180 illam
1396 2149 1493 2179 libere
1504 2150 1654 2188 recipere,
1666 2154 1694 2179 et
1704 2158 1767 2179 una
1775 2158 1848 2179 cum
1858 2149 1989 2179 ecclesia
1999 2149 2038 2179 de
2048 2150 2301 2187 Menerba,Nar-

1294 2204 1446 2234 bonensis
1467 2203 1612 2241 diocesis,
1629 2212 1738 2232 curam
1755 2203 1938 2233 animarum
1955 2203 2104 2240 habente,
2121 2212 2156 2234 ac
2173 2204 2298 2234 canoni-

1295 2258 1416 2287 catibus
1429 2261 1459 2287 et
1474 2257 1655 2296 prebendis,
1671 2265 1750 2296 quos
1765 2257 1798 2286 in
1815 2257 2019 2286 Narbonensi
2033 2261 2064 2287 et
2076 2257 2186 2287 Sancti
2198 2257 2302 2288 Affro—

1295 2312 1369 2342 disii
1392 2311 1568 2342 Biterrensi
1587 2310 1729 2341 ecclesiis
1749 2310 1866 2340 habere
1886 2314 1912 2339 te
1931 2310 2045 2340 asseris
2057 2333 2066 2348 ‚
2083 2310 2169 2341 licite
2194 2310 2301 2342 valeas

1294 2365 1442 2395 retinere.
1473 2364 1508 2394 Si
1535 2372 1609 2394 vero
1637 2367 1822 2402 personatus
1847 2363 1896 2393 vel
1919 2364 2058 2402 dignitas
2082 2364 2138 2403 qui
2163 2363 2214 2395 vel
2239 2373 2301 2404 que

1293 2427 1403 2448 curam
1425 2417 1540 2448 habeat
1556 2417 1740 2447 animarum
1757 2417 1789 2446 in
1809 2416 1947 2455 predicta
1974 2416 2108 2447 ecclesia
2121 2417 2177 2448 tibi
2192 2417 2300 2448 offerri

1292 2471 1472 2510 contigerit,
1491 2471 1597 2509 ipsum
1611 2469 1661 2499 vel
1684 2469 1784 2508 ipsam
1802 2470 1901 2508 possis
1920 2470 2015 2499 etiam
2036 2469 2138 2500 libere
2156 2469 2300 2509 recipere

1293 2534 1329 2556 ac
1340 2525 1488 2555 similiter
1496 2533 1570 2554 cum
1586 2523 1714 2562 prefatis
1727 2523 1967 2553 canonicatibus
1984 2527 2013 2553 et
2028 2523 2197 2562 prebendis
2211 2522 2300 2554 licite

1292 2580 1442 2616 retinere,
1458 2577 1683 2608 constitutione
1698 2576 1856 2615 generalis
1875 2576 1999 2608 concilii
2019 2586 2114 2616 super
2136 2576 2196 2607 boc
2213 2576 2299 2608 edita

1292 2633 1342 2663 vel
1353 2632 1494 2672 qualibet
1505 2631 1567 2661 alia
1579 2630 1713 2659 minime
1726 2630 1910 2660 obsistente.
1924 2629 2079 2660 Volumus
2091 2634 2198 2660 tamen
2210 2630 2299 2669 quod

1291 2690 1457 2726 postquam
1474 2685 1572 2723 ipsius
1589 2687 1773 2722 personatus
1791 2683 1839 2713 vel
1861 2683 2025 2722 dignitatis
2041 2691 2152 2713 curam
2169 2682 2298 2713 anima-

1291 2748 1364 2769 rum
1375 2738 1522 2768 habentis
1537 2737 1769 2776 possessionem
1786 2736 1951 2776 pacificam
1975 2735 2074 2766 fueris
2089 2739 2252 2767 assecutus
2268 2740 2299 2766 et

1291 2792 1411 2822 fructus
1425 2791 1584 2830 percipere
1597 2790 1753 2829 inceperis
1767 2799 1803 2820 ex
1821 2789 1932 2820 eodem
1942 2789 2116 2828 predictam
2129 2789 2295 2820 ecclesiam

1290 2845 1329 2875 de
1346 2844 1516 2880 Menai-ba,
1534 2852 1631 2882 quam
1649 2852 1683 2873 ex
1708 2848 1781 2873 tunc
1801 2851 1912 2873 vacare
1927 2841 2141 2877 decernimus,
2161 2843 2296 2873 omnino

1291 2899 1449 2929 dimittere
1465 2897 1612 2927 tenearis.
1628 2908 1641 2924 n

1332 2964 1344 2979 α
1363 2952 1453 2982 Circa
1482 2951 1585 2981 cultus
1613 2951 1805 2981 virtutum...
1834 2966 1872 2971 —
1903 2949 1972 2979 Dat.
2002 2949 2115 2985 Reate,
2148 2948 2296 2980 kalendis

1286 3005 1389 3045 junii,
1407 3013 1492 3036 anno
1509 3005 1622 3044 primo.
1644 3016 1657 3032 ι
