2477 3637
263 392 302 421 40
1015 384 1252 416 REGISTRES
1274 385 1330 416 DE
1351 384 1535 416 NICOLAS
1556 384 1613 414 IV.

263 457 409 496 alioquin
431 456 523 486 liceat
543 455 634 485 vobis
652 458 759 484 nostra
782 452 969 483 auctoritate
986 452 1126 490 recipere
1148 459 1167 481 a
1190 460 1271 490 quo-

264 519 402 549 cumque
418 508 595 547 malneritis
613 506 768 537 catholico
783 505 925 535 antistite
937 505 1074 542 gratiam
1091 509 1121 534 et
1131 512 1272 535 commu-

265 565 395 595 nionem
421 562 504 592 sedis
521 561 690 600 apostolice
708 560 883 590 obtinente.
903 558 983 588 Cum
999 562 1106 588 autem
1122 558 1270 596 generale

264 617 471 647 interdictum
489 620 569 645 terre
587 614 696 650 suerit,
715 613 808 643 liceat
824 612 926 649 vobis,
941 611 1057 642 clausis
1069 611 1179 650 januis
1190 635 1198 648 ,
1215 621 1269 642 ex-

263 669 510 701 commnnicatis
529 672 559 697 et
579 666 756 697 interdictis
775 665 928 702 exclusis,
946 674 1010 696 non
1033 664 1167 704 pulsatis
1184 674 1271 695 cam-

264 724 354 762 panis
367 746 374 759 ,
397 720 571 751 dnmmodo
596 728 724 750 causam
741 719 910 749 interdicto
928 727 993 749 non
1013 718 1180 753 dederitis,
1201 727 1271 757 sup-

264 784 371 815 pressa
379 784 454 805 voce
462 774 571 803 divina
582 773 687 804 officia
700 772 871 803 celebrare.
885 772 1031 802 Obeunte
1044 781 1118 803 vero
1131 776 1170 808 te,
1185 780 1272 801 nunc

263 828 406 869 ejusdem
424 827 484 858 1001
508 827 666 857 abbatissa
679 850 686 863 ,
706 826 756 856 vel
772 835 880 856 earum
900 826 1007 865 aliqua
1033 835 1095 865 qne
1120 825 1177 855 tibi
1199 833 1271 854 suc-

264 882 430 917 cesserint,
447 880 538 911 nulla
550 880 593 910 ibi
605 879 746 918 qualibet
756 879 972 918 subreptionis
982 879 1121 909 austutia
1136 887 1191 908 seu
1207 877 1274 907 vio-

263 936 362 966 lentia
374 936 576 974 preponatur,
594 934 656 963 nisi
669 942 765 972 qnam
782 942 906 963 sorores
921 933 1064 970 ejusdem
1082 930 1270 961 monasterii

264 989 428 1020 communi
442 997 611 1025 consensu,
629 987 678 1017 vel
695 996 805 1016 earnm
821 987 921 1024 major
938 995 1008 1025 pars
1024 985 1151 1015 consilii
1168 984 1270 1013 sanio-

263 1043 308 1073 ris
328 1041 505 1072 secundum
531 1042 635 1071 Deum
658 1046 688 1071 et
713 1040 887 1079 predictam
906 1039 1049 1076 regulam
1072 1037 1272 1076 providerint

263 1096 457 1134 eligendam.
476 1095 574 1125 Porro
598 1095 624 1124 si
643 1087 893 1132 archiepiscopi,
915 1091 1054 1131 episcopi
1072 1091 1120 1121 vel
1140 1090 1196 1120 alii
1219 1099 1270 1120 ec-

263 1150 433 1180 clesiarum
450 1153 587 1179 rectores
604 1149 638 1178 in
655 1147 777 1177 dictum
796 1146 1027 1176 monasterium
1046 1148 1201 1181 vestrum,
1219 1143 1271 1173 vel

262 1211 414 1242 personas
429 1202 511 1232 inibi
527 1201 666 1231 Domino
680 1199 873 1229 famulantes
889 1198 1123 1237 suspensionis,
1142 1205 1270 1227 excom-

262 1256 491 1286 municationis
507 1255 557 1285 vel
578 1253 742 1284 interdicti
758 1253 952 1283 sententiam
974 1251 1268 1291 promulgaverint,

262 1311 363 1349 ipsam
381 1314 533 1348 tanquam
549 1312 658 1338 contra
680 1307 849 1346 apostolice
868 1306 953 1336 sedis
969 1305 1095 1336 indulta
1115 1304 1271 1344 prolatam

263 1363 468 1394 decernimus
484 1371 550 1392 non
563 1366 682 1392 tenere.
696 1361 772 1391 Paci
788 1369 914 1399 quoqne
926 1364 956 1390 et
969 1359 1194 1398 tranquillitati
1205 1367 1271 1388 ves-

265 1422 309 1446 tre
321 1420 452 1455 paterna
467 1416 501 1446 iu
516 1419 678 1454 posterum
693 1414 910 1444 sollicitudine
926 1413 1092 1452 providere
1108 1412 1251 1443 volentes
1262 1436 1269 1449 ,

262 1470 447 1500 anctoritate
481 1468 653 1507 apostolica
685 1467 894 1507 prohibemus
927 1471 962 1496 nt
993 1466 1079 1496 infra
1107 1465 1271 1496 clausuras

263 1524 404 1553 locorum
425 1523 474 1552 vel
495 1522 705 1560 grangiarum
720 1526 900 1551 vestrarum
922 1519 1032 1550 nullus
1056 1520 1203 1559 rapinam
1221 1519 1271 1548 vel

264 1577 384 1607 furtum
409 1577 532 1613 faeere,
555 1577 664 1614 ignem
688 1583 864 1614 apponere,
893 1574 1087 1612 sangninem
1113 1572 1269 1611 fundere,

264 1630 428 1660 hominem
448 1635 564 1659 temere
587 1638 698 1668 capere
714 1628 762 1658 vel
788 1627 986 1665 interficere,
1004 1636 1059 1658 seu
1081 1626 1271 1657 violentiam

263 1684 377 1713 audeat
399 1692 555 1713 exercere.
577 1683 725 1712 Preterea
745 1690 856 1711 omnes
876 1680 1038 1711 libertates
1062 1683 1092 1710 et
1110 1680 1271 1710 immuni-

265 1743 342 1768 tates
357 1748 374 1766 3
389 1736 663 1775 predecessoribus
682 1736 798 1765 nostris
814 1735 955 1765 romanis
971 1734 1192 1773 pontificibus,
1212 1743 1272 1764 nec

266 1800 329 1821 0011
349 1791 509 1820 libertates
529 1795 558 1819 et
580 1790 795 1828 exemptiones
815 1788 1009 1818 secularium
1034 1788 1238 1818 exactionum
1252 1797 1271 1818 a

264 1845 384 1883 prefato
401 1845 516 1874 comite
533 1843 678 1873 Blesensi
695 1842 745 1872 vel
766 1842 839 1871 aliis
862 1841 983 1872 Christi
1006 1841 1155 1871 fidelibus
1174 1841 1270 1871 ratio-

264 1898 413 1927 nabiliter
420 1897 557 1936 predicto
565 1897 756 1926 monasterio
763 1895 1015 1925 vestroindultas
1022 1894 1271 1934 apostolicaauc-

265 1951 388 1981 toritate
405 1950 645 1986 confirmamus,
659 1954 688 1979 et
705 1949 862 1988 presentis
876 1948 983 1987 scripti
999 1947 1170 1986 privilegio
1184 1956 1271 1978 com-

264 2005 440 2033 munimus.
468 2004 680 2032 Decernimns
698 2011 773 2040 ergo
794 2007 828 2031 ut
849 2001 932 2032 nulli
949 1993 1083 2031 omnino
1100 2001 1270 2031 hominum

263 2059 356 2088 liceat
372 2058 528 2096 prefatum
543 2056 775 2086 monasterium
791 2060 909 2085 temere
925 2055 1121 2094 perturbare,
1136 2059 1191 2085 aut
1202 2055 1271 2094 ejus

264 2113 476 2151 possessiones
500 2111 626 2141 auferre
639 2134 647 2146 ,
665 2109 715 2139 vel
731 2109 852 2139 ablatas
870 2109 1026 2145 retinere,
1048 2108 1196 2138 minuere
1214 2117 1270 2138 sen

263 2165 458 2204 quibuslibet
479 2164 698 2194 vexationibus
721 2163 870 2200 fatigare,
889 2162 945 2192 sed
965 2171 1002 2192 ea
1019 2162 1128 2192 omnia
1144 2162 1271 2200 integra

263 2223 503 2255 conserventur,
525 2226 635 2247 earum
657 2226 713 2256 pro
734 2225 871 2255 quarum
890 2215 1124 2253 gubernatione
1142 2224 1177 2244 ac
1193 2215 1270 2244 sub-

263 2272 453 2302 stentatione
478 2280 626 2301 concessa
646 2275 720 2300 sunt
739 2270 848 2299 usibus
872 2268 1071 2300 omnimodis
1087 2268 1266 2307 profutura,

263 2326 350 2356 salva
377 2325 460 2355 sedis
482 2324 651 2363 apostolice
677 2324 874 2354 auctoritate.
901 2322 952 2352 Ad
976 2322 1138 2352 indicium
1162 2325 1268 2365 autem

263 2381 360 2419 hujus
380 2384 523 2418 percepte
538 2388 556 2408 a
572 2378 645 2408 sede
661 2377 831 2416 apostolica
849 2376 1005 2407 libertatis
1021 2385 1120 2406 unam
1140 2376 1270 2405 nnciam

262 2433 334 2463 auri
351 2433 444 2462 nobis
463 2432 642 2470 nostrisque
665 2429 1017 2461 successoribus-annis
1042 2429 1178 2467 singulis
1197 2437 1269 2467 per-

262 2487 402 2517 solvetis.
424 2485 459 2515 Si
480 2494 542 2524 qua
564 2484 664 2523 igitur
688 2484 722 2513 111
740 2484 886 2513 futurum
909 2483 1121 2513 ecclesiastica
1145 2482 1269 2512 secula-

263 2542 347 2571 risve
362 2549 495 2580 persona
510 2540 592 2569 hanc
609 2543 713 2568 nostre
726 2537 965 2568 constitutionis
982 2537 1131 2576 paginam
1149 2536 1268 2570 sciens,

262 2599 372 2625 contra
388 2603 457 2624 eam
478 2597 595 2622 temere
612 2592 721 2621 venire
738 2591 939 2629 temptaverit
954 2593 985 2620 et
1000 2590 1114 2628 primo,
1129 2589 1269 2619 secundo

263 2649 392 2678 tertiove
408 2647 547 2683 monita,
566 2645 626 2675 nisi
644 2648 767 2675 reatum
783 2652 878 2674 snum
892 2652 1033 2681 congrua
1052 2642 1268 2672 satisfactione

263 2701 449 2738 correxerit,
476 2699 637 2739 potestatis
660 2698 855 2737 honorisque
880 2697 932 2728 sui
958 2701 1062 2727 careat
1089 2696 1266 2734 dignitate,

263 2764 412 2793 reamque
429 2763 461 2784 se
478 2753 588 2783 divino
601 2752 723 2791 jndicio
740 2752 873 2781 existere
891 2751 930 2781 de
951 2754 1127 2789 perpetrata
1143 2750 1267 2789 iniqui-

265 2814 324 2838 tate
340 2812 520 2846 cognoscat,
536 2811 566 2836 et
580 2816 598 2836 a
614 2806 828 2836 sacratissimo
842 2813 971 2843 corpore
983 2813 1018 2834 ac
1035 2804 1192 2841 sanguine
1206 2803 1267 2833 Dei

262 2866 291 2893 et
308 2861 438 2891 Domini
458 2860 680 2898 Redemptoris
700 2860 799 2889 nostri
818 2858 920 2888 Jhesu
936 2857 1057 2888 Christi
1072 2857 1179 2887 aliena
1192 2856 1246 2886 fiat
1260 2881 1266 2893 ,

262 2920 354 2954 atque
384 2914 417 2942 111
448 2917 587 2943 extremo
611 2913 757 2942 examine
785 2912 928 2941 districte
953 2911 1113 2950 subjaceat
1138 2909 1265 2940 ultioni.

262 2968 392 2999 Cunctis
409 2971 514 2996 antem
533 2966 637 2995 eidem
662 2965 729 2995 loco
755 2975 811 2994 sna
829 2966 904 3003 jura
926 2964 1126 2994 servantibus
1149 2963 1191 2993 sit
1208 2971 1267 3001 pax

265 3021 395 3052 Domini
423 3019 521 3049 nostri
548 3019 646 3048 Ι1110511
672 3019 791 3047 Christi
816 3022 973 3057 qnatenus
1000 3022 1030 3047 et
1051 3017 1103 3047 hic
1126 3017 1266 3046 fructum

264 3076 344 3105 lmne
371 3073 504 3104 actionis
535 3071 711 3110 percipiant
740 3077 770 3100 et
801 3072 884 3110 apud
917 3071 1097 3101 districtum
1124 3069 1267 3108 judicem

1354 451 1476 491 premia
1491 455 1600 481 eterne
1618 450 1703 489 pacis
1729 450 1909 480 inveniant.
1938 451 2062 488 Amen,
2092 452 2216 488 Amen,
2243 450 2361 480 Amen.

1395 505 1460 542 Ego
1477 503 1638 540 Nicolans,
1657 502 1811 533 catholice
1828 502 1959 534 ecclesie
1976 504 2152 544 episcopus,
2173 503 2360 542 subscripsi.

1395 558 1460 595 Ego
1479 558 1576 587 frater
1595 557 1810 595 Bentivenga,
1836 556 2030 587 Albanensis
2055 558 2239 596 episcopus,
2268 556 2361 586 snbs-

1354 611 1463 650 cripsi.

1396 663 1461 701 Ego
1477 664 1573 694 frater
1585 663 1729 700 Latinus,
1747 662 1904 693 Ostiensis
1921 667 1950 693 et
1964 663 2172 694 Velletrensis
2185 664 2361 703 episcopus,

1355 717 1538 756 subscripsi.

1396 769 1461 807 Ego
1473 770 1666 807 Bernartius,
1683 770 1869 800 Portuensis
1880 773 1911 799 et
1924 769 2039 800 Sancte
2055 771 2172 801 Rufine
2185 771 2362 809 episcopus,

1355 822 1542 862 subscripsi.

1395 875 1460 914 Ego
1479 876 1649 914 Berardus,
1670 877 1863 907 Penestinns
1879 877 2056 916 episcopus,
2077 877 2261 916 subscripsi.

1396 929 1461 967 Ego
1475 929 1652 965 Johannes,
1673 930 1873 961 Tusculanus
1890 930 2065 969 episcopus,
2087 931 2272 970 subscripsi.

1395 982 1461 1020 Ego
1475 983 1569 1013 frater
1585 984 1756 1020 Mattheus,
1771 984 1853 1014 titnli
1869 983 1975 1014 Sancti
1994 984 2158 1014 Laurentii
2174 984 2207 1013 in
2225 984 2364 1014 Damaso

1354 1037 1520 1076 presbyter
1534 1035 1717 1074 cardinalis,
1737 1038 1920 1076 subscripsi.

1396 1089 1460 1127 Ego
1477 1090 1572 1119 frater
1590 1090 1684 1128 Hngo
1697 1114 1705 1127 ,
1730 1091 1813 1121 titnli
1832 1091 1947 1121 Sancte
1968 1091 2088 1121 Sabine
2104 1091 2270 1130 presbyter
2292 1099 2365 1122 car-

1354 1141 1484 1177 dinalis,
1504 1142 1690 1182 subscripsi.

1395 1195 1461 1233 Ego
1477 1195 1636 1232 Matbeus,
1657 1195 1771 1226 Sancte
1787 1197 1888 1226 Marie
1904 1197 1937 1226 in
1952 1197 2078 1227 Porticu
2094 1196 2247 1227 diaconus
2262 1197 2363 1227 cardi-

1355 1248 1449 1285 nalis,
1468 1248 1653 1287 subscripsi.

1396 1303 1461 1340 Ego
1475 1303 1495 1332 J
1497 1302 1624 1339 acobus,
1641 1302 1755 1333 Sancte
1766 1304 1867 1334 Marie
1882 1304 1917 1333 in
1930 1304 1991 1334 Via
2002 1304 2079 1334 Lata
2095 1304 2250 1335 diaconus
2265 1303 2366 1335 cardi-

1354 1355 1449 1392 nalis,
1473 1355 1656 1394 subscripsi.

1395 1409 1460 1448 Ego
1481 1409 1689 1447 Benedictus,
1716 1409 1824 1440 Sancti
1846 1410 1972 1440 Nicolai
1999 1411 2033 1440 in
2055 1411 2189 1441 Carcere
2214 1410 2366 1442 Tulliano

1354 1461 1507 1492 diaconus
1524 1461 1708 1499 cardinalis,
1726 1462 1909 1501 subscripsi.

1395 1516 1461 1554 Ego
1487 1515 1667 1554 Neapoleo,
1693 1515 1801 1546 Sancti
1826 1516 1963 1546 Adriani
1988 1516 2143 1548 diaconus
2168 1517 2342 1548 cardinalis
2357 1541 2364 1555 ,

1355 1569 1542 1607 subscripsi.
1850 1603 1853 1607 ἢ

1395 1623 1460 1661 Ego
1476 1623 1606 1659 Petrus,
1630 1623 1738 1653 Sancti
1755 1622 1883 1661 Georgii
1901 1623 1940 1653 ad
1959 1622 2076 1653 Velum
2092 1624 2240 1655 Aureum
2256 1623 2365 1655 diaco-

1355 1684 1416 1706 nus
1432 1675 1618 1712 cardinalis,
1640 1676 1824 1716 subscripsi.

1396 1729 1461 1767 Ego
1476 1729 1602 1766 Petrus,
1617 1729 1724 1760 Sancti
1742 1729 1906 1760 Eustachii
1920 1730 2074 1761 diaconus
2089 1731 2274 1768 cardinalis,
2293 1731 2366 1761 sub-

1354 1783 1477 1822 scripsi.

1395 1837 1466 1866 Dat.
1495 1837 1592 1867 Reate
1617 1846 1671 1876 per
1700 1845 1834 1867 manum
1867 1837 2012 1875 magistri
2042 1837 2222 1875 Johaniiis,
2252 1837 2363 1868 decani

1355 1891 1550 1927 Baioceusis,
1564 1895 1672 1920 sancte
1684 1898 1816 1920 romane
1831 1890 1963 1920 ecclesie
1977 1890 2241 1927 vicecancellarii,
2259 1900 2295 1920 111
2311 1899 2365 1921 no-

1354 1952 1411 1973 nas
1423 1943 1621 1982 septembris
1635 1943 1811 1973 indictione
1823 1943 1937 1982 prima,
1954 1943 2190 1973 Incarnationis
2201 1943 2364 1973 dominice

1354 2006 1439 2028 anno
1471 2006 1730 2034 M.cc.Lxxx.V111‚
1757 1997 1961 2036 pontificatus
1984 2005 2059 2027 vero
2091 1997 2214 2027 domini
2237 1996 2364 2028 Nicolai

1354 2061 1432 2091 pape
1448 2051 1515 2081 1‘111
1534 2059 1620 2080 anno
1638 2051 1752 2089 primo.
1772 2062 1785 2077 n

1425 2238 1513 2265 244

1388 2300 1563 2327 Monasterio
1583 2299 1658 2334 quod
1677 2298 1814 2326 Custodia
1829 2299 1934 2326 Beatae
1950 2299 2057 2326 Mariae
2073 2302 2257 2335 nuncupatur
2277 2308 2364 2335 regu-

1352 2350 1407 2376 lam
1423 2357 1556 2375 sororum
1572 2349 1714 2375 minorum
1726 2349 1901 2375 inclusarum
1925 2348 2067 2376 concedit.
2088 2348 2171 2383 (Rae.
2186 2348 2219 2375 44
2231 2369 2238 2381 ,
2257 2356 2282 2376 c.
2301 2348 2360 2381 129,

1353 2399 1372 2425 s.
1390 2399 1423 2426 32
1440 2405 1480 2431 νος
1499 2398 1615 2430 Portu„
1632 2397 1742 2430 22790.)

1886 2236 1976 2271 Rieti,
1997 2238 2011 2264 4
2027 2235 2192 2271 septembre
2209 2236 2291 2265 1288.

1393 2531 1515 2565 Dz'leclts
1535 2531 1567 2559 ιῗη
1591 2530 1704 2560 Christo
1722 2530 1846 2567 filiabus
1866 2552 1885 2559 ..
1906 2531 2052 2560 abbatisse
2077 2535 2103 2560 et
2129 2531 2292 2561 conventui
2313 2539 2362 2560 so-

1351 2592 1458 2613 rorum
1488 2585 1646 2613 minorum
1678 2584 1868 2613 inclusarum
1898 2585 2073 2613 monasterii
2102 2584 2182 2622 quod
2217 2583 2362 2614 Custodia

1351 2638 1436 2667 Beate
1464 2638 1554 2666 ,llario
1580 2637 1714 2674 viryim's
1742 2643 1960 2675 nuncupatur,
1988 2638 2041 2667 sici
2067 2638 2100 2667 ἰη
2123 2638 2279 2670 territorio
2295 2638 2360 2668 Ble-

1349 2691 1451 2725 sensit,
1487 2690 1527 2719 <ul
1556 2698 1720 2719 romanam
1738 2692 1899 2720 'neclesae'am
1934 2692 2018 2720 nullo
2043 2691 2141 2721 medio
2166 2691 2360 2730 pertinentis,

1352 2743 1545 2772 δατ-1101611513
1557 2743 1698 2778 diocesis,
1716 2743 1886 2773 confirmat
1902 2743 2141 2774 concessionem
2159 2752 2221 2782 qua
2237 2743 2359 2774 eisdem

1350 2797 1526 2833 Johannes,
1544 2795 1627 2825 tituli
1641 2797 1774 2826 Sanctae
1788 2796 1924 2827 Ceciliae
1941 2797 2105 2836 presbyter
2120 2795 2305 2833 cardinalis,
2325 2797 2360 2826 in

1350 2858 1449 2889 regno
1469 2850 1621 2879 Franciae
1640 2849 1829 2888 apostolicae
1846 2850 1929 2880 sedis
1945 2850 2078 2888 legatus,
2098 2849 2243 2888 regulam
2262 2849 2360 2880 tradi-

1349 2904 1396 2934 dit
1411 2912 1508 2942 qnam
1530 2911 1652 2932 sorores
1672 2904 1859 2934 monasterii
1879 2903 2079 2934 Humilitatis
2100 2903 2216 2933 Beatae
2235 2903 2359 2934 Mariae

1350 2957 1505 2995 virginis,
1531 2956 1582 2986 siti
1598 2957 1690 2994 ,juxta
1712 2958 1873 2994 Parisios,
1899 2961 2045 2993 servant,
2069 2965 2230 2996 quamque
2254 2956 2358 2988 Urba-

1350 3020 1410 3040 1105
1435 3019 1514 3048 papa
1533 3017 1677 3040 sororum
1704 3010 1867 3041 minorum
1889 3010 2088 3040 inclusarum
2119 3010 2228 3040 statuit
2252 3009 2359 3040 nomi-

1350 3064 1502 3094 nandam.
