2342 3652
0 0 235 154 V‘'⁷

917 375 1144 412 DEUXIEME
1165 370 1322 410 ANNiin.
1809 391 1811 393 ·
2108 382 2164 413 349

75 449 214 480 versario
231 448 283 478 die
305 448 517 478 dedicationis
533 447 719 477 earumdem
738 447 946 477 ecclesiarum
966 448 1077 477 visita-

75 503 188 533 verint.

115 567 129 582 «
145 555 218 585 Vite
233 553 414 592 perempnis
429 553 569 591 gloria...
582 569 622 574 —
638 553 709 582 Dat.
731 557 774 583 ut.
793 563 900 591 supra.
921 565 935 580 »

33 660 55 687 ὃ
389 646 752 681 Sainte-Marie-Majeure,
769 648 784 674 9
796 649 910 682 janvier
927 648 1005 675 1290.

113 719 163 749 In.
180 727 208 747 e.
226 726 270 747 m.
287 717 418 746 eisdem.
436 716 676 753 indulgentiam
693 716 791 745 unius
812 717 893 745 anni
911 721 941 746 et
954 726 992 746 ιιι,
1008 706 1083 746 die-⁷

23 757 52 803 ..5-
67 780 146 812 {nm
160 770 304 801 concedit
322 770 367 799 eis
391 769 448 808 qui
466 769 632 799 ecclesiam
650 769 690 798 de
712 770 931 807 Rupenecata‚
949 771 1078 799 Carcas-

26 826 30 847 ¹
51 816 217 856 Cannensis
233 823 388 853 dioecesis
399 845 406 859 ‚
422 823 455 851 in
475 822 630 852 honorem
646 823 730 851 beati
749 823 910 852 Johannis
931 823 1077 860 Evange-

11 886 16 908 ι
59 871 162 912 ,115138
176 881 403 912 constructam,
418 877 451 905 in
470 875 614 914 ejusdem
631 876 733 905 sancti
750 876 975 905 festivitatibus
995 880 1026 905 et
1042 876 1076 905 in

75 948 87 965 χ
100 930 290 961 miversario
303 930 354 959 die
369 929 582 958 dedicationis
601 928 814 958 visitaverint.
834 929 907 959 Dat.
924 933 1075 967 utsupra.

18 1067 23 1082 ·
364 1028 716 1063 Sainte-Marie-MaJeure
727 1050 735 1062 ‚
756 1029 785 1056 13
797 1030 910 1063 janvier
926 1029 1004 1057 1290.

79 1134 82 1141 ¹
107 1101 149 1131 In
163 1108 192 1130 e.
213 1108 256 1128 m.
274 1098 407 1128 eisdem.
425 1098 669 1136 Indulgentiam
680 1102 809 1127 centum
824 1098 951 1128 dierum
960 1107 1076 1128 conce-

60 1157 118 1189 ιζιι
128 1161 184 1193 pro
201 1151 333 1182 ecclesia
349 1151 458 1182 Sancti
475 1151 599 1182 Nicolai
616 1151 654 1181 de
673 1151 896 1188 Cureumello‚
923 1151 1076 1181 Marsica-

78 1215 142 1250 ae¹
163 1198 327 1236 dioecesis.
359 1205 431 1235 Dat.
465 1205 585 1235 Romae
597 1228 606 1241 ‚
640 1205 723 1243 apud
762 1205 909 1235 Sanctam
941 1206 1076 1234 Mariam

20 1288 21 1291 ,
69 1268 75 1287 ι
91 1260 224 1299 ajorem
239 1282 246 1295 ,
262 1258 370 1288 idibus
389 1259 548 1297 januarii,
565 1267 651 1288 anno
667 1259 819 1289 secundo.

367 1358 728 1393 Sainte—Marie-Majeure,
752 1359 781 1385 ts
794 1360 908 1393 janvier
928 1360 1003 1386 1290.

77 1421 85 1441 ²
108 1427 148 1458 In
163 1436 192 1458 e.
208 1436 252 1457 m.
270 1427 403 1457 eisdem.
424 1427 567 1457 Eandem
594 1427 832 1465 indulgentiam
853 1428 998 1458 concedit
1020 1438 1076 1467 pro

66 1490 122 1507 =¹··
135 1481 201 1511 esia
215 1480 381 1520 hospitalis
397 1481 504 1515 Sancti
528 1481 682 1515 Adriani,
701 1481 785 1519 quod
809 1481 914 1511 clerus
930 1487 959 1511 et
975 1490 1074 1520 popu-

66 1533 120 1573 ἶιἰε
133 1532 230 1563 villae
242 1533 281 1562 de
295 1533 489 1569 Salvaterra,
502 1533 765 1571 Calagurritanae
781 1533 945 1570 dioecesis,
962 1534 996 1563 iu
1008 1533 1075 1564 loco

19 1590 22 1596 ’
68 1594 80 1613 ’.
92 1586 252 1617 litudinis
270 1586 446 1625 vulgariter
463 1587 558 1616 Porto
575 1587 612 1616 de
629 1587 744 1617 Sancto
756 1587 899 1617 Adriano
911 1588 1004 1622 dicto,
1021 1587 1075 1617 ubi

14 1676 16 1683 γ
87 1645 89 1647 ’
105 1639 307 1669 nseuntihus
324 1639 510 1678 frequenter
535 1648 653 1678 magna
678 1639 817 1678 pericula
842 1640 1073 1677 imminebant,

71 1692 110 1722 ‘d
132 1693 347 1731 receptionem
370 1697 400 1722 et
428 1693 560 1723 tutelam
583 1693 847 1732 peregrinorum,
871 1694 1028 1724 viatorum
1045 1698 1076 1724 et

16 1734 17 1738 Ἰ
69 1743 244 1785 'uperum
272 1750 529 1777 construxerunt.
556 1747 623 1776 Dat.
651 1747 784 1784 Romae,
811 1747 894 1786 apud
923 1747 1075 1778 Sanctam

66 1794 80 1825 ἶ.
101 1799 205 1830 ariam
229 1800 398 1839 Majorem,
415 1809 456 1830 xv
471 1800 626 1830 kalendas
643 1797 813 1838 februarii}
832 1810 919 1831 anno
936 1801 1076 1831 secundo

62 1852 264 1892 tamarqe).

363 1952 714 1988 Sainte-Marie-Majeure
724 1974 731 1986 ,
746 1953 780 1980 ‘23
794 1954 906 1988 J'anvier
926 1954 1002 1981 1290.

67 2019 70 2028 “
101 2021 142 2066 In
157 2029 184 2052 e'.
205 2031 250 2052 m.
267 2022 403 2053 eisdem.
432 2023 676 2061 Indulgentiam
698 2021 796 2053 nniu's
811 2025 889 2053 anni
909 2029 938 2054 et
957 2034 995 2054 xi,
1011 2024 1076 2054 die-

62 2078 95 2110 ssj÷=
112 2087 129 2102 u
159 2076 305 2116 concedit
320 2085 376 2114 pro
401 2076 536 2106 ecclesia
562 2077 698 2106 fratrum
725 2078 889 2107 minorum
902 2078 1073 2107 Jauuensi.

70 2133 74 2139 “
105 2135 120 2156 ἀ
137 2128 224 2158 Licet
239 2129 268 2158 is
283 2128 360 2158 de...
386 2145 426 2151 —
450 2129 522 2159 Dat.
541 2129 654 2165 Rome,
672 2131 755 2168 apud
772 2129 920 2160 Sanctam
938 2131 1075 2160 Mariam

62 2177 219 2220 -’Ῑ-3]οι·ειιι
235 2204 242 2217 ,
267 2191 286 2210 x
308 2181 465 2212 kalendas
492 2182 665 2219 februarii,
683 2192 768 2212 auno
787 2183 937 2213 secundo.
961 2184 1050 2222 (Ibid.
1067 2195 1073 2220 ;

69 2227 107 2268 22·
136 2234 348 2274 m.‚23165.)

86 2286 146 2327 ⁸In
167 2297 195 2318 e.
225 2297 269 2318 m.
291 2297 349 2327 pro
376 2288 509 2319 ecclesia
537 2289 674 2319 fratrum
702 2289 864 2320 minorum
893 2289 1073 2320 Valentina.

35 2342 42 2365 ἰ
69 2342 334 2379 2«111.‚P0r1=a.‚
353 2341 474 2381 23166).

377 2441 728 2477 Sainte-Marie-MaJ‘eure
740 2464 746 2473 ,
765 2444 780 2470 5
792 2443 906 2478 janvier
928 2443 1003 2471 1290.

74 2502 78 2509 ⁸
109 2509 149 2540 In
164 2519 192 2542 e.
211 2520 256 2540 m.
281 2511 415 2541 eisdem.
441 2500 582 2541 Eandem
608 2512 844 2550 indulgentiam
865 2514 1009 2544 concedit
1030 2514 1076 2543 eis

35 2581 37 2584 -
74 2567 128 2600 jm
142 2562 309 2594 ecclesiam
328 2586 348 2594 ..
367 2564 483 2603 prioris
499 2571 529 2594 et
545 2566 679 2596 fratrum
701 2566 972 2604 Burdegaleusem
988 2567 1074 2597 ordi-

71 2621 125 2647 ’,ε
138 2615 255 2647 Beatae
273 2617 396 2648 Mariae
421 2617 460 2647 de
482 2618 754 2651 MonteCarmeli
773 2620 810 2649 in
827 2620 905 2651 sesto
922 2622 1076 2659 Assump-

74 2668 168 2700 *mis
186 2670 398 2702 visitaverint.

112 2719 128 2750 t«
142 2722 241 2761 Virga
255 2724 483 2754 venustissima
503 2729 570 2754 et...
588 2743 628 2746 —
647 2725 717 2755 Dat.
738 2726 853 2762 Rome,
873 2726 957 2764 apud
975 2726 1074 2757 Sanc-

85 2788 129 2802 ···
154 2775 291 2806 Mariam
307 2777 464 2816 Majorem
475 2800 484 2814 ,
505 2778 600 2808 nonis
613 2779 768 2818 januarii,
787 2787 872 2809 anno
887 2779 1038 2809 secundo.
1061 2791 1075 2806 »

367 2876 716 2912 Sainte—Marie·Majeure
727 2899 734 2910 ,
753 2878 785 2905 ‘27
796 2879 911 2912 janvier
927 2879 1004 2907 1290.

112 2943 152 2974 In
167 2952 194 2974 e.
211 2953 255 2974 m.
278 2968 297 2974 ..
315 2945 494 2975 abbatissae
511 2950 542 2975 et
563 2947 737 2976 conventui
762 2947 948 2977 monasterii
969 2947 1077 2978 Sancti

55 2999 59 3004 ’
78 3008 93 3021 «ε
106 2996 223 3028 ndreae
237 2997 276 3028 de
292 2998 412 3028 Fractis
427 2999 466 3029 de
483 2999 587 3035 Urbe,
603 2999 726 3029 ordinis
742 2999 774 3029 S.
791 3000 975 3038 Augustini.
995 3001 1077 3030 Ean-

165 3049 402 3089 indulgentiam
425 3052 570 3082 concedit
585 3053 630 3083 eis
645 3053 701 3091 qui
719 3053 870 3091 praedicti
891 3054 1079 3085 monasterii

1160 446 1326 476 ecclesiam
1349 447 1382 475 in
1401 447 1432 476 S.
1460 448 1608 477 Andreae
1631 449 1800 478 festivitate
1828 453 1858 478 et
1877 449 1911 478 in
1935 453 2046 488 quarta
2061 450 2164 480 domi-

1159 499 1232 528 nica
1247 499 1516 537 Quadragesimae
1529 498 1744 531 visitaverint.

1202 554 1214 577 ix
1232 553 1305 581 Vite
1323 554 1503 592 perempnis
1512 554 1650 591 gloria...
1660 571 1700 576 —
1713 556 1782 584 Dat.
1796 556 2002 594 Rome,·apud
2013 557 2162 587 Sanctam

1160 605 1295 634 Mariam
1306 606 1472 643 Maiorem,
1483 616 1513 636 v1
1529 607 1682 637 kalendas
1700 609 1864 645 februarii,
1879 618 1965 640 anno
1981 610 2131 641 secundo.
2146 623 2160 637 π

1455 686 1820 722 Sainte-Marie-Majeure,
1838 688 1996 723 23janvie1-
2011 689 2091 716 1290.

1199 746 1236 775 In
1254 756 1280 775 e.
1302 756 1344 776 m.
1364 769 1385 776 ..
1405 748 1547 786 episcopo
1565 754 1594 778 et
1616 750 1753 787 capitulo
1778 751 1995 781 Uticensibus.
2020 752 2161 782 Eandem

1157 798 1394 836 indulgentiam
1422 801 1564 830 concedit
1594 810 1648 839 pro
1676 802 1820 832 Uticensi
1849 803 2002 839 ecclesia,
2036 805 2069 833 in
2100 813 2162 842 qua

1159 851 1191 881 S.
1209 852 1349 882 Ferreoli
1360 854 1496 891 episcopi
1513 863 1625 892 corpus
1641 855 1823 893 requiescit.
1845 857 1913 885 Dat.
1929 858 2058 893 Romae,
2078 857 2160 895 apud

1159 904 1309 934 Sanctam
1329 906 1464 935 Mariam
1480 907 1654 944 Majorem,
1677 917 1696 936 x
1718 908 1871 937 kalendas
1887 909 2058 946 februarii,
2075 919 2161 940 anno

1159 947 1309 988 secundo.

1198 1011 1237 1040 In
1257 1021 1284 1041 e.
1303 1021 1347 1040 m.
1374 1012 1534 1041 universis
1558 1012 1678 1042 Christi
1699 1013 1857 1043 fidelibus.
1884 1014 2026 1043 Eandem
2052 1015 2162 1045 indul-

1159 1066 1302 1101 gentiam
1318 1065 1463 1094 concedit
1482 1074 1537 1104 pro
1553 1066 1684 1095 ecclesia
1707 1067 1794 1096 Beati
1822 1067 1984 1096 Pancratii
2012 1069 2162 1106 martyris

1159 1118 1198 1147 de
1214 1120 1379 1148 Aramone
1391 1142 1398 1153 ,
1416 1119 1576 1148 Uticensis
1595 1119 1758 1149 dioecesis.

1479 1198 1845 1233 Sainte-Maric-Majeure,
1862 1200 1876 1226 5
1895 1201 1997 1226 fex-tier
2016 1200 2091 1227 1290.

1199 1260 1237 1289 In
1257 1269 1284 1289 e.
1303 1269 1346 1289 m.
1367 1260 1499 1290 eisdem.
1518 1261 1661 1291 Eandem
1682 1261 1918 1300 indulgentiam
1941 1263 2086 1292 concedit
2109 1271 2164 1301 pro

1159 1313 1291 1343 ecclesia
1304 1337 1322 1343 ..
1341 1315 1509 1352 guardiani
1523 1320 1553 1344 et
1568 1315 1702 1344 fratrum
1715 1315 1876 1345 minorum
1895 1315 2160 1347 Tei-dunensium.

1159 1367 1230 1396 Dat.
1250 1368 1382 1403 Romae,
1397 1368 1481 1406 apud
1498 1368 1648 1398 Sanctam
1667 1369 1800 1398 Mariam
1819 1369 1986 1408 Majorem,
2003 1370 2096 1399 nonis
2118 1370 2164 1399 fe-

1157 1420 1298 1457 bruarii⁷
1316 1429 1401 1457 anuo
1417 1421 1565 1451 secundo.
1584 1421 1737 1460 (Poma,
1755 1421 1877 1460 23178).

1231 1647 1345 1675 1965

1193 1709 1374 1736 Immunitas.
1391 1709 1472 1744 (Res.
1490 1710 1534 1743 44,
1551 1718 1575 1735 cv
1595 1711 1659 1736 744.
1674 1711 1694 1737 f.
1711 1710 1762 1737 276
1779 1712 1830 1742 το.)

1454 1646 1819 1681 Sainte-Marie-Majeure‚
1840 1648 1870 1674 10
1881 1649 1995 1681 janvier
2011 1648 2089 1675 1290.

1196 1812 1296 1841 Nobili
1314 1813 1378 1841 viro
1396 1812 1514 1841 Alberlo
1527 1836 1533 1847 7
1552 1812 1621 1841 duci
1636 1813 1758 1841 Austrie
1770 1837 1776 1847 ,
1789 1813 1995 1850 primoqenico
2010 1814 2162 1842 carissimi

1568 1867 1646 1904 reyis
1665 1867 1869 1895 Romanorum
1889 1867 2030 1894 illustris.
2055 1866 2091 1895 El
2111 1867 2163 1895 in-

1159 1918 1268 1956 dulget
1288 1923 1321 1948 ut
1334 1918 1444 1948 nullus
1459 1918 1623 1956 delegatus
1644 1919 1693 1948 vel
1710 1919 1936 1955 subdelegatus
1951 1919 2034 1948 abeo
2050 1928 2163 1949 execu-

1159 1976 1217 2006 tor,
1233 1981 1286 2001 seu
1303 1972 1401 2001 etiam
1417 1972 1678 2008 conservator,in
1695 1981 1786 2007 eum,
1801 1981 1930 2002 uxorem
1943 1977 1971 2001 et
1993 1973 2076 2002 filios
2095 1974 2163 2011 ers

1159 2025 1500 2055 excommunicationis
1517 2025 1565 2054 vel
1581 2025 1744 2054 interdicti
1757 2026 1947 2055 sententiani
1963 2025 2163 2064 promulgare

1159 2078 1271 2108 valeat.
1295 2079 1522 2108 Praesentibus
1541 2087 1595 2116 per
1610 2079 1873 2117 quinquennium
1892 2079 2046 2108 valituris.

1200 2144 1213 2158 a
1235 2131 1276 2162 Ut
1291 2141 1327 2161 ex
1349 2131 1512 2170 spetiali...
1527 2148 1568 2154 —
1589 2132 1660 2161 Dat.
1682 2132 1802 2166 Rome,
1822 2132 1906 2170 apud
1926 2132 2075 2162 Sanc-tam
2094 2132 2163 2161 Ma-

1159 1867 1193 1894 in
1209 1865 1326 1894 Christo
1341 1866 1401 1902 filii
1413 1867 1509 1894 nostri
1529 1888 1548 1894 ..

1157 2185 1240 2214 riam
1256 2185 1422 2224 Maiorem,
1444 2195 1488 2214 ιιιι
1506 2185 1577 2215 idus
1590 2185 1754 2223 januarii,
1772 2194 1859 2214 anno
1877 2185 2028 2215 secundo.
2049 2197 2061 2212 n

1233 2412 1348 2441 1966

1193 2474 1322 2502 Licentia
1338 2474 1518 2509 ingrediendi
1534 2475 1716 2501 monasteria.
1730 2474 1814 2507 (Rae.
1830 2475 1873 2505 44,
1888 2483 1914 2501 c.
1928 2475 1988 2508 745,
2006 2475 2025 2500 f.
2044 2475 2093 2501 <276
2110 2477 2162 2507 νο.)

1449 2412 1814 2446 Sainte-Marie-Majeure,
1836 2413 1867 2439 10
1884 2414 1997 2446 janvicr
2016 2412 2091 2440 ¹290.

1199 2578 1307 2606 Dilecte
1322 2577 1357 2605 in
1375 2574 1490 2605 Christo
1505 2575 1568 2612 filie
1586 2576 1682 2605 nobili
1696 2575 1821 2605 mulieri
1836 2576 1981 2611 Elizabet,
1998 2577 2091 2605 umori
2114 2578 2163 2606 di-

1160 2631 1226 2660 lecti
1241 2630 1300 2666 filii
1315 2629 1426 2657 nobilis
1443 2629 1503 2657 viri
1517 2629 1640 2664 Atheni,
1657 2623 1887 2662 ducistlusim'e,
1901 2629 2100 2666 primogeniti
2112 2638 2163 2658 ca-

1158 2684 1276 2712 rissimi
1294 2683 1326 2710 in
1347 2681 1463 2709 Christo
1475 2681 1536 2717 filii
1550 2683 1647 2710 nostri
1669 2703 1687 2710 ..
1705 2682 1784 2717 ⁴reqis
1800 2682 2001 2710 Romanorum
2020 2682 2160 2711 illustris.

1160 2736 1197 2766 Ei
1213 2735 1358 2771 indulget
1373 2739 1407 2763 ut
1422 2734 1616 2763 monasteria
1631 2734 1670 2763 de
1688 2734 1802 2764 Sancta
1819 2734 1929 2770 Cruce,
1947 2734 2061 2772 Campi
2078 2735 2163 2765 lilio-

1128 2832 1131 2833 7
1159 2798 1244 2825 rum,
1263 2788 1301 2817 de
1320 2787 1478 2823 Belherat,
1496 2787 1535 2816 de
1552 2786 1681 2816 Zuvetel
1694 2809 1703 2823 ,
1727 2787 1765 2816 de
1786 2787 1879 2816 Runa
1893 2791 1922 2816 et
1937 2787 1975 2816 de
1997 2787 2162 2825 Paungar-

1162 2846 1318 2880 temperg,
1339 2839 1560 2869 Cisterciensis
1577 2839 1716 2874 ordinis,
1735 2839 1996 2877 Salzeburgensis
2018 2844 2050 2870 et
2070 2840 2162 2870 Pata-

1160 2894 1280 2924 viensis
1295 2892 1499 2928 dioecesium,
1516 2901 1589 2922 cum
1605 2901 1657 2921 sex
1675 2892 1818 2922 honestis
1834 2892 2040 2927 mulieribus,
2061 2893 2110 2922 bis
2126 2893 2162 2922 in

1160 2955 1262 2980 anno,
1288 2945 1414 2984 ingredi
1440 2945 1560 2980 valeat,
1589 2945 1762 2975 dummodo
1784 2945 1829 2974 ibi
1852 2953 1916 2975 non
1940 2945 2084 2975 comedat
2106 2955 2164 2976 nec

1161 3003 1331 3039 pernoctet.
1356 2998 1580 3028 Praesentibus
1606 3002 1672 3036 post
1697 3007 1750 3028 sex
1779 3006 1880 3028 annos
1909 3007 1972 3028 non
2006 2999 2161 3028 valituris.

1203 3063 1217 3078 ι
1241 3052 1423 3081 Devotionis
1438 3055 1649 3089 augmentum
1665 3051 1759 3080 tibi...
1777 3067 1815 3072 —
1832 3051 1903 3080 Dat.
1925 3056 1959 3081 ut
1975 3060 2081 3090 supra.
2107 3063 2121 3078 ι
