<?xml version="1.0" encoding="UTF-8"?>
<!DOCTYPE html PUBLIC "-//W3C//DTD XHTML 1.0 Transitional//EN"
    "http://www.w3.org/TR/xhtml1/DTD/xhtml1-transitional.dtd">
<html xmlns="http://www.w3.org/1999/xhtml" xml:lang="en" lang="en">
 <head>
  <title>
</title>
<meta http-equiv="Content-Type" content="text/html;charset=utf-8" />
  <meta name='ocr-system' content='tesseract 3.04.00' />
  <meta name='ocr-capabilities' content='ocr_page ocr_carea ocr_par ocr_line ocrx_word'/>
</head>
<body>
  <div class='ocr_page' id='page_1' title='image "./lesregistresdeni01romeuoft_0213.png"; bbox 0 0 2342 3652; ppageno 0'>
   <div class='ocr_carea' id='block_1_1' title="bbox 928 364 2172 409">
    <p class='ocr_par' dir='ltr' id='par_1_1' title="bbox 928 364 2172 409">
     <span class='ocr_line' id='line_1_1' title="bbox 928 364 2172 409; baseline 0.003 -4"><span class='ocrx_word' id='word_1_1' title='bbox 928 365 1157 406; x_wconf 69' lang='grc' dir='ltr'>1111οΧ111Μο</span> <span class='ocrx_word' id='word_1_2' title='bbox 1179 364 1337 404; x_wconf 77' lang='lat' dir='ltr'>ANNE&#39;E.</span> <span class='ocrx_word' id='word_1_3' title='bbox 2117 378 2172 409; x_wconf 74' lang='lat'>203</span> 
     </span>
    </p>
   </div>
   <div class='ocr_carea' id='block_1_2' title="bbox 122 440 1015 540">
    <p class='ocr_par' dir='ltr' id='par_1_2' title="bbox 122 440 1015 540">
     <span class='ocr_line' id='line_1_2' title="bbox 156 440 1015 475; baseline -0.007 -3"><span class='ocrx_word' id='word_1_4' title='bbox 156 443 242 472; x_wconf 72' lang='lat'>934</span> <span class='ocrx_word' id='word_1_5' title='bbox 714 440 808 471; x_wconf 80' lang='lat' dir='ltr'>Rieti,</span> <span class='ocrx_word' id='word_1_6' title='bbox 827 440 842 466; x_wconf 72' lang='grc'>2</span> <span class='ocrx_word' id='word_1_7' title='bbox 854 440 917 475; x_wconf 88' lang='lat' dir='ltr'>juin</span> <span class='ocrx_word' id='word_1_8' title='bbox 936 440 1015 467; x_wconf 85' lang='grc'>1289.</span> 
     </span>
     <span class='ocr_line' id='line_1_3' title="bbox 122 502 824 540; baseline -0.007 -7"><span class='ocrx_word' id='word_1_9' title='bbox 122 505 328 540; x_wconf 84' lang='lat' dir='ltr'>Indulgentiae.</span> <span class='ocrx_word' id='word_1_10' title='bbox 354 503 437 536; x_wconf 68' lang='lat' dir='ltr'>(Rae.</span> <span class='ocrx_word' id='word_1_11' title='bbox 465 503 514 534; x_wconf 84' lang='lat'>44,</span> <span class='ocrx_word' id='word_1_12' title='bbox 542 510 567 529; x_wconf 89' lang='lat' dir='ltr'>c.</span> <span class='ocrx_word' id='word_1_13' title='bbox 590 502 659 536; x_wconf 85' lang='grc'>213,</span> <span class='ocrx_word' id='word_1_14' title='bbox 675 503 694 529; x_wconf 84' lang='lat' dir='ltr'>s.</span> <span class='ocrx_word' id='word_1_15' title='bbox 713 503 762 529; x_wconf 89' lang='lat'>155</span> <span class='ocrx_word' id='word_1_16' title='bbox 777 502 824 536; x_wconf 83' lang='lat' dir='ltr'>r0.)</span> 
     </span>
    </p>
   </div>
   <div class='ocr_carea' id='block_1_3' title="bbox 89 603 1090 751">
    <p class='ocr_par' dir='ltr' id='par_1_3' title="bbox 89 603 1090 751">
     <span class='ocr_line' id='line_1_4' title="bbox 127 603 1090 643; baseline -0.007 -4"><span class='ocrx_word' id='word_1_17' title='bbox 127 609 242 639; x_wconf 85' lang='lat' dir='ltr'>Eidem.</span> <span class='ocrx_word' id='word_1_18' title='bbox 256 605 495 643; x_wconf 86' lang='lat' dir='ltr'>Indulgentiam</span> <span class='ocrx_word' id='word_1_19' title='bbox 507 603 650 634; x_wconf 82' lang='lat' dir='ltr'>concedit</span> <span class='ocrx_word' id='word_1_20' title='bbox 660 608 789 633; x_wconf 86' lang='lat' dir='ltr'>centum</span> <span class='ocrx_word' id='word_1_21' title='bbox 801 603 928 633; x_wconf 90' lang='lat' dir='ltr'>dierum</span> <span class='ocrx_word' id='word_1_22' title='bbox 939 603 1090 633; x_wconf 88' lang='lat' dir='ltr'>omnihus</span> 
     </span>
     <span class='ocr_line' id='line_1_5' title="bbox 89 657 1088 699; baseline -0.007 -6"><span class='ocrx_word' id='word_1_23' title='bbox 89 671 160 693; x_wconf 82' lang='lat' dir='ltr'>vere</span> <span class='ocrx_word' id='word_1_24' title='bbox 178 659 412 699; x_wconf 85' lang='lat' dir='ltr'>poenitentibus</span> <span class='ocrx_word' id='word_1_25' title='bbox 431 663 461 688; x_wconf 88' lang='lat' dir='ltr'>et</span> <span class='ocrx_word' id='word_1_26' title='bbox 476 657 629 688; x_wconf 84' lang='lat' dir='ltr'><strong>confessis</strong></span> <span class='ocrx_word' id='word_1_27' title='bbox 645 658 700 695; x_wconf 89' lang='lat' dir='ltr'>qui</span> <span class='ocrx_word' id='word_1_28' title='bbox 716 657 755 686; x_wconf 89' lang='lat' dir='ltr'>ad</span> <span class='ocrx_word' id='word_1_29' title='bbox 778 665 959 687; x_wconf 88' lang='lat' dir='ltr'>sermonem</span> <span class='ocrx_word' id='word_1_30' title='bbox 981 665 1088 686; x_wconf 86' lang='lat' dir='ltr'>acces-</span> 
     </span>
     <span class='ocr_line' id='line_1_6' title="bbox 89 712 499 751; baseline -0.012 -4"><span class='ocrx_word' id='word_1_31' title='bbox 89 715 186 747; x_wconf 83' lang='lat' dir='ltr'><strong>serint</strong></span> <span class='ocrx_word' id='word_1_32' title='bbox 204 714 258 743; x_wconf 85' lang='lat' dir='ltr'>ubi</span> <span class='ocrx_word' id='word_1_33' title='bbox 272 713 331 743; x_wconf 89' lang='lat' dir='ltr'>erit</span> <span class='ocrx_word' id='word_1_34' title='bbox 346 712 413 751; x_wconf 88' lang='lat' dir='ltr'>ipse</span> <span class='ocrx_word' id='word_1_35' title='bbox 432 721 499 742; x_wconf 83' lang='lat' dir='ltr'>rex.</span> 
     </span>
    </p>
   </div>
   <div class='ocr_carea' id='block_1_4' title="bbox 88 762 1090 1036">
    <p class='ocr_par' dir='ltr' id='par_1_4' title="bbox 88 762 1090 1036">
     <span class='ocr_line' id='line_1_7' title="bbox 129 762 1090 797; baseline -0.004 -2"><span class='ocrx_word' id='word_1_36' title='bbox 129 780 142 795; x_wconf 77' lang='lat'>«</span> <span class='ocrx_word' id='word_1_37' title='bbox 163 766 407 797; x_wconf 80' lang='lat' dir='ltr'><strong>considerantes</strong></span> <span class='ocrx_word' id='word_1_38' title='bbox 431 763 549 793; x_wconf 81' lang='lat' dir='ltr'>eximie</span> <span class='ocrx_word' id='word_1_39' title='bbox 567 763 784 793; x_wconf 87' lang='lat' dir='ltr'>devotionis...</span> <span class='ocrx_word' id='word_1_40' title='bbox 814 779 852 784; x_wconf 93' lang='lat'>—</span> <span class='ocrx_word' id='word_1_41' title='bbox 878 762 950 792; x_wconf 90' lang='lat' dir='ltr'>Dat.</span> <span class='ocrx_word' id='word_1_42' title='bbox 978 767 1010 791; x_wconf 87' lang='lat' dir='ltr'>ut</span> <span class='ocrx_word' id='word_1_43' title='bbox 1035 771 1090 792; x_wconf 83' lang='lat' dir='ltr'>su-</span> 
     </span>
     <span class='ocr_line' id='line_1_8' title="bbox 88 829 192 861; baseline -0.01 -10"><span class='ocrx_word' id='word_1_44' title='bbox 88 829 154 861; x_wconf 84' lang='lat' dir='ltr'>pra.</span> <span class='ocrx_word' id='word_1_45' title='bbox 179 831 192 847; x_wconf 73' lang='lat'>1&gt;</span> 
     </span>
     <span class='ocr_line' id='line_1_9' title="bbox 158 1002 1016 1036; baseline -0.009 -1"><span class='ocrx_word' id='word_1_46' title='bbox 158 1006 244 1035; x_wconf 68' lang='lat'>335</span> <span class='ocrx_word' id='word_1_47' title='bbox 714 1002 807 1035; x_wconf 70' lang='lat' dir='ltr'>Ricti,</span> <span class='ocrx_word' id='word_1_48' title='bbox 824 1002 840 1028; x_wconf 89' lang='grc'>2</span> <span class='ocrx_word' id='word_1_49' title='bbox 853 1002 916 1036; x_wconf 73' lang='lat' dir='ltr'>Juin</span> <span class='ocrx_word' id='word_1_50' title='bbox 940 1002 1016 1029; x_wconf 75' lang='grc'>1289.</span> 
     </span>
    </p>
   </div>
   <div class='ocr_carea' id='block_1_5' title="bbox 122 1065 832 1103">
    <p class='ocr_par' dir='ltr' id='par_1_5' title="bbox 122 1065 832 1103">
     <span class='ocr_line' id='line_1_10' title="bbox 122 1065 832 1103; baseline -0.007 -7"><span class='ocrx_word' id='word_1_51' title='bbox 122 1068 330 1103; x_wconf 84' lang='lat' dir='ltr'>Indulgentiae.</span> <span class='ocrx_word' id='word_1_52' title='bbox 350 1067 430 1100; x_wconf 71' lang='lat' dir='ltr'>(Rue.</span> <span class='ocrx_word' id='word_1_53' title='bbox 463 1067 512 1099; x_wconf 86' lang='lat'>44,</span> <span class='ocrx_word' id='word_1_54' title='bbox 539 1074 564 1092; x_wconf 90' lang='lat' dir='ltr'>c.</span> <span class='ocrx_word' id='word_1_55' title='bbox 582 1065 662 1099; x_wconf 64' lang='lat'>9132,</span> <span class='ocrx_word' id='word_1_56' title='bbox 679 1065 698 1092; x_wconf 86' lang='lat' dir='ltr'>f.</span> <span class='ocrx_word' id='word_1_57' title='bbox 715 1065 765 1092; x_wconf 88' lang='lat'>155</span> <span class='ocrx_word' id='word_1_58' title='bbox 780 1065 832 1097; x_wconf 72' lang='lat' dir='ltr'>vo.)</span> 
     </span>
    </p>
   </div>
   <div class='ocr_carea' id='block_1_6' title="bbox 88 1168 1091 1366">
    <p class='ocr_par' dir='ltr' id='par_1_6' title="bbox 88 1168 1091 1314">
     <span class='ocr_line' id='line_1_11' title="bbox 129 1168 1088 1206; baseline -0.003 -5"><span class='ocrx_word' id='word_1_59' title='bbox 129 1171 285 1202; x_wconf 73' lang='lat' dir='ltr'>carissime</span> <span class='ocrx_word' id='word_1_60' title='bbox 300 1171 334 1199; x_wconf 88' lang='lat' dir='ltr'>in</span> <span class='ocrx_word' id='word_1_61' title='bbox 351 1169 468 1199; x_wconf 81' lang='lat' dir='ltr'>Christo</span> <span class='ocrx_word' id='word_1_62' title='bbox 492 1169 554 1206; x_wconf 74' lang='lat' dir='ltr'>filie</span> <span class='ocrx_word' id='word_1_63' title='bbox 572 1169 686 1204; x_wconf 84' lang='lat' dir='ltr'>Marie,</span> <span class='ocrx_word' id='word_1_64' title='bbox 709 1170 812 1206; x_wconf 65' lang='lat' dir='ltr'>regine</span> <span class='ocrx_word' id='word_1_65' title='bbox 833 1168 935 1198; x_wconf 81' lang='lat' dir='ltr'>Sicilie</span> <span class='ocrx_word' id='word_1_66' title='bbox 959 1168 1088 1198; x_wconf 77' lang='lat' dir='ltr'><em>illustri.</em></span> 
     </span>
     <span class='ocr_line' id='line_1_12' title="bbox 88 1221 1091 1261; baseline -0.005 -6"><span class='ocrx_word' id='word_1_67' title='bbox 88 1223 324 1261; x_wconf 87' lang='lat' dir='ltr'>Indulgentiam</span> <span class='ocrx_word' id='word_1_68' title='bbox 355 1222 502 1252; x_wconf 90' lang='lat' dir='ltr'>concedit</span> <span class='ocrx_word' id='word_1_69' title='bbox 529 1221 741 1261; x_wconf 81' lang='lat' dir='ltr'>quadraginta</span> <span class='ocrx_word' id='word_1_70' title='bbox 767 1221 893 1251; x_wconf 89' lang='lat' dir='ltr'>dierum</span> <span class='ocrx_word' id='word_1_71' title='bbox 919 1221 962 1251; x_wconf 90' lang='lat' dir='ltr'>eis</span> <span class='ocrx_word' id='word_1_72' title='bbox 980 1221 1036 1260; x_wconf 86' lang='lat' dir='ltr'>qui</span> <span class='ocrx_word' id='word_1_73' title='bbox 1052 1221 1091 1251; x_wconf 87' lang='lat' dir='ltr'>ad</span> 
     </span>
     <span class='ocr_line' id='line_1_13' title="bbox 89 1275 789 1314; baseline -0.006 -6"><span class='ocrx_word' id='word_1_74' title='bbox 89 1285 277 1313; x_wconf 88' lang='lat' dir='ltr'>sermonem,</span> <span class='ocrx_word' id='word_1_75' title='bbox 295 1276 348 1306; x_wconf 83' lang='lat' dir='ltr'>ubi</span> <span class='ocrx_word' id='word_1_76' title='bbox 368 1276 427 1305; x_wconf 84' lang='lat' dir='ltr'>erit</span> <span class='ocrx_word' id='word_1_77' title='bbox 448 1275 568 1314; x_wconf 83' lang='lat' dir='ltr'>regina,</span> <span class='ocrx_word' id='word_1_78' title='bbox 588 1275 789 1305; x_wconf 81' lang='lat' dir='ltr'>accesserint.</span> 
     </span>
    </p>

    <p class='ocr_par' dir='ltr' id='par_1_7' title="bbox 129 1328 816 1366">
     <span class='ocr_line' id='line_1_14' title="bbox 129 1328 816 1366; baseline -0.003 -9"><span class='ocrx_word' id='word_1_79' title='bbox 129 1341 142 1357; x_wconf 74' lang='grc' dir='ltr'><strong>α</strong></span> <span class='ocrx_word' id='word_1_80' title='bbox 161 1328 309 1360; x_wconf 88' lang='lat' dir='ltr'>Volentes</span> <span class='ocrx_word' id='word_1_81' title='bbox 326 1328 381 1358; x_wconf 86' lang='lat' dir='ltr'>tibi</span> <span class='ocrx_word' id='word_1_82' title='bbox 399 1332 467 1358; x_wconf 87' lang='lat' dir='ltr'>et...</span> <span class='ocrx_word' id='word_1_83' title='bbox 481 1345 520 1349; x_wconf 98' lang='lat'><strong>—</strong></span> <span class='ocrx_word' id='word_1_84' title='bbox 537 1328 611 1357; x_wconf 85' lang='lat' dir='ltr'>Dat.</span> <span class='ocrx_word' id='word_1_85' title='bbox 629 1332 664 1357; x_wconf 92' lang='lat' dir='ltr'>ut</span> <span class='ocrx_word' id='word_1_86' title='bbox 679 1336 784 1366; x_wconf 90' lang='lat' dir='ltr'>supra.</span> <span class='ocrx_word' id='word_1_87' title='bbox 803 1339 816 1354; x_wconf 75' lang='lat' dir='ltr'>n</span> 
     </span>
    </p>
   </div>
   <div class='ocr_carea' id='block_1_7' title="bbox 154 1507 1017 1542">
    <p class='ocr_par' dir='ltr' id='par_1_8' title="bbox 154 1507 1017 1542">
     <span class='ocr_line' id='line_1_15' title="bbox 154 1507 1017 1542; baseline -0.003 -6"><span class='ocrx_word' id='word_1_88' title='bbox 154 1508 240 1536; x_wconf 71' lang='lat' dir='ltr'>93ss</span> <span class='ocrx_word' id='word_1_89' title='bbox 719 1507 795 1534; x_wconf 81' lang='lat' dir='ltr'>Rieti</span> <span class='ocrx_word' id='word_1_90' title='bbox 807 1529 814 1540; x_wconf 91' lang='lat'><strong>‚</strong></span> <span class='ocrx_word' id='word_1_91' title='bbox 832 1507 921 1542; x_wconf 58' lang='lat' dir='ltr'>{juin</span> <span class='ocrx_word' id='word_1_92' title='bbox 939 1507 1017 1535; x_wconf 82' lang='grc'>1289.</span> 
     </span>
    </p>
   </div>
   <div class='ocr_carea' id='block_1_8' title="bbox 89 1570 1090 1651">
    <p class='ocr_par' dir='ltr' id='par_1_9' title="bbox 89 1570 1090 1651">
     <span class='ocr_line' id='line_1_16' title="bbox 122 1570 1090 1605; baseline 0.001 -8"><span class='ocrx_word' id='word_1_93' title='bbox 122 1570 246 1598; x_wconf 85' lang='lat' dir='ltr'>Licentia</span> <span class='ocrx_word' id='word_1_94' title='bbox 257 1570 381 1605; x_wconf 88' lang='lat' dir='ltr'>eligendi</span> <span class='ocrx_word' id='word_1_95' title='bbox 398 1570 593 1597; x_wconf 84' lang='lat' dir='ltr'>confessorem</span> <span class='ocrx_word' id='word_1_96' title='bbox 611 1571 768 1605; x_wconf 83' lang='lat' dir='ltr'>proprium.</span> <span class='ocrx_word' id='word_1_97' title='bbox 785 1570 869 1604; x_wconf 71' lang='lat' dir='ltr'>(Rae.</span> <span class='ocrx_word' id='word_1_98' title='bbox 892 1570 925 1597; x_wconf 89' lang='lat'>44</span> <span class='ocrx_word' id='word_1_99' title='bbox 937 1592 943 1602; x_wconf 87' lang='lat'><em>‚</em></span> <span class='ocrx_word' id='word_1_100' title='bbox 969 1579 995 1597; x_wconf 87' lang='lat' dir='ltr'>c.</span> <span class='ocrx_word' id='word_1_101' title='bbox 1020 1571 1072 1598; x_wconf 89' lang='grc'>214</span> <span class='ocrx_word' id='word_1_102' title='bbox 1083 1593 1090 1604; x_wconf 87' lang='grc'>,</span> 
     </span>
     <span class='ocr_line' id='line_1_17' title="bbox 89 1619 240 1651; baseline -0.013 -4"><span class='ocrx_word' id='word_1_103' title='bbox 89 1620 108 1647; x_wconf 84' lang='lat' dir='ltr'>f.</span> <span class='ocrx_word' id='word_1_104' title='bbox 127 1619 175 1646; x_wconf 85' lang='lat'>155</span> <span class='ocrx_word' id='word_1_105' title='bbox 191 1620 240 1651; x_wconf 72' lang='lat' dir='ltr'>vo.)</span> 
     </span>
    </p>
   </div>
   <div class='ocr_carea' id='block_1_9' title="bbox 127 1722 899 1815">
    <p class='ocr_par' dir='ltr' id='par_1_10' title="bbox 127 1722 899 1815">
     <span class='ocr_line' id='line_1_18' title="bbox 127 1722 241 1752; baseline 0 -1"><span class='ocrx_word' id='word_1_106' title='bbox 127 1722 241 1752; x_wconf 84' lang='lat' dir='ltr'>Eidem.</span> 
     </span>
     <span class='ocr_line' id='line_1_19' title="bbox 131 1775 899 1815; baseline 0.001 -12"><span class='ocrx_word' id='word_1_107' title='bbox 131 1786 145 1802; x_wconf 69' lang='grc' dir='ltr'><strong>α</strong></span> <span class='ocrx_word' id='word_1_108' title='bbox 162 1775 227 1805; x_wconf 88' lang='lat' dir='ltr'>Etsi</span> <span class='ocrx_word' id='word_1_109' title='bbox 245 1775 327 1806; x_wconf 91' lang='lat' dir='ltr'>sedis</span> <span class='ocrx_word' id='word_1_110' title='bbox 342 1775 552 1814; x_wconf 87' lang='lat' dir='ltr'>apostolice...</span> <span class='ocrx_word' id='word_1_111' title='bbox 570 1792 611 1799; x_wconf 95' lang='lat'>—</span> <span class='ocrx_word' id='word_1_112' title='bbox 625 1776 697 1807; x_wconf 82' lang='lat' dir='ltr'>Dat.</span> <span class='ocrx_word' id='word_1_113' title='bbox 715 1780 867 1815; x_wconf 81' lang='lat' dir='ltr'>utsupra.</span> <span class='ocrx_word' id='word_1_114' title='bbox 886 1789 899 1804; x_wconf 81' lang='lat'>›&gt;</span> 
     </span>
    </p>
   </div>
   <div class='ocr_carea' id='block_1_10' title="bbox 157 1954 1022 1989">
    <p class='ocr_par' dir='ltr' id='par_1_11' title="bbox 157 1954 1022 1989">
     <span class='ocr_line' id='line_1_20' title="bbox 157 1954 1022 1989; baseline 0.002 -6"><span class='ocrx_word' id='word_1_115' title='bbox 157 1954 240 1983; x_wconf 66' lang='lat'>93³2</span> <span class='ocrx_word' id='word_1_116' title='bbox 706 1956 782 1984; x_wconf 84' lang='lat' dir='ltr'>Rieti</span> <span class='ocrx_word' id='word_1_117' title='bbox 794 1978 800 1989; x_wconf 97' lang='lat'>,</span> <span class='ocrx_word' id='word_1_118' title='bbox 824 1958 854 1984; x_wconf 87' lang='grc'>31</span> <span class='ocrx_word' id='word_1_119' title='bbox 872 1957 927 1984; x_wconf 85' lang='lat' dir='ltr'>mai</span> <span class='ocrx_word' id='word_1_120' title='bbox 945 1958 1022 1985; x_wconf 86' lang='grc'>1289.</span> 
     </span>
    </p>
   </div>
   <div class='ocr_carea' id='block_1_11' title="bbox 90 2016 1092 2101">
    <p class='ocr_par' dir='ltr' id='par_1_12' title="bbox 90 2016 1092 2101">
     <span class='ocr_line' id='line_1_21' title="bbox 123 2016 1092 2054; baseline 0.004 -11"><span class='ocrx_word' id='word_1_121' title='bbox 123 2016 328 2052; x_wconf 83' lang='lat' dir='ltr'>Indulgentiae.</span> <span class='ocrx_word' id='word_1_122' title='bbox 343 2017 428 2051; x_wconf 78' lang='lat' dir='ltr'>(REG-</span> <span class='ocrx_word' id='word_1_123' title='bbox 447 2018 480 2045; x_wconf 82' lang='lat'>44</span> <span class='ocrx_word' id='word_1_124' title='bbox 493 2039 499 2049; x_wconf 98' lang='lat'>,</span> <span class='ocrx_word' id='word_1_125' title='bbox 518 2026 544 2045; x_wconf 92' lang='lat' dir='ltr'>c.</span> <span class='ocrx_word' id='word_1_126' title='bbox 558 2018 620 2049; x_wconf 86' lang='grc'>215,</span> <span class='ocrx_word' id='word_1_127' title='bbox 639 2019 658 2046; x_wconf 82' lang='lat' dir='ltr'>s.</span> <span class='ocrx_word' id='word_1_128' title='bbox 676 2019 725 2046; x_wconf 83' lang='lat'>155</span> <span class='ocrx_word' id='word_1_129' title='bbox 742 2027 788 2051; x_wconf 87' lang='lat' dir='ltr'>v⁰;</span> <span class='ocrx_word' id='word_1_130' title='bbox 807 2019 874 2047; x_wconf 59' lang='lat' dir='ltr'>Lip.</span> <span class='ocrx_word' id='word_1_131' title='bbox 889 2030 923 2048; x_wconf 85' lang='lat' dir='ltr'>nu</span> <span class='ocrx_word' id='word_1_132' title='bbox 939 2021 1037 2052; x_wconf 69' lang='lat' dir='ltr'>Tum,</span> <span class='ocrx_word' id='word_1_133' title='bbox 1051 2021 1092 2054; x_wconf 87' lang='lat' dir='ltr'>II;</span> 
     </span>
     <span class='ocr_line' id='line_1_22' title="bbox 90 2065 313 2101; baseline 0 -9"><span class='ocrx_word' id='word_1_134' title='bbox 90 2065 192 2092; x_wconf 78' lang='lat' dir='ltr'>Porru.</span> <span class='ocrx_word' id='word_1_135' title='bbox 205 2066 313 2101; x_wconf 80' lang='grc'>22973.)</span> 
     </span>
    </p>
   </div>
   <div class='ocr_carea' id='block_1_12' title="bbox 91 2169 1095 2464">
    <p class='ocr_par' dir='ltr' id='par_1_13' title="bbox 91 2169 1095 2464">
     <span class='ocr_line' id='line_1_23' title="bbox 132 2169 1092 2210; baseline 0.004 -12"><span class='ocrx_word' id='word_1_136' title='bbox 132 2189 150 2198; x_wconf 86' lang='grc'>..</span> <span class='ocrx_word' id='word_1_137' title='bbox 175 2169 347 2206; x_wconf 76' lang='grc' dir='ltr'>91ιανάίαηο</span> <span class='ocrx_word' id='word_1_138' title='bbox 377 2173 404 2199; x_wconf 82' lang='lat' dir='ltr'>et</span> <span class='ocrx_word' id='word_1_139' title='bbox 427 2171 582 2206; x_wconf 83' lang='lat' dir='ltr'>fratribus</span> <span class='ocrx_word' id='word_1_140' title='bbox 608 2171 728 2200; x_wconf 84' lang='lat' dir='ltr'>ordinis</span> <span class='ocrx_word' id='word_1_141' title='bbox 754 2173 913 2201; x_wconf 79' lang='lat' dir='ltr'>minorum</span> <span class='ocrx_word' id='word_1_142' title='bbox 938 2173 971 2202; x_wconf 81' lang='lat' dir='ltr'>de</span> <span class='ocrx_word' id='word_1_143' title='bbox 999 2174 1092 2210; x_wconf 57' lang='lat' dir='ltr'>burno</span> 
     </span>
     <span class='ocr_line' id='line_1_24' title="bbox 93 2221 1093 2263; baseline 0.004 -12"><span class='ocrx_word' id='word_1_144' title='bbox 93 2221 321 2260; x_wconf 79' lang='lat' dir='ltr'>Castrivillani,</span> <span class='ocrx_word' id='word_1_145' title='bbox 346 2223 546 2260; x_wconf 67' lang='lat' dir='ltr'>Linqonensis</span> <span class='ocrx_word' id='word_1_146' title='bbox 573 2224 705 2253; x_wconf 81' lang='lat' dir='ltr'>diocesis.</span> <span class='ocrx_word' id='word_1_147' title='bbox 733 2224 975 2263; x_wconf 82' lang='lat' dir='ltr'>Indulgentiam</span> <span class='ocrx_word' id='word_1_148' title='bbox 995 2226 1093 2255; x_wconf 90' lang='lat' dir='ltr'>unius</span> 
     </span>
     <span class='ocr_line' id='line_1_25' title="bbox 91 2274 1092 2317; baseline 0.004 -13"><span class='ocrx_word' id='word_1_149' title='bbox 91 2274 166 2304; x_wconf 81' lang='lat' dir='ltr'>anni</span> <span class='ocrx_word' id='word_1_150' title='bbox 183 2278 212 2304; x_wconf 90' lang='lat' dir='ltr'>et</span> <span class='ocrx_word' id='word_1_151' title='bbox 226 2275 285 2304; x_wconf 80' lang='lat' dir='ltr'>XL</span> <span class='ocrx_word' id='word_1_152' title='bbox 304 2275 429 2305; x_wconf 90' lang='lat' dir='ltr'>dierum</span> <span class='ocrx_word' id='word_1_153' title='bbox 451 2276 597 2306; x_wconf 90' lang='lat' dir='ltr'>concedit</span> <span class='ocrx_word' id='word_1_154' title='bbox 613 2276 660 2306; x_wconf 90' lang='lat' dir='ltr'>eis</span> <span class='ocrx_word' id='word_1_155' title='bbox 680 2277 736 2316; x_wconf 85' lang='lat' dir='ltr'>qui</span> <span class='ocrx_word' id='word_1_156' title='bbox 759 2277 926 2307; x_wconf 88' lang='lat' dir='ltr'>ecclesiam</span> <span class='ocrx_word' id='word_1_157' title='bbox 950 2279 1092 2317; x_wconf 87' lang='lat' dir='ltr'>praedic-</span> 
     </span>
     <span class='ocr_line' id='line_1_26' title="bbox 93 2328 1095 2362; baseline 0.005 -6"><span class='ocrx_word' id='word_1_158' title='bbox 93 2330 193 2357; x_wconf 87' lang='lat' dir='ltr'>torum</span> <span class='ocrx_word' id='word_1_159' title='bbox 220 2328 354 2358; x_wconf 82' lang='lat' dir='ltr'><strong>fratrum</strong></span> <span class='ocrx_word' id='word_1_160' title='bbox 378 2329 412 2358; x_wconf 92' lang='lat' dir='ltr'>in</span> <span class='ocrx_word' id='word_1_161' title='bbox 433 2329 657 2359; x_wconf 83' lang='lat' dir='ltr'>festivitatibus</span> <span class='ocrx_word' id='word_1_162' title='bbox 681 2335 863 2360; x_wconf 89' lang='lat' dir='ltr'>sanctorum</span> <span class='ocrx_word' id='word_1_163' title='bbox 886 2331 1047 2361; x_wconf 87' lang='lat' dir='ltr'>Francisci</span> <span class='ocrx_word' id='word_1_164' title='bbox 1065 2336 1095 2362; x_wconf 92' lang='lat' dir='ltr'>et</span> 
     </span>
     <span class='ocr_line' id='line_1_27' title="bbox 91 2380 1093 2423; baseline 0.005 -14"><span class='ocrx_word' id='word_1_165' title='bbox 91 2380 221 2410; x_wconf 88' lang='lat' dir='ltr'>Antonii</span> <span class='ocrx_word' id='word_1_166' title='bbox 240 2384 270 2411; x_wconf 90' lang='lat' dir='ltr'>et</span> <span class='ocrx_word' id='word_1_167' title='bbox 285 2384 411 2412; x_wconf 86' lang='lat' dir='ltr'>sanctae</span> <span class='ocrx_word' id='word_1_168' title='bbox 424 2381 547 2418; x_wconf 78' lang='lat' dir='ltr'>Clarae,</span> <span class='ocrx_word' id='word_1_169' title='bbox 563 2387 593 2412; x_wconf 92' lang='lat' dir='ltr'>et</span> <span class='ocrx_word' id='word_1_170' title='bbox 608 2391 664 2421; x_wconf 90' lang='lat' dir='ltr'>per</span> <span class='ocrx_word' id='word_1_171' title='bbox 679 2387 747 2413; x_wconf 85' lang='lat' dir='ltr'>octo</span> <span class='ocrx_word' id='word_1_172' title='bbox 762 2383 831 2414; x_wconf 90' lang='lat' dir='ltr'>dies</span> <span class='ocrx_word' id='word_1_173' title='bbox 847 2389 1027 2423; x_wconf 82' lang='lat' dir='ltr'>sequentes,</span> <span class='ocrx_word' id='word_1_174' title='bbox 1046 2385 1093 2414; x_wconf 94' lang='lat' dir='ltr'>vi-</span> 
     </span>
     <span class='ocr_line' id='line_1_28' title="bbox 92 2432 264 2464; baseline 0.006 -1"><span class='ocrx_word' id='word_1_175' title='bbox 92 2432 264 2464; x_wconf 82' lang='lat' dir='ltr'>sitaverint.</span> 
     </span>
    </p>
   </div>
   <div class='ocr_carea' id='block_1_13' title="bbox 93 2487 1094 2570">
    <p class='ocr_par' dir='ltr' id='par_1_14' title="bbox 93 2487 1094 2570">
     <span class='ocr_line' id='line_1_29' title="bbox 133 2487 1094 2529; baseline 0.006 -13"><span class='ocrx_word' id='word_1_176' title='bbox 133 2498 146 2513; x_wconf 75' lang='grc' dir='ltr'>α</span> <span class='ocrx_word' id='word_1_177' title='bbox 164 2487 249 2517; x_wconf 85' lang='lat' dir='ltr'>Licet</span> <span class='ocrx_word' id='word_1_178' title='bbox 264 2487 292 2517; x_wconf 90' lang='lat' dir='ltr'>is</span> <span class='ocrx_word' id='word_1_179' title='bbox 307 2488 384 2518; x_wconf 89' lang='lat' dir='ltr'>de...</span> <span class='ocrx_word' id='word_1_180' title='bbox 400 2505 441 2511; x_wconf 94' lang='lat'>—</span> <span class='ocrx_word' id='word_1_181' title='bbox 456 2488 528 2518; x_wconf 88' lang='lat' dir='ltr'>Dat.</span> <span class='ocrx_word' id='word_1_182' title='bbox 545 2490 643 2519; x_wconf 83' lang='lat' dir='ltr'>Reate</span> <span class='ocrx_word' id='word_1_183' title='bbox 655 2512 663 2527; x_wconf 90' lang='lat'><strong><em>‚</em></strong></span> <span class='ocrx_word' id='word_1_184' title='bbox 682 2499 703 2519; x_wconf 88' lang='lat'>11</span> <span class='ocrx_word' id='word_1_185' title='bbox 722 2489 874 2520; x_wconf 80' lang='lat' dir='ltr'>kalendas</span> <span class='ocrx_word' id='word_1_186' title='bbox 887 2491 988 2529; x_wconf 83' lang='lat' dir='ltr'>junii,</span> <span class='ocrx_word' id='word_1_187' title='bbox 1009 2500 1094 2522; x_wconf 89' lang='lat' dir='ltr'>anno</span> 
     </span>
     <span class='ocr_line' id='line_1_30' title="bbox 93 2541 271 2570; baseline -0.006 -1"><span class='ocrx_word' id='word_1_188' title='bbox 93 2541 237 2570; x_wconf 85' lang='lat' dir='ltr'>secundo.</span> <span class='ocrx_word' id='word_1_189' title='bbox 259 2553 271 2568; x_wconf 76' lang='lat' dir='ltr'>n</span> 
     </span>
    </p>
   </div>
   <div class='ocr_carea' id='block_1_14' title="bbox 161 2713 1022 2752">
    <p class='ocr_par' dir='ltr' id='par_1_15' title="bbox 161 2713 1022 2752">
     <span class='ocr_line' id='line_1_31' title="bbox 161 2713 1022 2752; baseline 0.002 -10"><span class='ocrx_word' id='word_1_190' title='bbox 161 2713 247 2742; x_wconf 72' lang='lat'>938</span> <span class='ocrx_word' id='word_1_191' title='bbox 726 2716 818 2751; x_wconf 82' lang='lat' dir='ltr'>Rieti,</span> <span class='ocrx_word' id='word_1_192' title='bbox 836 2717 850 2743; x_wconf 86' lang='lat'><strong>3</strong></span> <span class='ocrx_word' id='word_1_193' title='bbox 862 2717 927 2752; x_wconf 80' lang='lat' dir='ltr'>Juin</span> <span class='ocrx_word' id='word_1_194' title='bbox 944 2717 1022 2744; x_wconf 76' lang='grc'>1289.</span> 
     </span>
    </p>
   </div>
   <div class='ocr_carea' id='block_1_15' title="bbox 95 2773 1094 2859">
    <p class='ocr_par' dir='ltr' id='par_1_16' title="bbox 95 2773 1094 2859">
     <span class='ocr_line' id='line_1_32' title="bbox 125 2773 1094 2813; baseline 0.005 -12"><span class='ocrx_word' id='word_1_195' title='bbox 125 2773 307 2810; x_wconf 86' lang='lat' dir='ltr'>Dispensatio</span> <span class='ocrx_word' id='word_1_196' title='bbox 323 2785 411 2812; x_wconf 83' lang='lat' dir='ltr'>super</span> <span class='ocrx_word' id='word_1_197' title='bbox 423 2777 583 2813; x_wconf 81' lang='lat' dir='ltr'>pluralitate</span> <span class='ocrx_word' id='word_1_198' title='bbox 598 2779 811 2805; x_wconf 82' lang='lat' dir='ltr'>beneficiorum.</span> <span class='ocrx_word' id='word_1_199' title='bbox 828 2779 911 2812; x_wconf 76' lang='lat' dir='ltr'>(Rae.</span> <span class='ocrx_word' id='word_1_200' title='bbox 930 2780 972 2810; x_wconf 86' lang='grc'>44,</span> <span class='ocrx_word' id='word_1_201' title='bbox 990 2788 1015 2806; x_wconf 87' lang='lat' dir='ltr'>c.</span> <span class='ocrx_word' id='word_1_202' title='bbox 1032 2780 1094 2812; x_wconf 81' lang='grc'>216,</span> 
     </span>
     <span class='ocr_line' id='line_1_33' title="bbox 95 2823 244 2859; baseline 0.02 -10"><span class='ocrx_word' id='word_1_203' title='bbox 95 2823 113 2850; x_wconf 83' lang='lat' dir='ltr'>f.</span> <span class='ocrx_word' id='word_1_204' title='bbox 130 2824 178 2852; x_wconf 89' lang='lat'>155</span> <span class='ocrx_word' id='word_1_205' title='bbox 194 2825 244 2859; x_wconf 84' lang='lat' dir='ltr'>v0.)</span> 
     </span>
    </p>
   </div>
   <div class='ocr_carea' id='block_1_16' title="bbox 95 2926 1096 3072">
    <p class='ocr_par' dir='ltr' id='par_1_17' title="bbox 95 2926 1096 3072">
     <span class='ocr_line' id='line_1_34' title="bbox 139 2926 1094 2968; baseline 0.005 -13"><span class='ocrx_word' id='word_1_206' title='bbox 139 2926 304 2957; x_wconf 75' lang='lat' dir='ltr'>Venerabili</span> <span class='ocrx_word' id='word_1_207' title='bbox 326 2929 422 2964; x_wconf 81' lang='lat' dir='ltr'>fratri</span> <span class='ocrx_word' id='word_1_208' title='bbox 445 2929 600 2964; x_wconf 78' lang='lat' dir='ltr'>Joharmi,</span> <span class='ocrx_word' id='word_1_209' title='bbox 629 2930 846 2968; x_wconf 75' lang='lat' dir='ltr'>archiepiscopo</span> <span class='ocrx_word' id='word_1_210' title='bbox 867 2931 1094 2968; x_wconf 77' lang='lat' dir='ltr'>Cantzlariensi,</span> 
     </span>
     <span class='ocr_line' id='line_1_35' title="bbox 95 2977 1093 3021; baseline 0.006 -13"><span class='ocrx_word' id='word_1_211' title='bbox 95 2977 252 3009; x_wconf 83' lang='lat' dir='ltr'>licentiam</span> <span class='ocrx_word' id='word_1_212' title='bbox 270 2981 414 3011; x_wconf 88' lang='lat' dir='ltr'>concedit</span> <span class='ocrx_word' id='word_1_213' title='bbox 431 2981 638 3019; x_wconf 88' lang='lat' dir='ltr'>dispensandi</span> <span class='ocrx_word' id='word_1_214' title='bbox 655 2991 728 3012; x_wconf 87' lang='lat' dir='ltr'>cum</span> <span class='ocrx_word' id='word_1_215' title='bbox 748 2983 840 3012; x_wconf 84' lang='lat' dir='ltr'>Petro</span> <span class='ocrx_word' id='word_1_216' title='bbox 857 2983 896 3013; x_wconf 90' lang='lat' dir='ltr'>de</span> <span class='ocrx_word' id='word_1_217' title='bbox 912 2983 1093 3021; x_wconf 86' lang='lat' dir='ltr'>Geldeford,</span> 
     </span>
     <span class='ocr_line' id='line_1_36' title="bbox 96 3034 1096 3072; baseline 0.006 -11"><span class='ocrx_word' id='word_1_218' title='bbox 96 3035 130 3062; x_wconf 90' lang='lat' dir='ltr'>ut</span> <span class='ocrx_word' id='word_1_219' title='bbox 143 3041 206 3062; x_wconf 86' lang='lat' dir='ltr'>una</span> <span class='ocrx_word' id='word_1_220' title='bbox 221 3042 293 3062; x_wconf 87' lang='lat' dir='ltr'>cum</span> <span class='ocrx_word' id='word_1_221' title='bbox 316 3035 531 3072; x_wconf 82' lang='lat' dir='ltr'>praepositura</span> <span class='ocrx_word' id='word_1_222' title='bbox 554 3034 723 3065; x_wconf 87' lang='lat' dir='ltr'>saecularis</span> <span class='ocrx_word' id='word_1_223' title='bbox 743 3035 893 3065; x_wconf 84' lang='lat' dir='ltr'>ecclesiae</span> <span class='ocrx_word' id='word_1_224' title='bbox 915 3036 954 3066; x_wconf 87' lang='lat' dir='ltr'>de</span> <span class='ocrx_word' id='word_1_225' title='bbox 969 3037 1096 3067; x_wconf 89' lang='lat' dir='ltr'>Wuen—</span> 
     </span>
    </p>
   </div>
   <div class='ocr_carea' id='block_1_17' title="bbox 1169 439 2172 521">
    <p class='ocr_par' dir='ltr' id='par_1_18' title="bbox 1169 439 2172 521">
     <span class='ocr_line' id='line_1_37' title="bbox 1169 439 2172 480; baseline 0.005 -13"><span class='ocrx_word' id='word_1_226' title='bbox 1169 439 1284 476; x_wconf 84' lang='lat' dir='ltr'>geham</span> <span class='ocrx_word' id='word_1_227' title='bbox 1304 439 1469 470; x_wconf 83' lang='lat' dir='ltr'>ecclesiam</span> <span class='ocrx_word' id='word_1_228' title='bbox 1484 441 1715 479; x_wconf 82' lang='lat' dir='ltr'>parrochialem</span> <span class='ocrx_word' id='word_1_229' title='bbox 1736 441 1774 471; x_wconf 84' lang='lat' dir='ltr'>de</span> <span class='ocrx_word' id='word_1_230' title='bbox 1791 441 2042 480; x_wconf 86' lang='lat' dir='ltr'>Bissopesburno</span> <span class='ocrx_word' id='word_1_231' title='bbox 2063 447 2172 473; x_wconf 84' lang='lat' dir='ltr'>tenere</span> 
     </span>
     <span class='ocr_line' id='line_1_38' title="bbox 1172 492 1284 521; baseline 0 0"><span class='ocrx_word' id='word_1_232' title='bbox 1172 492 1284 521; x_wconf 87' lang='lat' dir='ltr'>valeat.</span> 
     </span>
    </p>
   </div>
   <div class='ocr_carea' id='block_1_18' title="bbox 1171 545 2174 629">
    <p class='ocr_par' dir='ltr' id='par_1_19' title="bbox 1171 545 2174 629">
     <span class='ocr_line' id='line_1_39' title="bbox 1213 545 2174 586; baseline 0.003 -12"><span class='ocrx_word' id='word_1_233' title='bbox 1213 556 1226 571; x_wconf 73' lang='grc' dir='ltr'>α</span> <span class='ocrx_word' id='word_1_234' title='bbox 1246 545 1338 575; x_wconf 88' lang='lat' dir='ltr'>Lecta</span> <span class='ocrx_word' id='word_1_235' title='bbox 1353 554 1457 575; x_wconf 88' lang='lat' dir='ltr'>coram</span> <span class='ocrx_word' id='word_1_236' title='bbox 1474 547 1604 576; x_wconf 87' lang='lat' dir='ltr'>nobis...</span> <span class='ocrx_word' id='word_1_237' title='bbox 1621 563 1658 568; x_wconf 89' lang='lat'>—-</span> <span class='ocrx_word' id='word_1_238' title='bbox 1675 547 1745 577; x_wconf 88' lang='lat' dir='ltr'>Dat.</span> <span class='ocrx_word' id='word_1_239' title='bbox 1769 547 1865 577; x_wconf 84' lang='lat' dir='ltr'>Reate</span> <span class='ocrx_word' id='word_1_240' title='bbox 1877 569 1885 584; x_wconf 87' lang='lat'>,</span> <span class='ocrx_word' id='word_1_241' title='bbox 1904 556 1938 576; x_wconf 88' lang='lat'>111</span> <span class='ocrx_word' id='word_1_242' title='bbox 1956 556 2054 577; x_wconf 87' lang='lat' dir='ltr'>nonas</span> <span class='ocrx_word' id='word_1_243' title='bbox 2072 548 2174 586; x_wconf 79' lang='lat' dir='ltr'>junii,</span> 
     </span>
     <span class='ocr_line' id='line_1_40' title="bbox 1171 599 1458 629; baseline 0.01 -3"><span class='ocrx_word' id='word_1_244' title='bbox 1171 605 1257 627; x_wconf 89' lang='lat' dir='ltr'>anno</span> <span class='ocrx_word' id='word_1_245' title='bbox 1275 599 1425 629; x_wconf 87' lang='lat' dir='ltr'>secundo.</span> <span class='ocrx_word' id='word_1_246' title='bbox 1447 610 1458 625; x_wconf 63' lang='grc' dir='ltr'>ι»</span> 
     </span>
    </p>
   </div>
   <div class='ocr_carea' id='block_1_19' title="bbox 1209 769 1886 865">
    <p class='ocr_par' dir='ltr' id='par_1_20' title="bbox 1209 769 1886 865">
     <span class='ocr_line' id='line_1_41' title="bbox 1244 769 1431 798; baseline 0.011 -2"><span class='ocrx_word' id='word_1_247' title='bbox 1244 769 1431 798; x_wconf 76' lang='grc'>939-941</span> 
     </span>
     <span class='ocr_line' id='line_1_42' title="bbox 1209 830 1886 865; baseline 0.003 -8"><span class='ocrx_word' id='word_1_248' title='bbox 1209 830 1419 865; x_wconf 80' lang='lat' dir='ltr'>Indulgentiae.</span> <span class='ocrx_word' id='word_1_249' title='bbox 1437 831 1520 864; x_wconf 66' lang='lat' dir='ltr'>(Rae.</span> <span class='ocrx_word' id='word_1_250' title='bbox 1538 832 1570 858; x_wconf 84' lang='lat'>44</span> <span class='ocrx_word' id='word_1_251' title='bbox 1582 852 1588 864; x_wconf 88' lang='lat'><em>‚</em></span> <span class='ocrx_word' id='word_1_252' title='bbox 1606 841 1631 858; x_wconf 90' lang='lat' dir='ltr'>c.</span> <span class='ocrx_word' id='word_1_253' title='bbox 1648 833 1714 863; x_wconf 85' lang='grc'>217,</span> <span class='ocrx_word' id='word_1_254' title='bbox 1733 832 1752 858; x_wconf 88' lang='lat' dir='ltr'>f.</span> <span class='ocrx_word' id='word_1_255' title='bbox 1771 833 1819 859; x_wconf 82' lang='lat'>155</span> <span class='ocrx_word' id='word_1_256' title='bbox 1835 834 1886 865; x_wconf 90' lang='lat' dir='ltr'>v0.)</span> 
     </span>
    </p>
   </div>
   <div class='ocr_carea' id='block_1_20' title="bbox 1520 770 2103 805">
    <p class='ocr_par' dir='ltr' id='par_1_21' title="bbox 1520 770 2103 805">
     <span class='ocr_line' id='line_1_43' title="bbox 1520 770 2103 805; baseline 0.005 -9"><span class='ocrx_word' id='word_1_257' title='bbox 1520 770 1877 805; x_wconf 85' lang='lat' dir='ltr'>Sainte-Marie-Majeure‚</span> <span class='ocrx_word' id='word_1_258' title='bbox 1901 772 1937 797; x_wconf 65' lang='lat' dir='ltr'>ier</span> <span class='ocrx_word' id='word_1_259' title='bbox 1952 772 2005 798; x_wconf 87' lang='lat' dir='ltr'>mai</span> <span class='ocrx_word' id='word_1_260' title='bbox 2027 772 2103 799; x_wconf 72' lang='grc'>1289.</span> 
     </span>
    </p>
   </div>
   <div class='ocr_carea' id='block_1_21' title="bbox 1172 933 2179 1548">
    <p class='ocr_par' dir='ltr' id='par_1_22' title="bbox 1172 933 2179 1343">
     <span class='ocr_line' id='line_1_44' title="bbox 1214 933 2176 970; baseline 0.004 -9"><span class='ocrx_word' id='word_1_261' title='bbox 1214 934 1332 962; x_wconf 82' lang='lat' dir='ltr'>Dileclis</span> <span class='ocrx_word' id='word_1_262' title='bbox 1347 933 1421 969; x_wconf 79' lang='lat' dir='ltr'>siliis</span> <span class='ocrx_word' id='word_1_263' title='bbox 1438 955 1457 962; x_wconf 93' lang='lat'>..</span> <span class='ocrx_word' id='word_1_264' title='bbox 1475 934 1621 970; x_wconf 75' lang='lat' dir='ltr'>preposito</span> <span class='ocrx_word' id='word_1_265' title='bbox 1637 939 1663 962; x_wconf 82' lang='lat' dir='ltr'>et</span> <span class='ocrx_word' id='word_1_266' title='bbox 1683 934 1816 969; x_wconf 77' lang='lat' dir='ltr'>capitulo</span> <span class='ocrx_word' id='word_1_267' title='bbox 1838 934 1952 963; x_wconf 74' lang='lat' dir='ltr'>ecclesie</span> <span class='ocrx_word' id='word_1_268' title='bbox 1979 935 2061 963; x_wconf 80' lang='lat' dir='ltr'>Beate</span> <span class='ocrx_word' id='word_1_269' title='bbox 2084 937 2176 965; x_wconf 81' lang='lat' dir='ltr'>Marie</span> 
     </span>
     <span class='ocr_line' id='line_1_45' title="bbox 1173 985 2177 1024; baseline 0.003 -10"><span class='ocrx_word' id='word_1_270' title='bbox 1173 987 1379 1023; x_wconf 67' lang='lat' dir='ltr'>Auqastensis.</span> <span class='ocrx_word' id='word_1_271' title='bbox 1393 985 1633 1022; x_wconf 84' lang='lat' dir='ltr'>Indulgentiam</span> <span class='ocrx_word' id='word_1_272' title='bbox 1649 985 1745 1014; x_wconf 89' lang='lat' dir='ltr'>unius</span> <span class='ocrx_word' id='word_1_273' title='bbox 1755 985 1832 1014; x_wconf 87' lang='lat' dir='ltr'>anni</span> <span class='ocrx_word' id='word_1_274' title='bbox 1846 990 1874 1014; x_wconf 90' lang='lat' dir='ltr'>et</span> <span class='ocrx_word' id='word_1_275' title='bbox 1886 986 2099 1024; x_wconf 81' lang='lat' dir='ltr'>quadraginta</span> <span class='ocrx_word' id='word_1_276' title='bbox 2111 988 2177 1017; x_wconf 90' lang='lat' dir='ltr'>die-</span> 
     </span>
     <span class='ocr_line' id='line_1_46' title="bbox 1172 1037 2177 1078; baseline 0.003 -11"><span class='ocrx_word' id='word_1_277' title='bbox 1172 1047 1245 1068; x_wconf 91' lang='lat' dir='ltr'>rum</span> <span class='ocrx_word' id='word_1_278' title='bbox 1261 1037 1407 1068; x_wconf 87' lang='lat' dir='ltr'>concedit</span> <span class='ocrx_word' id='word_1_279' title='bbox 1420 1038 1570 1067; x_wconf 79' lang='lat' dir='ltr'>omnibus</span> <span class='ocrx_word' id='word_1_280' title='bbox 1584 1047 1656 1067; x_wconf 89' lang='lat' dir='ltr'>vere</span> <span class='ocrx_word' id='word_1_281' title='bbox 1669 1038 1904 1076; x_wconf 84' lang='lat' dir='ltr'>poenitentibus</span> <span class='ocrx_word' id='word_1_282' title='bbox 1917 1042 1946 1067; x_wconf 90' lang='lat' dir='ltr'>et</span> <span class='ocrx_word' id='word_1_283' title='bbox 1957 1039 2109 1069; x_wconf 78' lang='lat' dir='ltr'>confessis</span> <span class='ocrx_word' id='word_1_284' title='bbox 2123 1041 2177 1078; x_wconf 79' lang='lat' dir='ltr'>qui</span> 
     </span>
     <span class='ocr_line' id='line_1_47' title="bbox 1173 1090 2175 1129; baseline 0.001 -9"><span class='ocrx_word' id='word_1_285' title='bbox 1173 1091 1212 1120; x_wconf 90' lang='lat' dir='ltr'>ad</span> <span class='ocrx_word' id='word_1_286' title='bbox 1224 1091 1439 1129; x_wconf 82' lang='lat' dir='ltr'>supradictam</span> <span class='ocrx_word' id='word_1_287' title='bbox 1456 1090 1624 1120; x_wconf 84' lang='lat' dir='ltr'>ecclesiam</span> <span class='ocrx_word' id='word_1_288' title='bbox 1636 1090 1671 1119; x_wconf 90' lang='lat' dir='ltr'>in</span> <span class='ocrx_word' id='word_1_289' title='bbox 1683 1091 1933 1127; x_wconf 83' lang='lat' dir='ltr'>Purificationis,</span> <span class='ocrx_word' id='word_1_290' title='bbox 1945 1092 2175 1122; x_wconf 80' lang='lat' dir='ltr'>Annuntiatio-</span> 
     </span>
     <span class='ocr_line' id='line_1_48' title="bbox 1173 1145 2178 1184; baseline 0.001 -9"><span class='ocrx_word' id='word_1_291' title='bbox 1173 1146 1242 1183; x_wconf 73' lang='grc'>1115,</span> <span class='ocrx_word' id='word_1_292' title='bbox 1263 1146 1504 1184; x_wconf 88' lang='lat' dir='ltr'>Assumptionis</span> <span class='ocrx_word' id='word_1_293' title='bbox 1521 1150 1550 1175; x_wconf 88' lang='lat' dir='ltr'>et</span> <span class='ocrx_word' id='word_1_294' title='bbox 1566 1145 1748 1175; x_wconf 86' lang='lat' dir='ltr'>Nativitatis</span> <span class='ocrx_word' id='word_1_295' title='bbox 1770 1145 1877 1175; x_wconf 85' lang='lat' dir='ltr'>beatae</span> <span class='ocrx_word' id='word_1_296' title='bbox 1902 1146 2022 1175; x_wconf 85' lang='lat' dir='ltr'>Mariae</span> <span class='ocrx_word' id='word_1_297' title='bbox 2045 1147 2178 1184; x_wconf 82' lang='lat' dir='ltr'>virginis</span> 
     </span>
     <span class='ocr_line' id='line_1_49' title="bbox 1173 1198 2179 1238; baseline 0.001 -10"><span class='ocrx_word' id='word_1_298' title='bbox 1173 1199 1415 1233; x_wconf 77' lang='lat' dir='ltr'>festivitatibus,</span> <span class='ocrx_word' id='word_1_299' title='bbox 1440 1199 1473 1227; x_wconf 90' lang='lat' dir='ltr'>in</span> <span class='ocrx_word' id='word_1_300' title='bbox 1490 1198 1710 1228; x_wconf 86' lang='lat' dir='ltr'>anniversario</span> <span class='ocrx_word' id='word_1_301' title='bbox 1731 1198 1781 1228; x_wconf 86' lang='lat' dir='ltr'>die</span> <span class='ocrx_word' id='word_1_302' title='bbox 1806 1199 2013 1229; x_wconf 84' lang='lat' dir='ltr'>dedicationis</span> <span class='ocrx_word' id='word_1_303' title='bbox 2037 1200 2179 1238; x_wconf 88' lang='lat' dir='ltr'>ejusdem</span> 
     </span>
     <span class='ocr_line' id='line_1_50' title="bbox 1174 1251 2179 1291; baseline 0 -9"><span class='ocrx_word' id='word_1_304' title='bbox 1174 1253 1337 1289; x_wconf 83' lang='lat' dir='ltr'>ecclesiae,</span> <span class='ocrx_word' id='word_1_305' title='bbox 1350 1257 1380 1282; x_wconf 89' lang='lat' dir='ltr'>et</span> <span class='ocrx_word' id='word_1_306' title='bbox 1390 1261 1446 1291; x_wconf 90' lang='lat' dir='ltr'>per</span> <span class='ocrx_word' id='word_1_307' title='bbox 1461 1257 1530 1282; x_wconf 88' lang='lat' dir='ltr'>octo</span> <span class='ocrx_word' id='word_1_308' title='bbox 1542 1252 1609 1281; x_wconf 87' lang='lat' dir='ltr'>dies</span> <span class='ocrx_word' id='word_1_309' title='bbox 1623 1251 1750 1281; x_wconf 83' lang='lat' dir='ltr'>easdem</span> <span class='ocrx_word' id='word_1_310' title='bbox 1766 1252 1951 1282; x_wconf 81' lang='lat' dir='ltr'>festivitates</span> <span class='ocrx_word' id='word_1_311' title='bbox 1967 1257 1997 1282; x_wconf 93' lang='lat' dir='ltr'>et</span> <span class='ocrx_word' id='word_1_312' title='bbox 2012 1253 2179 1283; x_wconf 83' lang='lat' dir='ltr'>dedicatio-</span> 
     </span>
     <span class='ocr_line' id='line_1_51' title="bbox 1173 1304 1667 1343; baseline -0.002 -9"><span class='ocrx_word' id='word_1_313' title='bbox 1173 1314 1248 1335; x_wconf 88' lang='lat' dir='ltr'>nem</span> <span class='ocrx_word' id='word_1_314' title='bbox 1267 1311 1448 1343; x_wconf 79' lang='lat' dir='ltr'>sequentes,</span> <span class='ocrx_word' id='word_1_315' title='bbox 1466 1304 1667 1334; x_wconf 78' lang='lat' dir='ltr'>accesserint.</span> 
     </span>
    </p>

    <p class='ocr_par' dir='ltr' id='par_1_23' title="bbox 1174 1358 2177 1451">
     <span class='ocr_line' id='line_1_52' title="bbox 1215 1358 2177 1398; baseline 0.003 -13"><span class='ocrx_word' id='word_1_316' title='bbox 1215 1371 1228 1385; x_wconf 85' lang='lat'>«</span> <span class='ocrx_word' id='word_1_317' title='bbox 1250 1359 1321 1388; x_wconf 89' lang='lat' dir='ltr'>Vite</span> <span class='ocrx_word' id='word_1_318' title='bbox 1337 1359 1520 1398; x_wconf 86' lang='lat' dir='ltr'>perempnis</span> <span class='ocrx_word' id='word_1_319' title='bbox 1539 1358 1680 1396; x_wconf 83' lang='lat' dir='ltr'>gloria...</span> <span class='ocrx_word' id='word_1_320' title='bbox 1699 1375 1738 1380; x_wconf 90' lang='lat'>-—</span> <span class='ocrx_word' id='word_1_321' title='bbox 1757 1359 1827 1388; x_wconf 85' lang='lat' dir='ltr'>Dat.</span> <span class='ocrx_word' id='word_1_322' title='bbox 1846 1359 1959 1395; x_wconf 79' lang='lat' dir='ltr'>Reate,</span> <span class='ocrx_word' id='word_1_323' title='bbox 1976 1359 2060 1397; x_wconf 86' lang='lat' dir='ltr'>apud</span> <span class='ocrx_word' id='word_1_324' title='bbox 2079 1360 2177 1389; x_wconf 81' lang='lat' dir='ltr'>Sanc-</span> 
     </span>
     <span class='ocr_line' id='line_1_53' title="bbox 1174 1411 2177 1451; baseline 0 -9"><span class='ocrx_word' id='word_1_325' title='bbox 1174 1416 1237 1442; x_wconf 85' lang='lat' dir='ltr'>tam</span> <span class='ocrx_word' id='word_1_326' title='bbox 1256 1413 1391 1442; x_wconf 85' lang='lat' dir='ltr'>Mariam</span> <span class='ocrx_word' id='word_1_327' title='bbox 1412 1413 1564 1451; x_wconf 75' lang='lat' dir='ltr'>Major-em</span> <span class='ocrx_word' id='word_1_328' title='bbox 1580 1435 1586 1447; x_wconf 92' lang='lat'>‚</span> <span class='ocrx_word' id='word_1_329' title='bbox 1610 1411 1757 1441; x_wconf 80' lang='lat' dir='ltr'>kalendis</span> <span class='ocrx_word' id='word_1_330' title='bbox 1774 1412 1865 1448; x_wconf 81' lang='lat' dir='ltr'>maii,</span> <span class='ocrx_word' id='word_1_331' title='bbox 1884 1421 1968 1442; x_wconf 84' lang='lat' dir='ltr'>anno</span> <span class='ocrx_word' id='word_1_332' title='bbox 1992 1413 2142 1442; x_wconf 81' lang='lat' dir='ltr'>secundo.</span> <span class='ocrx_word' id='word_1_333' title='bbox 2162 1422 2177 1442; x_wconf 79' lang='lat'>)&gt;</span> 
     </span>
    </p>

    <p class='ocr_par' dir='ltr' id='par_1_24' title="bbox 1173 1464 2178 1548">
     <span class='ocr_line' id='line_1_54' title="bbox 1212 1464 2178 1504; baseline 0.002 -10"><span class='ocrx_word' id='word_1_334' title='bbox 1212 1466 1251 1494; x_wconf 91' lang='lat' dir='ltr'>In</span> <span class='ocrx_word' id='word_1_335' title='bbox 1270 1475 1297 1495; x_wconf 89' lang='lat' dir='ltr'>e.</span> <span class='ocrx_word' id='word_1_336' title='bbox 1316 1475 1358 1494; x_wconf 91' lang='lat' dir='ltr'>m.</span> <span class='ocrx_word' id='word_1_337' title='bbox 1378 1488 1396 1494; x_wconf 92' lang='lat'>..</span> <span class='ocrx_word' id='word_1_338' title='bbox 1415 1465 1592 1504; x_wconf 82' lang='lat' dir='ltr'>praeposito</span> <span class='ocrx_word' id='word_1_339' title='bbox 1612 1470 1641 1494; x_wconf 89' lang='lat' dir='ltr'>et</span> <span class='ocrx_word' id='word_1_340' title='bbox 1657 1464 1794 1503; x_wconf 85' lang='lat' dir='ltr'>capitulo</span> <span class='ocrx_word' id='word_1_341' title='bbox 1811 1465 1961 1495; x_wconf 82' lang='lat' dir='ltr'>ecclesiae</span> <span class='ocrx_word' id='word_1_342' title='bbox 1979 1466 2093 1496; x_wconf 82' lang='lat' dir='ltr'>Beatae</span> <span class='ocrx_word' id='word_1_343' title='bbox 2114 1467 2178 1496; x_wconf 84' lang='lat' dir='ltr'>Ma-</span> 
     </span>
     <span class='ocr_line' id='line_1_55' title="bbox 1173 1518 1481 1548; baseline 0 -1"><span class='ocrx_word' id='word_1_344' title='bbox 1173 1518 1240 1547; x_wconf 81' lang='lat' dir='ltr'>riae</span> <span class='ocrx_word' id='word_1_345' title='bbox 1254 1519 1481 1548; x_wconf 86' lang='lat' dir='ltr'>Lausanensis.</span> 
     </span>
    </p>
   </div>
   <div class='ocr_carea' id='block_1_22' title="bbox 1174 1584 2180 1951">
    <p class='ocr_par' dir='ltr' id='par_1_25' title="bbox 1808 1584 2106 1619">
     <span class='ocr_line' id='line_1_56' title="bbox 1808 1584 2106 1619; baseline 0 -9"><span class='ocrx_word' id='word_1_346' title='bbox 1808 1584 1901 1615; x_wconf 88' lang='lat' dir='ltr'>Rieti,</span> <span class='ocrx_word' id='word_1_347' title='bbox 1920 1586 1934 1611; x_wconf 89' lang='lat'>5</span> <span class='ocrx_word' id='word_1_348' title='bbox 1949 1585 2011 1619; x_wconf 88' lang='lat' dir='ltr'>juin</span> <span class='ocrx_word' id='word_1_349' title='bbox 2030 1584 2106 1612; x_wconf 58' lang='lat'>1389.</span> 
     </span>
    </p>

    <p class='ocr_par' dir='ltr' id='par_1_26' title="bbox 1174 1646 2180 1951">
     <span class='ocr_line' id='line_1_57' title="bbox 1214 1646 2178 1685; baseline 0 -8"><span class='ocrx_word' id='word_1_350' title='bbox 1214 1648 1252 1677; x_wconf 89' lang='lat' dir='ltr'>In</span> <span class='ocrx_word' id='word_1_351' title='bbox 1269 1658 1297 1679; x_wconf 86' lang='lat' dir='ltr'>e.</span> <span class='ocrx_word' id='word_1_352' title='bbox 1316 1657 1358 1677; x_wconf 87' lang='lat' dir='ltr'>m.</span> <span class='ocrx_word' id='word_1_353' title='bbox 1378 1649 1530 1685; x_wconf 77' lang='lat' dir='ltr'>magistro</span> <span class='ocrx_word' id='word_1_354' title='bbox 1546 1651 1575 1677; x_wconf 82' lang='lat' dir='ltr'>et</span> <span class='ocrx_word' id='word_1_355' title='bbox 1589 1647 1740 1676; x_wconf 84' lang='lat' dir='ltr'>fratribus</span> <span class='ocrx_word' id='word_1_356' title='bbox 1752 1646 1917 1685; x_wconf 85' lang='lat' dir='ltr'>hospitalis</span> <span class='ocrx_word' id='word_1_357' title='bbox 1931 1647 2040 1677; x_wconf 83' lang='lat' dir='ltr'>Sancti</span> <span class='ocrx_word' id='word_1_358' title='bbox 2054 1647 2178 1677; x_wconf 88' lang='lat' dir='ltr'>Nicolai</span> 
     </span>
     <span class='ocr_line' id='line_1_58' title="bbox 1174 1701 2179 1740; baseline -0.002 -8"><span class='ocrx_word' id='word_1_359' title='bbox 1174 1702 1213 1732; x_wconf 87' lang='lat' dir='ltr'>de</span> <span class='ocrx_word' id='word_1_360' title='bbox 1243 1703 1376 1740; x_wconf 79' lang='lat' dir='ltr'>Lineyo,</span> <span class='ocrx_word' id='word_1_361' title='bbox 1396 1701 1557 1731; x_wconf 89' lang='lat' dir='ltr'>Tullensis</span> <span class='ocrx_word' id='word_1_362' title='bbox 1587 1701 1750 1731; x_wconf 86' lang='lat' dir='ltr'>dioecesis.</span> <span class='ocrx_word' id='word_1_363' title='bbox 1777 1701 1919 1730; x_wconf 80' lang='lat' dir='ltr'>Eandem</span> <span class='ocrx_word' id='word_1_364' title='bbox 1945 1701 2179 1738; x_wconf 77' lang='lat' dir='ltr'>indulgentiam</span> 
     </span>
     <span class='ocr_line' id='line_1_59' title="bbox 1174 1754 2177 1794; baseline -0.002 -9"><span class='ocrx_word' id='word_1_365' title='bbox 1174 1756 1319 1786; x_wconf 87' lang='lat' dir='ltr'>concedit</span> <span class='ocrx_word' id='word_1_366' title='bbox 1334 1755 1380 1785; x_wconf 88' lang='lat' dir='ltr'>eis</span> <span class='ocrx_word' id='word_1_367' title='bbox 1398 1755 1452 1794; x_wconf 88' lang='lat' dir='ltr'>qui</span> <span class='ocrx_word' id='word_1_368' title='bbox 1470 1755 1623 1793; x_wconf 80' lang='lat' dir='ltr'>praedicti</span> <span class='ocrx_word' id='word_1_369' title='bbox 1642 1754 1807 1792; x_wconf 85' lang='lat' dir='ltr'>hospitalis</span> <span class='ocrx_word' id='word_1_370' title='bbox 1825 1754 1991 1783; x_wconf 86' lang='lat' dir='ltr'>ecclesiam</span> <span class='ocrx_word' id='word_1_371' title='bbox 2011 1755 2044 1783; x_wconf 89' lang='lat' dir='ltr'>in</span> <span class='ocrx_word' id='word_1_372' title='bbox 2063 1755 2177 1784; x_wconf 85' lang='lat' dir='ltr'>Purifi—</span> 
     </span>
     <span class='ocr_line' id='line_1_60' title="bbox 1175 1807 2180 1845; baseline -0.001 -7"><span class='ocrx_word' id='word_1_373' title='bbox 1175 1809 1323 1845; x_wconf 88' lang='lat' dir='ltr'>cationis,</span> <span class='ocrx_word' id='word_1_374' title='bbox 1354 1808 1632 1844; x_wconf 86' lang='lat' dir='ltr'>Annuntiationis⁷</span> <span class='ocrx_word' id='word_1_375' title='bbox 1664 1807 1901 1845; x_wconf 86' lang='lat' dir='ltr'>Assumptionis</span> <span class='ocrx_word' id='word_1_376' title='bbox 1930 1812 1960 1836; x_wconf 85' lang='lat' dir='ltr'>et</span> <span class='ocrx_word' id='word_1_377' title='bbox 1998 1807 2180 1837; x_wconf 86' lang='lat' dir='ltr'>Nativitatis</span> 
     </span>
     <span class='ocr_line' id='line_1_61' title="bbox 1175 1860 2180 1898; baseline -0.002 -7"><span class='ocrx_word' id='word_1_378' title='bbox 1175 1863 1283 1892; x_wconf 86' lang='lat' dir='ltr'>beatae</span> <span class='ocrx_word' id='word_1_379' title='bbox 1312 1862 1431 1891; x_wconf 85' lang='lat' dir='ltr'>Mariae</span> <span class='ocrx_word' id='word_1_380' title='bbox 1460 1861 1598 1898; x_wconf 82' lang='lat' dir='ltr'>virginis</span> <span class='ocrx_word' id='word_1_381' title='bbox 1621 1865 1651 1890; x_wconf 91' lang='lat' dir='ltr'>et</span> <span class='ocrx_word' id='word_1_382' title='bbox 1677 1860 1779 1889; x_wconf 84' lang='lat' dir='ltr'>sancti</span> <span class='ocrx_word' id='word_1_383' title='bbox 1804 1860 1927 1889; x_wconf 80' lang='lat' dir='ltr'>Nicolai</span> <span class='ocrx_word' id='word_1_384' title='bbox 1957 1860 2180 1889; x_wconf 82' lang='lat' dir='ltr'>festivitatibus</span> 
     </span>
     <span class='ocr_line' id='line_1_62' title="bbox 1174 1913 2119 1951; baseline -0.003 -7"><span class='ocrx_word' id='word_1_385' title='bbox 1174 1916 1385 1946; x_wconf 83' lang='lat' dir='ltr'>visitaverint.</span> <span class='ocrx_word' id='word_1_386' title='bbox 1405 1915 1475 1944; x_wconf 84' lang='lat' dir='ltr'>Dat.</span> <span class='ocrx_word' id='word_1_387' title='bbox 1501 1915 1618 1951; x_wconf 86' lang='lat' dir='ltr'>Reate,</span> <span class='ocrx_word' id='word_1_388' title='bbox 1637 1914 1730 1943; x_wconf 90' lang='lat' dir='ltr'>nonis</span> <span class='ocrx_word' id='word_1_389' title='bbox 1745 1913 1850 1951; x_wconf 83' lang='lat' dir='ltr'>junii,</span> <span class='ocrx_word' id='word_1_390' title='bbox 1867 1922 1953 1943; x_wconf 84' lang='lat' dir='ltr'>anno</span> <span class='ocrx_word' id='word_1_391' title='bbox 1970 1913 2119 1942; x_wconf 87' lang='lat' dir='ltr'>secundo.</span> 
     </span>
    </p>
   </div>
   <div class='ocr_carea' id='block_1_23' title="bbox 1212 2102 2181 2198">
    <p class='ocr_par' dir='ltr' id='par_1_27' title="bbox 1212 2102 2181 2198">
     <span class='ocr_line' id='line_1_63' title="bbox 1247 2102 1334 2130; baseline 0 0"><span class='ocrx_word' id='word_1_392' title='bbox 1247 2102 1334 2130; x_wconf 69' lang='lat'>342</span> 
     </span>
     <span class='ocr_line' id='line_1_64' title="bbox 1212 2161 2181 2198; baseline -0.004 -7"><span class='ocrx_word' id='word_1_393' title='bbox 1212 2165 1344 2191; x_wconf 85' lang='lat' dir='ltr'>Facultas</span> <span class='ocrx_word' id='word_1_394' title='bbox 1368 2164 1491 2191; x_wconf 82' lang='lat' dir='ltr'>habendi</span> <span class='ocrx_word' id='word_1_395' title='bbox 1514 2164 1700 2198; x_wconf 80' lang='lat' dir='ltr'>capellanum.</span> <span class='ocrx_word' id='word_1_396' title='bbox 1723 2163 1802 2197; x_wconf 77' lang='lat' dir='ltr'>(Rae.</span> <span class='ocrx_word' id='word_1_397' title='bbox 1823 2163 1855 2189; x_wconf 83' lang='grc'>44</span> <span class='ocrx_word' id='word_1_398' title='bbox 1869 2183 1875 2194; x_wconf 85' lang='grc'>,</span> <span class='ocrx_word' id='word_1_399' title='bbox 1898 2171 1923 2189; x_wconf 86' lang='lat' dir='ltr'>c.</span> <span class='ocrx_word' id='word_1_400' title='bbox 1940 2162 1991 2188; x_wconf 69' lang='grc'>218</span> <span class='ocrx_word' id='word_1_401' title='bbox 2004 2183 2010 2195; x_wconf 87' lang='grc'><strong><em>,</em></strong></span> <span class='ocrx_word' id='word_1_402' title='bbox 2028 2162 2045 2188; x_wconf 87' lang='lat' dir='ltr'>f.</span> <span class='ocrx_word' id='word_1_403' title='bbox 2065 2161 2114 2188; x_wconf 83' lang='lat'>156</span> <span class='ocrx_word' id='word_1_404' title='bbox 2134 2163 2181 2194; x_wconf 77' lang='lat'>1¹0.)</span> 
     </span>
    </p>
   </div>
   <div class='ocr_carea' id='block_1_24' title="bbox 1497 2099 2107 2134">
    <p class='ocr_par' dir='ltr' id='par_1_28' title="bbox 1497 2099 2107 2134">
     <span class='ocr_line' id='line_1_65' title="bbox 1497 2099 2107 2134; baseline -0.002 -7"><span class='ocrx_word' id='word_1_405' title='bbox 1497 2100 1863 2134; x_wconf 80' lang='lat' dir='ltr'>Sainte-Marie-MaJ&#39;eure,</span> <span class='ocrx_word' id='word_1_406' title='bbox 1886 2100 1918 2126; x_wconf 82' lang='lat'>30</span> <span class='ocrx_word' id='word_1_407' title='bbox 1939 2108 2014 2125; x_wconf 78' lang='lat' dir='ltr'>mars</span> <span class='ocrx_word' id='word_1_408' title='bbox 2032 2099 2107 2126; x_wconf 82' lang='grc'>1289.</span> 
     </span>
    </p>
   </div>
   <div class='ocr_carea' id='block_1_25' title="bbox 1176 2264 2180 2570">
    <p class='ocr_par' dir='ltr' id='par_1_29' title="bbox 1176 2264 2180 2466">
     <span class='ocr_line' id='line_1_66' title="bbox 1222 2264 2180 2303; baseline -0.005 -6"><span class='ocrx_word' id='word_1_409' title='bbox 1222 2267 1386 2297; x_wconf 80' lang='lat' dir='ltr'>Venerabili</span> <span class='ocrx_word' id='word_1_410' title='bbox 1401 2268 1496 2303; x_wconf 81' lang='lat' dir='ltr'>[ratri</span> <span class='ocrx_word' id='word_1_411' title='bbox 1514 2289 1533 2296; x_wconf 93' lang='lat'>..</span> <span class='ocrx_word' id='word_1_412' title='bbox 1551 2266 1728 2303; x_wconf 75' lang='lat' dir='ltr'>patriarche</span> <span class='ocrx_word' id='word_1_413' title='bbox 1749 2265 1934 2294; x_wconf 76' lang='lat' dir='ltr'>Antiocheno</span> <span class='ocrx_word' id='word_1_414' title='bbox 1956 2264 2086 2293; x_wconf 85' lang='lat' dir='ltr'>mandat</span> <span class='ocrx_word' id='word_1_415' title='bbox 2103 2272 2180 2301; x_wconf 86' lang='lat' dir='ltr'>qua-</span> 
     </span>
     <span class='ocr_line' id='line_1_67' title="bbox 1177 2315 2179 2354; baseline -0.006 -4"><span class='ocrx_word' id='word_1_416' title='bbox 1177 2324 1268 2351; x_wconf 88' lang='lat' dir='ltr'>tenus</span> <span class='ocrx_word' id='word_1_417' title='bbox 1287 2320 1387 2350; x_wconf 83' lang='lat' dir='ltr'>nobili</span> <span class='ocrx_word' id='word_1_418' title='bbox 1405 2320 1472 2349; x_wconf 92' lang='lat' dir='ltr'>viro</span> <span class='ocrx_word' id='word_1_419' title='bbox 1493 2318 1667 2348; x_wconf 85' lang='lat' dir='ltr'>Guillelmo</span> <span class='ocrx_word' id='word_1_420' title='bbox 1686 2318 1778 2354; x_wconf 72' lang='lat' dir='ltr'>Cibo,</span> <span class='ocrx_word' id='word_1_421' title='bbox 1801 2318 1861 2346; x_wconf 91' lang='lat' dir='ltr'>civi</span> <span class='ocrx_word' id='word_1_422' title='bbox 1883 2317 2039 2346; x_wconf 84' lang='lat' dir='ltr'>Januensi</span> <span class='ocrx_word' id='word_1_423' title='bbox 2055 2339 2062 2352; x_wconf 94' lang='lat'>,</span> <span class='ocrx_word' id='word_1_424' title='bbox 2083 2315 2179 2345; x_wconf 86' lang='lat' dir='ltr'>facul-</span> 
     </span>
     <span class='ocr_line' id='line_1_68' title="bbox 1176 2369 2180 2410; baseline -0.007 -6"><span class='ocrx_word' id='word_1_425' title='bbox 1176 2378 1271 2404; x_wconf 86' lang='lat' dir='ltr'>tatem</span> <span class='ocrx_word' id='word_1_426' title='bbox 1288 2373 1439 2403; x_wconf 83' lang='lat' dir='ltr'>concedat</span> <span class='ocrx_word' id='word_1_427' title='bbox 1455 2372 1593 2402; x_wconf 86' lang='lat' dir='ltr'>habendi</span> <span class='ocrx_word' id='word_1_428' title='bbox 1609 2371 1810 2410; x_wconf 87' lang='lat' dir='ltr'>capellanum</span> <span class='ocrx_word' id='word_1_429' title='bbox 1830 2371 1864 2399; x_wconf 93' lang='lat' dir='ltr'>in</span> <span class='ocrx_word' id='word_1_430' title='bbox 1887 2370 2023 2409; x_wconf 76' lang='lat' dir='ltr'>quadani</span> <span class='ocrx_word' id='word_1_431' title='bbox 2050 2369 2126 2398; x_wconf 90' lang='lat' dir='ltr'>villa</span> <span class='ocrx_word' id='word_1_432' title='bbox 2146 2369 2180 2397; x_wconf 91' lang='lat' dir='ltr'>in</span> 
     </span>
     <span class='ocr_line' id='line_1_69' title="bbox 1176 2423 2111 2466; baseline -0.005 -10"><span class='ocrx_word' id='word_1_433' title='bbox 1176 2436 1239 2466; x_wconf 83' lang='lat' dir='ltr'>qua</span> <span class='ocrx_word' id='word_1_434' title='bbox 1256 2431 1399 2456; x_wconf 89' lang='lat' dir='ltr'>moratur</span> <span class='ocrx_word' id='word_1_435' title='bbox 1414 2425 1554 2455; x_wconf 88' lang='lat' dir='ltr'>interdiu</span> <span class='ocrx_word' id='word_1_436' title='bbox 1573 2429 1603 2453; x_wconf 84' lang='lat' dir='ltr'>et</span> <span class='ocrx_word' id='word_1_437' title='bbox 1621 2433 1701 2463; x_wconf 84' lang='lat' dir='ltr'>quae</span> <span class='ocrx_word' id='word_1_438' title='bbox 1715 2424 1753 2453; x_wconf 84' lang='lat' dir='ltr'>ab</span> <span class='ocrx_word' id='word_1_439' title='bbox 1770 2423 1902 2453; x_wconf 88' lang='lat' dir='ltr'>ecclesia</span> <span class='ocrx_word' id='word_1_440' title='bbox 1920 2426 2039 2452; x_wconf 89' lang='lat' dir='ltr'>remota</span> <span class='ocrx_word' id='word_1_441' title='bbox 2056 2426 2111 2451; x_wconf 88' lang='lat' dir='ltr'>est.</span> 
     </span>
    </p>

    <p class='ocr_par' dir='ltr' id='par_1_30' title="bbox 1176 2474 2178 2570">
     <span class='ocr_line' id='line_1_70' title="bbox 1218 2474 2178 2517; baseline -0.005 -10"><span class='ocrx_word' id='word_1_442' title='bbox 1218 2492 1231 2507; x_wconf 82' lang='lat'>«</span> <span class='ocrx_word' id='word_1_443' title='bbox 1251 2480 1294 2509; x_wconf 83' lang='lat' dir='ltr'>Ex</span> <span class='ocrx_word' id='word_1_444' title='bbox 1311 2483 1397 2517; x_wconf 82' lang='lat' dir='ltr'>parte</span> <span class='ocrx_word' id='word_1_445' title='bbox 1412 2477 1556 2507; x_wconf 89' lang='lat' dir='ltr'>dilecti...</span> <span class='ocrx_word' id='word_1_446' title='bbox 1573 2493 1612 2499; x_wconf 92' lang='lat'><strong>—</strong></span> <span class='ocrx_word' id='word_1_447' title='bbox 1629 2477 1698 2506; x_wconf 89' lang='lat' dir='ltr'>Dat.</span> <span class='ocrx_word' id='word_1_448' title='bbox 1716 2477 1832 2513; x_wconf 81' lang='lat' dir='ltr'>Rome,</span> <span class='ocrx_word' id='word_1_449' title='bbox 1851 2476 1933 2514; x_wconf 87' lang='lat' dir='ltr'>apud</span> <span class='ocrx_word' id='word_1_450' title='bbox 1951 2476 2096 2505; x_wconf 81' lang='lat' dir='ltr'>Sanctam</span> <span class='ocrx_word' id='word_1_451' title='bbox 2115 2474 2178 2502; x_wconf 84' lang='lat' dir='ltr'>Ma-</span> 
     </span>
     <span class='ocr_line' id='line_1_71' title="bbox 1176 2528 2106 2570; baseline -0.004 -8"><span class='ocrx_word' id='word_1_452' title='bbox 1176 2533 1257 2562; x_wconf 85' lang='lat' dir='ltr'>riam</span> <span class='ocrx_word' id='word_1_453' title='bbox 1272 2532 1441 2570; x_wconf 83' lang='lat' dir='ltr'>Maj0rem‚</span> <span class='ocrx_word' id='word_1_454' title='bbox 1458 2540 1492 2560; x_wconf 88' lang='lat'>111</span> <span class='ocrx_word' id='word_1_455' title='bbox 1508 2530 1660 2560; x_wconf 83' lang='lat' dir='ltr'>kalendas</span> <span class='ocrx_word' id='word_1_456' title='bbox 1676 2529 1803 2568; x_wconf 81' lang='lat' dir='ltr'>aprilis⁷</span> <span class='ocrx_word' id='word_1_457' title='bbox 1822 2538 1907 2558; x_wconf 86' lang='lat' dir='ltr'>anno</span> <span class='ocrx_word' id='word_1_458' title='bbox 1924 2528 2073 2558; x_wconf 88' lang='lat' dir='ltr'>secundo.</span> <span class='ocrx_word' id='word_1_459' title='bbox 2094 2539 2106 2553; x_wconf 70' lang='lat'>12</span> 
     </span>
    </p>
   </div>
   <div class='ocr_carea' id='block_1_26' title="bbox 1247 2712 2108 2749">
    <p class='ocr_par' dir='ltr' id='par_1_31' title="bbox 1247 2712 2108 2749">
     <span class='ocr_line' id='line_1_72' title="bbox 1247 2712 2108 2749; baseline -0.008 -4"><span class='ocrx_word' id='word_1_460' title='bbox 1247 2717 1335 2745; x_wconf 74' lang='lat'>943</span> <span class='ocrx_word' id='word_1_461' title='bbox 1496 2714 1878 2749; x_wconf 63' lang='lat' dir='ltr'>5Salute-Marie-Majeure.</span> <span class='ocrx_word' id='word_1_462' title='bbox 1898 2714 1928 2739; x_wconf 38' lang='lat'>&#39;17</span> <span class='ocrx_word' id='word_1_463' title='bbox 1947 2713 2015 2739; x_wconf 85' lang='lat' dir='ltr'>avril</span> <span class='ocrx_word' id='word_1_464' title='bbox 2032 2712 2108 2739; x_wconf 82' lang='grc'>1289,</span> 
     </span>
    </p>
   </div>
   <div class='ocr_carea' id='block_1_27' title="bbox 1177 2774 2179 2860">
    <p class='ocr_par' dir='ltr' id='par_1_32' title="bbox 1177 2774 2179 2860">
     <span class='ocr_line' id='line_1_73' title="bbox 1214 2774 2179 2811; baseline -0.005 -6"><span class='ocrx_word' id='word_1_465' title='bbox 1214 2778 1368 2806; x_wconf 79' lang='lat' dir='ltr'>Durandus</span> <span class='ocrx_word' id='word_1_466' title='bbox 1392 2779 1530 2805; x_wconf 69' lang='lat' dir='ltr'>ecclesia(¹</span> <span class='ocrx_word' id='word_1_467' title='bbox 1546 2777 1721 2804; x_wconf 84' lang='lat' dir='ltr'>Massiliensi</span> <span class='ocrx_word' id='word_1_468' title='bbox 1738 2777 1892 2811; x_wconf 81' lang='lat' dir='ltr'>episcopus</span> <span class='ocrx_word' id='word_1_469' title='bbox 1909 2775 2080 2809; x_wconf 78' lang='lat' dir='ltr'>praeficitur.</span> <span class='ocrx_word' id='word_1_470' title='bbox 2098 2774 2179 2809; x_wconf 78' lang='lat' dir='ltr'>(Rae.</span> 
     </span>
     <span class='ocr_line' id='line_1_74' title="bbox 1177 2824 1912 2860; baseline -0.008 -5"><span class='ocrx_word' id='word_1_471' title='bbox 1177 2829 1226 2858; x_wconf 79' lang='lat'>44,</span> <span class='ocrx_word' id='word_1_472' title='bbox 1245 2836 1270 2853; x_wconf 83' lang='lat' dir='ltr'>e.</span> <span class='ocrx_word' id='word_1_473' title='bbox 1287 2827 1357 2860; x_wconf 84' lang='grc'>219,</span> <span class='ocrx_word' id='word_1_474' title='bbox 1375 2826 1392 2852; x_wconf 85' lang='lat' dir='ltr'>f.</span> <span class='ocrx_word' id='word_1_475' title='bbox 1411 2826 1516 2857; x_wconf 81' lang='lat'>1561·0;</span> <span class='ocrx_word' id='word_1_476' title='bbox 1535 2825 1600 2852; x_wconf 57' lang='lat' dir='ltr'>Lar.</span> <span class='ocrx_word' id='word_1_477' title='bbox 1618 2834 1653 2851; x_wconf 84' lang='lat' dir='ltr'>nn</span> <span class='ocrx_word' id='word_1_478' title='bbox 1668 2825 1773 2855; x_wconf 74' lang='lat' dir='ltr'>Tnein,</span> <span class='ocrx_word' id='word_1_479' title='bbox 1791 2824 1831 2855; x_wconf 79' lang='grc' dir='ltr'>ΙΙ,</span> <span class='ocrx_word' id='word_1_480' title='bbox 1853 2824 1912 2850; x_wconf 76' lang='grc'>109.</span> 
     </span>
    </p>
   </div>
   <div class='ocr_carea' id='block_1_28' title="bbox 1177 2925 2182 3074">
    <p class='ocr_par' dir='ltr' id='par_1_33' title="bbox 1177 2925 2182 3074">
     <span class='ocr_line' id='line_1_75' title="bbox 1223 2925 2180 2965; baseline -0.006 -6"><span class='ocrx_word' id='word_1_481' title='bbox 1223 2930 1388 2959; x_wconf 77' lang='lat' dir='ltr'>Venerabili</span> <span class='ocrx_word' id='word_1_482' title='bbox 1411 2929 1506 2965; x_wconf 82' lang='lat' dir='ltr'>fratri</span> <span class='ocrx_word' id='word_1_483' title='bbox 1528 2927 1687 2963; x_wconf 80' lang='lat' dir='ltr'>Daranclo,</span> <span class='ocrx_word' id='word_1_484' title='bbox 1716 2927 1847 2963; x_wconf 75' lang='lat' dir='ltr'>episcopo</span> <span class='ocrx_word' id='word_1_485' title='bbox 1874 2926 2064 2954; x_wconf 77' lang='lat' dir='ltr'>Massiliensi.</span> <span class='ocrx_word' id='word_1_486' title='bbox 2095 2936 2107 2950; x_wconf 68' lang='grc' dir='ltr'>α</span> <span class='ocrx_word' id='word_1_487' title='bbox 2137 2925 2180 2953; x_wconf 87' lang='lat' dir='ltr'>Ex</span> 
     </span>
     <span class='ocr_line' id='line_1_76' title="bbox 1177 2977 2182 3021; baseline -0.007 -8"><span class='ocrx_word' id='word_1_488' title='bbox 1177 2987 1318 3021; x_wconf 84' lang='lat' dir='ltr'>suscepte</span> <span class='ocrx_word' id='word_1_489' title='bbox 1334 2982 1531 3012; x_wconf 79' lang='lat' dir='ltr'>servitutis...</span> <span class='ocrx_word' id='word_1_490' title='bbox 1550 2980 1679 3009; x_wconf 86' lang='lat' dir='ltr'>Dudum</span> <span class='ocrx_word' id='word_1_491' title='bbox 1694 2979 1855 3018; x_wconf 84' lang='lat' dir='ltr'>siquidem</span> <span class='ocrx_word' id='word_1_492' title='bbox 1873 2977 2069 3007; x_wconf 84' lang='lat' dir='ltr'>Massiliensi</span> <span class='ocrx_word' id='word_1_493' title='bbox 2086 2977 2182 3007; x_wconf 89' lang='lat' dir='ltr'>eccle-</span> 
     </span>
     <span class='ocr_line' id='line_1_77' title="bbox 1178 3030 2178 3074; baseline -0.007 -8"><span class='ocrx_word' id='word_1_494' title='bbox 1178 3037 1223 3066; x_wconf 85' lang='lat' dir='ltr'>sia</span> <span class='ocrx_word' id='word_1_495' title='bbox 1242 3045 1295 3074; x_wconf 84' lang='lat' dir='ltr'>per</span> <span class='ocrx_word' id='word_1_496' title='bbox 1312 3035 1434 3064; x_wconf 81' lang='lat' dir='ltr'>obitum</span> <span class='ocrx_word' id='word_1_497' title='bbox 1452 3035 1532 3063; x_wconf 81' lang='lat' dir='ltr'>bone</span> <span class='ocrx_word' id='word_1_498' title='bbox 1549 3033 1702 3063; x_wconf 86' lang='lat' dir='ltr'>memorie</span> <span class='ocrx_word' id='word_1_499' title='bbox 1721 3033 1772 3067; x_wconf 63' lang='lat' dir='ltr'>ft„</span> <span class='ocrx_word' id='word_1_500' title='bbox 1790 3032 1928 3070; x_wconf 86' lang='lat' dir='ltr'>episcopi</span> <span class='ocrx_word' id='word_1_501' title='bbox 1949 3030 2178 3066; x_wconf 79' lang='lat' dir='ltr'>Massiliensis,</span> 
     </span>
    </p>
   </div>
  </div>
 </body>
</html>
