2342 3652
650 678 830 723 INCIPIT
858 677 1155 720 REGESTRUM
1184 677 1505 720 LITTERARUM

131 901 504 965 SECUNDI
560 898 775 961 ANNI
830 896 1151 959 DOMINI
1205 895 1563 959 NICOLAI
1617 895 1840 958 PAPE
1895 895 2027 955 IIII

114 1466 198 1495 85ss

81 1528 284 1563 Indulgentiae.
298 1527 380 1561 (Rae.
399 1528 442 1560 44,
460 1535 484 1553 c.
504 1527 527 1557 1,
544 1527 563 1553 f.
584 1527 630 1553 107
648 1532 692 1557 ΓΘΑ)

346 1463 705 1498 Sainte-Marie-Majeure,
722 1462 756 1489 25
772 1463 875 1490 fevrier
892 1463 968 1490 1289.

85 1631 223 1662 Nicotaus
237 1631 388 1668 episcopus
400 1639 503 1659 servus
517 1638 675 1659 servorum
689 1630 749 1658 Dei.
764 1629 914 1658 Universis
930 1629 1042 1658 Christi

49 1684 178 1723 fidelibus
190 1689 338 1722 presentes
349 1684 466 1712 litteras
480 1684 660 1721 inspecturis
674 1684 837 1712 salutemet
848 1684 1040 1720 apostoticam

49 1738 284 1768 benediccionem.
322 1736 560 1774 Indulgentiam
593 1736 737 1767 concedit
766 1740 894 1767 centum
918 1736 1043 1766 dierum

51 1791 193 1822 omuibus
214 1799 286 1821 vere
311 1790 549 1829 poenitentibus
582 1794 612 1820 et
634 1790 785 1821 confessis
808 1790 865 1828 qui
895 1789 1044 1828 hospitali

50 1833 218 1885 pauperum
227 1844 364 1875 civitatis
380 1845 590 1874 Penestrinae
605 1853 738 1874 manum
748 1845 887 1874 caritatis
902 1851 1045 1882 porrexe-

50 1898 120 1928 rint.

90 1963 102 1979 α
129 1951 285 1988 Quoniam
316 1956 349 1980 ut
377 1951 454 1980 ait...
491 1968 529 1973 —
560 1951 630 1980 Dat.
656 1951 756 1980 Rome
783 1950 866 1988 apud
896 1950 1045 1979 Sanctam

53 2004 181 2034 Mariam
197 2005 348 2043 Majorem
362 2027 370 2040 ,
391 2014 409 2033 v
426 2004 577 2033 kalendas
594 2004 713 2040 martii,
733 2004 932 2042 pontificatus
947 2003 1045 2033 nostri

0 2079 5 2082 .
53 2065 134 2087 anno
151 2057 298 2088 secundo.
317 2070 329 2084 n

119 2216 200 2244 85³?

87 2277 222 2305 Bonettus
240 2278 274 2304 de
297 2278 401 2305 Sancto
423 2278 559 2310 Quintino
583 2279 615 2304 ad
636 2279 835 2305 canonicatum
856 2283 883 2305 et
906 2279 1045 2312 praeben-

53 2325 114 2354 dam
133 2327 268 2354 ecclesiae
288 2326 474 2354 Suwellensis
498 2327 625 2354 Rolando
646 2328 680 2354 dc
698 2327 848 2354 Ferentino
871 2327 1046 2354 restituenda

54 2376 170 2413 cogitur.
187 2375 267 2408 (Rae.
286 2376 326 2405 44.
341 2384 365 2403 c.
383 2376 407 2409 Q,
427 2377 445 2402 f.
461 2377 506 2403 107
524 2378 570 2409 ro.)

362 2215 708 2251 SainteMarie-Mujeure,
725 2216 760 2243 25
776 2216 878 2243 levrier
898 2216 973 2243 1²289.

96 2477 259 2507 Venerabili
269 2479 392 2514 fratri..
405 2479 623 2518 archiepiScopo
638 2480 815 2509 Eboracensi
827 2485 852 2508 et
866 2481 969 2509 dilecto
983 2480 1047 2517 filio

55 2531 195 2568 mayistro
209 2531 325 2567 Gifreclo
342 2532 375 2560 de
398 2532 519 2569 l'ezano,
533 2541 649 2562 camere
662 2538 761 2562 nostre
773 2534 889 2565 clerico.
904 2535 1047 2562 canonico

1 2616 7 2625 .
57 2582 267 2613 Cameracensi.
288 2596 300 2609 ι
315 2583 460 2614 Exhibita
475 2585 566 2615 nobis
581 2585 689 2615 dilecti
707 2585 767 2615 filii
784 2586 920 2616 Rolandi
933 2586 970 2616 de
990 2587 1047 2615 Fe-

55 2636 188 2672 rentIno,
203 2636 348 2666 canonici
368 2636 498 2666 ecclesie
519 2638 737 2675 Suwellensis,
756 2639 963 2669 Eboracensis
979 2639 1048 2669 dio-

56 2688 144 2725 cesis,
154 2689 328 2728 cappellani
345 2690 454 2726 nostri,
467 2691 575 2728 petitio
586 2692 768 2722 continebat
780 2693 875 2731 quod,
887 2702 960 2722 cum
972 2692 1048 2723 olim

57 2741 254 2772 canonicatus
266 2746 295 2771 et
311 2742 470 2781 prebenda
484 2743 626 2781 ejusdem
643 2745 773 2775 ecclesie
788 2754 842 2784 pei·
852 2745 987 2775 liberam
1004 2755 1050 2775 re-

57 2793 263 2832 signationem
272 2795 461 2825 venerabilis
469 2796 572 2825 fratris
579 2798 676 2827 nostri
684 2798 815 2836 Cintliii,
824 2799 1049 2838 archiepiscopi

58 2844 207 2885 capuani,
220 2848 598 2886 tuncTripolitauielecti⁷
610 2859 644 2879 ac
651 2852 795 2881 canonici
804 2852 946 2890 ejusdem
955 2851 1050 2881 eccle-

60 2898 123 2936 sie,
142 2900 171 2929 in
191 2901 338 2930 manibus
352 2901 454 2931 felicis
471 2903 695 2933 recordationis
720 2905 854 2934 Honorii
870 2914 946 2944 pape
970 2905 1050 2941 IlII,

61 2952 284 2990 predecessoris
302 2955 420 2990 nostri,
448 2956 570 2989 iactam,
595 2963 766 2993 vacassent,
788 2957 871 2987 idem
889 2958 1052 2996 predeces-

61 3012 129 3041 sor.
158 3006 264 3036 volens
287 3006 370 3037 dicto
395 3007 577 3046 cappellano
603 3010 737 3046 gratiam
754 3010 854 3040 facere
871 3011 1051 3049 specialem,

1123 1463 1348 1492 canonicatum
1373 1466 1403 1492 et
1433 1461 1626 1501 prebendam
1658 1461 1786 1491 eosdem
1815 1460 1919 1490 eidem
1941 1460 2125 1500 cappellano

1123 1517 1308 1546 auctoritate
1319 1515 1489 1554 apostolica
1497 1515 1641 1551 contulit,
1656 1520 1685 1545 et
1697 1515 1831 1554 providit
1844 1514 1965 1550 deillis,
1980 1524 2015 1545 ac
2026 1515 2124 1545 dilec-

1125 1574 1192 1599 tum
1210 1569 1315 1599 filium
1332 1569 1520 1607 magistrum
1534 1569 1569 1598 B.
1587 1569 1624 1598 de
1636 1568 1822 1605 Carcasum,
1840 1569 2029 1598 canonicum
2042 1569 2125 1599 Nar-

1125 1623 1319 1659 bonensem,
1353 1622 1573 1660 cappellanum
1606 1626 1770 1657 nostrum,
1814 1621 1992 1658 investivit,
2026 1622 2126 1661 ipsius

1126 1676 1266 1706 Rolandi
1287 1677 1416 1706 nomine
1436 1684 1472 1706 ac
1494 1684 1550 1714 pro
1571 1676 1650 1714 ipso,
1670 1684 1725 1714 per
1743 1684 1838 1705 suum
1854 1676 1988 1706 anulum
2011 1676 2048 1706 de
2065 1677 2124 1706 eis-

1124 1730 1215 1767 dem,
1241 1729 1440 1759 decernendo
1463 1738 1498 1758 ex
1518 1732 1593 1758 tunc
1609 1729 1737 1758 irritum
1757 1732 1788 1758 et
1801 1729 1917 1765 inane,
1937 1729 1962 1758 si
1980 1738 2069 1759 secus
2088 1728 2127 1759 de

1126 1784 1317 1814 canonicatu
1343 1787 1373 1813 et
1392 1782 1553 1821 prebenda
1578 1782 1727 1821 predictis
1752 1791 1770 1812 a
1800 1790 1959 1821 quoquam
1983 1782 2129 1812 existeret

1127 1840 1358 1875 attemptatum,
1369 1836 1463 1865 certis
1475 1836 1533 1865 sihi
1551 1836 1712 1874 snperhoc
1729 1836 1950 1865 executoribus
1959 1836 2126 1875 deputatis.

1129 1891 1212 1921 Sane
1228 1891 1378 1928 magister
1393 1890 1558 1919 Johannes
1569 1889 1607 1919 de
1625 1890 1718 1920 Luco.
1738 1890 1911 1919 canonicus
1926 1889 2128 1920 Londonien-

1128 1944 1186 1980 sis⁷
1204 1945 1258 1982 qui
1275 1948 1341 1973 erat
1357 1951 1440 1972 unus
1455 1942 1493 1972 de
1511 1943 1729 1972 executoribus
1747 1943 1948 1981 supradictis,
1961 1943 2000 1972 ad
2016 1943 2129 1981 hujus-

1129 1997 1214 2027 modi
1227 1997 1345 2034 negotii
1355 1996 1574 2026 executionem
1592 1996 1774 2032 intendens,
1785 1996 1914 2026 dilectos
1926 1996 2008 2027 filios
2015 1997 2128 2034 magis-

1130 2056 1191 2080 tros
1202 2050 1377 2080 Henricum
1390 2050 1427 2079 de
1435 2049 1615 2087 Schiptone‚
1625 2049 1881 2079 archidiaconum
1894 2049 1932 2078 de
1942 2049 2129 2087 Notighinie

1129 2104 1163 2133 in
1180 2103 1311 2133 ecclesia
1326 2103 1529 2138 Eboracensi,
1549 2106 1579 2132 et
1595 2102 1803 2132 Benedictum
1821 2102 1859 2132 de
1876 2102 2037 2139 Suelleno,
2056 2112 2128 2141 pre-

1131 2157 1214 2187 dicte
1235 2156 1366 2187 ecclesie
1384 2147 1592 2186 Suwellensis
1609 2156 1794 2193 canonicos,
1812 2161 1842 2186 et
1865 2165 1919 2195 per
1935 2165 1986 2186 eos
2011 2157 2130 2195 capitu-

1130 2211 1197 2240 lum
1214 2210 1356 2249 ejusdem
1374 2209 1517 2245 ecclesie.r
1536 2219 1592 2248 per
1608 2218 1680 2239 suas
1695 2210 1753 2240 sul)
1768 2215 1852 2240 certa
1872 2210 1972 2240 forma
1988 2210 2128 2246 litteras,

1130 2268 1222 2303 prout
1244 2264 1282 2293 de
1302 2263 1451 2293 mandato
1478 2263 1551 2292 dicti
1578 2263 1806 2301 predecessoris
1827 2267 1964 2302 poterat,
1985 2263 2128 2299 monuit,

1131 2318 1241 2356 eisque
1253 2317 1395 2356 injunxit
1407 2321 1438 2346 ut
1454 2316 1604 2346 dilectum
1619 2316 1720 2346 filium
1731 2317 1914 2347 Johannem
1928 2317 1966 2346 de
1977 2316 2130 2355 Caprons,

1133 2370 1275 2408 ejusdem
1297 2370 1433 2400 Rolandi
1451 2374 1705 2408 procuratorem,
1722 2371 1806 2400 infra
1821 2375 1942 2400 certum
1959 2370 2131 2400 terminum

1131 2428 1363 2462 competentem
1384 2423 1417 2452 in
1440 2423 1559 2453 eisdem
1577 2432 1763 2462 expressum
1786 2423 1898 2453 litteris
1914 2424 2088 2462 reciperent:
2103 2426 2132 2452 et

1132 2477 1229 2515 recipi
1263 2477 1401 2506 facerent
1432 2477 1465 2505 in
1505 2476 1615 2506 eadem
1646 2476 1778 2506 ecclesia
1814 2476 2026 2512 Suwellensi,
2058 2475 2133 2506 dicti

1134 2529 1269 2560 Rolandi
1292 2530 1433 2566 nomine,
1458 2530 1491 2558 in
1517 2530 1708 2559 canonicum
1734 2535 1763 2558 et
1789 2530 1822 2558 in
1847 2529 1987 2566 fratrem,
2004 2528 2132 2558 stallum

1133 2584 1191 2613 sibi
1209 2583 1242 2612 in
1260 2583 1355 2612 choro
1374 2586 1402 2611 et
1418 2582 1523 2612 locum
1540 2583 1573 2611 in
1590 2581 1727 2620 capitulo
1742 2582 1945 2620 assignando,
1964 2590 1998 2611 ac
2010 2591 2083 2612 eum
2098 2582 2132 2612 in

1133 2635 1328 2675 corporalem
1345 2635 1486 2674 ejusdem
1509 2635 1665 2674 prebende
1682 2626 1922 2674 possessionem,
1938 2644 2010 2664 cum
2026 2635 2132 2665 omni-

1134 2691 1192 2719 bns
1205 2689 1372 2728 juribuset
1388 2688 1588 2727 pertinentiis
1607 2688 1671 2717 suis
1688 2687 1887 2724 inducerent,
1904 2692 2007 2718 amoto
2020 2688 2134 2718 exinde

1135 2742 1275 2782 quolibet
1292 2742 1474 2778 detentore3
1504 2741 1648 2780 alioquin
1666 2751 1700 2770 ex
1722 2745 1794 2771 tunc
1809 2743 1843 2770 in
1859 2741 1994 2780 prefatos
2015 2742 2133 2771 Henri-

1134 2806 1206 2826 cum
1225 2800 1255 2825 et
1271 2795 1481 2825 Benedictum
1498 2795 1845 2832 excommunicationis,
1865 2799 1894 2825 et
1907 2795 1941 2824 in
1958 2795 2146 2835 predictum·

1134 2849 1307 2888 capitulum
1326 2848 1545 2886 suspensionis
1568 2848 1740 2877 sententias
1757 2848 1968 2887 promulgavit
1983 2873 1989 2885 ,
2007 2852 2037 2878 et
2058 2857 2134 2878 ean-

1135 2903 1205 2932 dem
1220 2901 1452 2931 Suwellensem
1466 2900 1632 2931 ecclesiam
1645 2901 2026 2940 supposuitecclesiastico
2040 2902 2135 2931 inter-

1135 2956 1218 2985 dicto
1233 2979 1238 2991 ‚
1265 2955 1298 2984 in
1327 2954 1572 2985 contradictores
1598 2959 1627 2984 et
1652 2955 1785 2984 rebelles
1816 2955 1987 2994 quoslibet,
2014 2959 2134 2994 preter-

1135 3019 1231 3049 quam
1251 3009 1285 3038 in
1300 3008 1503 3038 carissimum
1519 3009 1552 3037 in
1570 3008 1695 3038 Christo
1711 3008 1812 3038 filium
1827 3013 1969 3039 nostrum
1989 3031 2006 3038 ..
2029 3017 2135 3046 regem
