2342 3652
894 349 1122 387 DEUXIEME
1143 346 1300 386 ANNrin.
2086 359 2143 390 137

54 424 238 466 hujusmodi
252 422 365 453 dilecto
376 422 442 452 filio
455 446 474 452 ..
489 422 595 452 abbati
606 422 794 452 monasterii
804 422 842 452 de
854 422 969 452 Sancto
981 423 1056 452 Fre-

54 481 164 518 merio,
180 478 362 509 Vasatensis
385 478 534 515 diocesis,
557 481 588 507 et
612 500 631 507 ..
654 477 774 507 decano
793 477 924 507 ecclesie
946 477 1056 507 Sancti

54 533 159 565 Ylarii
175 532 375 562 Pictavensis
391 531 475 561 inter
495 531 558 560 alia
577 531 693 561 nostris
717 530 865 560 dedimus
880 530 996 559 litteris
1021 531 1055 559 in

54 585 212 618 mandatis
233 588 269 614 ut
292 584 353 623 ipsi
373 583 422 613 vel
443 592 554 614 eorum
579 583 673 619 alter,
686 592 749 621 ,per
764 591 796 612 se
814 586 868 611 aut
889 581 989 611 alium
1006 582 1055 611 vel

53 639 143 676 alios,
160 647 215 668 vos
228 646 265 667 ex
282 641 369 675 parte
386 640 492 666 nostra
510 635 718 675 peremptorie
736 635 832 664 citare
845 639 1004 671 curarent,
1024 639 1057 664 ut

54 692 136 724 infra
146 695 266 721 certum
278 690 453 719 terminum
462 694 532 728 post
540 689 724 719 citationem
735 688 920 726 hujusmodi
930 697 1056 726 presen-

55 744 161 776 taretis
174 752 228 773 vos
245 743 454 782 personaliter
473 751 578 773 coram
596 742 703 778 nobis,
722 741 837 771 facturi
852 746 882 771 et
896 742 1055 780 recepturi

55 807 147 838 super
161 797 323 836 premissis
338 797 422 835 quod
439 796 514 826 ordo
534 797 673 833 exigeret
688 795 835 831 rationis,
856 795 1003 833 predicen
1011 800 1054 825 tes

55 851 140 882 vobis
155 854 259 889 aperte
275 850 369 888 quod,
388 850 414 879 si
434 849 542 879 venire
557 849 838 887 contempneretis,
855 857 910 879 vos
926 858 962 878 ex
981 853 1054 879 tuuc

55 912 119 936 non
131 902 234 934 solum
250 903 439 932 sententiam
458 902 793 932 excommunicationis
809 903 985 938 incurrere,
1003 911 1055 932 ve—

54 965 126 989 rum
143 956 236 987 etiam
254 956 403 986 omnibus
425 955 587 985 beneficiis
607 955 720 984 vestris
743 954 965 984 ecclesiasticis
986 954 1053 993 pri-

54 1011 139 1042 'vatos
153 1017 220 1039 esse
234 1007 397 1038 voluimus
413 1007 481 1046 ipso
496 1007 585 1037 sacto.
597 1007 742 1045 Cumque
757 1016 811 1037 vos
828 1008 968 1037 fuissetis
984 1017 1053 1046 pre-

55 1062 208 1094 dictarum
232 1061 411 1090 litterarum
438 1063 618 1090 nostrarum
643 1060 827 1090 auctoritate
852 1061 955 1097 citati,
980 1070 1052 1098 vos,

54 1115 146 1148 abbas
162 1114 440 1145 Brantholmensis
456 1118 486 1143 et
503 1113 653 1152 magister
669 1113 804 1144 Geralde
822 1114 964 1153 predicti,
984 1118 1053 1144 tan-

53 1177 148 1210 quam
166 1168 344 1198 obedientie
361 1167 439 1203 filii,
457 1175 562 1197 coram
584 1167 675 1197 nohis
690 1167 723 1196 in
746 1167 865 1206 prefixo
883 1168 971 1198 vobis
991 1171 1052 1197 ter-

53 1221 140 1253 mino
163 1220 371 1260 personaliter
393 1229 575 1258 comparere
598 1221 752 1259 curastis;
778 1225 892 1259 tuque,
915 1221 1054 1260 predicte

53 1274 146 1306 abhas
160 1273 289 1304 Casedei
303 1298 310 1311 ,
334 1278 362 1303 te
385 1283 441 1312 per
456 1277 674 1312 procuratores
691 1278 721 1303 et
736 1274 867 1304 nuntios
889 1278 957 1305 tuos
975 1274 1053 1312 legi-

53 1327 128 1360 time
141 1326 307 1364 excusasti,
323 1327 407 1366 quod
422 1331 550 1366 propter
562 1327 758 1357 debilitatem
772 1328 890 1366 proprii
903 1329 1051 1367 corporis,

53 1389 146 1421 quam
160 1381 193 1410 in
211 1384 239 1410 te
254 1380 336 1419 parit
356 1380 530 1419 proprietas
546 1381 728 1418 senectutis,
747 1385 778 1410 et
795 1381 873 1410 alias
890 1381 1053 1411 evidentes

53 1441 160 1466 causas
175 1435 284 1463 venire
300 1442 406 1463 coram
423 1433 514 1463 nobis
530 1433 570 1463 ad
585 1434 767 1463 citationem
783 1434 970 1473 hujusmodi
984 1444 1054 1473 per-

53 1487 200 1520 sonaliter
211 1495 275 1518 non
290 1487 429 1517 valebas.
448 1487 568 1517 Verum
581 1487 784 1526 postmodum
797 1497 833 1517 ex
849 1493 934 1527 parte
950 1493 1054 1518 vestra

51 1541 88 1572 in
110 1544 215 1572 nostra
229 1544 259 1570 et
275 1540 410 1570 fratrum
434 1545 617 1571 nostrorum
640 1542 801 1580 presentia
825 1542 885 1571 fuit
911 1543 1053 1581 proposi-

52 1598 119 1626 tum
139 1594 222 1634 quod
243 1595 380 1634 predicte
397 1594 504 1625 littere
520 1599 627 1625 nostre
647 1605 702 1634 per
724 1595 795 1625 falsi
816 1596 1053 1634 suggestionem

53 1648 160 1679 otveri
171 1648 426 1687 suppressionem
440 1648 572 1678 fuerunt
583 1649 762 1687 impetrate,
780 1653 872 1688 prout
886 1659 941 1688 per
956 1651 1053 1688 partis

53 1700 180 1732 adverse
208 1701 443 1731 confessionem
470 1710 577 1732 coram
604 1702 697 1732 nobis
728 1703 762 1732 in
789 1703 913 1741 judicio
939 1703 1053 1733 factam

54 1755 190 1786 constitit
207 1755 381 1799 evidenter,
397 1755 544 1794 quodque
557 1756 654 1785 etiam
671 1765 765 1795 super
781 1757 937 1797 contentis
952 1758 985 1786 iu
1005 1757 1054 1787 lit-

54 1807 127 1839 teris
140 1807 217 1848 ipsis
231 1808 316 1838 inter
332 1812 373 1846 te,
391 1809 537 1839 abbatem
554 1809 870 1848 Brantholmensem,
889 1814 918 1840 et
932 1811 1052 1841 dictum

54 1861 229 1902 episcopum
244 1861 540 1900 petragoricensem
555 1871 661 1893 coram
676 1862 789 1893 dilecto
804 1863 871 1894 filio
884 1869 991 1894 nostro
1006 1865 1026 1894 J
1031 1888 1050 1902 .,

55 1913 136 1946 tituli
150 1914 263 1945 Sancte
285 1914 405 1945 Cecilie
419 1916 605 1955 presbytero
622 1916 800 1953 cardinali,
818 1917 853 1946 in
869 1916 935 1947 illis
954 1918 1050 1956 parti-

52 1967 110 1999 bus
131 1968 297 2007 apostolice
315 1969 399 1998 sedis
421 1968 541 2007 legato,
559 1969 597 1999 ad
613 1979 709 2008 quern
726 1979 762 1999 ex
785 1975 873 2008 parte
890 1976 957 2008 tua,
980 1980 1051 2010 pre-

53 2020 131 2052 dicte
151 2021 244 2052 abbas
261 2021 537 2052 Brantholmensis
549 2045 558 2059 ‚
580 2023 619 2052 ab
639 2022 802 2052 audientia
821 2023 899 2053 dicti
915 2024 1051 2063 episcopi

53 2074 152 2106 extitit
165 2074 367 2114 appellatum,
385 2076 509 2114 questio
525 2076 717 2113 vertebatur,
737 2076 775 2106 de
793 2086 856 2116 quo
874 2077 908 2106 in
926 2078 1050 2116 predic-

53 2127 92 2158 tis
115 2127 226 2158 litteris
250 2130 366 2159 nostris
392 2129 482 2159 nulla
507 2139 636 2169 prorsus
669 2131 791 2160 mentio
816 2131 897 2160 facta
925 2131 1049 2169 fuerat,

52 2185 173 2221 propter
191 2191 252 2221 que
272 2186 424 2221 tanquam
441 2183 573 2213 veritate
592 2184 684 2213 tacita
701 2188 731 2213 et
746 2183 882 2214 falsitate
902 2190 1050 2222 suggesta

53 2233 172 2265 obtente
188 2243 295 2265 carere
307 2235 465 2265 debebant
482 2236 594 2266 robore
610 2236 784 2266 firmitatis.
808 2237 874 2267 Nos
890 2241 996 2268 autem
1015 2248 1051 2268 ea

53 2295 113 2327 que
126 2290 190 2318 tam
209 2296 264 2318 vos
279 2297 375 2327 quam
391 2294 608 2327 procuratores
624 2291 761 2329 episcopi
782 2295 812 2320 et
826 2291 956 2329 capituli
978 2301 1051 2322 nec-

53 2348 116 2372 non
130 2341 241 2380 prioris
257 2345 286 2372 et
299 2347 473 2373 conventus
487 2343 700 2382 predictorum
715 2353 820 2374 coram
837 2345 929 2375 nobis
942 2354 1050 2385 propo-

0 2417 2 2420 .
53 2391 127 2422 nere
147 2392 292 2423 voluistis
322 2395 426 2432 primo
447 2395 631 2425 audivimus
653 2395 841 2434 diligenter,
863 2400 893 2426 et
919 2396 1050 2426 demum

53 2444 163 2476 dilecto
177 2446 243 2477 filio
258 2452 364 2478 nostro
380 2448 484 2485 Petro,
503 2448 588 2479 tituli
610 2449 719 2479 Sancti
742 2449 843 2480 Marci
865 2450 1048 2489 presbytero

54 2497 222 2537 cardinali,
237 2501 457 2531 commisimus
472 2501 599 2532 oraculo
616 2503 686 2531 vive
704 2502 787 2532 vocis
806 2507 840 2532 nt
859 2511 912 2533 vos
928 2508 958 2533 et
974 2513 1047 2542 pro-

54 2555 209 2583 curatores
223 2553 379 2592 predictos
394 2554 518 2585 audiret
532 2564 605 2585 cum
621 2555 787 2593 diligentia
801 2556 924 2595 iterato,
946 2562 976 2586 et
989 2566 1050 2596 que

53 2610 298 2644 proponerentur
311 2616 417 2637 coram
431 2616 467 2638 eo
476 2608 567 2638 nobis
577 2609 695 2639 referre
708 2614 844 2639 curaret.
860 2610 941 2640 Cum
952 2611 1050 2648 igitur

53 2657 206 2697 predictus
221 2659 334 2690 Petrus
349 2660 519 2690 cardinalis
534 2671 569 2691 ea
584 2671 646 2700 que
664 2670 770 2692 coram
788 2663 857 2707 ipso
873 2664 961 2693 fuere
977 2673 1049 2702 pro-

0 2727 1 2730 =
52 2710 149 2749 posita
162 2710 239 2742 hinc
250 2717 280 2742 et
295 2713 371 2743 inde
385 2714 545 2743 audiverit
557 2719 588 2744 et
605 2715 729 2753 plenius
742 2716 949 2753 intellexerit,
967 2717 1050 2755 ipsa-

53 2769 113 2802 que
134 2764 224 2794 nobis
240 2769 270 2795 et
291 2766 441 2804 predictis
464 2767 612 2797 fratribus
631 2769 748 2798 nostris
770 2768 908 2799 fideliter
924 2770 1049 2800 duxerit

52 2815 224 2856 referenda,
240 2827 308 2856 nos,
326 2819 364 2849 de
378 2819 511 2849 fratrum
526 2821 711 2851 eorumdem
726 2822 872 2859 consilio,
887 2823 926 2853 ab
938 2824 1049 2861 hujus-

52 2869 136 2900 modi
148 2871 306 2909 personali
319 2873 467 2902 citatione
480 2881 534 2903 vos
548 2874 743 2912 presentium
755 2876 939 2905 auctoritate
950 2876 1048 2907 absol-

53 2921 154 2953 vimus
180 2928 210 2954 et
236 2933 304 2954 esse
334 2925 536 2955 decernimus
565 2926 735 2957 absolutos
763 2928 917 2958 Volumus
943 2933 1049 2959 tamen

54 2975 134 3013 quod
155 2985 248 3016 super
269 2979 426 3008 contentis
442 2979 475 3008 in
495 2979 644 3018 predictis
663 2978 775 3010 litteris
795 2983 910 3012 nostris
925 3006 932 3018 ,
955 2992 1050 3022 super

53 3027 166 3066 quihus
180 3037 286 3059 coram
304 3031 372 3069 ipso
387 3031 490 3069 legato
506 3031 666 3070 Judicium
683 3040 747 3062 non
763 3037 808 3063 est
829 3037 970 3073 ceptum,
993 3045 1048 3066 seu

189 3093 263 3122 ΒΕΘ.
282 3095 406 3124 ΝιοοιΑε
425 3096 477 3123 IV.

1139 431 1200 460 qne
1224 431 1288 453 non
1309 423 1490 463 dependent
1511 425 1550 454 ab
1576 425 1671 463 ipsis,
1699 425 1898 454 constituatis
1926 430 2144 464 procuratores

1138 475 1282 514 ydoneos
1305 477 1344 506 ad
1369 479 1627 517 respondendum
1652 487 1707 517 pro
1728 478 1816 508 vobis
1841 479 1876 508 in
1903 487 2034 508 romana
2056 480 2145 510 curia

1139 534 1294 568 quantum
1325 532 1478 561 tenemini
1507 536 1537 561 et
1567 532 1606 562 de
1626 532 1700 571 jure
1728 531 1825 561 fuerit
1848 532 2042 562 faciendum.
2070 533 2142 562 Dat.

1140 582 1251 619 Rome,
1273 584 1355 622 apud
1379 584 1528 615 Sanctam
1544 585 1679 615 Mariam
1699 585 1872 623 Majorem,
1893 585 1999 615 idibus
2015 586 2142 623 martii,

1138 644 1223 666 anno
1239 637 1390 668 secundo.
1411 650 1424 664 n

1208 801 1296 829 8³20

1174 861 1327 889 Get-aldum
1342 863 1376 889 de
1387 863 1569 897 Malomonte,
1582 869 1727 891 cantorem
1742 865 1963 897 Bituricensem,
1977 870 2005 893 et
2021 867 2142 900 Heliam,

1136 911 1252 937 fratrem
1265 913 1339 946 ejus,
1358 911 1497 938 decanum
1513 912 1547 938 de
1559 912 1664 939 Sancto
1681 913 1797 944 Aredio,
1818 922 1833 940 a
1849 916 1993 948 personali
2009 917 2144 944 citatione

1138 960 1269 987 absolvit.
1287 960 1369 994 (Rae.
1387 961 1430 995 44,
1447 969 1472 987 c.
1489 962 1530 995 14,
1547 962 1566 988 f.
1588 962 1635 989 109
1650 969 1692 994 v0;
1711 962 1777 989 Lar.
1796 971 1830 990 nu
1847 963 1944 995 Tin-:iu
1965 964 2003 996 Π,
2023 966 2059 1000 l.)

1476 802 1835 839 sainte-Blarie-Majeurffi
1854 805 1883 831 11
1901 813 1977 831 mars
1995 805 2071 832 1289.

1177 1063 1296 1092 Dz'lectis
1319 1061 1392 1099 filiis
1416 1065 1573 1101 tnayz'slrz‘s
1599 1064 1724 1093 Ger-aldo
1748 1065 1782 1093 de
1807 1066 2004 1103 Malomonte,
2025 1071 2143 1099 cantori

1137 1117 1348 1154 Βίιῑινίσεηεὶε,
1365 1121 1391 1145 et
1406 1115 1504 1153 Helie,
1518 1118 1615 1152 fratri
1629 1118 1712 1154 ejus,
1729 1118 1838 1147 decano
1854 1119 1886 1148 de
1899 1119 2007 1149 Sancto
2023 1122 2141 1159 Aredto,

1137 1171 1351 1200 Lemovicenst‘s
1367 1171 1506 1207 diocesis,
1525 1172 1732 1201 ecclesiarum.
1755 1183 1768 1198 κ
1793 1172 1907 1202 Petitio
1933 1178 2033 1204 vestra
2050 1176 2144 1206 nobis

1137 1223 1279 1253 exhibita
1301 1224 1483 1254 continebat
1500 1225 1584 1263 quod
1606 1224 1682 1254 olim
1704 1225 1783 1256 salsa
1803 1226 1865 1256 fuit
1884 1227 1975 1257 nobis
1994 1228 2143 1259 insinua—

1140 1278 1223 1307 tione
1237 1280 1423 1314 suggestum
1437 1277 1536 1316 quod,
1552 1286 1624 1307 cum
1637 1277 1770 1308 dilectus
1782 1278 1868 1309 filius
1883 1285 1990 1310 noster
2001 1282 2044 1318 J.,
2059 1282 2144 1312 tituli

1138 1330 1252 1360 Sancte
1263 1329 1380 1360 Cecilie
1394 1331 1560 1369 presbyter
1571 1331 1755 1367 cardinalis,
1770 1332 1804 1361 in
1822 1332 1886 1362 illis
1897 1334 2039 1372 partibus
2053 1344 2143 1374 apos-

1137 1383 1229 1414 tolice
1245 1384 1327 1413 sedis
1347 1383 1486 1421 legatus,
1506 1384 1577 1421 tibi,
1595 1384 1641 1414 fili
1660 1385 1811 1423 magister
1829 1386 1937 1424 Helia,
1956 1389 2143 1419 auctoritate

1137 1447 1192 1467 sue
1212 1437 1380 1475 legationis
1400 1437 1622 1467 canonicatum
1646 1438 1778 1469 ecclesie
1801 1440 2090 1479 Petragoricensis,
2106 1443 2142 1472 in

1137 1499 1200 1529 qua
1215 1499 1280 1520 uon
1294 1490 1430 1520 habetur
1448 1494 1550 1520 certus
1567 1492 1793 1521 canonicorum
1809 1501 1963 1523 numerus
1975 1518 1982 1530 ,
2002 1504 2059 1524 nec
2074 1505 2144 1534 pre-

1136 1544 1314 1574 bendarum
1330 1544 1510 1581 distinctio,
1528 1544 1730 1582 contulisset,
1748 1546 1923 1576 decernens
1941 1548 1999 1577 tibi
2021 1549 2086 1579 fore
2104 1550 2142 1580 de

1136 1597 1362 1627 communibus
1384 1598 1484 1636 ipsius
1507 1598 1639 1627 ecclesie
1665 1599 1890 1637 proventibus,
1916 1601 1997 1630 sicut
2023 1603 2080 1632 uni
2105 1612 2142 1633 ex

1136 1651 1208 1681 aliis
1224 1651 1356 1681 ecclesie
1371 1650 1510 1690 predicte
1526 1651 1688 1681 canonicis
1705 1653 1937 1690 providendum
1948 1677 1956 1690 ,
1973 1656 2067 1685 certis
2085 1656 2143 1687 tibi

1137 1704 1355 1734 executoribus
1380 1713 1474 1742 super
1497 1703 1557 1733 hoc
1582 1713 1636 1743 per
1661 1713 1733 1734 suas
1758 1704 1879 1735 litteras
1904 1707 2082 1745 deputatis,
2106 1718 2142 1739 ac

1136 1757 1329 1788 venerabilis
1345 1757 1440 1786 irater
1456 1761 1562 1787 noster
1581 1780 1600 1787 ..
1619 1757 1784 1796 episcopus
1800 1763 1830 1788 et
1846 1760 2020 1798 capitulum
2035 1762 2140 1792 Petra·

1135 1811 1316 1850 goricenses
1331 1819 1349 1840 a
1366 1810 1534 1840 collatione
1554 1819 1589 1840 ac
1606 1811 1789 1849 provisione
1807 1812 1994 1850 hujusmodi
2011 1824 2048 1844 ex
2065 1824 2141 1845 cau-

1136 1866 1179 1895 sis
1194 1864 1347 1903 legitimis
1359 1864 1399 1894 ad
1415 1864 1522 1894 sedem
1538 1864 1744 1903 apostolicam
1756 1866 1980 1904 appellassent,
2001 1869 2140 1907 tandem,

1135 1927 1229 1948 causa
1254 1917 1440 1956 hujusmodi
1465 1917 1548 1955 apud
1577 1917 1713 1946 eandem
1742 1917 1849 1947 sedem
1880 1920 2057 1957 pendente,
2088 1926 2118 1951 tu
2131 1945 2139 1958 ‚

1135 1971 1288 2009 magister
1305 1970 1458 2006 Geralde,
1478 1970 1633 2009 quasdam
1652 1970 1773 2000 litteras
1791 1971 1949 2001 carissimi
1966 1973 1998 2002 in
2016 1973 2143 2005 Christo

1135 2025 1193 2054 filii
1203 2024 1305 2055 nostri
1320 2023 1473 2063 Philippi,
1487 2025 1571 2062 regis
1584 2025 1780 2054 Francorum
1791 2024 1938 2061 illustris,
1949 2026 1987 2055 ad
2001 2050 2020 2056 ..
2038 2036 2142 2058 senes—

1135 2078 1251 2109 callum
1266 2078 1561 2116 Petragoricensem
1577 2077 1758 2114 obtinuisti,
1770 2083 1863 2116 prout
1877 2081 2040 2115 asseritur,
2057 2081 2141 2111 inter

1134 2131 1196 2161 alia
1209 2131 1410 2162 continentes
1421 2134 1454 2160 ut
1470 2130 1663 2160 senescallus
1676 2131 1743 2169 ipse
1756 2134 1797 2168 te,
1808 2133 1999 2168 magistrum
2016 2133 2141 2163 Heliam

1134 2185 1323 2224 predictum,
1340 2184 1376 2213 in
1392 2185 1589 2222 possessione
1608 2184 1816 2213 canonicatus
1835 2189 1865 2214 et
1883 2186 2043 2223 prebende
2059 2187 2141 2217 dicte

1134 2237 1404 2276 Petragoricensis
1421 2236 1552 2266 ecclesie
1568 2236 1748 2266 defensaret
1766 2242 1795 2266 et
1813 2239 1897 2276 quod
1913 2238 2015 2268 (lictus
2032 2249 2141 2270 senes-

1133 2291 1233 2322 callus
1250 2291 1436 2321 Johannem
1452 2290 1490 2319 de
1505 2290 1647 2319 Parisius
1661 2295 1691 2319 et
1704 2290 1860 2329 quosdam
1873 2291 1952 2321 alios
1965 2293 2141 2324 servientes

1134 2353 1207 2375 suos
1233 2353 1307 2374 cum
1338 2344 1453 2374 nuntio
1483 2348 1553 2380 tuo,
1582 2343 1722 2382 predicte
1750 2343 1884 2382 decane,
1911 2345 1950 2374 ad
1974 2346 2140 2376 ecclesiam

1133 2398 1269 2428 eandem
1297 2397 1487 2434 transmisit,
1507 2396 1655 2436 quodque
1671 2421 1677 2433 ,
1706 2397 1780 2427 licet
1808 2407 1843 2427 ex
1872 2403 1960 2436 parte
1983 2399 2140 2429 dictorum

1133 2451 1273 2490 episcopi
1302 2455 1331 2480 et
1357 2450 1488 2490 capituli
1515 2450 1619 2480 eidem
1645 2450 1789 2481 Johanni
1818 2451 1931 2481 fuisset
1960 2453 2140 2490 expositum

1133 2504 1217 2543 quod
1244 2509 1296 2541 tu,
1324 2504 1443 2534 decane
1469 2504 1624 2542 predicte,
1652 2504 1686 2533 in
1712 2504 1910 2542 possessione
1933 2506 2139 2536 canonicatus

1134 2567 1188 2588 seu
1204 2557 1340 2596 alicujus
1356 2557 1516 2596 prebende
1533 2557 1566 2586 iu
1584 2557 1716 2587 ecclesia
1732 2557 1802 2596 ipsa
1819 2557 2004 2588 nullatenus
2020 2559 2137 2597 fueras,

1135 2614 1259 2649 propter
1274 2611 1358 2648 quod
1374 2610 1408 2639 in
1427 2620 1463 2640 ea
1480 2610 1608 2639 defendi
1621 2611 1712 2649 juxta
1727 2610 1942 2648 predictarum
1957 2610 2138 2642 litterarum

1133 2664 1366 2694 continentiam
1393 2672 1457 2694 non
1483 2663 1621 2700 valebas,
1651 2667 1680 2693 et
1707 2663 1791 2701 quod
1820 2672 1914 2693 causa
1930 2665 2040 2694 eadem
2056 2666 2139 2704 apud

1134 2718 1239 2747 sedern
1266 2717 1423 2756 pendebat
1454 2717 1627 2756 predictam
1641 2739 1649 2753 ‚
1679 2717 1763 2746 unde
1789 2716 1823 2745 in
1852 2726 1887 2746 ea
1915 2726 1979 2748 nou
2006 2719 2140 2749 debebat

1133 2770 1256 2810 aliquid
1279 2771 1449 2806 innovari,
1468 2770 1572 2800 dictus
1596 2773 1702 2799 tamen
1722 2769 1900 2807 Johannes,
1922 2771 2031 2802 volens
2050 2773 2139 2803 vobis

1133 2824 1284 2853 adversus
1294 2823 1477 2861 episcopum
1489 2827 1519 2851 et
1528 2822 1704 2860 capitulum
1714 2823 1870 2860 predictos
1882 2832 1915 2852 se
1931 2824 2138 2856 favorabilem

1134 2878 1300 2913 exhibere,
1325 2878 1441 2916 Januas
1462 2875 1670 2915 parrochialis
1689 2876 1821 2906 ecclesie
1846 2876 1955 2907 Sancti
1977 2878 2138 2909 Joliaunis

1135 2931 1290 2970 Baptiste,
1310 2930 1458 2968 contigue
1475 2929 1612 2960 claustro
1634 2929 1775 2968 predicte
1798 2930 2070 2969 Petragoricensis
2088 2934 2149 2963 eci

1132 2984 1245 3021 clesie,
1271 2993 1326 3022 per
1341 2993 1419 3023 quas
1437 2983 1476 3013 ad
1494 2983 1628 3013 eandem
1652 2982 1820 3013 ecclesiam
1844 2984 2138 3022 petragoricensem

1131 3038 1267 3068 habetur
1282 3046 1436 3075 accessus,
1457 3038 1559 3076 primo
1572 3061 1578 3074 ,
1596 3041 1626 3066 et
1645 3036 1762 3067 deinde
1777 3041 1912 3076 quatuor
1927 3038 2006 3067 alias
2021 3039 2138 3076 Januas

1371 3121 1383 3134 ο
1966 3105 1997 3131 18
