2342 3652
903 380 1136 420 TaoisrnME
1157 379 1314 419 ANNnE.

64 456 233 496 apostolica
240 456 346 494 gladio
354 455 514 495 spirituali
522 455 624 484 libere
632 455 764 493 possint.
773 455 894 484 Verum
905 456 991 493 quia,
998 456 1072 493 jura

66 514 118 540 tua
131 513 162 547 et
173 509 462 548 archiepiscopatus
474 508 532 544 tui,
551 511 643 545 prout
659 516 695 536 ex
712 507 817 537 officio
830 507 884 536 tibi
902 508 1072 537 commisso

65 562 182 592 teneris
193 584 202 599 ,
221 571 278 592 suo
296 562 364 592 loco
379 566 410 591 et
427 564 568 599 tempore
585 559 789 590 defendendo
807 569 842 590 ac
858 569 930 589 cum
949 560 1072 589 eisdem

65 615 183 645 decano
199 619 229 644 et
244 614 380 653 capitulo
398 623 493 652 super
507 613 570 643 hoc
592 612 833 648 contendendo,
851 613 930 642 sorte
946 613 1071 642 contin·
1084 644 1094 654 ⁶

65 671 152 706 geret
161 667 242 705 quod
255 666 351 696 iidem
363 666 502 696 decanus
510 670 541 695 et
550 665 737 703 capitulum,
751 669 778 694 te
789 664 834 703 (1)
845 665 1072 703 injuriatorem

66 728 158 750 suum
168 728 222 758 per
232 719 292 749 hoc
301 724 330 748 et
340 720 443 758 ipsius
455 718 586 748 ecclesie
597 722 791 757 reputantes,
804 718 972 756 possentin
987 717 1032 756 (⁶2)
1044 722 1072 747 te

65 773 170 803 forsan
186 773 371 812 hujusmodi
387 772 605 803 concessionis
621 775 764 810 pretextu
781 780 950 801 censuram
970 771 1070 800 eccle-

66 826 222 856 siasticam
246 834 413 861 exercere,
438 825 530 855 nobis
556 824 724 854 humiliter
748 823 931 863 supplicasti
955 824 1011 853 tibi
1037 825 1071 853 in

65 877 126 908 hac
147 883 233 917 parte
256 887 311 917 per
334 878 503 917 apostolice
531 878 616 907 sedis
641 878 777 916 gratiam
804 877 978 916 precaveri.
1005 877 1071 907 Nos

66 931 173 970 igitur,
190 931 235 961 sic
251 931 393 961 volentes
402 931 537 968 gratiam
554 932 656 969 ipsam
669 931 789 960 decano
802 934 833 959 et
848 929 984 968 capitulo
1000 939 1071 968 pre-

32 994 38 999 ·
65 983 156 1014 dictis
172 983 285 1013 factam
308 984 343 1013 in
369 993 426 1013 suo
443 984 557 1014 robore
580 992 780 1022 permanere,
801 983 883 1022 quod
904 983 949 1012 tui
972 987 1072 1012 status

23 1061 29 1067 .
64 1037 212 1077 pacificus
227 1041 448 1073 conservetur,
466 1045 502 1066 ac
518 1037 638 1066 bonum
656 1041 686 1066 et
698 1036 876 1075 jocundum
893 1037 1006 1066 merito
1023 1045 1071 1066 re-

63 1093 208 1129 putantes
227 1093 256 1119 te
269 1113 277 1126 ‚
298 1094 451 1128 tanquam
478 1090 664 1129 precipuum
691 1091 792 1128 ipsius
811 1089 942 1119 ecclesie
963 1093 1070 1127 caput,

51 1151 136 1179 *cum
150 1143 306 1173 membris
317 1144 590 1181 suis-alterutrum
607 1143 642 1172 in
656 1152 757 1173 unum
769 1144 899 1182 pacifice
917 1143 1070 1179 habitare,

66 1197 129 1228 tuis
144 1197 264 1227 devotis
280 1197 570 1236 supplicationibus
587 1197 746 1232 inclinati,
767 1203 801 1227 ut
817 1197 925 1227 eadem
943 1206 1072 1227 conces-

66 1250 114 1281 sio
127 1250 166 1280 ad
184 1254 270 1280 tuam
287 1259 457 1289 personam
476 1260 511 1280 ex
538 1260 627 1280 nunc
646 1251 831 1281 nullatenus
852 1260 884 1280 se
906 1251 1070 1286 extendat,

38 1331 43 1334 .
63 1302 108 1333 ita
124 1303 207 1341 quod
228 1303 329 1333 iidem
350 1304 491 1333 decanus
512 1308 543 1333 et
557 1303 732 1342 capitulum
748 1304 836 1333 illius
858 1304 1072 1334 concessionis

43 1358 50 1362 ⁴
62 1355 192 1386 obtentu
206 1356 240 1385 in
253 1360 282 1386 te
296 1365 359 1386 non
372 1357 495 1395 possint
509 1356 696 1395 hujusmodi
713 1357 913 1396 spiritualem
929 1357 1072 1395 gladium

65 1407 267 1448 aliquatenus
283 1418 442 1444 exercere,
459 1410 651 1439 fraternitati
669 1414 720 1439 tue
740 1411 925 1440 auctoritate
940 1419 1070 1449 presen-

67 1461 146 1492 tium
163 1461 384 1500 indulgemus.
402 1462 468 1492 Nos
493 1463 580 1492 enim
602 1463 1073 1493 omnes‘excommunicatiunis

55 1516 121 1545 'aut
135 1515 359 1553 suspensionis
375 1515 425 1545 vel
439 1515 603 1545 interdicti
616 1516 789 1545 sententias
806 1525 884 1554 quas
899 1517 932 1545 in
951 1521 980 1546 te
995 1525 1072 1546 con-

67 1572 114 1599 tra
124 1562 317 1608 hujusmodi
341 1574 447 1599 nostre
468 1569 582 1600 ultime
601 1570 817 1600 concessionis
841 1575 983 1600 tenorem
1002 1579 1072 1608 pro-

67 1622 204 1661 mulgari
221 1631 276 1661 per
295 1623 421 1652 eosdem
435 1623 592 1653 decanum
609 1627 639 1653 et
654 1623 830 1662 capitulum
847 1624 1016 1661 contigerit
1034 1633 1071 1653 ex

67 1683 153 1705 nunc
178 1676 384 1706 decernimus
410 1685 475 1706 non
504 1681 622 1706 tenere.
647 1676 739 1707 Nulli
764 1686 838 1715 ergo
860 1682 938 1713 etc,
966 1681 1072 1707 nostre

66 1729 280 1760 concessionis
307 1734 338 1759 et
368 1730 606 1760 constitutionis
637 1734 695 1761 etc.
728 1730 798 1760 Dat.
832 1731 954 1767 Rome,
987 1730 1071 1769 apud

66 1781 213 1812 Sanctam
229 1782 366 1812 Mariam
383 1783 538 1822 Majorem
549 1805 557 1819 ,
574 1782 683 1813 idibus
707 1784 811 1820 maii,-
825 1792 910 1814 anno
935 1784 1036 1814 tertio.
1055 1795 1069 1811 n

132 1941 253 1971 2⁶50

97 1998 145 2025 Ad
154 1999 402 2026 conservationem
419 1997 559 2024 bonorum
578 1997 747 2024 monasterii
761 1997 869 2025 Montis
885 1999 970 2024 acuti.
989 1997 1070 2030 (Rae.

63 2046 106 2079 45,
121 2055 147 2074 c.
163 2047 223 2082 152,
240 2047 260 2075 f.
275 2047 310 2074 25
325 2054 372 2080 v⁰;
391 2046 509 2080 Pori-a„
527 2045 580 2078 III,
598 2046 708 2079 23254.)

422 1941 777 1977 Sainte-Marie-Majeure,
797 1942 834 1968 1ετ
849 1942 904 1968 mai
922 1941 998 1968 1290.

103 2158 123 2165 ..
143 2137 243 2174 priori
258 2135 362 2165 Sancti
382 2136 499 2165 Andree
517 2136 550 2164 de
565 2136 673 2164 Fracta
688 2136 826 2172 filiorum
845 2136 990 2170 Huberli,
1010 2136 1072 2164 Eu-

64 2187 173 2228 qubine
190 2190 314 2218 diocesis
326 2212 333 2225 ,
351 2195 376 2218 et
396 2189 555 2226 Uyutconi,
580 2189 753 2218 marchioni
772 2189 805 2218 de
820 2190 918 2218 Monte
934 2189 1050 2226 Jsejano
1064 2212 1071 2225 ,

55 2243 216 2280 capellano
238 2248 359 2279 nostro,
383 2243 528 2272 canonico
553 2242 792 2280 Rothomayensi.
813 2242 866 2271 Eis
892 2241 1023 2271 mandat
1039 2246 1074 2271 ut

64 2294 233 2325 inhibeant
249 2304 291 2325 ne
307 2295 464 2333 Aegidius
477 2320 484 2331 ,
504 2295 601 2325 abbas
616 2319 622 2331 ,
640 2300 670 2325 et
691 2300 867 2325 conventus
885 2295 1073 2325 monasterii

69 2349 187 2379 Montis
201 2350 298 2385 acuti,
314 2349 490 2379 Perusinae
501 2349 665 2386 dioecesis,
678 2349 733 2387 qui
748 2349 943 2378 monasterio
953 2348 1072 2378 Cister-

67 2401 110 2432 cii
130 2402 347 2432 obedientiam
372 2402 548 2440 denegant,
576 2402 711 2432 durante
738 2401 924 2441 hujusmodi
949 2401 1070 2439 litigio,

67 2457 236 2496 quicquam
251 2457 290 2487 de
301 2457 430 2496 juribus
445 2466 481 2487 ac
496 2457 590 2488 bonis
606 2458 794 2487 monasterii
810 2458 859 2487 sui
875 2457 1028 2487 alienent.

107 2521 122 2538 α
144 2511 274 2540 Pridem
293 2510 417 2540 dilectis
440 2510 554 2540 filiis...
575 2527 616 2532 —
631 2511 702 2540 Dat.
724 2511 843 2548 Rome,
867 2510 950 2549 apud
972 2509 1071 2539 Sanc-

64 2565 132 2594 tam
146 2564 282 2594 Mariam
299 2564 473 2603 Majorem,
492 2563 640 2593 kalendis
659 2564 752 2598 maii,
770 2572 857 2593 anno
875 2563 975 2593 tertio.
996 2575 1008 2589 n

136 2715 245 2745 2851

102 2769 219 2798 collatio
234 2771 373 2797 ecclesiae
393 2770 428 2797 de
449 2770 630 2797 Landicuria.
647 2769 729 2802 (Rea.
748 2769 796 2804 45,
813 2777 839 2795 c.
860 2769 921 2799 153,
939 2769 958 2794 f.
975 2768 1008 2795 26
1024 2775 1068 2801 r⁰3

66 2817 134 2846 Lar.
151 2827 185 2847 uu
198 2819 297 2853 Tam,
311 2818 362 2851 III,
383 2819 454 2851 115.)

432 2713 780 2748 Sainte-Marie-Majeure,
802 2714 829 2740 11
848 2713 903 2740 mai
923 2713 998 2740 1290.

110 2929 130 2936 ..
147 2909 278 2946 episcopo
293 2908 499 2937 Ambianensi.
519 2918 534 2934 «ι
554 2906 755 2945 Significavit
770 2905 862 2936 nohis
879 2906 984 2943 Hugo,
1001 2904 1069 2934 dic-

98 3025 130 3056 (1)
147 3028 174 3050 te
189 3028 258 3050 n'est
272 3033 324 3056 pas
339 3028 411 3050 dans
429 3028 453 3050 le
467 3033 520 3052 ms,

98 3069 131 3101 (2)
147 3070 179 3094 In
194 3073 262 3095 n'est
277 3078 328 3100 pas
343 3073 415 3095 dans
431 3073 454 3095 le
470 3078 522 3095 ms,

2097 396 2154 427 443

1155 459 1204 484 tus
1221 455 1380 493 Laydons„
1400 456 1535 487 clericus
1551 462 1603 487 tue
1619 458 1771 493 diocesis,
1790 459 1888 497 quod,
1909 468 1982 489 cum
2005 462 2155 498 magister

1154 507 1324 543 Henricus,
1349 513 1424 539 tunc
1447 515 1548 540 rector
1565 510 1774 549 parrochialis
1789 511 1919 541 ecclesie
1935 513 1973 542 de
1996 513 2154 544 Landicu-

1154 561 1220 595 ria,
1240 561 1404 591 ecclesiam
1423 563 1524 601 ipsam
1541 569 1730 602 proponeret
1744 566 1916 602 resignare,
1934 566 2063 604 quidam
2080 575 2155 596 con-

1154 614 1324 650 sanguinei
1349 615 1424 644 dicti
1442 616 1587 654 Hugonis
1609 626 1681 646 cum
1701 618 1820 655 prefato
1842 623 1971 655 rectore,
1994 620 2026 648 id
2043 620 2154 649 eodem

1154 665 1290 702 Hugone
1316 667 1484 704 ignorante
1509 669 1656 707 penitus,
1683 674 1896 700 tractaverunt
1917 672 2019 710 quod,
2044 672 2155 702 eodem

1154 723 1275 748 rectore
1289 721 1408 758 prelato
1420 721 1550 758 Hugoni
1559 722 1677 751 dictam
1691 723 1855 752 ecclesiam
1866 725 2059 762 resignante,
2069 725 2154 754 idem

1155 771 1249 809 Hugo
1257 773 1374 810 prefato
1384 774 1536 811 magistro
1547 775 1686 805 Henrico
1701 771 1739 805 de
1750 776 1904 806 fructibus
1916 777 2017 815 ipsius
2025 777 2155 807 ecclesie

1154 824 1249 854 annis
1266 825 1401 863 singulis
1409 826 1667 857 solveretcertam
1676 829 1809 866 pecunie
1825 830 2054 867 quantitatem;
2070 839 2155 861 cum-

1154 886 1215 915 que
1234 879 1389 907 nominati
1415 881 1645 917 consanguinei
1664 881 1722 910 hoc
1739 882 1867 910 demum
1888 883 2017 920 Hugoni
2034 883 2155 913 revela-

1155 931 1443 968 renteidem‚idem
1456 933 1559 970 Hugo,
1573 936 1698 971 pactum
1708 934 1891 972 hujusmodi
1903 944 1965 964 non
1978 941 2154 974 acceptans,

1155 985 1290 1013 asseruit
1305 994 1337 1014 se
1351 994 1477 1014 servare
1490 985 1571 1015 velle
1587 987 1670 1024 quod
1689 991 1718 1015 tu
1735 986 1783 1016 vel
1802 988 1846 1016 tui
1863 988 1971 1016 vicarii
1986 989 2068 1018 circa
2083 999 2156 1021 eum

1154 1036 1277 1066 velletis
1295 1038 1329 1066 in
1355 1038 1542 1076 hujusmodi
1561 1040 1687 1076 negotio
1709 1040 1871 1076 ordinare,
1895 1042 2002 1079 sicque
2021 1049 2157 1080 postmo-

1153 1091 1230 1120 dum
1247 1091 1330 1120 dicto
1345 1092 1497 1128 magistro
1515 1092 1655 1121 Henrico
1671 1092 1836 1122 ecclesiam
1858 1095 2040 1131 resignante
2056 1097 2157 1134 prefa—

1156 1149 1235 1180 tam,¹
1253 1145 1363 1174 vicarii
1382 1145 1447 1181 tui,
1465 1145 1504 1174 ab
1522 1145 1632 1174 eodem
1655 1146 1808 1183 magistro
1826 1147 1965 1177 Henrico
1987 1148 2088 1186 ipsius
2106 1159 2158 1179 ec-

1155 1197 1248 1228 clesie
1264 1199 1479 1235 resignatione
1495 1202 1630 1237 recepta7
1651 1199 1852 1228 nominatum
1871 1200 2051 1237 Hugonem,
2068 1208 2159 1240 prout

1155 1261 1190 1282 ex
1217 1252 1334 1281 virtute
1355 1251 1588 1281 commissionis
1614 1252 1660 1280 eis
1683 1260 1700 1280 a
1723 1256 1751 1280 te
1772 1261 1867 1290 super
1889 1253 1949 1282 hoc
1971 1254 2048 1283 facte
2071 1255 2104 1283 id
2127 1264 2159 1285 se

1154 1314 1244 1345 posse
1267 1305 1430 1341 dicebant,
1448 1305 1481 1334 in
1499 1305 1580 1334 dicta
1597 1305 1727 1334 ecclesia
1743 1306 1953 1335 instituerunt
1974 1310 2159 1338 auctoritate

1155 1360 1200 1389 eis
1224 1359 1393 1389 commissa
1409 1359 1441 1388 in
1462 1363 1614 1388 rectorem
1636 1368 1670 1388 ac
1688 1359 1826 1398 denique
1844 1369 1899 1398 pro
1915 1369 1970 1389 sue
1986 1361 2158 1391 voluntatis

1154 1413 1249 1443 libito·
1268 1413 1459 1442 ordinarunt
1479 1413 1562 1451 qnod
1579 1412 1663 1442 idem
1687 1413 1781 1450 Hngo
1799 1413 1880 1443 dicto
1899 1415 2048 1451 magistro
2067 1415 2158 1445 Heu-

1154 1467 1219 1496 rico
1229 1466 1266 1495 de
1276 1466 1430 1495 fructibus
1442 1466 1585 1505 ejusdem
1600 1466 1731 1496 ecclesie
1744 1472 1872 1497 centum
1885 1467 1989 1497 soldos
2000 1469 2159 1506 parisien-

1154 1520 1239 1549 sium
1272 1521 1438 1549 annuatim
1467 1519 1588 1549 solvere
1613 1524 1783 1549 teneretur.
1811 1520 1915 1556 Quare
1937 1521 2039 1551 dictus
2067 1523 2159 1560 Hngo

1155 1573 1246 1602 nobis
1263 1572 1431 1602 humiliter
1447 1573 1637 1611 supplicavit
1655 1578 1687 1602 ut
1702 1574 1868 1611 providere
1879 1574 1973 1604 saluti
1986 1584 2041 1604 sue
2054 1576 2087 1604 in
2099 1575 2158 1605 hac

1154 1630 1242 1664 parte
1258 1625 1295 1655 de
1312 1626 1509 1663 benignitate
1527 1625 1696 1664 apostolica
1714 1626 1932 1663 dignaremur.
1953 1628 2017 1657 Nos
2043 1628 2157 1665 igitur,

1154 1679 1354 1708 attendentes
1371 1679 1563 1708 delationem
1581 1679 1680 1718 ipsius
1697 1679 1844 1717 Hngonis
1860 1684 2078 1718 spontaneam,
2096 1682 2157 1710 sra-

1155 1731 1297 1762 ternitati
1317 1736 1368 1761 tue
1384 1732 1578 1770 presentium
1595 1732 1781 1761 auctoritate
1800 1733 2029 1762 committimus
2045 1738 2158 1772 quate-

1154 1794 1216 1814 nus
1228 1807 1235 1819 ,
1253 1785 1336 1815 dicta
1352 1785 1553 1815 ordinatione
1569 1785 1713 1823 repulsa,
1731 1785 1770 1814 ab
1785 1785 1895 1815 eodem
1912 1786 2048 1824 Hngone
2061 1786 2159 1817 libera

1153 1839 1254 1878 ipsius
1269 1838 1402 1868 ecclesie
1418 1838 1632 1876 resignatione
1646 1843 1786 1876 recepta,
1805 1838 1889 1868 circa
1904 1839 2009 1877 ipsum
2025 1841 2161 1870 anctori-

1156 1897 1216 1921 tate
1232 1896 1341 1921 nostra
1356 1896 1474 1921 statuas
1493 1896 1542 1928 ut,
1559 1891 1619 1921 boc
1635 1899 1697 1921 non
1718 1891 1874 1928 obstante,
1895 1893 1991 1930 possit
2006 1893 2161 1930 prefatam

1155 1945 1341 1980 ecclesiam,
1367 1945 1393 1974 si
1418 1945 1456 1974 de
1476 1946 1548 1983 Jure
1573 1944 1655 1974 nulli
1676 1944 1732 1974 alii
1754 1944 1905 1974 debeatur
1933 1950 1963 1974 et
1993 1945 2084 1974 illam
2112 1945 2161 1975 vel

1153 1999 1241 2028 aliud
1257 1998 1507 2028 ecclesiasticum
1528 1998 1719 2027 beneficium
1734 2021 1740 2034 ‚
1758 1998 1852 2027 etiam
1872 1999 1897 2028 si
1914 2007 2022 2028 curam
2045 1998 2160 2028 babeat

1154 2053 1349 2087 animarum,
1368 2052 1429 2081 sibi
1453 2052 1600 2088 demum,
1619 2055 1710 2090 prout
1731 2051 1771 2081 ad
1791 2056 1818 2081 te
1835 2052 1990 2090 pertinet,
2017 2052 2160 2082 conferre

1154 2105 1311 2141 volueris,
1336 2105 1436 2135 libere
1459 2106 1600 2144 recipere
1620 2110 1650 2135 et
1667 2105 1753 2135 licite
1772 2106 1921 2134 retinere.
1946 2106 2017 2135 Dat.
2038 2106 2158 2142 Rome,

1154 2159 1237 2198 apud
1256 2161 1405 2189 Sanctam
1423 2159 1559 2189 Mariam
1574 2159 1741 2198 Majorem,
1762 2168 1780 2187 v
1797 2158 1869 2188 idus
1885 2159 1980 2195 maii⁷
1998 2167 2082 2188 anuo
2100 2164 2158 2188 ter-

1155 2219 1208 2243 110.
1231 2226 1245 2240 »

1225 2405 1343 2435 2652

1191 2468 1374 2503 Dispensatio
1390 2466 1572 2493 matrimonii.
1591 2465 1672 2500 (Rae.
1691 2466 1734 2497 45,
1751 2474 1776 2492 c.
1794 2466 1851 2496 154,
1868 2466 1886 2492 s.
1903 2466 1934 2492 ’26
1951 2467 1999 2497 1-0.)

1539 2403 1889 2438 Sainte-Marie-Majeure,
1908 2405 1921 2430 7
1938 2404 1992 2430 mai
2011 2403 2086 2430 1290.

1196 2599 1216 2607 ..
1236 2577 1369 2614 episcopo
1389 2575 1563 2604 FlorentIno
1582 2574 1752 2604 committit
1767 2578 1923 2612 quatenus
1942 2582 2013 2603 cum
2034 2572 2154 2609 Bindo,

1154 2630 1220 2659 filio
1237 2629 1352 2658 nobilis
1368 2628 1429 2657 viri
1445 2627 1524 2657 Cece
1541 2627 1632 2664 Dini,
1647 2630 1676 2656 et
1692 2627 1785 2662 Rosa,
1803 2618 1868 2656 filia
1881 2626 2040 2665 quondam
2057 2625 2156 2656 Ubal-

1154 2684 1223 2713 dini
1246 2683 1283 2712 de
1307 2682 1434 2717 Vichio,
1458 2681 1579 2710 civibus
1605 2680 1811 2716 Florentinis,
1838 2680 1997 2718 dispenset
2015 2684 2063 2714 ut,
2084 2679 2157 2709 licet

1153 2743 1264 2777 quarto
1294 2735 1578 2772 consanguinitatis
1608 2734 1708 2771 gradu
1740 2734 1902 2772 conjuncti
1935 2734 2016 2769 sint,
2048 2733 2157 2762 matri-

1154 2790 1299 2820 monium
1322 2788 1507 2818 contrahere
1532 2786 1668 2817 valeant.
1692 2787 1849 2824 Ugolinus
1873 2786 1959 2815 enim
1976 2791 2005 2815 et
2022 2785 2077 2815 alii
2097 2785 2155 2815 filii

1154 2842 1306 2883 praedicti
1325 2840 1478 2871 Ubaldini
1496 2839 1686 2879 praedictam
1706 2840 1833 2875 Rosam,
1847 2847 1985 2868 sororem
2001 2847 2103 2875 suam,
2116 2838 2155 2867 ad

1154 2896 1308 2926 sedandas
1332 2903 1443 2932 graves
1469 2893 1654 2922 inimicitIas
1675 2892 1795 2922 dudum
1816 2892 1900 2921 inter
1915 2892 2016 2930 ipsos,
2034 2900 2069 2921 ex
2092 2900 2156 2921 una

1153 2954 1251 2988 parte,
1262 2953 1291 2978 et
1300 2948 1378 2977 Cece
1392 2947 1510 2976 Diuum
1521 2951 1549 2975 et
1562 2945 1689 2975 Bettum
1701 2944 1862 2983 quondam
1874 2944 2018 2983 Philippi
2028 2944 2066 2973 de
2075 2943 2155 2974 Che-

1154 3003 1300 3046 rardinis,
1319 3010 1355 3031 ex
1373 3000 1481 3036 altera,
1497 3003 1629 3034 exortas,
1644 2998 1803 3037 praedicto
1822 2998 1924 3028 Bindo
1941 3006 2069 3027 uxorem
2084 3006 2155 3036 pro-

1154 3058 1320 3085 miserunt.
