<?xml version="1.0" encoding="UTF-8"?>
<!DOCTYPE html PUBLIC "-//W3C//DTD XHTML 1.0 Transitional//EN"
    "http://www.w3.org/TR/xhtml1/DTD/xhtml1-transitional.dtd">
<html xmlns="http://www.w3.org/1999/xhtml" xml:lang="en" lang="en">
 <head>
  <title>
</title>
<meta http-equiv="Content-Type" content="text/html;charset=utf-8" />
  <meta name='ocr-system' content='tesseract 3.04.00' />
  <meta name='ocr-capabilities' content='ocr_page ocr_carea ocr_par ocr_line ocrx_word'/>
</head>
<body>
  <div class='ocr_page' id='page_1' title='image "./lesregistresdeni01romeuoft_0263.png"; bbox 0 0 2342 3652; ppageno 0'>
   <div class='ocr_carea' id='block_1_1' title="bbox 0 1023 47 3652">
    <p class='ocr_par' dir='ltr' id='par_1_1' title="bbox 0 1023 47 3652">
     <span class='ocr_line' id='line_1_1' title="bbox 0 1023 47 3652; baseline 0 0"><span class='ocrx_word' id='word_1_1' title='bbox 0 1023 47 3652; x_wconf 95' lang='lat' dir='ltr'> </span> 
     </span>
    </p>
   </div>
   <div class='ocr_carea' id='block_1_2' title="bbox 920 369 2169 410">
    <p class='ocr_par' dir='ltr' id='par_1_2' title="bbox 920 369 2169 410">
     <span class='ocr_line' id='line_1_2' title="bbox 920 369 2169 410; baseline 0 -2"><span class='ocrx_word' id='word_1_2' title='bbox 920 369 1146 408; x_wconf 81' lang='lat' dir='ltr'>DEUXIEME</span> <span class='ocrx_word' id='word_1_3' title='bbox 1168 375 1326 405; x_wconf 86' lang='lat' dir='ltr'>ANNEE.</span> <span class='ocrx_word' id='word_1_4' title='bbox 2113 378 2169 410; x_wconf 75' lang='lat'>253</span> 
     </span>
    </p>
   </div>
   <div class='ocr_carea' id='block_1_3' title="bbox 123 443 1083 482">
    <p class='ocr_par' dir='ltr' id='par_1_3' title="bbox 123 443 1083 482">
     <span class='ocr_line' id='line_1_3' title="bbox 123 443 1083 482; baseline -0.004 -6"><span class='ocrx_word' id='word_1_5' title='bbox 123 461 136 476; x_wconf 64' lang='lat' dir='ltr'>a</span> <span class='ocrx_word' id='word_1_6' title='bbox 159 448 281 478; x_wconf 86' lang='lat' dir='ltr'>Clamat</span> <span class='ocrx_word' id='word_1_7' title='bbox 298 447 333 476; x_wconf 89' lang='grc'>111</span> <span class='ocrx_word' id='word_1_8' title='bbox 355 447 525 476; x_wconf 87' lang='lat' dir='ltr'>auribus...</span> <span class='ocrx_word' id='word_1_9' title='bbox 543 462 579 467; x_wconf 90' lang='lat'><strong>—</strong></span> <span class='ocrx_word' id='word_1_10' title='bbox 596 446 668 475; x_wconf 85' lang='lat' dir='ltr'>Dat.</span> <span class='ocrx_word' id='word_1_11' title='bbox 690 445 804 482; x_wconf 87' lang='lat' dir='ltr'>Reate,</span> <span class='ocrx_word' id='word_1_12' title='bbox 822 444 917 474; x_wconf 90' lang='lat' dir='ltr'>nonis</span> <span class='ocrx_word' id='word_1_13' title='bbox 938 443 1083 481; x_wconf 77' lang='lat' dir='ltr'>augusti,</span> 
     </span>
    </p>
   </div>
   <div class='ocr_carea' id='block_1_4' title="bbox 83 499 1013 582">
    <p class='ocr_par' dir='ltr' id='par_1_4' title="bbox 83 499 1013 582">
     <span class='ocr_line' id='line_1_4' title="bbox 83 499 366 533; baseline -0.018 0"><span class='ocrx_word' id='word_1_14' title='bbox 83 510 165 533; x_wconf 86' lang='lat' dir='ltr'>anno</span> <span class='ocrx_word' id='word_1_15' title='bbox 181 499 330 530; x_wconf 86' lang='lat' dir='ltr'>secundo.</span> <span class='ocrx_word' id='word_1_16' title='bbox 354 512 366 527; x_wconf 84' lang='lat'><strong>»</strong></span> 
     </span>
     <span class='ocr_line' id='line_1_5' title="bbox 367 547 1013 582; baseline -0.005 -3"><span class='ocrx_word' id='word_1_17' title='bbox 367 547 371 551; x_wconf 63' lang='grc'>’</span> <span class='ocrx_word' id='word_1_18' title='bbox 711 551 797 582; x_wconf 85' lang='lat' dir='ltr'>Rieti,</span> <span class='ocrx_word' id='word_1_19' title='bbox 816 551 832 578; x_wconf 82' lang='lat'>9</span> <span class='ocrx_word' id='word_1_20' title='bbox 847 552 914 578; x_wconf 76' lang='lat' dir='ltr'>aout</span> <span class='ocrx_word' id='word_1_21' title='bbox 936 550 1013 577; x_wconf 65' lang='lat'>1289.</span> 
     </span>
    </p>
   </div>
   <div class='ocr_carea' id='block_1_5' title="bbox 82 611 1087 1127">
    <p class='ocr_par' dir='ltr' id='par_1_5' title="bbox 82 611 1086 810">
     <span class='ocr_line' id='line_1_6' title="bbox 120 611 1086 651; baseline -0.007 -4"><span class='ocrx_word' id='word_1_22' title='bbox 120 619 158 648; x_wconf 89' lang='lat' dir='ltr'>ln</span> <span class='ocrx_word' id='word_1_23' title='bbox 182 626 208 647; x_wconf 91' lang='lat' dir='ltr'>e.</span> <span class='ocrx_word' id='word_1_24' title='bbox 233 625 276 645; x_wconf 86' lang='lat' dir='ltr'>m.</span> <span class='ocrx_word' id='word_1_25' title='bbox 300 615 455 651; x_wconf 62' lang='grc' dir='ltr'>ι1011611111,</span> <span class='ocrx_word' id='word_1_26' title='bbox 473 614 546 644; x_wconf 87' lang='lat' dir='ltr'>duci</span> <span class='ocrx_word' id='word_1_27' title='bbox 563 613 764 643; x_wconf 86' lang='lat' dir='ltr'>Brabantiae.</span> <span class='ocrx_word' id='word_1_28' title='bbox 786 614 940 651; x_wconf 86' lang='lat' dir='ltr'>Spiritum</span> <span class='ocrx_word' id='word_1_29' title='bbox 959 611 1086 642; x_wconf 86' lang='lat' dir='ltr'>consilii</span> 
     </span>
     <span class='ocr_line' id='line_1_7' title="bbox 83 665 1086 705; baseline -0.009 -4"><span class='ocrx_word' id='word_1_30' title='bbox 83 671 226 702; x_wconf 84' lang='lat' dir='ltr'>sanioris.</span> <span class='ocrx_word' id='word_1_31' title='bbox 250 668 287 697; x_wconf 89' lang='lat' dir='ltr'>Ei</span> <span class='ocrx_word' id='word_1_32' title='bbox 313 667 444 697; x_wconf 85' lang='lat' dir='ltr'>mandat</span> <span class='ocrx_word' id='word_1_33' title='bbox 467 672 624 705; x_wconf 84' lang='lat' dir='ltr'>quatenns</span> <span class='ocrx_word' id='word_1_34' title='bbox 646 665 731 704; x_wconf 91' lang='lat' dir='ltr'>apud</span> <span class='ocrx_word' id='word_1_35' title='bbox 755 665 931 704; x_wconf 87' lang='lat' dir='ltr'>praedictos</span> <span class='ocrx_word' id='word_1_36' title='bbox 955 665 1086 694; x_wconf 81' lang='lat' dir='ltr'>comites</span> 
     </span>
     <span class='ocr_line' id='line_1_8' title="bbox 82 717 1086 757; baseline -0.009 -3"><span class='ocrx_word' id='word_1_37' title='bbox 82 724 204 754; x_wconf 86' lang='lat' dir='ltr'>insistat</span> <span class='ocrx_word' id='word_1_38' title='bbox 228 726 263 751; x_wconf 91' lang='lat' dir='ltr'>ut</span> <span class='ocrx_word' id='word_1_39' title='bbox 283 720 509 751; x_wconf 91' lang='lat' dir='ltr'>Coloniensem</span> <span class='ocrx_word' id='word_1_40' title='bbox 532 719 807 757; x_wconf 88' lang='lat' dir='ltr'>archiepiscopum</span> <span class='ocrx_word' id='word_1_41' title='bbox 830 717 968 747; x_wconf 76' lang='lat' dir='ltr'>libertati</span> <span class='ocrx_word' id='word_1_42' title='bbox 993 717 1086 746; x_wconf 91' lang='lat' dir='ltr'>resti-</span> 
     </span>
     <span class='ocr_line' id='line_1_9' title="bbox 84 771 955 810; baseline -0.009 -3"><span class='ocrx_word' id='word_1_43' title='bbox 84 779 181 807; x_wconf 88' lang='lat' dir='ltr'>tuant.</span> <span class='ocrx_word' id='word_1_44' title='bbox 200 775 268 804; x_wconf 87' lang='lat' dir='ltr'>Dat.</span> <span class='ocrx_word' id='word_1_45' title='bbox 288 775 386 803; x_wconf 84' lang='lat' dir='ltr'>Reate</span> <span class='ocrx_word' id='word_1_46' title='bbox 397 797 404 809; x_wconf 87' lang='lat'>,</span> <span class='ocrx_word' id='word_1_47' title='bbox 421 783 441 803; x_wconf 89' lang='lat' dir='ltr'>v</span> <span class='ocrx_word' id='word_1_48' title='bbox 456 773 528 803; x_wconf 88' lang='lat' dir='ltr'>idus</span> <span class='ocrx_word' id='word_1_49' title='bbox 545 772 686 810; x_wconf 81' lang='lat' dir='ltr'>augusti,</span> <span class='ocrx_word' id='word_1_50' title='bbox 704 780 790 801; x_wconf 90' lang='lat' dir='ltr'>anno</span> <span class='ocrx_word' id='word_1_51' title='bbox 806 771 955 801; x_wconf 90' lang='lat' dir='ltr'>secundo.</span> 
     </span>
    </p>

    <p class='ocr_par' dir='ltr' id='par_1_6' title="bbox 84 823 1086 914">
     <span class='ocr_line' id='line_1_10' title="bbox 122 823 1086 863; baseline -0.006 -5"><span class='ocrx_word' id='word_1_52' title='bbox 122 830 160 860; x_wconf 92' lang='lat' dir='ltr'>In</span> <span class='ocrx_word' id='word_1_53' title='bbox 185 837 212 858; x_wconf 88' lang='lat' dir='ltr'>e.</span> <span class='ocrx_word' id='word_1_54' title='bbox 241 837 285 857; x_wconf 89' lang='lat' dir='ltr'>m.</span> <span class='ocrx_word' id='word_1_55' title='bbox 313 827 532 863; x_wconf 88' lang='lat' dir='ltr'>Woleranno,</span> <span class='ocrx_word' id='word_1_56' title='bbox 560 825 669 856; x_wconf 88' lang='lat' dir='ltr'>comiti</span> <span class='ocrx_word' id='word_1_57' title='bbox 698 825 737 854; x_wconf 90' lang='lat' dir='ltr'>de</span> <span class='ocrx_word' id='word_1_58' title='bbox 764 824 901 854; x_wconf 84' lang='lat' dir='ltr'>Juliaco.</span> <span class='ocrx_word' id='word_1_59' title='bbox 930 823 1086 862; x_wconf 89' lang='lat' dir='ltr'>Spiritum</span> 
     </span>
     <span class='ocr_line' id='line_1_11' title="bbox 84 881 399 914; baseline -0.013 0"><span class='ocrx_word' id='word_1_60' title='bbox 84 882 208 914; x_wconf 82' lang='lat' dir='ltr'>consilii</span> <span class='ocrx_word' id='word_1_61' title='bbox 223 881 399 911; x_wconf 85' lang='lat' dir='ltr'>sanioris...</span> 
     </span>
    </p>

    <p class='ocr_par' dir='ltr' id='par_1_7' title="bbox 83 931 1087 1020">
     <span class='ocr_line' id='line_1_12' title="bbox 121 931 1087 973; baseline -0.006 -8"><span class='ocrx_word' id='word_1_62' title='bbox 121 935 158 965; x_wconf 88' lang='lat' dir='ltr'>In</span> <span class='ocrx_word' id='word_1_63' title='bbox 174 944 201 965; x_wconf 91' lang='lat' dir='ltr'>e.</span> <span class='ocrx_word' id='word_1_64' title='bbox 219 944 260 964; x_wconf 88' lang='lat' dir='ltr'>m.</span> <span class='ocrx_word' id='word_1_65' title='bbox 281 933 464 973; x_wconf 83' lang='lat' dir='ltr'>Haymoui,</span> <span class='ocrx_word' id='word_1_66' title='bbox 482 933 589 963; x_wconf 88' lang='lat' dir='ltr'>comiti</span> <span class='ocrx_word' id='word_1_67' title='bbox 606 932 644 962; x_wconf 89' lang='lat' dir='ltr'>de</span> <span class='ocrx_word' id='word_1_68' title='bbox 660 931 813 961; x_wconf 81' lang='lat' dir='ltr'>Marchia.</span> <span class='ocrx_word' id='word_1_69' title='bbox 834 931 992 969; x_wconf 86' lang='lat' dir='ltr'>Spiritum</span> <span class='ocrx_word' id='word_1_70' title='bbox 1011 938 1087 960; x_wconf 88' lang='lat' dir='ltr'>con-</span> 
     </span>
     <span class='ocr_line' id='line_1_13' title="bbox 83 988 335 1020; baseline -0.012 0"><span class='ocrx_word' id='word_1_71' title='bbox 83 989 145 1020; x_wconf 87' lang='lat' dir='ltr'>silii</span> <span class='ocrx_word' id='word_1_72' title='bbox 161 988 335 1019; x_wconf 88' lang='lat' dir='ltr'>sanioris...</span> 
     </span>
    </p>

    <p class='ocr_par' dir='ltr' id='par_1_8' title="bbox 82 1038 1087 1127">
     <span class='ocr_line' id='line_1_14' title="bbox 120 1038 1087 1084; baseline -0.005 -12"><span class='ocrx_word' id='word_1_73' title='bbox 120 1043 159 1073; x_wconf 89' lang='lat' dir='ltr'>In</span> <span class='ocrx_word' id='word_1_74' title='bbox 185 1051 212 1072; x_wconf 89' lang='lat' dir='ltr'>e.</span> <span class='ocrx_word' id='word_1_75' title='bbox 236 1051 283 1084; x_wconf 61' lang='lat' dir='ltr'>gn.</span> <span class='ocrx_word' id='word_1_76' title='bbox 309 1041 470 1071; x_wconf 86' lang='lat' dir='ltr'>universis</span> <span class='ocrx_word' id='word_1_77' title='bbox 498 1040 622 1071; x_wconf 87' lang='lat' dir='ltr'>civibus</span> <span class='ocrx_word' id='word_1_78' title='bbox 646 1039 902 1070; x_wconf 87' lang='lat' dir='ltr'>Coloniensibus.</span> <span class='ocrx_word' id='word_1_79' title='bbox 930 1038 1087 1076; x_wconf 87' lang='lat' dir='ltr'>Spiritum</span> 
     </span>
     <span class='ocr_line' id='line_1_15' title="bbox 82 1094 392 1127; baseline -0.01 0"><span class='ocrx_word' id='word_1_80' title='bbox 82 1094 204 1127; x_wconf 83' lang='lat' dir='ltr'>consilii</span> <span class='ocrx_word' id='word_1_81' title='bbox 219 1094 392 1124; x_wconf 88' lang='lat' dir='ltr'>sanioris...</span> 
     </span>
    </p>
   </div>
   <div class='ocr_carea' id='block_1_6' title="bbox 154 1263 1015 1296">
    <p class='ocr_par' dir='ltr' id='par_1_9' title="bbox 154 1263 1015 1296">
     <span class='ocr_line' id='line_1_16' title="bbox 154 1263 1015 1296; baseline -0.008 0"><span class='ocrx_word' id='word_1_82' title='bbox 154 1265 404 1296; x_wconf 54' lang='lat'>1202-1209</span> <span class='ocrx_word' id='word_1_83' title='bbox 695 1264 787 1295; x_wconf 85' lang='lat' dir='ltr'>Rieti,</span> <span class='ocrx_word' id='word_1_84' title='bbox 806 1264 837 1290; x_wconf 96' lang='lat'>17</span> <span class='ocrx_word' id='word_1_85' title='bbox 854 1264 921 1290; x_wconf 76' lang='lat' dir='ltr'>aout</span> <span class='ocrx_word' id='word_1_86' title='bbox 938 1263 1015 1290; x_wconf 70' lang='lat'>1289.</span> 
     </span>
    </p>
   </div>
   <div class='ocr_carea' id='block_1_7' title="bbox 83 1326 1088 1411">
    <p class='ocr_par' dir='ltr' id='par_1_10' title="bbox 83 1326 1088 1411">
     <span class='ocr_line' id='line_1_17' title="bbox 118 1326 1088 1361; baseline -0.004 -5"><span class='ocrx_word' id='word_1_87' title='bbox 118 1329 260 1356; x_wconf 83' lang='lat' dir='ltr'>Rodulfus</span> <span class='ocrx_word' id='word_1_88' title='bbox 277 1328 450 1355; x_wconf 86' lang='lat' dir='ltr'>monasterio</span> <span class='ocrx_word' id='word_1_89' title='bbox 467 1327 590 1355; x_wconf 84' lang='lat' dir='ltr'>Sanctae</span> <span class='ocrx_word' id='word_1_90' title='bbox 607 1327 712 1354; x_wconf 89' lang='lat' dir='ltr'>Mariae</span> <span class='ocrx_word' id='word_1_91' title='bbox 728 1327 763 1353; x_wconf 85' lang='lat' dir='ltr'>de</span> <span class='ocrx_word' id='word_1_92' title='bbox 777 1326 894 1361; x_wconf 81' lang='lat' dir='ltr'>Ybreyo</span> <span class='ocrx_word' id='word_1_93' title='bbox 906 1326 994 1353; x_wconf 87' lang='lat' dir='ltr'>abbas</span> <span class='ocrx_word' id='word_1_94' title='bbox 1010 1334 1088 1361; x_wconf 87' lang='lat' dir='ltr'>prae-</span> 
     </span>
     <span class='ocr_line' id='line_1_18' title="bbox 83 1376 649 1411; baseline -0.005 -6"><span class='ocrx_word' id='word_1_95' title='bbox 83 1378 182 1405; x_wconf 87' lang='lat' dir='ltr'>ficitur.</span> <span class='ocrx_word' id='word_1_96' title='bbox 201 1377 283 1411; x_wconf 67' lang='lat' dir='ltr'>(Rae.</span> <span class='ocrx_word' id='word_1_97' title='bbox 301 1376 351 1411; x_wconf 82' lang='lat'>44,</span> <span class='ocrx_word' id='word_1_98' title='bbox 368 1385 393 1404; x_wconf 91' lang='lat' dir='ltr'>c.</span> <span class='ocrx_word' id='word_1_99' title='bbox 412 1377 478 1409; x_wconf 83' lang='lat'>374,</span> <span class='ocrx_word' id='word_1_100' title='bbox 493 1377 512 1403; x_wconf 87' lang='lat' dir='ltr'>f.</span> <span class='ocrx_word' id='word_1_101' title='bbox 531 1376 581 1404; x_wconf 84' lang='grc'>189</span> <span class='ocrx_word' id='word_1_102' title='bbox 597 1378 649 1409; x_wconf 81' lang='lat' dir='ltr'>v0.)</span> 
     </span>
    </p>
   </div>
   <div class='ocr_carea' id='block_1_8' title="bbox 75 1477 1094 2523">
    <p class='ocr_par' dir='ltr' id='par_1_11' title="bbox 84 1477 1093 2158">
     <span class='ocr_line' id='line_1_19' title="bbox 121 1477 1092 1518; baseline -0.004 -8"><span class='ocrx_word' id='word_1_103' title='bbox 121 1481 227 1510; x_wconf 80' lang='lat' dir='ltr'>Dilecto</span> <span class='ocrx_word' id='word_1_104' title='bbox 242 1480 307 1517; x_wconf 79' lang='lat' dir='ltr'>silio</span> <span class='ocrx_word' id='word_1_105' title='bbox 322 1479 418 1518; x_wconf 85' lang='lat' dir='ltr'>fratri</span> <span class='ocrx_word' id='word_1_106' title='bbox 432 1480 578 1516; x_wconf 83' lang='lat' dir='ltr'>Radulfo,</span> <span class='ocrx_word' id='word_1_107' title='bbox 597 1480 696 1509; x_wconf 86' lang='lat' dir='ltr'>abbati</span> <span class='ocrx_word' id='word_1_108' title='bbox 712 1479 892 1508; x_wconf 75' lang='lat' dir='ltr'>monasterii</span> <span class='ocrx_word' id='word_1_109' title='bbox 907 1477 1014 1507; x_wconf 79' lang='lat' dir='ltr'>Sancte</span> <span class='ocrx_word' id='word_1_110' title='bbox 1031 1478 1092 1507; x_wconf 89' lang='lat' dir='ltr'>Ma-</span> 
     </span>
     <span class='ocr_line' id='line_1_20' title="bbox 84 1532 1088 1571; baseline -0.004 -8"><span class='ocrx_word' id='word_1_111' title='bbox 84 1534 128 1564; x_wconf 83' lang='lat' dir='ltr'>rie</span> <span class='ocrx_word' id='word_1_112' title='bbox 145 1534 179 1563; x_wconf 87' lang='lat' dir='ltr'>de</span> <span class='ocrx_word' id='word_1_113' title='bbox 208 1534 313 1571; x_wconf 80' lang='lat' dir='ltr'>Ybreyo</span> <span class='ocrx_word' id='word_1_114' title='bbox 327 1557 334 1569; x_wconf 88' lang='lat'>,</span> <span class='ocrx_word' id='word_1_115' title='bbox 358 1533 478 1562; x_wconf 78' lang='lat' dir='ltr'>ordinis</span> <span class='ocrx_word' id='word_1_116' title='bbox 499 1533 531 1562; x_wconf 88' lang='lat' dir='ltr'>S.</span> <span class='ocrx_word' id='word_1_117' title='bbox 553 1533 723 1568; x_wconf 75' lang='lat' dir='ltr'>Benedicti,</span> <span class='ocrx_word' id='word_1_118' title='bbox 749 1532 934 1561; x_wconf 82' lang='lat' dir='ltr'>Ebroicensis</span> <span class='ocrx_word' id='word_1_119' title='bbox 954 1532 1088 1560; x_wconf 83' lang='lat' dir='ltr'>diocesis.</span> 
     </span>
     <span class='ocr_line' id='line_1_21' title="bbox 86 1584 1090 1624; baseline -0.003 -8"><span class='ocrx_word' id='word_1_120' title='bbox 86 1586 278 1616; x_wconf 89' lang='lat' dir='ltr'>Monasterio</span> <span class='ocrx_word' id='word_1_121' title='bbox 295 1585 430 1616; x_wconf 83' lang='lat' dir='ltr'>Sanctae</span> <span class='ocrx_word' id='word_1_122' title='bbox 452 1585 574 1615; x_wconf 85' lang='lat' dir='ltr'>Mariae</span> <span class='ocrx_word' id='word_1_123' title='bbox 595 1585 633 1615; x_wconf 88' lang='lat' dir='ltr'>de</span> <span class='ocrx_word' id='word_1_124' title='bbox 651 1585 782 1624; x_wconf 83' lang='lat' dir='ltr'>Ybreyo</span> <span class='ocrx_word' id='word_1_125' title='bbox 805 1594 859 1623; x_wconf 89' lang='lat' dir='ltr'>per</span> <span class='ocrx_word' id='word_1_126' title='bbox 881 1584 1004 1614; x_wconf 88' lang='lat' dir='ltr'>obitum</span> <span class='ocrx_word' id='word_1_127' title='bbox 1025 1584 1090 1614; x_wconf 86' lang='lat' dir='ltr'>Ga-</span> 
     </span>
     <span class='ocr_line' id='line_1_22' title="bbox 85 1637 1092 1677; baseline -0.003 -8"><span class='ocrx_word' id='word_1_128' title='bbox 85 1639 195 1669; x_wconf 85' lang='lat' dir='ltr'>brielis</span> <span class='ocrx_word' id='word_1_129' title='bbox 225 1642 376 1677; x_wconf 87' lang='lat' dir='ltr'>vacante,</span> <span class='ocrx_word' id='word_1_130' title='bbox 410 1642 586 1669; x_wconf 90' lang='lat' dir='ltr'>conventus</span> <span class='ocrx_word' id='word_1_131' title='bbox 620 1637 764 1677; x_wconf 85' lang='lat' dir='ltr'>ejusdem</span> <span class='ocrx_word' id='word_1_132' title='bbox 797 1637 1003 1674; x_wconf 84' lang='lat' dir='ltr'>monasterii,</span> <span class='ocrx_word' id='word_1_133' title='bbox 1036 1646 1092 1675; x_wconf 89' lang='lat' dir='ltr'>per</span> 
     </span>
     <span class='ocr_line' id='line_1_23' title="bbox 85 1690 1091 1731; baseline -0.004 -8"><span class='ocrx_word' id='word_1_134' title='bbox 85 1693 360 1731; x_wconf 86' lang='lat' dir='ltr'>compromissum,</span> <span class='ocrx_word' id='word_1_135' title='bbox 381 1692 568 1730; x_wconf 83' lang='lat' dir='ltr'>Rogerium,</span> <span class='ocrx_word' id='word_1_136' title='bbox 584 1691 724 1730; x_wconf 86' lang='lat' dir='ltr'>priorem</span> <span class='ocrx_word' id='word_1_137' title='bbox 741 1691 885 1730; x_wconf 83' lang='lat' dir='ltr'>ejusdem</span> <span class='ocrx_word' id='word_1_138' title='bbox 902 1690 1091 1720; x_wconf 87' lang='lat' dir='ltr'>monasterii</span> 
     </span>
     <span class='ocr_line' id='line_1_24' title="bbox 87 1743 1093 1785; baseline -0.003 -9"><span class='ocrx_word' id='word_1_139' title='bbox 87 1745 198 1784; x_wconf 78' lang='lat' dir='ltr'>elegit3</span> <span class='ocrx_word' id='word_1_140' title='bbox 225 1745 280 1775; x_wconf 87' lang='lat' dir='ltr'>sed</span> <span class='ocrx_word' id='word_1_141' title='bbox 301 1745 398 1785; x_wconf 89' lang='lat' dir='ltr'>hujus</span> <span class='ocrx_word' id='word_1_142' title='bbox 419 1745 621 1781; x_wconf 75' lang='lat' dir='ltr'>electionem,</span> <span class='ocrx_word' id='word_1_143' title='bbox 646 1748 799 1783; x_wconf 87' lang='lat' dir='ltr'>tanquam</span> <span class='ocrx_word' id='word_1_144' title='bbox 816 1744 965 1783; x_wconf 88' lang='lat' dir='ltr'>patientis</span> <span class='ocrx_word' id='word_1_145' title='bbox 983 1743 1017 1773; x_wconf 90' lang='lat' dir='ltr'>in</span> <span class='ocrx_word' id='word_1_146' title='bbox 1036 1743 1093 1773; x_wconf 90' lang='lat' dir='ltr'>lit-</span> 
     </span>
     <span class='ocr_line' id='line_1_25' title="bbox 86 1797 1091 1837; baseline -0.003 -8"><span class='ocrx_word' id='word_1_147' title='bbox 86 1801 222 1829; x_wconf 87' lang='lat' dir='ltr'>teratura</span> <span class='ocrx_word' id='word_1_148' title='bbox 253 1799 435 1835; x_wconf 83' lang='lat' dir='ltr'>defectum,</span> <span class='ocrx_word' id='word_1_149' title='bbox 465 1798 631 1837; x_wconf 90' lang='lat' dir='ltr'>episcopus</span> <span class='ocrx_word' id='word_1_150' title='bbox 664 1797 866 1827; x_wconf 88' lang='lat' dir='ltr'>Ebroicensis</span> <span class='ocrx_word' id='word_1_151' title='bbox 898 1797 1091 1827; x_wconf 86' lang='lat' dir='ltr'>confirmare</span> 
     </span>
     <span class='ocr_line' id='line_1_26' title="bbox 86 1850 1091 1891; baseline -0.001 -10"><span class='ocrx_word' id='word_1_152' title='bbox 86 1852 202 1890; x_wconf 82' lang='lat' dir='ltr'>noluit,</span> <span class='ocrx_word' id='word_1_153' title='bbox 221 1852 456 1891; x_wconf 82' lang='lat' dir='ltr'>Rogeriusque,</span> <span class='ocrx_word' id='word_1_154' title='bbox 478 1855 548 1890; x_wconf 91' lang='lat' dir='ltr'>post</span> <span class='ocrx_word' id='word_1_155' title='bbox 565 1850 811 1890; x_wconf 84' lang='lat' dir='ltr'>appellationem</span> <span class='ocrx_word' id='word_1_156' title='bbox 827 1850 866 1880; x_wconf 89' lang='lat' dir='ltr'>ad</span> <span class='ocrx_word' id='word_1_157' title='bbox 884 1850 1091 1890; x_wconf 87' lang='lat' dir='ltr'>apostolicam</span> 
     </span>
     <span class='ocr_line' id='line_1_27' title="bbox 86 1904 1091 1944; baseline -0.001 -8"><span class='ocrx_word' id='word_1_158' title='bbox 86 1905 191 1936; x_wconf 77' lang='lat' dir='ltr'>sedem</span> <span class='ocrx_word' id='word_1_159' title='bbox 217 1906 349 1942; x_wconf 80' lang='lat' dir='ltr'>factam,</span> <span class='ocrx_word' id='word_1_160' title='bbox 377 1906 467 1936; x_wconf 89' lang='lat' dir='ltr'>omni</span> <span class='ocrx_word' id='word_1_161' title='bbox 490 1905 556 1944; x_wconf 89' lang='lat' dir='ltr'>juri</span> <span class='ocrx_word' id='word_1_162' title='bbox 587 1904 649 1934; x_wconf 88' lang='lat' dir='ltr'>sibi</span> <span class='ocrx_word' id='word_1_163' title='bbox 676 1914 712 1934; x_wconf 86' lang='lat' dir='ltr'>ex</span> <span class='ocrx_word' id='word_1_164' title='bbox 742 1904 900 1934; x_wconf 86' lang='lat' dir='ltr'>electione</span> <span class='ocrx_word' id='word_1_165' title='bbox 934 1904 1091 1943; x_wconf 88' lang='lat' dir='ltr'>acquisito</span> 
     </span>
     <span class='ocr_line' id='line_1_28' title="bbox 85 1957 1091 1997; baseline -0.002 -8"><span class='ocrx_word' id='word_1_166' title='bbox 85 1959 292 1990; x_wconf 86' lang='lat' dir='ltr'>renuntiavit.</span> <span class='ocrx_word' id='word_1_167' title='bbox 320 1959 536 1996; x_wconf 88' lang='lat' dir='ltr'>Quamobrem</span> <span class='ocrx_word' id='word_1_168' title='bbox 559 1967 638 1997; x_wconf 88' lang='lat' dir='ltr'>papa</span> <span class='ocrx_word' id='word_1_169' title='bbox 663 1957 858 1995; x_wconf 81' lang='lat' dir='ltr'>Rodulfum,</span> <span class='ocrx_word' id='word_1_170' title='bbox 884 1962 958 1988; x_wconf 87' lang='lat' dir='ltr'>tunc</span> <span class='ocrx_word' id='word_1_171' title='bbox 978 1967 1091 1988; x_wconf 88' lang='lat' dir='ltr'>mona-</span> 
     </span>
     <span class='ocr_line' id='line_1_29' title="bbox 86 2011 1091 2049; baseline -0.002 -7"><span class='ocrx_word' id='word_1_172' title='bbox 86 2011 183 2042; x_wconf 86' lang='lat' dir='ltr'>chum</span> <span class='ocrx_word' id='word_1_173' title='bbox 208 2012 396 2042; x_wconf 87' lang='lat' dir='ltr'>monasterii</span> <span class='ocrx_word' id='word_1_174' title='bbox 418 2011 456 2041; x_wconf 90' lang='lat' dir='ltr'>de</span> <span class='ocrx_word' id='word_1_175' title='bbox 478 2011 594 2042; x_wconf 91' lang='lat' dir='ltr'>Sancto</span> <span class='ocrx_word' id='word_1_176' title='bbox 617 2011 774 2041; x_wconf 90' lang='lat' dir='ltr'>Audoeno</span> <span class='ocrx_word' id='word_1_177' title='bbox 800 2011 1091 2049; x_wconf 85' lang='lat' dir='ltr'>Rothomagensis,</span> 
     </span>
     <span class='ocr_line' id='line_1_30' title="bbox 85 2064 1092 2102; baseline 0 -7"><span class='ocrx_word' id='word_1_178' title='bbox 85 2065 206 2096; x_wconf 88' lang='lat' dir='ltr'>ordinis</span> <span class='ocrx_word' id='word_1_179' title='bbox 222 2065 332 2096; x_wconf 87' lang='lat' dir='ltr'>Sancti</span> <span class='ocrx_word' id='word_1_180' title='bbox 348 2065 536 2102; x_wconf 85' lang='lat' dir='ltr'>Benedicti,</span> <span class='ocrx_word' id='word_1_181' title='bbox 553 2064 749 2095; x_wconf 87' lang='lat' dir='ltr'>monasterio</span> <span class='ocrx_word' id='word_1_182' title='bbox 763 2064 897 2095; x_wconf 86' lang='lat' dir='ltr'>Sanctae</span> <span class='ocrx_word' id='word_1_183' title='bbox 915 2064 1037 2094; x_wconf 90' lang='lat' dir='ltr'>Mariae</span> <span class='ocrx_word' id='word_1_184' title='bbox 1052 2064 1092 2095; x_wconf 90' lang='lat' dir='ltr'>de</span> 
     </span>
     <span class='ocr_line' id='line_1_31' title="bbox 87 2118 544 2158; baseline 0 -10"><span class='ocrx_word' id='word_1_185' title='bbox 87 2118 214 2158; x_wconf 77' lang='lat' dir='ltr'>Ybreyo</span> <span class='ocrx_word' id='word_1_186' title='bbox 228 2119 373 2149; x_wconf 86' lang='lat' dir='ltr'>abbatem</span> <span class='ocrx_word' id='word_1_187' title='bbox 392 2119 544 2158; x_wconf 88' lang='lat' dir='ltr'>praeficit.</span> 
     </span>
    </p>

    <p class='ocr_par' dir='ltr' id='par_1_12' title="bbox 75 2171 1092 2263">
     <span class='ocr_line' id='line_1_32' title="bbox 126 2171 1092 2210; baseline 0.001 -9"><span class='ocrx_word' id='word_1_188' title='bbox 126 2182 140 2198; x_wconf 83' lang='lat'><strong>«</strong></span> <span class='ocrx_word' id='word_1_189' title='bbox 164 2171 281 2202; x_wconf 89' lang='lat' dir='ltr'>Celesti</span> <span class='ocrx_word' id='word_1_190' title='bbox 306 2180 422 2210; x_wconf 89' lang='lat' dir='ltr'>sponso</span> <span class='ocrx_word' id='word_1_191' title='bbox 443 2172 538 2210; x_wconf 87' lang='lat' dir='ltr'>qui...</span> <span class='ocrx_word' id='word_1_192' title='bbox 556 2188 596 2194; x_wconf 93' lang='lat'><strong>—</strong></span> <span class='ocrx_word' id='word_1_193' title='bbox 615 2171 687 2201; x_wconf 92' lang='lat' dir='ltr'>Dat.</span> <span class='ocrx_word' id='word_1_194' title='bbox 717 2171 837 2208; x_wconf 87' lang='lat' dir='ltr'>Reate,</span> <span class='ocrx_word' id='word_1_195' title='bbox 864 2181 916 2202; x_wconf 81' lang='lat' dir='ltr'>xvi</span> <span class='ocrx_word' id='word_1_196' title='bbox 939 2171 1092 2202; x_wconf 82' lang='lat' dir='ltr'>kalendas</span> 
     </span>
     <span class='ocr_line' id='line_1_33' title="bbox 75 2224 586 2263; baseline 0 -9"><span class='ocrx_word' id='word_1_197' title='bbox 75 2224 284 2263; x_wconf 77' lang='lat' dir='ltr'>septembris,</span> <span class='ocrx_word' id='word_1_198' title='bbox 301 2233 386 2254; x_wconf 90' lang='lat' dir='ltr'>anno</span> <span class='ocrx_word' id='word_1_199' title='bbox 401 2224 552 2255; x_wconf 89' lang='lat' dir='ltr'>secundo.</span> <span class='ocrx_word' id='word_1_200' title='bbox 573 2236 586 2251; x_wconf 78' lang='lat' dir='ltr'>n</span> 
     </span>
    </p>

    <p class='ocr_par' dir='ltr' id='par_1_13' title="bbox 87 2277 1094 2423">
     <span class='ocr_line' id='line_1_34' title="bbox 125 2277 1094 2308; baseline 0 -1"><span class='ocrx_word' id='word_1_201' title='bbox 125 2277 164 2307; x_wconf 93' lang='lat' dir='ltr'>In</span> <span class='ocrx_word' id='word_1_202' title='bbox 194 2287 219 2307; x_wconf 91' lang='lat' dir='ltr'>e.</span> <span class='ocrx_word' id='word_1_203' title='bbox 250 2286 293 2308; x_wconf 89' lang='lat' dir='ltr'>m.</span> <span class='ocrx_word' id='word_1_204' title='bbox 323 2278 499 2307; x_wconf 89' lang='lat' dir='ltr'>conventui</span> <span class='ocrx_word' id='word_1_205' title='bbox 525 2277 713 2308; x_wconf 89' lang='lat' dir='ltr'>monasterii</span> <span class='ocrx_word' id='word_1_206' title='bbox 740 2277 875 2307; x_wconf 83' lang='lat' dir='ltr'>Sanctae</span> <span class='ocrx_word' id='word_1_207' title='bbox 904 2278 1024 2307; x_wconf 89' lang='lat' dir='ltr'>Mariae</span> <span class='ocrx_word' id='word_1_208' title='bbox 1055 2277 1094 2307; x_wconf 89' lang='lat' dir='ltr'>de</span> 
     </span>
     <span class='ocr_line' id='line_1_35' title="bbox 89 2330 1094 2370; baseline 0 -10"><span class='ocrx_word' id='word_1_209' title='bbox 89 2330 215 2370; x_wconf 84' lang='lat' dir='ltr'>Ybreyo</span> <span class='ocrx_word' id='word_1_210' title='bbox 227 2331 359 2360; x_wconf 89' lang='lat' dir='ltr'>mandat</span> <span class='ocrx_word' id='word_1_211' title='bbox 372 2335 532 2369; x_wconf 88' lang='lat' dir='ltr'>quatenus</span> <span class='ocrx_word' id='word_1_212' title='bbox 548 2331 653 2361; x_wconf 90' lang='lat' dir='ltr'>eidem</span> <span class='ocrx_word' id='word_1_213' title='bbox 666 2331 772 2361; x_wconf 86' lang='lat' dir='ltr'>abbati</span> <span class='ocrx_word' id='word_1_214' title='bbox 789 2330 928 2361; x_wconf 85' lang='lat' dir='ltr'>debitam</span> <span class='ocrx_word' id='word_1_215' title='bbox 944 2331 1094 2361; x_wconf 88' lang='lat' dir='ltr'>obedien-</span> 
     </span>
     <span class='ocr_line' id='line_1_36' title="bbox 87 2384 353 2423; baseline -0.004 -9"><span class='ocrx_word' id='word_1_216' title='bbox 87 2384 164 2414; x_wconf 86' lang='lat' dir='ltr'>tiam</span> <span class='ocrx_word' id='word_1_217' title='bbox 179 2384 353 2423; x_wconf 88' lang='lat' dir='ltr'>impendat.</span> 
     </span>
    </p>

    <p class='ocr_par' dir='ltr' id='par_1_14' title="bbox 89 2437 1093 2523">
     <span class='ocr_line' id='line_1_37' title="bbox 126 2437 1093 2477; baseline 0 -9"><span class='ocrx_word' id='word_1_218' title='bbox 126 2437 165 2468; x_wconf 91' lang='lat' dir='ltr'>In</span> <span class='ocrx_word' id='word_1_219' title='bbox 186 2447 213 2468; x_wconf 91' lang='lat' dir='ltr'>e.</span> <span class='ocrx_word' id='word_1_220' title='bbox 231 2447 274 2468; x_wconf 90' lang='lat' dir='ltr'>m.</span> <span class='ocrx_word' id='word_1_221' title='bbox 294 2459 313 2469; x_wconf 91' lang='lat'>..</span> <span class='ocrx_word' id='word_1_222' title='bbox 333 2438 516 2477; x_wconf 88' lang='lat' dir='ltr'>episcopum</span> <span class='ocrx_word' id='word_1_223' title='bbox 531 2438 760 2469; x_wconf 88' lang='lat' dir='ltr'>Ebroicensem</span> <span class='ocrx_word' id='word_1_224' title='bbox 777 2442 867 2476; x_wconf 84' lang='lat' dir='ltr'>rogat</span> <span class='ocrx_word' id='word_1_225' title='bbox 886 2442 921 2468; x_wconf 92' lang='lat' dir='ltr'>ut</span> <span class='ocrx_word' id='word_1_226' title='bbox 939 2438 1022 2468; x_wconf 87' lang='lat' dir='ltr'>dicto</span> <span class='ocrx_word' id='word_1_227' title='bbox 1036 2438 1093 2468; x_wconf 91' lang='lat' dir='ltr'>ab-</span> 
     </span>
     <span class='ocr_line' id='line_1_38' title="bbox 89 2490 304 2523; baseline 0.005 -2"><span class='ocrx_word' id='word_1_228' title='bbox 89 2490 153 2521; x_wconf 88' lang='lat' dir='ltr'>bati</span> <span class='ocrx_word' id='word_1_229' title='bbox 167 2492 304 2523; x_wconf 84' lang='lat' dir='ltr'>assistat.</span> 
     </span>
    </p>
   </div>
   <div class='ocr_carea' id='block_1_9' title="bbox 164 2678 1023 2710">
    <p class='ocr_par' dir='ltr' id='par_1_15' title="bbox 164 2678 1023 2710">
     <span class='ocr_line' id='line_1_39' title="bbox 164 2678 1023 2710; baseline 0.001 -4"><span class='ocrx_word' id='word_1_230' title='bbox 164 2678 415 2709; x_wconf 67' lang='lat'>1210-1211</span> <span class='ocrx_word' id='word_1_231' title='bbox 706 2680 800 2710; x_wconf 70' lang='lat' dir='ltr'>meti,</span> <span class='ocrx_word' id='word_1_232' title='bbox 819 2680 849 2706; x_wconf 94' lang='lat'>17</span> <span class='ocrx_word' id='word_1_233' title='bbox 866 2679 1023 2707; x_wconf 62' lang='grc' dir='ltr'>6οὑῐ1ῗ89.</span> 
     </span>
    </p>
   </div>
   <div class='ocr_carea' id='block_1_10' title="bbox 91 2740 1096 2826">
    <p class='ocr_par' dir='ltr' id='par_1_16' title="bbox 91 2740 1096 2826">
     <span class='ocr_line' id='line_1_40' title="bbox 125 2740 1096 2770; baseline 0.001 -4"><span class='ocrx_word' id='word_1_234' title='bbox 125 2740 329 2767; x_wconf 87' lang='lat' dir='ltr'>Possessiones</span> <span class='ocrx_word' id='word_1_235' title='bbox 357 2742 496 2767; x_wconf 87' lang='lat' dir='ltr'>ecclesiae</span> <span class='ocrx_word' id='word_1_236' title='bbox 522 2741 620 2768; x_wconf 85' lang='lat' dir='ltr'>Sancti</span> <span class='ocrx_word' id='word_1_237' title='bbox 644 2742 763 2770; x_wconf 85' lang='lat' dir='ltr'>Eusebii</span> <span class='ocrx_word' id='word_1_238' title='bbox 789 2742 823 2768; x_wconf 91' lang='lat' dir='ltr'>de</span> <span class='ocrx_word' id='word_1_239' title='bbox 849 2742 927 2768; x_wconf 86' lang='lat' dir='ltr'>Urbe</span> <span class='ocrx_word' id='word_1_240' title='bbox 960 2742 1096 2768; x_wconf 84' lang='lat' dir='ltr'>fratribus</span> 
     </span>
     <span class='ocr_line' id='line_1_41' title="bbox 91 2789 1043 2826; baseline 0.001 -11"><span class='ocrx_word' id='word_1_241' title='bbox 91 2789 220 2823; x_wconf 83' lang='lat' dir='ltr'>ejusdem</span> <span class='ocrx_word' id='word_1_242' title='bbox 235 2790 372 2817; x_wconf 85' lang='lat' dir='ltr'>ecclesiae</span> <span class='ocrx_word' id='word_1_243' title='bbox 389 2791 585 2825; x_wconf 84' lang='lat' dir='ltr'>assignantur.</span> <span class='ocrx_word' id='word_1_244' title='bbox 602 2791 685 2824; x_wconf 67' lang='lat' dir='ltr'>(Rae.</span> <span class='ocrx_word' id='word_1_245' title='bbox 703 2792 753 2826; x_wconf 77' lang='lat'>44,</span> <span class='ocrx_word' id='word_1_246' title='bbox 771 2800 796 2818; x_wconf 83' lang='lat' dir='ltr'>c.</span> <span class='ocrx_word' id='word_1_247' title='bbox 815 2791 878 2823; x_wconf 83' lang='lat'>375,</span> <span class='ocrx_word' id='word_1_248' title='bbox 892 2791 911 2818; x_wconf 87' lang='lat' dir='ltr'>f.</span> <span class='ocrx_word' id='word_1_249' title='bbox 930 2791 980 2818; x_wconf 89' lang='grc'>190</span> <span class='ocrx_word' id='word_1_250' title='bbox 995 2792 1043 2823; x_wconf 73' lang='lat' dir='ltr'>ro.)</span> 
     </span>
    </p>
   </div>
   <div class='ocr_carea' id='block_1_11' title="bbox 93 2893 1097 3090">
    <p class='ocr_par' dir='ltr' id='par_1_17' title="bbox 93 2893 1097 3090">
     <span class='ocr_line' id='line_1_42' title="bbox 133 2893 1095 2929; baseline 0.002 -9"><span class='ocrx_word' id='word_1_251' title='bbox 133 2913 152 2920; x_wconf 85' lang='lat'>..</span> <span class='ocrx_word' id='word_1_252' title='bbox 178 2893 278 2929; x_wconf 74' lang='lat' dir='ltr'>priori</span> <span class='ocrx_word' id='word_1_253' title='bbox 303 2897 328 2921; x_wconf 80' lang='lat' dir='ltr'>et</span> <span class='ocrx_word' id='word_1_254' title='bbox 351 2893 504 2928; x_wconf 76' lang='lat' dir='ltr'>fratribus</span> <span class='ocrx_word' id='word_1_255' title='bbox 529 2893 645 2922; x_wconf 76' lang='lat' dir='ltr'>ecclesie</span> <span class='ocrx_word' id='word_1_256' title='bbox 671 2893 777 2923; x_wconf 79' lang='lat' dir='ltr'>Sancti</span> <span class='ocrx_word' id='word_1_257' title='bbox 803 2894 920 2923; x_wconf 81' lang='lat' dir='ltr'>Eusebii</span> <span class='ocrx_word' id='word_1_258' title='bbox 944 2894 978 2922; x_wconf 89' lang='lat' dir='ltr'>de</span> <span class='ocrx_word' id='word_1_259' title='bbox 1007 2894 1095 2928; x_wconf 79' lang='lat' dir='ltr'>Urbe,</span> 
     </span>
     <span class='ocr_line' id='line_1_43' title="bbox 93 2944 1097 2981; baseline 0.002 -9"><span class='ocrx_word' id='word_1_260' title='bbox 93 2944 210 2973; x_wconf 76' lang='lat' dir='ltr'>ordinis</span> <span class='ocrx_word' id='word_1_261' title='bbox 230 2944 261 2975; x_wconf 91' lang='lat' dir='ltr'>S.</span> <span class='ocrx_word' id='word_1_262' title='bbox 285 2945 454 2981; x_wconf 71' lang='lat' dir='ltr'>Benedicti,</span> <span class='ocrx_word' id='word_1_263' title='bbox 476 2945 516 2974; x_wconf 89' lang='lat' dir='ltr'>ab</span> <span class='ocrx_word' id='word_1_264' title='bbox 538 2945 651 2975; x_wconf 88' lang='lat' dir='ltr'>abbate</span> <span class='ocrx_word' id='word_1_265' title='bbox 674 2949 704 2974; x_wconf 86' lang='lat' dir='ltr'>et</span> <span class='ocrx_word' id='word_1_266' title='bbox 727 2950 886 2976; x_wconf 89' lang='lat' dir='ltr'>conventu</span> <span class='ocrx_word' id='word_1_267' title='bbox 910 2945 1097 2976; x_wconf 85' lang='lat' dir='ltr'>monasterii</span> 
     </span>
     <span class='ocr_line' id='line_1_44' title="bbox 94 2994 1096 3036; baseline 0.002 -10"><span class='ocrx_word' id='word_1_268' title='bbox 94 2994 200 3027; x_wconf 87' lang='lat' dir='ltr'>Sancti</span> <span class='ocrx_word' id='word_1_269' title='bbox 216 2997 354 3036; x_wconf 84' lang='lat' dir='ltr'>Spiritus</span> <span class='ocrx_word' id='word_1_270' title='bbox 371 2997 409 3027; x_wconf 91' lang='lat' dir='ltr'>de</span> <span class='ocrx_word' id='word_1_271' title='bbox 429 2997 565 3034; x_wconf 76' lang='lat' dir='ltr'>Maiella,</span> <span class='ocrx_word' id='word_1_272' title='bbox 578 2998 703 3028; x_wconf 85' lang='lat' dir='ltr'>ordinis</span> <span class='ocrx_word' id='word_1_273' title='bbox 720 2998 752 3028; x_wconf 91' lang='lat' dir='ltr'>S.</span> <span class='ocrx_word' id='word_1_274' title='bbox 771 2999 948 3036; x_wconf 83' lang='lat' dir='ltr'>Benedicti,</span> <span class='ocrx_word' id='word_1_275' title='bbox 965 2998 1096 3028; x_wconf 89' lang='lat' dir='ltr'>Theati-</span> 
     </span>
     <span class='ocr_line' id='line_1_45' title="bbox 93 3049 1097 3090; baseline 0.002 -12"><span class='ocrx_word' id='word_1_276' title='bbox 93 3056 153 3078; x_wconf 80' lang='lat' dir='ltr'>nae</span> <span class='ocrx_word' id='word_1_277' title='bbox 168 3049 329 3088; x_wconf 86' lang='lat' dir='ltr'>dioecesis,</span> <span class='ocrx_word' id='word_1_278' title='bbox 347 3051 381 3080; x_wconf 89' lang='grc'>111</span> <span class='ocrx_word' id='word_1_279' title='bbox 397 3051 516 3081; x_wconf 87' lang='lat' dir='ltr'>dictam</span> <span class='ocrx_word' id='word_1_280' title='bbox 533 3050 697 3081; x_wconf 85' lang='lat' dir='ltr'>ecelesiam</span> <span class='ocrx_word' id='word_1_281' title='bbox 716 3051 835 3089; x_wconf 87' lang='lat' dir='ltr'>missis,</span> <span class='ocrx_word' id='word_1_282' title='bbox 849 3052 977 3090; x_wconf 89' lang='lat' dir='ltr'>quando</span> <span class='ocrx_word' id='word_1_283' title='bbox 993 3051 1097 3081; x_wconf 91' lang='lat' dir='ltr'>eidem</span> 
     </span>
    </p>
   </div>
   <div class='ocr_carea' id='block_1_12' title="bbox 1167 443 2172 905">
    <p class='ocr_par' dir='ltr' id='par_1_18' title="bbox 1167 443 2169 638">
     <span class='ocr_line' id='line_1_46' title="bbox 1169 443 2168 482; baseline 0.003 -12"><span class='ocrx_word' id='word_1_284' title='bbox 1169 443 1362 472; x_wconf 81' lang='lat' dir='ltr'>monasterio</span> <span class='ocrx_word' id='word_1_285' title='bbox 1379 452 1456 481; x_wconf 87' lang='lat' dir='ltr'>papa</span> <span class='ocrx_word' id='word_1_286' title='bbox 1473 444 1574 482; x_wconf 86' lang='lat' dir='ltr'>ipsam</span> <span class='ocrx_word' id='word_1_287' title='bbox 1593 443 1758 473; x_wconf 82' lang='lat' dir='ltr'>ecclesiam</span> <span class='ocrx_word' id='word_1_288' title='bbox 1774 443 2017 481; x_wconf 84' lang='lat' dir='ltr'>gubernandam</span> <span class='ocrx_word' id='word_1_289' title='bbox 2032 445 2168 473; x_wconf 82' lang='lat' dir='ltr'>comini-</span> 
     </span>
     <span class='ocr_line' id='line_1_47' title="bbox 1168 494 2168 535; baseline 0.003 -12"><span class='ocrx_word' id='word_1_290' title='bbox 1168 495 1225 530; x_wconf 86' lang='lat' dir='ltr'>sit,</span> <span class='ocrx_word' id='word_1_291' title='bbox 1244 494 1297 524; x_wconf 87' lang='lat' dir='ltr'>hic</span> <span class='ocrx_word' id='word_1_292' title='bbox 1316 497 1460 526; x_wconf 86' lang='lat' dir='ltr'>concedit</span> <span class='ocrx_word' id='word_1_293' title='bbox 1485 501 1518 526; x_wconf 89' lang='lat' dir='ltr'>ut</span> <span class='ocrx_word' id='word_1_294' title='bbox 1542 497 1667 533; x_wconf 88' lang='lat' dir='ltr'>hortos,</span> <span class='ocrx_word' id='word_1_295' title='bbox 1689 497 1815 533; x_wconf 81' lang='lat' dir='ltr'>vineas,</span> <span class='ocrx_word' id='word_1_296' title='bbox 1838 499 1937 526; x_wconf 88' lang='lat' dir='ltr'>terras</span> <span class='ocrx_word' id='word_1_297' title='bbox 1953 501 1983 526; x_wconf 89' lang='lat' dir='ltr'>et</span> <span class='ocrx_word' id='word_1_298' title='bbox 1997 497 2168 535; x_wconf 87' lang='lat' dir='ltr'>possessio-</span> 
     </span>
     <span class='ocr_line' id='line_1_48' title="bbox 1169 548 2169 588; baseline 0.004 -13"><span class='ocrx_word' id='word_1_299' title='bbox 1169 556 1224 576; x_wconf 89' lang='lat' dir='ltr'>nes</span> <span class='ocrx_word' id='word_1_300' title='bbox 1245 548 1388 585; x_wconf 86' lang='lat' dir='ltr'>ejusdem</span> <span class='ocrx_word' id='word_1_301' title='bbox 1411 549 1561 579; x_wconf 83' lang='lat' dir='ltr'>ecclesiae</span> <span class='ocrx_word' id='word_1_302' title='bbox 1580 550 1681 580; x_wconf 89' lang='lat' dir='ltr'>colere</span> <span class='ocrx_word' id='word_1_303' title='bbox 1697 553 1728 580; x_wconf 89' lang='lat' dir='ltr'>et</span> <span class='ocrx_word' id='word_1_304' title='bbox 1745 559 1781 579; x_wconf 80' lang='lat' dir='ltr'>ex</span> <span class='ocrx_word' id='word_1_305' title='bbox 1803 551 1848 579; x_wconf 90' lang='lat' dir='ltr'>eis</span> <span class='ocrx_word' id='word_1_306' title='bbox 1868 550 1990 579; x_wconf 77' lang='lat' dir='ltr'>fructus</span> <span class='ocrx_word' id='word_1_307' title='bbox 2010 550 2169 588; x_wconf 86' lang='lat' dir='ltr'>percipere</span> 
     </span>
     <span class='ocr_line' id='line_1_49' title="bbox 1167 601 1300 638; baseline 0 -9"><span class='ocrx_word' id='word_1_308' title='bbox 1167 601 1300 638; x_wconf 86' lang='lat' dir='ltr'>possint.</span> 
     </span>
    </p>

    <p class='ocr_par' dir='ltr' id='par_1_19' title="bbox 1169 653 2170 743">
     <span class='ocr_line' id='line_1_50' title="bbox 1210 653 2170 691; baseline 0.005 -10"><span class='ocrx_word' id='word_1_309' title='bbox 1210 664 1223 679; x_wconf 72' lang='grc' dir='ltr'><strong>α</strong></span> <span class='ocrx_word' id='word_1_310' title='bbox 1241 653 1356 683; x_wconf 74' lang='lat' dir='ltr'>Petilio</span> <span class='ocrx_word' id='word_1_311' title='bbox 1380 659 1482 684; x_wconf 83' lang='lat' dir='ltr'>vestra</span> <span class='ocrx_word' id='word_1_312' title='bbox 1503 656 1630 685; x_wconf 81' lang='lat' dir='ltr'>nobis...</span> <span class='ocrx_word' id='word_1_313' title='bbox 1651 673 1689 677; x_wconf 97' lang='lat'><strong>—</strong></span> <span class='ocrx_word' id='word_1_314' title='bbox 1711 656 1781 686; x_wconf 90' lang='lat' dir='ltr'>Dat.</span> <span class='ocrx_word' id='word_1_315' title='bbox 1803 657 1917 691; x_wconf 80' lang='lat' dir='ltr'>Reate,</span> <span class='ocrx_word' id='word_1_316' title='bbox 1945 666 1995 686; x_wconf 75' lang='lat' dir='ltr'>xw</span> <span class='ocrx_word' id='word_1_317' title='bbox 2018 656 2170 687; x_wconf 84' lang='lat' dir='ltr'>kalendas</span> 
     </span>
     <span class='ocr_line' id='line_1_51' title="bbox 1169 706 1676 743; baseline 0.008 -9"><span class='ocrx_word' id='word_1_318' title='bbox 1169 706 1374 743; x_wconf 87' lang='lat' dir='ltr'>septembris,</span> <span class='ocrx_word' id='word_1_319' title='bbox 1391 716 1476 737; x_wconf 80' lang='lat' dir='ltr'>anno</span> <span class='ocrx_word' id='word_1_320' title='bbox 1493 709 1642 738; x_wconf 83' lang='lat' dir='ltr'>secundo.</span> <span class='ocrx_word' id='word_1_321' title='bbox 1662 720 1676 734; x_wconf 75' lang='grc' dir='ltr'><strong>υ</strong></span> 
     </span>
    </p>

    <p class='ocr_par' dir='ltr' id='par_1_20' title="bbox 1168 759 2172 905">
     <span class='ocr_line' id='line_1_52' title="bbox 1208 759 2168 800; baseline 0.006 -13"><span class='ocrx_word' id='word_1_322' title='bbox 1208 759 1247 794; x_wconf 69' lang='lat' dir='ltr'>ln</span> <span class='ocrx_word' id='word_1_323' title='bbox 1263 768 1289 788; x_wconf 93' lang='lat' dir='ltr'>e.</span> <span class='ocrx_word' id='word_1_324' title='bbox 1317 768 1360 789; x_wconf 64' lang='lat' dir='ltr'>m.</span> <span class='ocrx_word' id='word_1_325' title='bbox 1382 782 1401 789; x_wconf 92' lang='lat'>..</span> <span class='ocrx_word' id='word_1_326' title='bbox 1424 761 1569 799; x_wconf 82' lang='lat' dir='ltr'>episcopo</span> <span class='ocrx_word' id='word_1_327' title='bbox 1588 762 1700 797; x_wconf 78' lang='lat' dir='ltr'>Esino,</span> <span class='ocrx_word' id='word_1_328' title='bbox 1722 762 1837 792; x_wconf 86' lang='lat' dir='ltr'>vicario</span> <span class='ocrx_word' id='word_1_329' title='bbox 1854 772 1949 800; x_wconf 87' lang='lat' dir='ltr'>papae</span> <span class='ocrx_word' id='word_1_330' title='bbox 1973 764 2006 792; x_wconf 91' lang='lat' dir='ltr'>in</span> <span class='ocrx_word' id='word_1_331' title='bbox 2023 764 2129 800; x_wconf 90' lang='lat' dir='ltr'>Urbe,</span> <span class='ocrx_word' id='word_1_332' title='bbox 2149 786 2168 793; x_wconf 93' lang='lat'>..</span> 
     </span>
     <span class='ocr_line' id='line_1_53' title="bbox 1168 812 2171 852; baseline 0.006 -12"><span class='ocrx_word' id='word_1_333' title='bbox 1168 812 1265 849; x_wconf 89' lang='lat' dir='ltr'>priori</span> <span class='ocrx_word' id='word_1_334' title='bbox 1282 813 1509 849; x_wconf 82' lang='lat' dir='ltr'>Lateranensi,</span> <span class='ocrx_word' id='word_1_335' title='bbox 1533 818 1562 843; x_wconf 90' lang='lat' dir='ltr'>et</span> <span class='ocrx_word' id='word_1_336' title='bbox 1588 815 1680 844; x_wconf 83' lang='lat' dir='ltr'>Petro</span> <span class='ocrx_word' id='word_1_337' title='bbox 1705 815 1815 844; x_wconf 83' lang='lat' dir='ltr'>Jacobi</span> <span class='ocrx_word' id='word_1_338' title='bbox 1831 816 1999 852; x_wconf 86' lang='lat' dir='ltr'>Anibaldi,</span> <span class='ocrx_word' id='word_1_339' title='bbox 2017 817 2171 847; x_wconf 86' lang='lat' dir='ltr'>canonico</span> 
     </span>
     <span class='ocr_line' id='line_1_54' title="bbox 1170 864 2172 905; baseline 0.006 -12"><span class='ocrx_word' id='word_1_340' title='bbox 1170 864 1324 894; x_wconf 89' lang='lat' dir='ltr'>Remensi</span> <span class='ocrx_word' id='word_1_341' title='bbox 1336 888 1344 901; x_wconf 91' lang='lat'>,</span> <span class='ocrx_word' id='word_1_342' title='bbox 1359 866 1490 895; x_wconf 84' lang='lat' dir='ltr'>mandat</span> <span class='ocrx_word' id='word_1_343' title='bbox 1506 871 1540 895; x_wconf 91' lang='lat' dir='ltr'>ut</span> <span class='ocrx_word' id='word_1_344' title='bbox 1557 867 1733 904; x_wconf 87' lang='lat' dir='ltr'>praedictos</span> <span class='ocrx_word' id='word_1_345' title='bbox 1749 867 1866 903; x_wconf 79' lang='lat' dir='ltr'>hortos,</span> <span class='ocrx_word' id='word_1_346' title='bbox 1885 868 2010 905; x_wconf 81' lang='lat' dir='ltr'>vineas,</span> <span class='ocrx_word' id='word_1_347' title='bbox 2030 874 2127 899; x_wconf 86' lang='lat' dir='ltr'>terras</span> <span class='ocrx_word' id='word_1_348' title='bbox 2142 874 2172 900; x_wconf 90' lang='lat' dir='ltr'>et</span> 
     </span>
    </p>
   </div>
   <div class='ocr_carea' id='block_1_13' title="bbox 1169 918 2172 1008">
    <p class='ocr_par' dir='ltr' id='par_1_21' title="bbox 1169 918 2172 1008">
     <span class='ocr_line' id='line_1_55' title="bbox 1169 918 2172 958; baseline 0.006 -12"><span class='ocrx_word' id='word_1_349' title='bbox 1169 918 1383 955; x_wconf 88' lang='lat' dir='ltr'>possessiones</span> <span class='ocrx_word' id='word_1_350' title='bbox 1399 918 1520 948; x_wconf 88' lang='lat' dir='ltr'>eisdem</span> <span class='ocrx_word' id='word_1_351' title='bbox 1538 920 1637 957; x_wconf 87' lang='lat' dir='ltr'>priori</span> <span class='ocrx_word' id='word_1_352' title='bbox 1655 924 1684 949; x_wconf 91' lang='lat' dir='ltr'>et</span> <span class='ocrx_word' id='word_1_353' title='bbox 1699 920 1846 949; x_wconf 77' lang='lat' dir='ltr'>fratribus</span> <span class='ocrx_word' id='word_1_354' title='bbox 1859 921 2032 958; x_wconf 84' lang='lat' dir='ltr'>assignent.</span> <span class='ocrx_word' id='word_1_355' title='bbox 2050 922 2120 952; x_wconf 88' lang='lat' dir='ltr'>Dat.</span> <span class='ocrx_word' id='word_1_356' title='bbox 2138 927 2172 952; x_wconf 93' lang='lat' dir='ltr'>ut</span> 
     </span>
     <span class='ocr_line' id='line_1_56' title="bbox 1171 979 1278 1008; baseline 0 -9"><span class='ocrx_word' id='word_1_357' title='bbox 1171 979 1278 1008; x_wconf 87' lang='lat' dir='ltr'>supra.</span> 
     </span>
    </p>
   </div>
   <div class='ocr_carea' id='block_1_14' title="bbox 1245 1156 2102 1189">
    <p class='ocr_par' dir='ltr' id='par_1_22' title="bbox 1245 1156 2102 1189">
     <span class='ocr_line' id='line_1_57' title="bbox 1245 1156 2102 1189; baseline 0.002 -5"><span class='ocrx_word' id='word_1_358' title='bbox 1245 1156 1358 1186; x_wconf 67' lang='lat'>1212</span> <span class='ocrx_word' id='word_1_359' title='bbox 1786 1157 1877 1189; x_wconf 85' lang='lat' dir='ltr'>Rieti,</span> <span class='ocrx_word' id='word_1_360' title='bbox 1895 1157 1927 1185; x_wconf 75' lang='lat'>‘23</span> <span class='ocrx_word' id='word_1_361' title='bbox 1944 1159 2010 1184; x_wconf 73' lang='lat' dir='ltr'>aout</span> <span class='ocrx_word' id='word_1_362' title='bbox 2026 1158 2102 1186; x_wconf 65' lang='grc'>1289.</span> 
     </span>
    </p>
   </div>
   <div class='ocr_carea' id='block_1_15' title="bbox 1171 1219 2174 1302">
    <p class='ocr_par' dir='ltr' id='par_1_23' title="bbox 1171 1219 2174 1302">
     <span class='ocr_line' id='line_1_58' title="bbox 1207 1219 2174 1255; baseline 0.005 -11"><span class='ocrx_word' id='word_1_363' title='bbox 1207 1219 1249 1245; x_wconf 91' lang='lat' dir='ltr'>De</span> <span class='ocrx_word' id='word_1_364' title='bbox 1280 1219 1450 1254; x_wconf 84' lang='lat' dir='ltr'>praebendis</span> <span class='ocrx_word' id='word_1_365' title='bbox 1476 1220 1577 1246; x_wconf 90' lang='lat' dir='ltr'>divisis</span> <span class='ocrx_word' id='word_1_366' title='bbox 1602 1221 1630 1247; x_wconf 90' lang='lat' dir='ltr'>in</span> <span class='ocrx_word' id='word_1_367' title='bbox 1659 1219 1833 1248; x_wconf 86' lang='lat' dir='ltr'>Eboracensi</span> <span class='ocrx_word' id='word_1_368' title='bbox 1858 1221 1988 1249; x_wconf 87' lang='lat' dir='ltr'>ecclesia.</span> <span class='ocrx_word' id='word_1_369' title='bbox 2015 1222 2097 1255; x_wconf 65' lang='lat' dir='ltr'>(Rae.</span> <span class='ocrx_word' id='word_1_370' title='bbox 2124 1223 2174 1255; x_wconf 76' lang='lat'>44,</span> 
     </span>
     <span class='ocr_line' id='line_1_59' title="bbox 1171 1268 1438 1302; baseline 0.007 -9"><span class='ocrx_word' id='word_1_371' title='bbox 1171 1276 1195 1293; x_wconf 87' lang='lat' dir='ltr'>c.</span> <span class='ocrx_word' id='word_1_372' title='bbox 1214 1268 1274 1302; x_wconf 81' lang='lat'>376,</span> <span class='ocrx_word' id='word_1_373' title='bbox 1289 1268 1307 1293; x_wconf 87' lang='lat' dir='ltr'>f.</span> <span class='ocrx_word' id='word_1_374' title='bbox 1330 1268 1377 1295; x_wconf 88' lang='grc'>190</span> <span class='ocrx_word' id='word_1_375' title='bbox 1393 1270 1438 1300; x_wconf 72' lang='lat' dir='ltr'>ro.)</span> 
     </span>
    </p>
   </div>
   <div class='ocr_carea' id='block_1_16' title="bbox 1172 1370 2177 1729">
    <p class='ocr_par' dir='ltr' id='par_1_24' title="bbox 1172 1370 2176 1614">
     <span class='ocr_line' id='line_1_60' title="bbox 1180 1370 2173 1409; baseline 0.004 -11"><span class='ocrx_word' id='word_1_376' title='bbox 1180 1388 1189 1392; x_wconf 86' lang='lat'>--</span> <span class='ocrx_word' id='word_1_377' title='bbox 1217 1370 1385 1400; x_wconf 74' lang='lat' dir='ltr'>Venerabili</span> <span class='ocrx_word' id='word_1_378' title='bbox 1415 1372 1511 1406; x_wconf 80' lang='lat' dir='ltr'>fratri</span> <span class='ocrx_word' id='word_1_379' title='bbox 1545 1371 1679 1400; x_wconf 76' lang='lat' dir='ltr'>Johannt</span> <span class='ocrx_word' id='word_1_380' title='bbox 1693 1395 1699 1407; x_wconf 82' lang='lat'>,</span> <span class='ocrx_word' id='word_1_381' title='bbox 1733 1372 1952 1409; x_wconf 75' lang='lat' dir='ltr'>archiepiscopo</span> <span class='ocrx_word' id='word_1_382' title='bbox 1983 1373 2173 1402; x_wconf 80' lang='lat' dir='ltr'>Eboracensi.</span> 
     </span>
     <span class='ocr_line' id='line_1_61' title="bbox 1172 1421 2175 1462; baseline 0.003 -11"><span class='ocrx_word' id='word_1_383' title='bbox 1172 1421 1325 1452; x_wconf 87' lang='lat' dir='ltr'>Concedit</span> <span class='ocrx_word' id='word_1_384' title='bbox 1344 1428 1378 1452; x_wconf 92' lang='lat' dir='ltr'>ut</span> <span class='ocrx_word' id='word_1_385' title='bbox 1395 1423 1542 1453; x_wconf 89' lang='lat' dir='ltr'>canonici</span> <span class='ocrx_word' id='word_1_386' title='bbox 1561 1423 1680 1453; x_wconf 87' lang='lat' dir='ltr'>divisas</span> <span class='ocrx_word' id='word_1_387' title='bbox 1696 1424 1891 1462; x_wconf 85' lang='lat' dir='ltr'>praebendas</span> <span class='ocrx_word' id='word_1_388' title='bbox 1908 1425 2087 1454; x_wconf 85' lang='lat' dir='ltr'>obtinentes</span> <span class='ocrx_word' id='word_1_389' title='bbox 2102 1424 2175 1454; x_wconf 87' lang='lat' dir='ltr'>stal-</span> 
     </span>
     <span class='ocr_line' id='line_1_62' title="bbox 1172 1476 2176 1517; baseline 0.003 -12"><span class='ocrx_word' id='word_1_390' title='bbox 1172 1476 1240 1506; x_wconf 88' lang='lat' dir='ltr'>lum</span> <span class='ocrx_word' id='word_1_391' title='bbox 1262 1477 1296 1505; x_wconf 85' lang='lat' dir='ltr'>in</span> <span class='ocrx_word' id='word_1_392' title='bbox 1324 1477 1440 1515; x_wconf 89' lang='lat' dir='ltr'>choro,</span> <span class='ocrx_word' id='word_1_393' title='bbox 1466 1477 1571 1507; x_wconf 88' lang='lat' dir='ltr'>locum</span> <span class='ocrx_word' id='word_1_394' title='bbox 1597 1481 1627 1507; x_wconf 90' lang='lat' dir='ltr'>et</span> <span class='ocrx_word' id='word_1_395' title='bbox 1652 1486 1761 1508; x_wconf 86' lang='lat' dir='ltr'>vocem</span> <span class='ocrx_word' id='word_1_396' title='bbox 1780 1478 1814 1507; x_wconf 88' lang='lat' dir='ltr'>in</span> <span class='ocrx_word' id='word_1_397' title='bbox 1833 1478 1968 1517; x_wconf 87' lang='lat' dir='ltr'>capitulo</span> <span class='ocrx_word' id='word_1_398' title='bbox 1991 1479 2073 1508; x_wconf 89' lang='lat' dir='ltr'>etin</span> <span class='ocrx_word' id='word_1_399' title='bbox 2096 1477 2176 1508; x_wconf 90' lang='lat' dir='ltr'>elec-</span> 
     </span>
     <span class='ocr_line' id='line_1_63' title="bbox 1174 1530 2176 1570; baseline 0.003 -12"><span class='ocrx_word' id='word_1_400' title='bbox 1174 1530 1257 1559; x_wconf 80' lang='lat' dir='ltr'>tione</span> <span class='ocrx_word' id='word_1_401' title='bbox 1273 1530 1372 1559; x_wconf 82' lang='lat' dir='ltr'>futuri</span> <span class='ocrx_word' id='word_1_402' title='bbox 1385 1530 1615 1569; x_wconf 87' lang='lat' dir='ltr'>archiepiscopi</span> <span class='ocrx_word' id='word_1_403' title='bbox 1630 1531 1807 1570; x_wconf 82' lang='lat' dir='ltr'>ceterisque</span> <span class='ocrx_word' id='word_1_404' title='bbox 1824 1532 2049 1562; x_wconf 85' lang='lat' dir='ltr'>communibus</span> <span class='ocrx_word' id='word_1_405' title='bbox 2067 1536 2176 1562; x_wconf 85' lang='lat' dir='ltr'>tracta-</span> 
     </span>
     <span class='ocr_line' id='line_1_64' title="bbox 1174 1583 1604 1614; baseline 0.005 -2"><span class='ocrx_word' id='word_1_406' title='bbox 1174 1583 1256 1613; x_wconf 85' lang='lat' dir='ltr'>tibus</span> <span class='ocrx_word' id='word_1_407' title='bbox 1273 1587 1302 1613; x_wconf 88' lang='lat' dir='ltr'>et</span> <span class='ocrx_word' id='word_1_408' title='bbox 1318 1584 1440 1613; x_wconf 84' lang='lat' dir='ltr'>actibus</span> <span class='ocrx_word' id='word_1_409' title='bbox 1456 1584 1604 1614; x_wconf 85' lang='lat' dir='ltr'>habeant.</span> 
     </span>
    </p>

    <p class='ocr_par' dir='ltr' id='par_1_25' title="bbox 1173 1637 2177 1729">
     <span class='ocr_line' id='line_1_65' title="bbox 1215 1637 2177 1675; baseline 0.004 -10"><span class='ocrx_word' id='word_1_410' title='bbox 1215 1649 1227 1663; x_wconf 74' lang='grc' dir='ltr'>ιι</span> <span class='ocrx_word' id='word_1_411' title='bbox 1246 1637 1376 1666; x_wconf 87' lang='lat' dir='ltr'>Dudum</span> <span class='ocrx_word' id='word_1_412' title='bbox 1392 1637 1485 1667; x_wconf 89' lang='lat' dir='ltr'>nobis</span> <span class='ocrx_word' id='word_1_413' title='bbox 1508 1638 1697 1670; x_wconf 85' lang='lat' dir='ltr'>intimare...</span> <span class='ocrx_word' id='word_1_414' title='bbox 1716 1656 1753 1660; x_wconf 90' lang='lat'><strong>—</strong></span> <span class='ocrx_word' id='word_1_415' title='bbox 1770 1639 1842 1668; x_wconf 86' lang='lat' dir='ltr'>Dat.</span> <span class='ocrx_word' id='word_1_416' title='bbox 1861 1639 1973 1675; x_wconf 82' lang='lat' dir='ltr'>Reate,</span> <span class='ocrx_word' id='word_1_417' title='bbox 1991 1649 2009 1669; x_wconf 84' lang='lat' dir='ltr'><strong>x</strong></span> <span class='ocrx_word' id='word_1_418' title='bbox 2024 1638 2177 1669; x_wconf 85' lang='lat' dir='ltr'>kalendas</span> 
     </span>
     <span class='ocr_line' id='line_1_66' title="bbox 1173 1690 1681 1729; baseline -0.002 -9"><span class='ocrx_word' id='word_1_419' title='bbox 1173 1690 1379 1729; x_wconf 88' lang='lat' dir='ltr'>septembris,</span> <span class='ocrx_word' id='word_1_420' title='bbox 1396 1699 1483 1721; x_wconf 90' lang='lat' dir='ltr'>anno</span> <span class='ocrx_word' id='word_1_421' title='bbox 1497 1692 1647 1721; x_wconf 87' lang='lat' dir='ltr'>secundo.</span> <span class='ocrx_word' id='word_1_422' title='bbox 1667 1703 1681 1719; x_wconf 61' lang='grc' dir='ltr'>ι)</span> 
     </span>
    </p>
   </div>
   <div class='ocr_carea' id='block_1_17' title="bbox 1210 1864 2105 1948">
    <p class='ocr_par' dir='ltr' id='par_1_26' title="bbox 1210 1864 2105 1948">
     <span class='ocr_line' id='line_1_67' title="bbox 1249 1864 2105 1900; baseline -0.001 -7"><span class='ocrx_word' id='word_1_423' title='bbox 1249 1864 1367 1893; x_wconf 73' lang='lat'>1213</span> <span class='ocrx_word' id='word_1_424' title='bbox 1783 1864 1860 1891; x_wconf 84' lang='lat' dir='ltr'>Rieti</span> <span class='ocrx_word' id='word_1_425' title='bbox 1872 1886 1879 1900; x_wconf 87' lang='lat'>,</span> <span class='ocrx_word' id='word_1_426' title='bbox 1897 1864 1929 1891; x_wconf 68' lang='lat'>23</span> <span class='ocrx_word' id='word_1_427' title='bbox 1945 1866 2012 1892; x_wconf 81' lang='lat' dir='ltr'>aout</span> <span class='ocrx_word' id='word_1_428' title='bbox 2029 1865 2105 1892; x_wconf 71' lang='lat'>1289.</span> 
     </span>
     <span class='ocr_line' id='line_1_68' title="bbox 1210 1913 1989 1948; baseline 0.001 -9"><span class='ocrx_word' id='word_1_429' title='bbox 1210 1913 1252 1939; x_wconf 84' lang='lat' dir='ltr'>De</span> <span class='ocrx_word' id='word_1_430' title='bbox 1264 1914 1330 1948; x_wconf 85' lang='lat' dir='ltr'>jure</span> <span class='ocrx_word' id='word_1_431' title='bbox 1346 1913 1530 1940; x_wconf 85' lang='lat' dir='ltr'>visitationis.</span> <span class='ocrx_word' id='word_1_432' title='bbox 1548 1913 1629 1947; x_wconf 67' lang='lat' dir='ltr'>(Rae.</span> <span class='ocrx_word' id='word_1_433' title='bbox 1648 1913 1695 1948; x_wconf 76' lang='lat'>44,</span> <span class='ocrx_word' id='word_1_434' title='bbox 1712 1921 1736 1939; x_wconf 90' lang='lat' dir='ltr'>c.</span> <span class='ocrx_word' id='word_1_435' title='bbox 1756 1913 1817 1945; x_wconf 86' lang='lat'>377,</span> <span class='ocrx_word' id='word_1_436' title='bbox 1835 1913 1853 1941; x_wconf 80' lang='lat' dir='ltr'>f.</span> <span class='ocrx_word' id='word_1_437' title='bbox 1873 1913 1921 1940; x_wconf 84' lang='grc'>190</span> <span class='ocrx_word' id='word_1_438' title='bbox 1942 1913 1989 1948; x_wconf 71' lang='lat'>1¹⁰.)</span> 
     </span>
    </p>
   </div>
   <div class='ocr_carea' id='block_1_18' title="bbox 1174 2015 2180 2480">
    <p class='ocr_par' dir='ltr' id='par_1_27' title="bbox 1174 2015 2180 2417">
     <span class='ocr_line' id='line_1_69' title="bbox 1213 2015 2179 2054; baseline 0.001 -9"><span class='ocrx_word' id='word_1_439' title='bbox 1213 2016 1318 2045; x_wconf 84' lang='lat' dir='ltr'>Eidem</span> <span class='ocrx_word' id='word_1_440' title='bbox 1332 2039 1338 2052; x_wconf 85' lang='lat'><em>‚</em></span> <span class='ocrx_word' id='word_1_441' title='bbox 1355 2024 1428 2045; x_wconf 87' lang='lat' dir='ltr'>cum</span> <span class='ocrx_word' id='word_1_442' title='bbox 1444 2015 1527 2044; x_wconf 90' lang='lat' dir='ltr'>inter</span> <span class='ocrx_word' id='word_1_443' title='bbox 1545 2015 1798 2054; x_wconf 88' lang='lat' dir='ltr'>praedecessores</span> <span class='ocrx_word' id='word_1_444' title='bbox 1813 2016 1880 2054; x_wconf 87' lang='lat' dir='ltr'>ejus</span> <span class='ocrx_word' id='word_1_445' title='bbox 1899 2019 1929 2045; x_wconf 90' lang='lat' dir='ltr'>et</span> <span class='ocrx_word' id='word_1_446' title='bbox 1943 2024 2016 2045; x_wconf 88' lang='lat' dir='ltr'>eum</span> <span class='ocrx_word' id='word_1_447' title='bbox 2031 2024 2067 2046; x_wconf 89' lang='lat' dir='ltr'>ac</span> <span class='ocrx_word' id='word_1_448' title='bbox 2086 2039 2106 2046; x_wconf 93' lang='lat'>..</span> <span class='ocrx_word' id='word_1_449' title='bbox 2123 2015 2179 2046; x_wconf 90' lang='lat' dir='ltr'>de-</span> 
     </span>
     <span class='ocr_line' id='line_1_70' title="bbox 1174 2069 2179 2109; baseline 0.002 -12"><span class='ocrx_word' id='word_1_450' title='bbox 1174 2077 1291 2098; x_wconf 86' lang='lat' dir='ltr'>canum</span> <span class='ocrx_word' id='word_1_451' title='bbox 1308 2073 1338 2098; x_wconf 89' lang='lat' dir='ltr'>et</span> <span class='ocrx_word' id='word_1_452' title='bbox 1352 2069 1528 2107; x_wconf 85' lang='lat' dir='ltr'>capitulum</span> <span class='ocrx_word' id='word_1_453' title='bbox 1552 2069 1759 2099; x_wconf 87' lang='lat' dir='ltr'>Eboracensis</span> <span class='ocrx_word' id='word_1_454' title='bbox 1785 2069 1949 2107; x_wconf 83' lang='lat' dir='ltr'>ecclesiae,</span> <span class='ocrx_word' id='word_1_455' title='bbox 1970 2079 2063 2109; x_wconf 87' lang='lat' dir='ltr'>snper</span> <span class='ocrx_word' id='word_1_456' title='bbox 2080 2070 2179 2108; x_wconf 86' lang='lat' dir='ltr'>ipsius</span> 
     </span>
     <span class='ocr_line' id='line_1_71' title="bbox 1174 2121 2179 2161; baseline 0.001 -10"><span class='ocrx_word' id='word_1_457' title='bbox 1174 2121 1305 2161; x_wconf 87' lang='lat' dir='ltr'>capituli</span> <span class='ocrx_word' id='word_1_458' title='bbox 1324 2127 1353 2152; x_wconf 88' lang='lat' dir='ltr'>et</span> <span class='ocrx_word' id='word_1_459' title='bbox 1371 2122 1521 2152; x_wconf 88' lang='lat' dir='ltr'>ecclesiae</span> <span class='ocrx_word' id='word_1_460' title='bbox 1540 2122 1740 2159; x_wconf 85' lang='lat' dir='ltr'>visitatione,</span> <span class='ocrx_word' id='word_1_461' title='bbox 1765 2123 1924 2153; x_wconf 86' lang='lat' dir='ltr'>discordia</span> <span class='ocrx_word' id='word_1_462' title='bbox 1942 2123 2089 2152; x_wconf 85' lang='lat' dir='ltr'>suscitata</span> <span class='ocrx_word' id='word_1_463' title='bbox 2111 2123 2179 2153; x_wconf 81' lang='lat' dir='ltr'>fue-</span> 
     </span>
     <span class='ocr_line' id='line_1_72' title="bbox 1176 2175 2179 2215; baseline 0.001 -11"><span class='ocrx_word' id='word_1_464' title='bbox 1176 2175 1233 2212; x_wconf 90' lang='lat' dir='ltr'>rit,</span> <span class='ocrx_word' id='word_1_465' title='bbox 1252 2183 1293 2204; x_wconf 91' lang='lat' dir='ltr'>ne</span> <span class='ocrx_word' id='word_1_466' title='bbox 1316 2179 1479 2214; x_wconf 84' lang='lat' dir='ltr'>praetextu</span> <span class='ocrx_word' id='word_1_467' title='bbox 1505 2175 1635 2214; x_wconf 85' lang='lat' dir='ltr'>capituli</span> <span class='ocrx_word' id='word_1_468' title='bbox 1655 2180 1685 2205; x_wconf 92' lang='lat' dir='ltr'>et</span> <span class='ocrx_word' id='word_1_469' title='bbox 1700 2175 1850 2206; x_wconf 84' lang='lat' dir='ltr'>ecclesiae</span> <span class='ocrx_word' id='word_1_470' title='bbox 1866 2175 2097 2215; x_wconf 86' lang='lat' dir='ltr'>praedictorum</span> <span class='ocrx_word' id='word_1_471' title='bbox 2116 2183 2179 2206; x_wconf 87' lang='lat' dir='ltr'>non</span> 
     </span>
     <span class='ocr_line' id='line_1_73' title="bbox 1175 2228 2180 2268; baseline 0.001 -11"><span class='ocrx_word' id='word_1_472' title='bbox 1175 2228 1374 2258; x_wconf 83' lang='lat' dir='ltr'>visitatorum</span> <span class='ocrx_word' id='word_1_473' title='bbox 1399 2237 1417 2258; x_wconf 88' lang='lat' dir='ltr'>a</span> <span class='ocrx_word' id='word_1_474' title='bbox 1442 2229 1623 2258; x_wconf 88' lang='lat' dir='ltr'>visitatione</span> <span class='ocrx_word' id='word_1_475' title='bbox 1646 2229 1798 2259; x_wconf 85' lang='lat' dir='ltr'>dioecesis</span> <span class='ocrx_word' id='word_1_476' title='bbox 1824 2229 2012 2268; x_wconf 83' lang='lat' dir='ltr'>repellatur,</span> <span class='ocrx_word' id='word_1_477' title='bbox 2037 2229 2180 2259; x_wconf 88' lang='lat' dir='ltr'>concedit</span> 
     </span>
     <span class='ocr_line' id='line_1_74' title="bbox 1176 2281 2180 2321; baseline 0 -10"><span class='ocrx_word' id='word_1_478' title='bbox 1176 2285 1222 2318; x_wconf 87' lang='lat' dir='ltr'>ut,</span> <span class='ocrx_word' id='word_1_479' title='bbox 1240 2281 1266 2311; x_wconf 92' lang='lat' dir='ltr'>si</span> <span class='ocrx_word' id='word_1_480' title='bbox 1283 2282 1323 2311; x_wconf 85' lang='lat' dir='ltr'>ad</span> <span class='ocrx_word' id='word_1_481' title='bbox 1338 2281 1556 2312; x_wconf 87' lang='lat' dir='ltr'>visitationem</span> <span class='ocrx_word' id='word_1_482' title='bbox 1573 2282 1701 2321; x_wconf 88' lang='lat' dir='ltr'>capituli</span> <span class='ocrx_word' id='word_1_483' title='bbox 1719 2286 1749 2312; x_wconf 92' lang='lat' dir='ltr'>et</span> <span class='ocrx_word' id='word_1_484' title='bbox 1767 2282 1917 2312; x_wconf 88' lang='lat' dir='ltr'>ecclesiae</span> <span class='ocrx_word' id='word_1_485' title='bbox 1934 2291 1997 2313; x_wconf 90' lang='lat' dir='ltr'>non</span> <span class='ocrx_word' id='word_1_486' title='bbox 2019 2282 2180 2312; x_wconf 89' lang='lat' dir='ltr'>admissus</span> 
     </span>
     <span class='ocr_line' id='line_1_75' title="bbox 1177 2334 2178 2374; baseline 0 -10"><span class='ocrx_word' id='word_1_487' title='bbox 1177 2334 1253 2372; x_wconf 89' lang='lat' dir='ltr'>erit,</span> <span class='ocrx_word' id='word_1_488' title='bbox 1271 2334 1442 2365; x_wconf 87' lang='lat' dir='ltr'>dioecesim</span> <span class='ocrx_word' id='word_1_489' title='bbox 1461 2338 1566 2365; x_wconf 90' lang='lat' dir='ltr'>tamen</span> <span class='ocrx_word' id='word_1_490' title='bbox 1583 2339 1612 2365; x_wconf 89' lang='lat' dir='ltr'>et</span> <span class='ocrx_word' id='word_1_491' title='bbox 1630 2335 1834 2374; x_wconf 87' lang='lat' dir='ltr'>provinciam</span> <span class='ocrx_word' id='word_1_492' title='bbox 1850 2335 1949 2366; x_wconf 88' lang='lat' dir='ltr'>libere</span> <span class='ocrx_word' id='word_1_493' title='bbox 1967 2335 2094 2365; x_wconf 88' lang='lat' dir='ltr'>visitare</span> <span class='ocrx_word' id='word_1_494' title='bbox 2108 2344 2178 2374; x_wconf 89' lang='lat' dir='ltr'>pos-</span> 
     </span>
     <span class='ocr_line' id='line_1_76' title="bbox 1177 2387 1229 2417; baseline 0 0"><span class='ocrx_word' id='word_1_495' title='bbox 1177 2387 1229 2417; x_wconf 86' lang='lat' dir='ltr'>sit.</span> 
     </span>
    </p>

    <p class='ocr_par' dir='ltr' id='par_1_28' title="bbox 1219 2440 2113 2480">
     <span class='ocr_line' id='line_1_77' title="bbox 1219 2440 2113 2480; baseline 0 -9"><span class='ocrx_word' id='word_1_496' title='bbox 1219 2452 1233 2468; x_wconf 69' lang='grc' dir='ltr'><strong><em>κ</em></strong></span> <span class='ocrx_word' id='word_1_497' title='bbox 1253 2440 1382 2471; x_wconf 89' lang='lat' dir='ltr'>Sincere</span> <span class='ocrx_word' id='word_1_498' title='bbox 1398 2440 1576 2471; x_wconf 82' lang='lat' dir='ltr'>devotionis</span> <span class='ocrx_word' id='word_1_499' title='bbox 1591 2442 1760 2473; x_wconf 81' lang='lat' dir='ltr'>affectus...</span> <span class='ocrx_word' id='word_1_500' title='bbox 1777 2459 1814 2464; x_wconf 92' lang='lat'>—</span> <span class='ocrx_word' id='word_1_501' title='bbox 1834 2442 1904 2472; x_wconf 89' lang='lat' dir='ltr'>Dat.</span> <span class='ocrx_word' id='word_1_502' title='bbox 1923 2446 1956 2472; x_wconf 91' lang='lat' dir='ltr'>ut</span> <span class='ocrx_word' id='word_1_503' title='bbox 1974 2450 2077 2480; x_wconf 91' lang='lat' dir='ltr'>supra.</span> <span class='ocrx_word' id='word_1_504' title='bbox 2098 2452 2113 2468; x_wconf 94' lang='lat'>»</span> 
     </span>
    </p>
   </div>
   <div class='ocr_carea' id='block_1_19' title="bbox 1251 2622 2108 2658">
    <p class='ocr_par' dir='ltr' id='par_1_29' title="bbox 1251 2622 2108 2658">
     <span class='ocr_line' id='line_1_78' title="bbox 1251 2622 2108 2658; baseline -0.001 -8"><span class='ocrx_word' id='word_1_505' title='bbox 1251 2622 1368 2651; x_wconf 73' lang='lat'>¹214</span> <span class='ocrx_word' id='word_1_506' title='bbox 1800 2623 1890 2655; x_wconf 85' lang='lat' dir='ltr'>Rieti,</span> <span class='ocrx_word' id='word_1_507' title='bbox 1908 2623 1939 2650; x_wconf 87' lang='grc'>19</span> <span class='ocrx_word' id='word_1_508' title='bbox 1951 2624 2015 2658; x_wconf 89' lang='lat' dir='ltr'>juin</span> <span class='ocrx_word' id='word_1_509' title='bbox 2032 2623 2108 2650; x_wconf 70' lang='lat'>1289.</span> 
     </span>
    </p>
   </div>
   <div class='ocr_carea' id='block_1_20' title="bbox 1178 2684 2181 2768">
    <p class='ocr_par' dir='ltr' id='par_1_30' title="bbox 1178 2684 2181 2768">
     <span class='ocr_line' id='line_1_79' title="bbox 1213 2684 2181 2721; baseline 0.002 -10"><span class='ocrx_word' id='word_1_510' title='bbox 1213 2684 1386 2719; x_wconf 83' lang='lat' dir='ltr'>Homagium</span> <span class='ocrx_word' id='word_1_511' title='bbox 1402 2686 1524 2712; x_wconf 86' lang='lat' dir='ltr'>eclesiae</span> <span class='ocrx_word' id='word_1_512' title='bbox 1540 2694 1672 2713; x_wconf 89' lang='lat' dir='ltr'>romanae</span> <span class='ocrx_word' id='word_1_513' title='bbox 1687 2694 1735 2720; x_wconf 83' lang='lat' dir='ltr'>per</span> <span class='ocrx_word' id='word_1_514' title='bbox 1750 2686 1793 2719; x_wconf 88' lang='lat' dir='ltr'>C.,</span> <span class='ocrx_word' id='word_1_515' title='bbox 1810 2695 1907 2721; x_wconf 85' lang='lat' dir='ltr'>regem</span> <span class='ocrx_word' id='word_1_516' title='bbox 1923 2686 2045 2718; x_wconf 86' lang='lat' dir='ltr'>Siciliae,</span> <span class='ocrx_word' id='word_1_517' title='bbox 2062 2687 2181 2714; x_wconf 88' lang='lat' dir='ltr'>factum.</span> 
     </span>
     <span class='ocr_line' id='line_1_80' title="bbox 1178 2734 1877 2768; baseline 0.003 -8"><span class='ocrx_word' id='word_1_518' title='bbox 1178 2734 1261 2768; x_wconf 68' lang='lat' dir='ltr'>(Rea.</span> <span class='ocrx_word' id='word_1_519' title='bbox 1278 2734 1325 2765; x_wconf 81' lang='lat'>44,</span> <span class='ocrx_word' id='word_1_520' title='bbox 1342 2741 1368 2760; x_wconf 85' lang='lat' dir='ltr'>c.</span> <span class='ocrx_word' id='word_1_521' title='bbox 1387 2734 1452 2766; x_wconf 84' lang='lat'>378,</span> <span class='ocrx_word' id='word_1_522' title='bbox 1470 2734 1488 2760; x_wconf 83' lang='lat' dir='ltr'>f.</span> <span class='ocrx_word' id='word_1_523' title='bbox 1509 2734 1558 2761; x_wconf 90' lang='grc'>190</span> <span class='ocrx_word' id='word_1_524' title='bbox 1574 2741 1617 2766; x_wconf 90' lang='lat' dir='ltr'>v⁰;</span> <span class='ocrx_word' id='word_1_525' title='bbox 1638 2734 1753 2768; x_wconf 57' lang='lat' dir='ltr'>Perre„</span> <span class='ocrx_word' id='word_1_526' title='bbox 1768 2735 1877 2768; x_wconf 67' lang='lat'>22983.)</span> 
     </span>
    </p>
   </div>
   <div class='ocr_carea' id='block_1_21' title="bbox 1182 2835 2184 3087">
    <p class='ocr_par' dir='ltr' id='par_1_31' title="bbox 1220 2835 2055 2874">
     <span class='ocr_line' id='line_1_81' title="bbox 1220 2835 2055 2874; baseline 0.002 -9"><span class='ocrx_word' id='word_1_527' title='bbox 1220 2836 1383 2865; x_wconf 77' lang='lat' dir='ltr'>Carissimo</span> <span class='ocrx_word' id='word_1_528' title='bbox 1399 2837 1433 2864; x_wconf 77' lang='lat' dir='ltr'>in</span> <span class='ocrx_word' id='word_1_529' title='bbox 1450 2835 1566 2865; x_wconf 82' lang='lat' dir='ltr'>Christo</span> <span class='ocrx_word' id='word_1_530' title='bbox 1579 2836 1644 2872; x_wconf 82' lang='lat' dir='ltr'>filio</span> <span class='ocrx_word' id='word_1_531' title='bbox 1664 2836 1708 2873; x_wconf 61' lang='lat' dir='ltr'>C„</span> <span class='ocrx_word' id='word_1_532' title='bbox 1729 2837 1793 2874; x_wconf 74' lang='lat' dir='ltr'>reyi</span> <span class='ocrx_word' id='word_1_533' title='bbox 1808 2837 1908 2866; x_wconf 79' lang='lat' dir='ltr'>Sicilie</span> <span class='ocrx_word' id='word_1_534' title='bbox 1925 2838 2055 2868; x_wconf 78' lang='lat' dir='ltr'>iliustri.</span> 
     </span>
    </p>

    <p class='ocr_par' dir='ltr' id='par_1_32' title="bbox 1220 2887 1745 2926">
     <span class='ocr_line' id='line_1_82' title="bbox 1220 2887 1745 2926; baseline 0.002 -8"><span class='ocrx_word' id='word_1_535' title='bbox 1220 2888 1324 2926; x_wconf 88' lang='lat' dir='ltr'>Hujus</span> <span class='ocrx_word' id='word_1_536' title='bbox 1341 2887 1481 2926; x_wconf 82' lang='lat' dir='ltr'>homagii</span> <span class='ocrx_word' id='word_1_537' title='bbox 1500 2893 1589 2918; x_wconf 91' lang='lat' dir='ltr'>tenor</span> <span class='ocrx_word' id='word_1_538' title='bbox 1607 2889 1660 2919; x_wconf 88' lang='lat' dir='ltr'>hic</span> <span class='ocrx_word' id='word_1_539' title='bbox 1676 2893 1722 2919; x_wconf 85' lang='lat' dir='ltr'>est</span> <span class='ocrx_word' id='word_1_540' title='bbox 1739 2898 1745 2918; x_wconf 90' lang='lat'>:</span> 
     </span>
    </p>

    <p class='ocr_par' dir='ltr' id='par_1_33' title="bbox 1182 2940 2184 3087">
     <span class='ocr_line' id='line_1_83' title="bbox 1221 2940 2182 2982; baseline 0.006 -14"><span class='ocrx_word' id='word_1_541' title='bbox 1221 2952 1234 2967; x_wconf 82' lang='lat'><strong>«</strong></span> <span class='ocrx_word' id='word_1_542' title='bbox 1252 2941 1290 2970; x_wconf 90' lang='lat' dir='ltr'>In</span> <span class='ocrx_word' id='word_1_543' title='bbox 1307 2940 1439 2970; x_wconf 88' lang='lat' dir='ltr'>nomine</span> <span class='ocrx_word' id='word_1_544' title='bbox 1461 2941 1602 2970; x_wconf 90' lang='lat' dir='ltr'>Domini.</span> <span class='ocrx_word' id='word_1_545' title='bbox 1632 2942 1748 2972; x_wconf 87' lang='lat' dir='ltr'>Amen.</span> <span class='ocrx_word' id='word_1_546' title='bbox 1773 2942 1838 2980; x_wconf 85' lang='lat' dir='ltr'>Ego</span> <span class='ocrx_word' id='word_1_547' title='bbox 1856 2942 1987 2973; x_wconf 89' lang='lat' dir='ltr'>Carolus</span> <span class='ocrx_word' id='word_1_548' title='bbox 2005 2943 2182 2982; x_wconf 79' lang='lat' dir='ltr'>secundus,</span> 
     </span>
     <span class='ocr_line' id='line_1_84' title="bbox 1182 2994 2184 3031; baseline 0.004 -9"><span class='ocrx_word' id='word_1_549' title='bbox 1182 3006 1197 3022; x_wconf 85' lang='lat'>«</span> <span class='ocrx_word' id='word_1_550' title='bbox 1222 2994 1281 3023; x_wconf 88' lang='lat' dir='ltr'>Dei</span> <span class='ocrx_word' id='word_1_551' title='bbox 1306 2994 1417 3031; x_wconf 84' lang='lat' dir='ltr'>gratia,</span> <span class='ocrx_word' id='word_1_552' title='bbox 1445 3003 1496 3023; x_wconf 86' lang='lat' dir='ltr'>rex</span> <span class='ocrx_word' id='word_1_553' title='bbox 1526 2994 1646 3024; x_wconf 86' lang='lat' dir='ltr'>Sicilie.</span> <span class='ocrx_word' id='word_1_554' title='bbox 1673 2995 1725 3024; x_wconf 88' lang='lat' dir='ltr'>Ad</span> <span class='ocrx_word' id='word_1_555' title='bbox 1748 2995 1903 3026; x_wconf 87' lang='lat' dir='ltr'>honorem</span> <span class='ocrx_word' id='word_1_556' title='bbox 1925 2997 1985 3027; x_wconf 89' lang='lat' dir='ltr'>Dei</span> <span class='ocrx_word' id='word_1_557' title='bbox 2067 2998 2184 3027; x_wconf 85' lang='lat' dir='ltr'>Actum</span> 
     </span>
     <span class='ocr_line' id='line_1_85' title="bbox 1182 3047 2184 3087; baseline 0.006 -13"><span class='ocrx_word' id='word_1_558' title='bbox 1182 3058 1197 3074; x_wconf 88' lang='lat'>»</span> <span class='ocrx_word' id='word_1_559' title='bbox 1221 3047 1342 3083; x_wconf 83' lang='lat' dir='ltr'>Reate,</span> <span class='ocrx_word' id='word_1_560' title='bbox 1374 3047 1409 3075; x_wconf 91' lang='lat' dir='ltr'>in</span> <span class='ocrx_word' id='word_1_561' title='bbox 1442 3047 1553 3086; x_wconf 86' lang='lat' dir='ltr'>majori</span> <span class='ocrx_word' id='word_1_562' title='bbox 1582 3047 1696 3086; x_wconf 84' lang='lat' dir='ltr'>palatio</span> <span class='ocrx_word' id='word_1_563' title='bbox 1722 3049 1814 3087; x_wconf 81' lang='lat' dir='ltr'>juxta</span> <span class='ocrx_word' id='word_1_564' title='bbox 1842 3049 2057 3080; x_wconf 88' lang='lat' dir='ltr'>cathedralem</span> <span class='ocrx_word' id='word_1_565' title='bbox 2083 3049 2184 3080; x_wconf 88' lang='lat' dir='ltr'>eccle-</span> 
     </span>
    </p>
   </div>
  </div>
 </body>
</html>
