2342 3652
916 388 1142 428 DEUXInME
1163 386 1320 427 ANNEE.
2102 400 2153 431 241

78 466 153 504 ipsis
174 464 213 494 de
232 463 355 493 decima
371 463 522 499 satisfiat,
547 462 775 502 collectamque
795 473 849 501 per
872 463 943 492 illos
967 473 1002 492 ex
1023 463 1075 492 de-

78 518 158 549 cima
172 517 239 555 ipsa
250 516 419 555 pecuniam
435 516 532 545 facias
544 524 601 553 per
616 515 798 545 collectores
813 516 941 545 eosdem
957 515 1022 544 illis
1039 515 1077 544 de

79 570 192 610 quibus
212 578 266 608 per
287 568 367 598 alias
388 572 511 598 nostras
538 567 660 597 litteras
683 567 740 597 tibi
765 568 922 605 assignari
943 568 1077 597 manda-

78 632 158 654 mus.
176 622 246 652 Tibi
268 631 410 661 quoque,
434 630 507 651 cum
531 620 665 651 consilio
687 621 903 659 predictorum
922 621 1078 650 ordinarii

79 681 110 707 et
121 675 275 711 aliorum,
302 674 449 704 mutandi
465 674 647 704 collectores
666 673 770 712 ipsos,
788 674 936 712 quotiens
961 673 1078 702 videris

79 728 222 768 expedire
235 752 242 764 ‚
276 737 311 758 ac
339 736 391 757 eos
420 726 634 766 compellendi
658 727 697 755 ad
726 726 941 764 reddendum,
971 735 1078 756 coram

79 781 197 812 eisdem
215 780 387 810 ordinariis
405 785 435 810 et
450 780 531 817 aliis,
550 779 607 809 tibi
623 783 808 817 computum
827 779 865 808 de
881 778 1031 815 collectis,
1050 783 1080 808 et

79 834 322 865 contradictores
338 833 515 872 quoslibet,
534 842 570 863 ac
593 833 688 862 etiam
706 841 819 862 omnes
835 832 907 862 illos
925 833 982 871 qui
1006 842 1078 872 pro-

79 890 231 918 ventuum
248 895 379 916 suorum
403 886 691 916 ecclesiasticorum
712 886 746 914 in
769 885 922 924 predictis
937 886 1079 924 partibus

80 939 322 971 consistentium
346 939 504 969 decimam
541 939 575 968 in
614 939 758 968 terminis
793 938 923 977 prefixis
958 939 1080 968 solvere

80 1002 142 1024 non
158 993 316 1030 curarint,
333 994 518 1023 auctoritate
529 993 715 1031 apostolica,
728 1001 783 1032 per
794 1002 964 1022 censuram
981 993 1079 1022 eccle-

80 1046 238 1078 siasticam
259 1047 503 1086 compescendi,
529 1046 656 1085 plenam
671 1071 676 1083 ,
705 1047 890 1076 auctoritate
917 1046 1057 1085 predicta
1072 1070 1078 1082 ,

79 1100 282 1131 concedimus
300 1104 498 1143 potestatem.
518 1101 566 1136 Et,
589 1105 622 1129 nt
640 1105 701 1129 tam
718 1104 749 1129 tu
763 1109 860 1138 qnam
874 1100 951 1130 dicti
967 1099 1079 1130 collec-

81 1158 159 1184 tores
175 1153 314 1183 fructnm
337 1153 375 1182 de
403 1153 514 1183 vestris
541 1153 702 1182 laboribus
721 1153 906 1191 reportetis,
926 1153 1079 1191 premissa

81 1208 134 1239 tibi
150 1213 180 1238 et
201 1208 246 1238 eis
265 1208 299 1237 in
323 1208 548 1237 remissionem
563 1208 766 1247 injtingimus
783 1213 994 1247 peccatorum.
1015 1209 1078 1240 Vo-

79 1261 184 1293 lumus
202 1261 297 1291 etiam
315 1261 400 1300 qnod
420 1262 459 1291 de
475 1262 611 1300 pecunia
628 1271 663 1291 ex
677 1263 745 1300 ipsa
761 1262 884 1291 decima
899 1262 1079 1300 colligenda

38 1351 39 1354 Ἰ
79 1315 212 1354 singulis
236 1315 350 1345 diebus
374 1312 534 1345 sexdecim
562 1320 750 1345 turonenses
774 1315 861 1345 albos
884 1315 923 1344 de
947 1320 1079 1353 argento

77 1369 230 1408 percipias
244 1377 300 1407 pro
316 1369 461 1407 expensis
475 1392 481 1403 ‚
499 1373 528 1398 et
543 1369 626 1407 quod
643 1368 824 1399 collectores
840 1368 939 1398 iidem
955 1378 973 1398 a
991 1378 1078 1407 pres-

79 1421 194 1453 tatione
210 1422 309 1460 ipsius
324 1421 446 1451 decime
466 1422 530 1451 sint
544 1422 718 1458 immunes,
737 1430 792 1460 pro
810 1427 951 1461 tempore
967 1410 1029 1460 quo
1046 1427 1079 1452 tu

79 1479 109 1505 et
130 1474 192 1514 ipsi
215 1474 435 1504 laboraveritis
462 1475 496 1504 in
520 1475 696 1514 premissis.
728 1476 800 1505 Non
826 1475 1024 1506 obstantibus
1052 1476 1079 1505 si

78 1527 236 1567 aliquibus
251 1537 270 1557 a
287 1528 360 1558 sede
376 1528 417 1557 sit
429 1528 592 1558 indultum
608 1529 717 1558 eadem
730 1529 813 1567 quod
828 1529 994 1565 interdici,
1013 1539 1078 1560 sus-

77 1581 171 1620 pendi
186 1581 237 1611 vel
253 1582 525 1611 excommunicari
542 1591 607 1612 non
623 1583 809 1621 possintper
821 1582 940 1612 litteras
952 1588 1077 1622 aposto-

78 1633 153 1664 licas
170 1643 231 1673 que
248 1634 288 1664 de
303 1634 428 1665 indulto
448 1634 634 1674 hujusmodi
652 1644 687 1665 ac
705 1637 767 1665 tota
783 1636 852 1675 ejus
867 1636 1077 1672 continentia,

79 1687 116 1718 de
130 1688 223 1717 verbo
238 1687 278 1718 ad
295 1688 442 1725 verbum,
460 1692 491 1718 et
511 1689 549 1718 de
565 1689 701 1727 propriis
717 1688 861 1718 locorum
880 1693 910 1718 et
926 1698 1079 1727 persona-

77 1749 148 1771 rum
166 1742 350 1772 nominibus
365 1742 494 1780 plenam
510 1746 540 1772 et
555 1751 735 1781 expressam
754 1751 817 1772 non
835 1743 968 1772 fecerint
986 1752 1079 1772 men-

78 1794 206 1831 tionem,
227 1795 294 1824 sive
308 1794 506 1834 quibuslibet
522 1795 595 1825 aliis
614 1795 791 1834 privilegiis
807 1800 838 1825 'et
853 1795 1078 1834 indulgentiis,

79 1847 128 1878 vel
145 1847 258 1878 litteris
275 1848 534 1887 quibuscumque
549 1849 759 1887 dignitatibus
774 1874 779 1885 ,
801 1849 981 1886 ordinibus,
1001 1849 1081 1880 locis

78 1900 128 1931 vel
142 1901 299 1940 personis,
314 1901 508 1940 generaliter
524 1906 579 1932 aut
595 1902 785 1941 spetialiter,
801 1903 860 1932 sub
877 1911 1081 1942 quacumque

77 1953 179 1984 forma
196 1954 247 1984 vel
272 1954 479 1993 conceptione
502 1955 690 1992 verborum,
710 1956 750 1985 ab
775 1956 885 1985 eadem
910 1956 984 1986 sede
1002 1965 1080 1986 con-

78 2007 188 2045 cessis,
205 2008 244 2038 de
259 2008 376 2046 quibus
391 2016 568 2047 quorumve
586 2010 658 2038 totis
674 2009 851 2046 tenoribus,
874 2009 913 2040 de
929 2011 1025 2040 verbo
1042 2011 1081 2040 ad

79 2062 221 2099 verbum,
244 2061 280 2090 in
305 2061 422 2091 nostris
444 2061 558 2091 litteris
583 2062 745 2100 spetialis,
770 2063 862 2101 plena
879 2067 908 2092 et
934 2073 1081 2102 expressa

79 2115 198 2145 mentio
208 2114 249 2144 sit
259 2114 417 2144 habenda.
428 2114 586 2145 Volumus
600 2115 738 2154 denique
750 2120 785 2145 ut
795 2116 979 2154 frequenter
990 2117 1081 2147 nobis

79 2168 154 2208 quid
168 2171 273 2199 actum
288 2168 385 2198 fuerit
399 2169 434 2198 in
453 2168 593 2207 partibus
612 2169 818 2207 supradictis,
840 2174 902 2199 tam
918 2171 1000 2200 circa
1017 2171 1081 2201 col-

78 2218 207 2250 lectores
222 2228 318 2259 quam
335 2220 419 2250 circa
436 2220 672 2257 collectionem,
686 2222 897 2259 quantitatem
914 2222 1080 2253 collectam

78 2277 109 2304 et
122 2273 311 2304 solutionem
326 2273 439 2313 ipsius,
456 2274 593 2304 scribere
612 2283 676 2304 non
688 2275 825 2304 omittas.
845 2275 881 2304 Et
897 2276 1029 2314 insuper
1043 2277 1081 2306 de

78 2326 237 2366 premissis
265 2325 439 2364 diligenter
460 2335 495 2356 ac
527 2326 660 2356 sollicite
684 2328 914 2366 prosequendis
941 2333 1061 2367 prestes
1072 2353 1079 2366 ,

79 2378 250 2418 evangeliis
265 2388 371 2410 coram
392 2384 421 2410 te
443 2379 574 2418 positis,
588 2380 848 2419 juramentum...
869 2381 940 2410 Dat.
961 2382 1078 2418 Reate,

79 2433 170 2464 nonis
185 2433 332 2470 octobris,
349 2441 434 2463 anno
450 2434 601 2464 secundo.
623 2433 700 2471 (Fol.
726 2434 782 2463 182
798 2439 840 2469 νῦ,
865 2444 901 2464 en
919 2437 1048 2473 mame.)
1066 2448 1078 2463 ι)

324 2493 687 2528 sainte-Marte-Majeure,
704 2494 737 2521 ‘26
753 2495 908 2521 novembre
930 2496 1008 2523 1289.

117 2542 156 2573 In
171 2551 198 2573 e.
221 2552 265 2573 m.
284 2543 435 2580 Petrum,
456 2543 640 2582 episcopum
666 2543 889 2581 Vicentinum,
917 2545 1082 2574 constituit

79 2595 278 2628 collectorem
300 2597 442 2627 decimae
466 2597 502 2627 in
527 2597 691 2635 provincia
712 2597 910 2633 Ravennati,
935 2599 1080 2628 Anconi-

79 2654 152 2681 tana
164 2650 310 2680 marchia
326 2653 356 2680 et
373 2651 480 2680 Massa
496 2650 659 2688 Trabaria,
677 2651 713 2679 in
729 2651 939 2688 Ferrariensi,
954 2652 1081 2681 Arimi-

78 2704 171 2734 nensi
181 2726 190 2741 ,
207 2703 316 2734 Sancti
333 2704 448 2733 Leonis
467 2706 496 2733 et
512 2703 663 2734 Urbinati
683 2704 862 2734 civitatibus
879 2708 909 2735 et
930 2704 1082 2735 dioecesi-

78 2755 149 2794 bus,
164 2757 200 2786 in
214 2757 426 2796 Pomposiano
441 2761 474 2786 et
488 2755 646 2786 Galliatae
662 2758 875 2793 monasteriis,
894 2758 929 2787 in
946 2757 1080 2788 Sanctae

79 2807 198 2841 Mariae
211 2810 251 2840 de
267 2809 389 2841 Balneo
403 2813 434 2840 et
450 2810 584 2840 Sanctae
600 2810 744 2848 Agatbae
759 2811 905 2849 plebibus
921 2816 951 2841 et
969 2821 1080 2842 eorum

79 2863 328 2902 monasteriique
353 2863 514 2893 Farfensis
539 2863 631 2893 terris
655 2863 689 2892 in
713 2863 857 2893 Marcbia
882 2869 912 2894 et
936 2865 1080 2903 partibus

84 2914 292 2947 Romaniolae
321 2916 588 2952 consistentibus3
610 2916 702 2954 eique
724 2925 825 2946 unum
841 2917 994 2947 florinum
1010 2919 1080 2948 anri

81 2968 217 3007 singulis
247 2969 359 3000 diebus
392 2968 631 3008 percipiendum
656 2969 807 3007 assignat.
842 2970 912 3000 Dat.
938 2970 1058 3001 Romae
1070 2994 1079 3008 ,

80 3022 162 3062 apud
177 3022 326 3053 Sanctam
345 3022 482 3052 Mariam
498 3022 664 3061 Majorem,
678 3031 709 3051 vx
721 3021 875 3052 kalendas
889 3023 1078 3060 decembris,

80 3082 164 3106 anno
179 3075 329 3106 secundo.
345 3075 451 3115 (Ibicl.)

217 3141 290 3169 Rae.
311 3141 434 3169 Niconis
454 3141 507 3169 IV.

1414 463 1773 498 Sainte-Ma1·ie-MaJeure‚
1791 464 1823 490 -22
1839 464 1992 490 novembre
2011 465 2087 492 1289.

1200 524 1238 552 In
1266 533 1292 553 e.
1324 533 1365 553 m.
1391 525 1542 562 Petrum,
1565 527 1746 564 episcopum
1777 526 1968 563 Signinum,
1999 528 2160 556 constituit

1160 575 1359 606 collectorem
1377 577 1519 608 decimae
1532 579 1565 607 in
1581 578 1764 616 patrimonii
1782 579 1863 608 beati
1880 579 1964 608 Petri
1981 579 2014 608 in
2031 579 2157 613 Tuscia„

1160 629 1292 658 ducatus
1316 630 1493 668 Spoletani,
1521 631 1730 669 Campaniae,
1757 632 1935 661 Maritimae
1961 633 2160 671 Sabinaeque

1161 682 1348 720 provinciis,
1365 683 1399 712 in
1425 684 1575 719 Reatina,
1594 685 1829 714 Interamnensi
1849 689 1877 713 et
1899 686 2067 715 Tiburtina
2082 686 2158 715 civi-

1161 736 1278 765 tatibus
1295 741 1324 765 et
1339 736 1553 772 dioecesibus,
1573 737 1604 765 in
1619 738 1753 766 abbatiis
1770 738 1954 767 Sublacensi
1971 743 2000 768 et
2016 739 2160 768 Farfensi

1161 792 1191 817 et
1219 788 1291 817 aliis
1322 780 1663 827 circumadjacentibus
1701 791 1806 827 terris,
1844 793 1995 830 exemptis
2032 797 2061 821 et
2097 801 2160 822 non

1161 841 1333 879 exemptis,
1353 846 1440 870 extra
1458 851 1595 879 regnum
1615 842 1742 872 Siciliae
1757 844 1948 880 constitutis,
1966 845 2091 874 civitate
2100 846 2161 875 Ro-

1162 902 1257 923 mana
1270 898 1300 923 et
1311 894 1509 923 dioecesibus
1521 895 1638 933 quibus
1653 895 1826 923 cardinalis
1838 896 2001 934 episcopus
2018 906 2161 934 praeesse

1162 947 1327 977 consuevit
1347 949 1493 985 exceptis.
1512 949 1583 978 Dat.
1603 948 1739 983 Romae,
1757 949 1839 986 apud
1859 949 2006 978 Sanctam
2027 951 2162 980 Mariam

1162 1001 1335 1039 Majorem,
1361 1010 1379 1029 x
1400 1000 1553 1030 kalendas
1577 1001 1768 1036 decembris,
1788 1010 1873 1031 anno
1892 1002 2040 1032 secundo.
2059 1002 2163 1041 (Ibid.)

1417 1080 1775 1113 Sainte-Marie-Majeure,
1793 1080 1825 1106 2ss
1843 1081 1996 1107 novembre
2014 1081 2092 1108 1389.

1200 1143 1241 1171 ln
1257 1152 1286 1172 e.
1303 1152 1348 1171 m.
1369 1166 1388 1171 ..
1408 1142 1589 1171 Ravennati
1607 1141 1841 1180 archiepiscopo
1860 1142 1991 1181 ejusque
2008 1143 2162 1180 suffraga-

1161 1196 1232 1225 neis
1246 1219 1254 1233 ‚
1271 1204 1306 1225 ac
1322 1219 1340 1224 ..
1355 1194 1554 1224 Ferrariensi
1566 1218 1574 1231 ,
1595 1218 1613 1223 ..
1632 1195 1850 1232 Ariminensi,
1869 1218 1888 1224 ..
1907 1196 2015 1225 Sancti
2032 1196 2163 1232 Leonis,

1164 1272 1183 1278 ..
1210 1249 1363 1279 Urbinati
1389 1252 1420 1278 et
1444 1248 1516 1277 aliis
1541 1248 1694 1287 'episcopis
1718 1249 1751 1277 in
1773 1249 1976 1278 Anconitana
2002 1249 2162 1287 marchia,

1162 1302 1267 1332 Massa
1285 1301 1456 1336 Trabaria,
1475 1301 1683 1338 Romaniola,
1704 1310 1825 1331 necnon
1843 1301 1966 1338 electis,
1980 1302 2162 1339 abbatibus,

1160 1355 1341 1394 prioribus,
1360 1355 1509 1389 decanis,
1528 1354 1771 1390 archidiaconiS,
1793 1358 1850 1384 etc.
1869 1379 1874 1391 ,
1896 1364 1993 1394 usqne
2010 1356 2164 1394 exemptis

1162 1413 1192 1438 et
1217 1418 1281 1438 non
1308 1408 1482 1447 exemptis,
1508 1413 1569 1437 tam
1594 1410 1627 1437 in
1652 1407 1924 1446 archiepiscopatu
1953 1413 1983 1437 et
2000 1409 2164 1447 provincia

1161 1462 1346 1492 Ravennati
1367 1471 1463 1500 quam
1492 1462 1525 1490 in
1550 1461 1693 1491 marchia
1718 1462 1935 1497 Anconitana,
1962 1462 2065 1491 Massa
2085 1462 2163 1491 Tra-

1161 1516 1269 1552 baria,
1293 1523 1419 1545 necnon
1438 1515 1652 1551 Ferrariensi,
1678 1515 1897 1549 Ariminensi,
1922 1515 2029 1544 Sancti
2049 1514 2165 1544 Leonis

1161 1575 1192 1600 et
1207 1569 1359 1600 Urbinati
1374 1568 1556 1598 civitatibus
1573 1573 1602 1598 et
1619 1568 1833 1604 dioecesibus,
1851 1577 1886 1597 ac
1902 1568 1934 1597 in
1953 1568 2164 1606 Pomposiano

1162 1627 1193 1653 et
1218 1622 1374 1653 Galliatae
1397 1622 1618 1658 monasteriis,
1643 1621 1776 1651 Sanctae
1793 1621 1914 1650 Mariae
1934 1621 1972 1650 de
1996 1621 2116 1650 Balneo
2134 1625 2165 1650 et

1162 1677 1297 1707 Sanctae
1322 1677 1442 1714 Agatae
1464 1675 1627 1714 plebibus,
1645 1678 1675 1705 et
1692 1683 1803 1704 eornm
1820 1675 2067 1712 monasteriique
2086 1674 2163 1703 Far-

1164 1731 1260 1760 fensis
1277 1730 1371 1760 terris
1391 1729 1425 1759 in
1442 1729 1552 1758 eadem
1576 1728 1718 1758 marchia
1738 1731 1767 1757 et
1788 1727 1997 1757 Romaniolae
2022 1727 2164 1765 partibus

1162 1783 1351 1814 constitutis.
1377 1783 1447 1812 Dat.
1473 1783 1610 1818 Romae,
1629 1781 1712 1820 apud
1737 1781 1886 1811 Sanctam
1909 1781 2042 1809 Mariam
2064 1780 2164 1818 Majo-

1162 1847 1242 1873 rem,
1260 1847 1290 1866 VI
1306 1836 1460 1866 kalendas
1477 1835 1665 1871 decembris,
1685 1842 1770 1864 anno
1787 1833 1934 1864 secundo.
1956 1833 2030 1872 (Γοί.
2052 1832 2103 1862 181
2125 1837 2163 1868 ΓΟ,

1163 1902 1198 1922 en
1214 1899 1341 1929 ⁷71a1·9e;
1359 1891 1494 1922 Porm„
1516 1889 1640 1927 23121.)

1420 1969 1780 2003 Sainte-Marie-Majeure,
1796 1968 1830 1994 22
1846 1967 2000 1994 novembre
2018 1966 2094 1993 1289.

1203 2037 1243 2066 In
1261 2044 1289 2065 e.
1306 2044 1350 2064 m.
1371 2057 1390 2063 ..
1408 2034 1564 2070 Reatino,
1588 2055 1608 2062 ..
1626 2032 1862 2062 Interamnensi
1877 2054 1885 2067 ‚
1910 2054 1928 2059 ..
1946 2029 2114 2060 Tiburtino
2136 2032 2166 2058 et

1163 2090 1235 2120 aliis
1251 2090 1285 2119 in
1304 2087 1490 2127 patrimonii
1508 2087 1590 2116 beati
1611 2086 1696 2115 Petri
1720 2086 1753 2114 in
1773 2084 1907 2119 Tuscia,
1931 2084 2063 2113 ducatus
2086 2082 2166 2120 Spo-

1164 2143 1279 2179 letani,
1306 2141 1519 2179 Campaniae,
1552 2139 1736 2168 Maritimae
1765 2137 1966 2175 Sabinaeque
1990 2135 2166 2175 provinciis

1164 2196 1333 2236 episcopis,
1358 2194 1484 2230 electis,
1509 2192 1696 2227 abbatibus,
1723 2194 1801 2226 etc.,
1825 2199 1925 2229 nsque
1954 2188 2107 2227 exemptis
2137 2191 2166 2218 et

1164 2259 1228 2281 non
1250 2248 1422 2287 exemptis,
1445 2251 1509 2277 tam
1526 2246 1563 2275 in
1582 2244 1767 2275 eorumdem
1793 2242 1995 2282 patrimonii,
2012 2241 2163 2276 ducatus,

1163 2303 1376 2342 Campaniae,
1397 2300 1577 2330 Maritimae
1599 2307 1634 2328 ac
1654 2297 1792 2327 Sabinae
1812 2294 2000 2334 provinciis,
2018 2302 2115 2332 qnam
2130 2293 2164 2322 in

1164 2357 1318 2392 Reatina,
1345 2352 1583 2385 Interamnensi
1610 2355 1640 2381 et
1661 2349 1829 2380 Tiburtina
1856 2347 2051 2378 dioecesibus
2072 2350 2165 2384 atque

1162 2411 1195 2440 in
1213 2409 1347 2439 abbatiis
1363 2406 1550 2438 Sublacensi
1567 2409 1661 2443 atque
1679 2402 1822 2432 Farfensi
1847 2405 1875 2430 et
1900 2401 1971 2430 aliis
1986 2398 2163 2430 circumad-

1160 2463 1340 2503 jacentibus
1354 2461 1444 2490 terris
1457 2464 1487 2489 et
1497 2459 1573 2489 locis
1585 2462 1670 2487 extra
1682 2464 1817 2494 regnum
1828 2454 1955 2484 Siciliae
1971 2448 2161 2487 constitutis,

1163 2517 1291 2547 civitate
1317 2515 1461 2544 Romana
1491 2517 1520 2542 et
1550 2510 1731 2541 civitatibus
1760 2513 1790 2538 et
1819 2506 2016 2537 dioecesibus
2047 2503 2164 2542 quibus

1163 2577 1308 2609 praeesse
1327 2566 1499 2597 cardinalis
1529 2565 1692 2603 episcopus
1718 2560 1883 2592 consuevit
1914 2558 2060 2596 exceptis.
2091 2556 2160 2585 Dat.

1163 2626 1302 2658 Romae,
1327 2620 1410 2660 apud
1436 2620 1584 2650 Sanctam
1607 2616 1745 2646 Mariam
1772 2614 1945 2651 Majorem,
1968 2620 1987 2640 x
2010 2608 2164 2639 kalendas

1163 2675 1339 2707 decembris
1350 2698 1357 2710 ,
1374 2681 1459 2703 anno
1475 2671 1624 2702 secundo.
1641 2668 1746 2709 (laid.)

1237 2863 1256 2889 1
1270 2860 1397 2889 1534
1408 2859 1491 2886 15¹2
1755 2852 1842 2881 Rieti.
1860 2851 1889 2877 31
1907 2849 1999 2884 jtiillet
2015 2848 2092 2875 1289.

1198 2925 1348 2959 Philippus
1364 2921 1502 2948 ecclesiae
1516 2917 1698 2944 Tridentinae
1712 2915 1868 2949 episcopus
1884 2910 2058 2947 praeficitur.
2078 2909 2162 2942 (Rae.

1163 2975 1206 3007 44,
1223 2982 1249 3000 e.
1266 2973 1326 3006 351,
1343 2972 1362 2998 ἰ.
1386 2970 1434 2998 182
1449 2975 1492 3000 v⁰;
1510 2967 1629 2997 Pom-ru„
1647 2964 1685 2999 ΙΙ,
1700 2963 1807 2993 23027.)

1208 3073 1372 3107 Venerabili
1401 3072 1495 3109 fratri
1524 3068 1683 3107 PhylippO,
1713 3067 1845 3104 episcopo
1877 3063 2051 3093 Tridentino
2082 3061 2162 3090 Eum

1976 3128 2006 3155 31
