2477 3637
235 357 291 388 436
982 349 1219 381 REGISTRES
1242 350 1296 380 DE
1319 350 1503 381 NICOLAS
1526 350 1583 380 IV.

304 421 419 450 2592
581 415 936 450 Sainte-Marie-MaJem-e,
953 416 988 443 28
1004 416 1073 443 avril
1094 416 1169 443 ¹290.

270 483 394 510 Licentia
410 479 560 507 exercendi
578 487 627 514 per
641 478 712 504 alios
727 479 778 512 jus
794 477 976 504 visitationis.
989 477 1072 511 (Rue.
1086 478 1127 509 45,
1141 486 1166 505 c.
1181 478 1240 509 1³28,

233 533 298 560 [21
319 539 366 560 νος
385 531 449 556 Lm.
467 538 501 556 ι1υ
517 528 616 558 Tanti..
637 527 700 557 ΙΙΙ.)

279 632 447 662 Venerabili
463 632 561 667 fratri
579 651 600 658 ..
621 630 752 666 episcopo
769 629 950 658 Pit-tovensi.
971 641 985 656 «
1004 629 1047 659 Ex
1072 634 1124 660 tue
1146 630 1242 660 devo-

234 685 330 716 tionis
348 683 473 712 meritis
491 682 658 721 provenire
680 681 857 712 dinoscitur
878 686 928 719 ut,
946 683 1026 712 votis
1042 683 1103 712 tuis
1119 683 1242 713 favora-

232 738 338 769 biliter
362 739 564 767 annuentes,
582 734 637 764 illa
663 739 690 765 te
713 735 850 765 libenter
874 735 1037 765 faveamus
1060 737 1162 773 gratia
1183 746 1244 776 que

235 792 296 821 tuis
323 789 566 819 necessitatibus
590 797 658 818 esse
684 788 824 818 creditur
846 793 1011 826 oportuna.
1032 789 1179 818 Exhibita
1202 789 1243 818 si-

232 844 363 884 quidem
386 842 476 872 uobis
499 846 552 871 tua
577 841 686 880 petitio
711 842 895 871 continebat
918 842 1000 880 quod
1021 852 1075 881 per
1092 841 1245 872 officiales

233 907 287 928 seu
305 896 426 926 balivos
442 895 491 925 vel
509 896 683 925 servientes
698 895 857 925 carissimi
875 895 907 924 in
925 895 1052 926 Christo
1069 896 1127 925 filii
1146 896 1245 926 nostri

233 950 398 989 phylippi,
417 950 500 987 regis
519 949 653 979 Francie
666 948 810 984 illustris,
830 949 915 978 fuisti
935 958 1036 988 nuper
1052 949 1145 979 bonis
1162 950 1246 988 epis-

233 1004 395 1042 copalibus
413 1012 448 1033 ac
469 1003 565 1032 etiam
585 1002 775 1042 equitaturis
799 1002 861 1031 tuis
886 1012 942 1041 per
963 1002 1149 1033 violentiam
1175 1011 1245 1042 spo-

234 1057 346 1092 liatus,
366 1060 490 1095 propter
506 1055 590 1094 quod
615 1064 677 1085 non
703 1055 820 1092 audes,
841 1060 932 1094 prout
954 1055 992 1085 ad
1012 1060 1102 1085 tuum
1129 1060 1246 1094 spectat

233 1110 393 1145 officium,
417 1109 584 1145 ecclesias,
612 1109 678 1139 loca
705 1113 736 1138 et
763 1117 912 1147 personas
938 1108 1170 1139 ecclesiasticas
1195 1113 1246 1138 tue

234 1163 369 1194 diocesis
394 1162 536 1192 visitare.
555 1162 660 1198 Quare
687 1162 778 1192 nobis
803 1162 972 1191 humiliter
998 1162 1185 1201 supplicasti
1213 1166 1248 1192 ut

233 1216 398 1256 providere
416 1216 472 1245 tibi
489 1224 583 1254 super
598 1215 656 1245 hoc
668 1220 799 1254 paterna
812 1215 1031 1245 sollicitudine
1045 1224 1245 1245 curaremus.

234 1270 300 1300 Nos
323 1270 446 1308 itaque,
469 1268 530 1298 tuis
553 1267 839 1306 supplicationibus
861 1268 1024 1305 inclinati,
1045 1268 1189 1298 volentes
1213 1268 1247 1298 in

233 1323 293 1353 hac
309 1327 395 1361 parte
413 1321 467 1351 tibi
482 1322 519 1351 de
536 1325 692 1360 oportuno
708 1321 852 1351 remedio
868 1321 1045 1360 providere,
1058 1322 1248 1351 fraternitati

234 1381 286 1406 tue
306 1380 354 1410 ut,
375 1375 559 1413 hujusmodi
576 1374 713 1404 durante
731 1374 891 1404 discordia
908 1375 996 1404 inter
1014 1379 1042 1405 te
1062 1378 1091 1404 et
1109 1374 1248 1404 eundem

234 1439 340 1467 regern
358 1433 483 1464 exorta,
502 1428 535 1457 iu
553 1437 756 1467 quacumque
773 1428 933 1466 provintia
950 1428 998 1457 vel
1016 1428 1133 1458 diocesi
1150 1428 1248 1458 fueris

234 1483 283 1513 vel
310 1491 432 1512 moram
452 1482 665 1519 contraxeris,
685 1481 871 1519 hujusmodi
896 1481 1088 1512 visitationis
1106 1481 1246 1518 officium

237 1546 292 1576 per
309 1536 450 1575 aliquam
473 1545 528 1565 seu
549 1535 673 1574 aliquas
695 1543 846 1573 personas
868 1535 1010 1574 ydoneas
1029 1544 1173 1565 exercere
1191 1544 1246 1564 va-

236 1590 301 1620 leas
328 1595 358 1620 et
386 1589 625 1628 procurationes
654 1589 832 1618 moderatas
858 1589 891 1618 111
921 1589 1055 1627 pecunia
1082 1593 1249 1618 numerata

237 1644 376 1682 recipere
391 1643 430 1672 ab
447 1643 567 1672 eisdem
584 1642 744 1677 ecclesiis⁷
762 1642 839 1672 locis
856 1646 885 1671 et
902 1642 1045 1680 personis
1061 1641 1249 1680 hujusmodi

237 1698 373 1728 visitatis
403 1706 421 1726 a
452 1697 571 1736 quibus
598 1696 838 1734 procurationes
866 1696 1063 1726 consuevisti
1088 1696 1248 1734 recipere,

237 1751 378 1790 qualibet
393 1749 620 1780 constitutione
638 1750 672 1778 111
687 1749 884 1779 contrarium
901 1749 985 1778 edita
1005 1758 1067 1779 uon
1086 1749 1248 1786 obstante,

237 1804 422 1834 auctoritate
440 1804 636 1842 presentium
649 1803 870 1841 indulgemus.
885 1802 1059 1841 anliergo
1074 1807 1132 1832 etc.
1145 1806 1251 1833 nostre

238 1857 451 1888 concessionis
468 1861 526 1887 etc.
545 1857 613 1886 Dat.
630 1858 742 1893 Rome,
760 1856 842 1896 apud
860 1856 1010 1886 Sanctam
1028 1857 1164 1886 Mariam
1181 1857 1250 1886 Ma-

236 1912 354 1950 jorem,
375 1920 419 1940 1111
436 1910 591 1940 kalendas
609 1910 703 1946 maii,
720 1918 806 1940 311110
823 1910 925 1940 tertio.
949 1923 961 1936 »

309 2076 429 2107 2593

275 2138 392 2166 Collatio
408 2138 552 2165 ordinum.
573 2139 656 2172 (Rae.
673 2139 717 2169 45,
734 2147 759 2165 c.
779 2139 838 2170 129,
857 2139 875 2165 f.
891 2138 922 2165 ‘21
942 2139 992 2173 vo.)

617 2075 976 2110 Sainte-Maric-Majeure‚
994 2076 1007 2102 4
1026 2076 1081 2102 mai
1100 2076 1176 2103 1290.
1196 2114 1198 2117 Ι

280 2243 425 2272 Ludovico
461 2243 539 2273 (licto
566 2243 703 2280 Sprimc,
736 2242 919 2272 subdiacono
953 2248 1075 2280 nostro,
1106 2244 1249 2272 canonico

239 2296 355 2325 ecclesie
381 2297 555 2331 Mindensis,
576 2295 720 2325 concedit
741 2299 791 2330 ut,
819 2294 893 2325 licet
908 2304 926 2324 a
951 2295 1088 2325 Mai-tino
1110 2304 1188 2335 papa
1210 2296 1249 2326 ad

241 2348 505 2378 subdiaconatum
530 2353 692 2387 promotus
716 2353 815 2384 esset,
833 2357 889 2387 per
908 2348 1131 2378 dioecesanum
1155 2358 1250 2379 suum

241 2400 290 2430 vel
309 2401 409 2430 alium
430 2401 623 2440 episcopum,
641 2401 681 2431 de
695 2401 825 2431 licentia
839 2401 1019 2431 dioecesani
1037 2402 1193 2440 ejusdem,
1211 2402 1250 2432 ad

240 2455 419 2493 superiores
434 2455 564 2485 ordines
583 2455 765 2494 promoveri
783 2456 890 2494 possit.

283 2520 296 2534 α
332 2508 518 2538 Devotionis
553 2513 604 2539 tue
632 2508 817 2547 precibus...
845 2525 884 2531 -
912 2509 984 2539 Dat.
1019 2509 1141 2547 Rome,
1168 2510 1251 2548 apud

241 2560 390 2591 Sanctam
416 2562 552 2591 Mariam
578 2562 748 2601 Majorem,
774 2572 819 2592 1111
835 2571 936 2593 1101135
962 2563 1063 2599 maii,
1083 2571 1170 2594 anno
1186 2567 1250 2593 ter-

243 2615 296 2645 tio.
316 2624 330 2643 1>

313 2774 430 2803 2594

280 2835 406 2863 Licentia
430 2837 618 2864 construendi
642 2838 790 2872 capellam.
810 2837 894 2870 (Rae.
911 2837 961 2872 45,
980 2846 1006 2864 c.
1024 2837 1099 2872 1292,
1115 2837 1134 2864 f.
1152 2837 1181 2864 ‘21
1201 2843 1249 2870 v⁰;

246 2883 310 2910 Lar.
332 2893 365 2911 nu
383 2885 486 2917 Tuan..
503 2885 557 2918 111,
575 2886 630 2919 98.)

597 2774 950 2809 Sainte-Marie-Majeure,
965 2775 998 2801 ζ27
1015 2775 1083 2802 avril
1102 2774 1179 2802 1‘290.

291 2973 458 3002 Venerabili
483 2975 577 3010 fratri
603 2999 620 3004 ..
646 2977 871 3014 archiepiscopo
896 2974 1141 3014 Rothmnayensi.
1173 2987 1186 3003 α
1208 2975 1251 3006 Ex

248 3031 332 3064 parte
350 3026 456 3056 dilecti
474 3027 530 3057 filii
552 3028 668 3058 nobilis
683 3029 745 3058 viri
764 3028 930 3059 Guillelmi
954 3029 993 3059 de
1010 3029 1146 3059 Brueria
1161 3032 1190 3059 et
1206 3029 1251 3059 di-

1324 415 1403 445 lecte
1419 416 1452 445 in
1469 415 1597 446 Christo
1613 415 1678 446 filie
1700 415 1816 446 nobilis
1835 416 1980 446 mulieris
1999 417 2115 455 Marie,
2133 417 2240 448 uxoris
2257 426 2333 455 sue,

1324 474 1376 499 tue
1391 469 1547 506 diocesis,
1566 469 1658 499 nobis
1682 469 1739 499 fuit
1762 468 1932 499 humiliter
1954 469 2166 509 supplicatum
2190 475 2242 508 ut,
2259 479 2334 501 cum

1323 523 1384 561 ipsi
1402 523 1441 552 ab
1452 522 1583 552 ecclesia
1602 522 1732 552 matrice
1747 522 1825 553 adeo
1837 523 1903 552 sint
1920 524 2033 554 remoti
2045 524 2129 563 quod
2149 528 2274 564 propter
2283 533 2334 554 se-

1325 575 1370 605 nii
1394 575 1600 619 gravedinem
1618 584 1679 614 qua
1697 579 1888 613 premuntur
1904 584 1967 606 non
1984 580 2117 614 possunt
2133 576 2265 608 comode
2279 585 2334 607 ac-

1324 629 1434 659 cedere
1450 629 1489 658 ad
1505 629 1639 658 eandem
1657 637 1712 667 pro
1728 628 1849 658 divinis
1865 628 1982 659 officiis
2002 629 2172 660 audiendis
2195 634 2225 660 et
2250 629 2333 660 reci·
2375 669 2381 681 ἱ

1325 682 1449 722 piendis
1466 681 1687 712 ecclesiasticis
1703 682 1929 718 sacramentis,
1947 683 2154 713 construendi
2178 683 2334 723 capellam

1325 736 1357 765 in
1386 735 1485 765 fundo
1512 735 1637 774 proprio
1661 740 1692 765 et
1715 735 1856 765 habendi
1885 735 2086 774 capellanum
2111 737 2274 776 proprium
2298 736 2335 767 in
2372 724 2382 744 Ἰ

1326 790 1455 826 eadem,
1473 789 1524 819 cni
1542 789 1641 828 parati
1659 793 1734 818 sunt
1749 789 1788 819 de
1810 789 1902 819 bonis
1930 789 2064 828 propriis
2081 799 2136 829 pro
2154 790 2335 821 substenta·
2359 791 2362 795 ’

1327 843 1413 873 tione
1430 851 1486 872 sua
1500 842 1696 872 sufficientes
1719 842 1861 873 redditus
1888 843 2054 881 assignare
2066 866 2075 881 ,
2089 843 2254 874 licentiam
2271 843 2336 874 sibi

1327 895 1500 925 concedere
1526 895 1745 933 dignaremur.
1774 895 1922 926 Volentes
1953 896 2060 935 itaque
2084 896 2159 933 tibi,
2188 897 2243 936 qui
2274 896 2337 928 loci

1327 949 1517 978 diocesanos
1535 949 1642 978 existis
1654 973 1661 986 ,
1680 949 1712 978 iu
1730 949 1788 979 hac
1807 953 1895 988 parte
1913 949 2055 986 deferre,
2075 950 2267 980 fraternitati
2285 954 2336 981 tue

1329 1011 1382 1041 per
1398 1001 1568 1041 apostolica
1585 1002 1701 1040 scripta
1715 1002 1906 1032 mandamus
1922 1006 2091 1041 quatenus,
2106 1002 2228 1033 eisdem
2245 999 2337 1034 nobi-

1328 1055 1413 1085 libus
1433 1055 1620 1085 facientibus
1637 1055 1719 1094 qnod
1745 1055 1901 1092 offerunt,
1922 1056 1947 1085 si
1970 1055 2118 1094 expedire
2133 1055 2271 1093 videris,
2291 1055 2338 1086 eis

1329 1108 1483 1138 concedas
1513 1108 1673 1138 licentiam
1707 1108 1896 1146 postulatam
1911 1132 1917 1144 ,
1949 1108 2020 1139 sine
2048 1109 2132 1148 juris
2161 1108 2338 1149 prejudicio

1329 1161 1440 1191 alieni.
1469 1162 1538 1191 Dat.
1567 1162 1684 1198 nome,
1709 1162 1792 1200 apud
1824 1162 1974 1192 Sanctam
1999 1162 2136 1192 Mariam
2158 1162 2313 1202 Majorem
2328 1185 2337 1200 ,

1329 1225 1348 1245 v
1366 1215 1520 1246 kalendas
1537 1215 1631 1252 maii⁷
1652 1224 1738 1245 anno
1756 1215 1858 1245 tertio.
1880 1227 1891 1241 ι)

1393 1375 1521 1404 '2595

1366 1437 1499 1464 Facultas
1515 1437 1680 1464 absolvendi
1695 1446 1711 1463 a
1727 1438 1874 1464 canonicis
1890 1436 2053 1464 sententiis.
2070 1436 2154 1471 (Rso.
2172 1437 2216 1472 45,
2232 1445 2259 1464 c.
2276 1437 2338 1470 130,

1330 1487 1349 1514 f.
1366 1487 1397 1514 ‘21
1418 1494 1465 1518 νη
1483 1487 1550 1513 Lar.
1569 1495 1603 1513 nu
1618 1486 1716 1519 Tacit..
1734 1486 1786 1520 111,
1804 1486 1859 1515 99.)

1671 1374 2028 1410 Sainte-Marie-ltlajeure‚
2045 1374 2079 1402 28
2095 1382 2171 1402 mars
2187 1374 2266 1403 1290.

1377 1589 1543 1618 Venerabili
1558 1589 1653 1625 fratri
1670 1588 1701 1618 G.
1718 1612 1723 1622 ,
1742 1589 1874 1626 episcopo
1892 1588 2188 1626 Grationopolilano,
2203 1586 2339 1618 13011113-
2358 1595 2360 1599 ’

1332 1646 1393 1671 tem
1411 1641 1557 1672 concedit
1571 1641 1755 1670 absolvendi
1771 1641 1903 1671 clericos
1919 1640 2236 1681 Grationopolitanae
2249 1641 2339 1672 dioe—

1331 1695 1411 1725 cesis
1438 1695 1491 1734 qui
1514 1703 1568 1733 pro
1593 1693 1731 1724 violenta
1755 1694 1928 1732 injectione
1951 1702 2108 1724 manuum
2128 1694 2163 1723 in
2189 1702 2341 1733 personas

1331 1748 1560 1778 ecclesiasticas
1591 1747 1934 1777 excommunicationis
1965 1747 2160 1778 sententiam
2193 1747 2341 1778 incurre-

1331 1803 1396 1832 rint
1420 1805 1450 1831 et
1473 1800 1679 1840 dispensandi
1695 1809 1768 1830 cum
1788 1801 1833 1830 eis
1856 1801 1912 1839 qui
1935 1801 1979 1830 sic
2002 1800 2094 1838 ligati
2116 1800 2356 1839 irregularita-·

1332 1859 1396 1885 tem
1409 1855 1639 1885 contraxerint.

1374 1921 1387 1935 «
1418 1909 1460 1938 Ut
1479 1917 1514 1938 eo
1543 1907 1749 1945 gratiosior...
1777 1924 1816 1929 —
1842 1908 1912 1939 Dat.
1930 1908 2057 1946 2R0me,
2085 1908 2169 1947 apud
2190 1907 2342 1939 Sanctam

1333 1962 1468 1991 Mariam
1487 1961 1637 2000 Majorem
1652 1985 1657 1996 ‚
1678 1970 1697 1989 v
1714 1960 1870 1990 kalendas
1885 1960 2016 2000 aprilis,
2037 1969 2122 1991 anno
2138 1961 2240 1992 tertio.
2256 1973 2270 1989 ι

1404 2121 1522 2150 2596
1703 2119 2066 2154 Satnte--ttlarie-Majeure‚
2085 2120 2100 2147 5
2118 2119 2173 2146 mai
2190 2118 2268 2148 1290.
2454 2132 2477 2164 Μ

1368 2183 1574 2218 Indulgentiae.
1594 2182 1674 2215 (Rea.
1693 2182 1736 2216 45,
1753 2190 1778 2209 c.
1798 2182 1871 2212 1302,
1888 2181 1908 2208 f.
1924 2181 1955 2208 21
1974 2184 2025 2214 vo.)
2453 2195 2477 2227 ,ψ

1375 2273 1528 2302 Univcrsis
1541 2271 1656 2301 Chi-isli
1674 2272 1813 2307 fidelibus
1835 2275 1985 2308 presentes
2005 2271 2125 2300 litteras
2145 2271 2338 2310 inspecturis.⁴
2454 2240 2477 2322 &ih

1331 2325 1572 2363 Indulgentiam
1597 2325 1693 2354 nnius
1714 2325 1793 2354 anni
1818 2329 1848 2354 et
1873 2334 1911 2354 xx.
1928 2324 2053 2354 dierum
2076 2323 2222 2355 concedit
2238 2323 2340 2354 omni·-

1330 2380 1389 2410 bus
1405 2388 1478 2409 vere
1492 2378 1727 2417 poenitentibus
1743 2383 1774 2408 et
1789 2378 1941 2408 confessis
1963 2378 2019 2417 qui
2041 2377 2209 2408 ecclesiam
2230 2377 2342 2410 Sancti-
2390 2398 2395 2403 -

1332 2432 1457 2463 Nicolai
1473 2433 1510 2462 de
1528 2432 1698 2461 Praefectis
1709 2433 1747 2461 de
1759 2432 1847 2463 Urbe
1860 2431 1912 2462 die
1923 2441 1986 2471 qua
1996 2431 2205 2470 dedicabitur,
2218 2431 2254 2462 in
2262 2431 2340 2467 festo

1331 2486 1433 2517 sancti
1450 2485 1574 2516 Nicolai
1591 2489 1621 2515 et
1637 2494 1737 2524 nsque
1760 2485 1799 2515 ad
1820 2490 1889 2516 octo
1914 2485 1982 2515 dies
2006 2485 2192 2525 hujusmodi
2214 2484 2334 2522 dedica
2476 2521 2477 2524 Ἰ

1333 2540 1452 2570 tionem
1466 2543 1495 2568 et
1507 2539 1622 2568 festum
1640 2539 1825 2568 immediate
1840 2542 2011 2578 sequentes
2027 2538 2102 2569 etin
2118 2537 2319 2569 anniversari
2463 2557 2476 2586 m

1331 2593 1384 2623 die
1399 2592 1608 2622 dedicationis
1624 2592 1838 2622 visitaverint.
2335 2620 2338 2632 Ι

1375 2659 1389 2674 «
1408 2647 1489 2676 Loca
1503 2651 1686 2675 sanctorum
1702 2646 1887 2676 omnium...
1904 2663 1943 2667 —
1960 2645 2031 2675 Dat.
2054 2645 2168 2683 Rome,
2182 2649 2217 2675 ut
2232 2652 2326 2684 supra
2466 2685 2473 2690 q

1333 2709 1365 2730 111
1383 2708 1482 2730 nonas
1500 2699 1574 2728 maii
1590 2723 1595 2734 .
1611 2707 1697 2729 auno
1714 2699 1817 2729 tertio.
1837 2710 1851 2725 ι
2327 2698 2332 2703 ’
2452 2713 2477 2754 Q

2451 2764 2477 2797 (11

2453 2819 2470 2849 ii

1370 2859 1624 2890 2592-2598
1706 2857 2069 2893 Sainte-Marie-Majeure‚
2083 2857 2123 2886 20·
2133 2865 2210 2886 mars
2225 2857 2303 2886 1290.
2336 2893 2339 2899 Ι
2451 2875 2477 2909 md

1369 2921 1576 2955 Indulgentiae.
1594 2921 1677 2954 (Rae.
1695 2921 1736 2952 45,
1758 2929 1783 2948 c.
1801 2921 1860 2952 131,
1879 2921 1897 2948 s.
1913 2920 1947 2947 22
1964 2923 2011 2956 ro.)

1376 3046 1395 3054 ..
1414 3025 1525 3054 decano
1543 3028 1568 3052 et
1585 3024 1716 3061 capitulo
1732 3024 1848 3053 ecclesie
1869 3023 1976 3053 Sancte
1994 3023 2088 3054 Marie
2108 3021 2341 3059 Namurcensic‘f
