2342 3652
3 3009 8 3099 l

7 3153 11 3196 i

10 3233 14 3331 l

14 3406 18 3446 ἱ

17 3494 23 3551 ξ

16 3562 31 3652 4

857 365 1076 407 PREMOERE
1098 365 1256 404 ANNEE.
2063 370 2100 400 95

62 462 101 491 In
118 469 144 490 e.
162 468 205 489 m.
227 480 247 488 ..
264 455 499 494 archiepiscopo
514 448 753 482 Terraconensi.
772 446 854 476 Eum
870 443 1013 473 hortatur

23 514 62 544 ad
75 513 268 552 praedictum
281 509 417 540 electum
433 504 647 537 favorabiliter
662 497 911 538 suscipiendum.

93 699 181 728 5o⁸=
635 688 720 721 Rieu,
736 686 768 712 27
784 685 850 711 aout
866 682 944 709 1288.

60 761 167 789 Abbati
181 760 215 786 de
229 758 380 792 Radingen
392 764 462 783 usus
474 754 571 781 mitrae
582 749 753 778 conceditur.
765 746 844 778 (Rea.
860 745 903 777 44,
914 752 938 770 c.
953 743 1015 774 3⁶26,

27 811 46 837 f.
66 810 98 837 74
114 810 162 842 ro.)

68 946 88 953 ..
106 923 207 953 abbati
225 926 250 951 et
270 922 414 958 fratribus
430 919 463 948 de
477 916 637 952 Radinqen.
655 911 765 941 Eidem
779 908 886 939 abbati
902 912 932 937 et
946 917 1018 938 suc-

28 975 203 1007 cessoribus
219 975 299 1013 ejus,
316 973 355 1003 ad
370 973 468 1002 instar
483 966 652 1000 Clementis
665 972 763 1003 papae
775 963 838 1000 ΙΙΙ,
852 971 946 992 usum
958 961 1019 990 mi-

29 1033 94 1059 trae
110 1032 140 1058 et
153 1027 255 1064 anuli,
275 1027 488 1061 cirotecarum,
507 1018 703 1055 dalmaticae,
720 1016 845 1046 tunicae
861 1019 891 1045 et
907 1014 1019 1044 sanda-
1049 1013 1052 1017 '

28 1081 147 1112 liorum
164 1079 317 1110 concedit.

71 1145 85 1161 a
103 1134 203 1163 Decor
216 1131 346 1171 apostoli
359 1129 541 1161 culminis...
555 1143 592 1148 -
604 1126 675 1155 Dat.
691 1124 800 1159 Reate,
817 1132 848 1152 vr
867 1121 1020 1151 kalendas

31 1186 226 1226 septembris,
246 1193 330 1215 anno
346 1184 456 1223 primo.
482 1194 495 1208 n

338 1350 685 1399 Sainte-Marie-MaJ'eure‚
702 1364 734 1390 15
752 1363 855 1389 fevrier
872 1362 950 1389 1289.

102 1371 193 1400 5⁰8

70 1440 112 1467 De
127 1440 264 1467 electione
280 1437 393 1465 Hem-ici
406 1436 440 1462 de
455 1434 587 1462 Ponzono
603 1434 632 1460 in
647 1432 824 1459 saonensem
842 1433 1022 1467 episcopum.

35 1489 117 1523 (Rea.
135 1490 182 1523 44,
199 1497 223 1516 c.
246 1487 304 1521 327,
320 1487 338 1514 f.
355 1486 386 1512 74
401 1486 446 1517 r⁰.)

78 1604 194 1634 Dilectis
209 1604 281 1641 filiis
299 1625 318 1631 ..
341 1601 442 1631 Sancti
461 1600 622 1630 Gaudentii
641 1599 676 1628 cle
697 1599 804 1627 Sancto
820 1597 970 1635 Stephano
993 1598 1027 1626 de

40 1658 158 1687 Comana
169 1680 176 1693 ,
193 1656 321 1686 Albensi-5
335 1655 469 1690 diocesis,
494 1658 520 1682 el
537 1653 747 1690 Apostolorum
770 1653 1024 1680 monasteriorum

39 1711 193 1741 abbatibus
209 1718 243 1739 ac
263 1731 282 1739 ..
301 1708 447 1746 preposito
472 1707 586 1736 ecclesie
608 1707 751 1735 Ascensz's.
776 1705 879 1741 Olim,
896 1709 1027 1734 vacante

41 1763 190 1794 Saonensi
215 1761 356 1798 ecclesia,
378 1760 478 1799 major
500 1768 572 1798 pars
597 1758 729 1798 capituli
747 1758 921 1788 Saonensis
938 1758 1028 1787 Hen-

39 1817 138 1847 ricum
168 1815 205 1845 de
228 1815 390 1850 Ponzono,
418 1813 731 1851 archipresbyterum
756 1811 858 1850 plebis
886 1812 923 1841 de
953 1811 1029 1840 Mil-

39 1869 161 1907 lesimo,
184 1867 331 1898 Albensis
355 1867 521 1904 dioecesis,
549 1866 648 1897 altera
673 1874 747 1896 vero
771 1875 843 1904 pars
868 1865 1028 1903 quondam

38 1921 220 1960 magistrum
234 1919 422 1956 Vassallum,
439 1919 628 1950 canonicum
645 1918 796 1949 ecclesiae
812 1918 946 1948 Sanctae
962 1918 1029 1947 Ma-

38 1974 102 2004 riae
115 1973 151 2003 in
166 1973 274 2003 vineis
293 1973 464 2003 Januensis
477 1997 484 2010 ,
503 1973 538 2002 in
555 1972 751 2003 Saonensem
769 1972 951 2010 episcopum
968 1971 1030 2001 ele-

38 2030 166 2064 gerunt,
189 2030 218 2056 et
238 2026 292 2062 N.‚
314 2025 564 2056 Mediolanen'sis
586 2025 862 2064 archiepiscopus,
884 2025 1031 2063 magistri

40 2077 171 2109 Vassalli
189 2078 339 2109 electione
356 2083 487 2115 cassata,
508 2078 696 2109 electionem
711 2078 844 2108 Henrici
861 2078 1031 2108 confirma-

37 2131 98 2170 vit;
114 2131 167 2163 sed
178 2132 217 2162 ab
229 2131 414 2171 hujusmodi
430 2133 589 2162 sententia
604 2132 763 2170 praedicto
774 2131 918 2161 Vassallo
929 2131 969 2160 ad
981 2140 1031 2161 se-

39 2184 109 2215 dem
123 2184 321 2224 apostolicam
339 2184 536 2224 appellante,
553 2185 712 2215 Martinus
732 2193 811 2224 papa
825 2184 1031 2221 Aneherum,

40 2237 121 2268 tituli
138 2237 268 2268 Sanctae
288 2238 438 2268 Praxedis
462 2239 687 2277 presbyterum
705 2238 922 2275 cardinalem,
946 2238 1034 2268 dedit

40 2290 176 2330 partibus
193 2290 379 2321 auditorem.
401 2291 506 2330 Hujus
529 2295 637 2321 autem
657 2291 779 2329 negotii
803 2291 938 2321 durante
960 2299 1032 2329 pro—

40 2351 127 2374 cessu
143 2348 285 2374 mortuus
300 2348 346 2374 est
363 2344 526 2374 Vassallus
540 2355 547 2381 3
566 2345 707 2375 Henrico
720 2353 794 2374 vero
806 2344 962 2383 quaedam
976 2345 1034 2374 cri-

40 2396 127 2426 mina
141 2396 175 2426 in
193 2405 287 2427 causa
302 2397 460 2435 praedicta
483 2397 605 2435 objecta
619 2398 764 2435 fuerunt,
786 2397 935 2427 videlicet
950 2397 1034 2436 quod

42 2453 106 2479 erat
123 2449 372 2480 incontinentiae
391 2459 427 2480 ac
447 2451 613 2489 symoniae
628 2451 716 2480 vitiis
738 2451 880 2481 irretitus
900 2456 930 2481 et
949 2451 1033 2490 quod

42 2501 130 2540 plura
148 2501 359 2533 ecclesiastica
380 2503 551 2541 beneficia,
568 2512 678 2534 curam
702 2505 888 2535 animarum
911 2505 1034 2534 haben-

42 2554 100 2592 tia,
116 2555 184 2585 sine
201 2555 436 2595 dispensatione
452 2556 535 2586 sedis
556 2557 743 2595 apostolicae
759 2558 957 2596 detinuerat,
982 2558 1036 2588 sed

43 2608 123 2647 apud
144 2608 250 2638 sedem
271 2608 474 2647 apostolicam
499 2609 537 2638 de
561 2610 747 2649 hujusmodi
763 2611 953 2641 criminibus
972 2620 1035 2641 non

43 2661 142 2699 potuit
157 2661 272 2691 veritas
288 2661 448 2699 indagari.
468 2662 572 2698 Quare
587 2672 666 2702 papa
681 2664 852 2702 praedictis
870 2665 1037 2694 abbatibus

45 2717 73 2743 et
81 2715 255 2753 praeposito
266 2714 398 2744 mandat
408 2719 442 2744 ut
453 2724 548 2754 snper
562 2716 704 2747 articulis
717 2726 795 2756 quos
809 2719 854 2747 eis
868 2719 918 2754 B„
931 2719 1039 2748 Sancti

45 2765 164 2796 Nicolai
185 2767 220 2796 iu
244 2766 376 2797 Carcere
393 2767 540 2798 Tulliano
561 2768 713 2800 diaconus
730 2771 919 2808 cardinalis,
939 2776 1039 2801 trans-

45 2821 140 2850 mittit
154 2821 307 2860 inquisita
324 2823 467 2861 veritate,
487 2824 676 2862 magistrum
691 2826 879 2864 Henricuni,
893 2827 919 2857 si
933 2831 1041 2857 contra

48 2881 120 2903 eum
143 2873 225 2903 nihil
251 2875 416 2913 probatum
442 2876 555 2912 fuerit,
579 2877 612 2906 in
642 2877 833 2909 Saonensem
861 2880 1040 2919 episcopum

47 2926 242 2957 confirment.

89 2990 102 3007 α
118 2980 269 3019 Exposuit
286 2981 376 3011 nobis
396 2981 570 3012 dilectus...
590 3000 628 3004 —
644 2983 715 3013 Dat.
734 2985 832 3016 Rome
848 2987 931 3025 apud
949 2987 1044 3017 Sauc-

51 3035 112 3062 tam
126 3033 259 3063 Mariam
275 3034 440 3073 Majorem,
453 3045 492 3065 xv
506 3035 658 3066 kalendas
671 3038 788 3075 martii,
802 3048 887 3069 anno
899 3040 1012 3078 primo.
1025 3053 1037 3067 ιι

1168 439 1259 466 5⁰9

1134 501 1267 528 Facultas
1274 500 1481 528 absolvendiab
1488 498 1795 526 excommunicationis
1802 498 1953 525 sententia.
1965 498 2047 530 (Rae.
2056 499 2100 532 44,

1099 559 1125 578 c.
1143 550 1204 584 328,
1220 550 1240 577 f.
1258 550 1290 576 74
1306 551 1354 582 r⁰.)

1419 436 1770 470 Sainte-Marie-Majeure,
1783 435 1816 462 ‘20
1832 435 1936 462 fevi-ier
1952 436 2029 463 1289.

1147 659 1314 688 Venerabili
1322 658 1417 694 fratri
1430 679 1450 686 ..
1467 658 1596 694 episcopo
1609 657 1821 686 Salamantz'no
1832 654 2014 685 facultatem
2029 663 2103 685 con-

1101 712 1184 742 cedit
1197 711 1382 741 absolvendi
1394 710 1525 741 clericos
1537 709 1681 748 ejusdem
1693 709 1843 739 ecclesiae
1857 709 1924 748 qui⁷
1936 708 1970 737 in
1984 708 2104 738 dissen-

1101 764 1247 795 sionibus
1260 765 1346 794 inter
1366 763 1554 799 Alfonsum,
1572 771 1679 800 regem
1695 761 1859 798 Castellae,
1877 765 1907 791 et
1925 761 2102 798 Sanctium,

1102 820 1170 857 eJ'us
1192 818 1314 854 filium,
1339 826 1448 855 regem
1465 816 1621 846 Castellae
1648 819 1678 845 et
1698 816 1862 853 LegioniS,
1882 815 2104 851 existentibus,

1103 871 1444 902 excommunicationis
1460 869 1710 899 sentententiam
1725 869 1944 898 incurrerunt.

1145 937 1158 952 α
1183 925 1314 954 Dudum
1332 925 1415 953 inter
1435 923 1556 953 clare...
1576 939 1615 945 —
1636 923 1707 951 Dat.
1727 922 1828 952 Rome
1850 921 1933 960 apud
1956 921 2106 950 Sanctam

1104 979 1243 1008 Mariam
1261 978 1427 1016 Majorem,
1441 987 1459 1006 x
1474 976 1628 1006 kalendas
1644 976 1764 1012 martii,
1779 983 1864 1004 anno
1880 975 1994 1013 primo.
2013 986 2026 1001 »

1174 1150 1263 1180 510
1428 1147 1782 1181 Sainte-Marie-Majeure,
1796 1147 1830 1173 20
1841 1147 1944 1173 fevi-ier
1958 1146 2036 1173 1289.

1140 1213 1180 1241 Ut
1195 1221 1292 1248 supra.
1310 1212 1392 1246 (Rae.
1411 1212 1458 1243 44,
1476 1220 1500 1237 e.
1520 1211 1580 1242 329,
1598 1211 1617 1237 f.
1635 1210 1668 1237 74
1684 1210 1732 1242 r0.)

1147 1322 1252 1352 Eidem
1270 1322 1451 1352 facultatem
1467 1321 1612 1351 concedit
1626 1319 1810 1350 absolvendi
1824 1318 1956 1348 clericos
1967 1317 2110 1356 ejusdem

1107 1377 1257 1407 ecclesiae
1275 1388 1288 1402 α
1313 1375 1386 1414 qni,
1406 1383 1461 1414 pro
1478 1374 1660 1404 detentione
1676 1373 1945 1409 concubinarum,
1963 1370 2057 1400 latam
2076 1370 2111 1399 in

1108 1429 1185 1460 tales
1204 1429 1395 1467 generaliter
1413 1437 1468 1467 per
1489 1427 1608 1466 legatos
1632 1427 1714 1457 sedis
1732 1425 1902 1465 apostolice
1928 1432 2111 1454 excommu-

1108 1483 1279 1513 nicationis
1314 1481 1507 1511 seutentiam
1542 1481 1770 1517 incurrerunt,
1866 1478 1991 1517 proviso
2028 1476 2112 1515 quod

1108 1536 1207 1566 iidem
1229 1534 1450 1565 concubinarii
1468 1542 1596 1572 prorsus
1617 1541 1634 1562 a
1660 1542 1692 1562 se
1711 1532 1847 1562 abitiaut
1862 1530 2059 1561 concubinas
2082 1532 2112 1559 et

1109 1590 1148 1619 de
1165 1589 1229 1618 hiis
1245 1588 1295 1618 vel
1310 1588 1382 1618 aliis
1405 1587 1539 1617 minime
1566 1586 1768 1616 resumendis
1794 1588 1934 1624 prestent
1952 1583 2112 1622 ydoneam

1110 1643 1303 1673 cautionem.

1153 1710 1165 1724 «
1186 1696 1367 1726 Devotionis
1387 1699 1437 1725 tue
1453 1694 1635 1733 precibus...
1653 1709 1692 1714 --
1707 1693 1779 1722 Dat.
1796 1695 1828 1722 ut
1843 1699 1948 1730 supra.
1966 1703 1979 1717 n

1185 1879 1268 1906 511

1150 1941 1284 1968 Facultas
1298 1938 1422 1974 eligendi
1436 1938 1642 1964 confessorem*
1660 1935 1742 1969 (Rae.
1760 1935 1803 1966 44,
1819 1943 1844 1960 c.
1862 1933 1923 1967 330,
1939 1933 1959 1960 f.
1976 1933 2008 1959 74
2024 1936 2074 1963 νο.)

1426 1872 1785 1906 Sainte-Marie-MaJeure,
1803 1871 1834 1898 13
1848 1870 1951 1898 fevrier
1967 1870 2045 1897 1289.

1160 2051 1326 2080 Venerabili
1343 2050 1439 2086 fratri
1454 2049 1599 2081 Martino,
1620 2047 1750 2084 episcopo
1767 2045 1950 2082 Legionensi.

1158 2117 1171 2131 a
1192 2104 1387 2133 Animarum
1404 2101 1538 2131 salutem
1553 2109 1589 2130 ex
1656 2116 1694 2121 -
1709 2099 1780 2128 Dat.
1803 2098 1904 2128 Rome
1918 2096 2001 2136 apud
2019 2095 2118 2126 Sanc-

1116 2163 1179 2188 tam
1201 2157 1336 2187 Mariam
1359 2156 1527 2195 Majorem,
1547 2153 1653 2183 idibus
1671 2151 1834 2182 februarii.
1852 2158 1938 2180 anno
1958 2149 2072 2188 primo.
2101 2160 2114 2175 >›

1188 2338 1274 2365 512

1154 2399 1258 2426 Contra
1281 2402 1466 2433 usurpatores
1489 2397 1630 2422 bonorum
1654 2394 1822 2421 monasterii
1851 2392 1949 2419 Sancti
1978 2391 2059 2418 Pauli
2088 2391 2121 2416 de

1119 2448 1206 2475 Urbe.
1224 2448 1305 2482 (Rae.
1323 2447 1370 2477 44,
1388 2455 1413 2473 c.
1431 2446 1491 2476 3311,
1509 2446 1529 2471 f.
1546 2445 1578 2471 74
1595 2445 1647 2476 v0.)

1443 2332 1796 2367 Sainte·Marie·Majeure,
1810 2332 1841 2358 13
1856 2330 1959 2357 fevrier
1971 2329 2050 2356 1289.

1165 2558 1332 2587 Venerabili
1355 2557 1449 2592 fratri
1476 2578 1495 2584 ..
1521 2555 1651 2592 episcopo
1679 2553 1854 2582 Penestrino
1880 2556 1905 2579 el-
1931 2550 2034 2579 dilecto
2060 2550 2123 2585 filio

1120 2612 1168 2647 P.,
1187 2611 1269 2640 {itali
1282 2610 1385 2639 Sancti
1396 2609 1490 2637 Marci
1507 2606 1676 2645 presbytero
1687 2605 1852 2640 cardinali,
1869 2602 1999 2632 mandat
2014 2604 2124 2640 quate-

1122 2668 1214 2694 tenus
1241 2672 1295 2701 per
1325 2659 1663 2692 excommunicationis
1692 2662 1722 2688 et
1750 2656 1912 2687 interdicti
1939 2655 2123 2691 sententias,

1121 2718 1266 2747 invocato
1293 2715 1332 2744 ad
1362 2715 1422 2744 hoc
1448 2714 1475 2743 si
1501 2722 1578 2752 opus
1608 2711 1703 2741 fuerit
1728 2709 1846 2740 auxilio
1867 2708 1992 2739 brachii
2015 2717 2124 2738 saecu-

1121 2770 1210 2806 laris,
1225 2772 1339 2806 cogant
1354 2766 1527 2797 nonnullos
1541 2770 1605 2795 tam
1619 2765 1749 2794 clericos
1766 2772 1861 2802 quam
1876 2762 1999 2793 nobiles
2016 2770 2052 2792 ac
2064 2762 2126 2791 mi-

1123 2824 1195 2853 lites
1221 2827 1250 2851 et
1274 2822 1369 2851 laicos
1394 2821 1432 2850 de
1458 2820 1544 2850 Urbe
1568 2823 1598 2849 et
1621 2817 1865 2856 circumpositae
1887 2817 2044 2854 regionis,
2072 2816 2126 2854 qui

1124 2877 1283 2912 ecclesias,
1312 2879 1423 2911 castra,
1450 2873 1575 2910 casalia,
1601 2877 1711 2910 terras,
1730 2871 1839 2901 domos
1859 2874 1890 2900 et
1915 2869 2127 2908 possessiones

1125 2931 1213 2967 alias,
1232 2930 1271 2959 ad
1288 2927 1516 2959 monasterium
1537 2925 1643 2956 Sancti
1661 2924 1757 2954 Pauli
1776 2924 1814 2954 de
1835 2923 1922 2954 Urbe
1943 2923 2125 2962 spectantia,

1125 2988 1289 3022 occupant,
1309 2987 1343 3011 ut
1363 2981 1445 3011 dicto
1470 2979 1662 3010 monasterio
1678 2978 1787 3008 eadem
1804 2977 1938 3007 reddant
1957 2981 1986 3006 et
2000 2984 2056 3015 pro
2078 2976 2125 3004 in-

1123 3038 1218 3077 juriis
1238 3035 1442 3066 satisfaciant.
