2342 3652
948 346 1168 387 PREMIERE
1190 348 1346 385 ANNEE.
2155 357 2192 386 29

182 431 265 460 1⁵28
693 426 784 457 Rieti,
803 425 834 452 18
846 422 940 459 juillet
955 422 1034 449 1288.

146 492 328 528 Dispensatio
344 492 527 518 matrimonii.
544 490 626 524 (Rau.
644 490 687 520 44,
702 497 728 515 c.
745 488 789 518 93,
805 487 825 513 f.
841 486 874 513 23
890 487 942 518 νῦ.)

155 582 320 611 Venerabili
332 582 427 617 fratri
441 603 461 609 ..
478 580 694 617 archiepiscopo
713 576 872 606 Viennensi
887 572 1018 603 mandat
1030 581 1103 611 qua-

112 640 201 665 tenus
225 643 297 664 cum
321 634 467 669 Sibueto,
492 638 566 662 nato
591 631 705 662 nobilis
731 629 793 658 viri
812 626 963 657 Drooneti
979 626 1106 656 domini

109 689 148 718 de
161 687 247 717 Bello
261 687 352 722 Visu,
370 691 399 716 et
413 686 574 721 Johanna,
592 688 664 714 nata
680 681 798 713 nobilis
813 680 875 710 viri
890 679 1049 718 Aymonis
1066 678 1104 709 de

112 741 287 772 Bossosello
305 741 426 770 domini
443 740 481 769 de
498 739 629 774 Malbec,
646 734 838 766 Viennensis
855 733 1017 769 dioecesis,
1035 732 1102 762 dis-

110 799 219 834 penset
236 799 344 824 utnon
363 794 507 823 obstante
522 795 631 831 quarta
646 787 929 826 consanguinitatis
941 786 1027 816 linea
1041 795 1103 825 qua

109 847 271 886 conjuncti
287 851 371 883 sunt,
389 845 627 876 matrimonium
643 843 719 873 olim
734 842 818 871 inter
834 840 917 879 ipsos
933 843 1101 869 tractatum

108 900 146 930 ad
177 899 333 929 sedandas
361 908 472 937 graves
497 905 626 936 guerras
651 895 734 924 inter
759 897 905 932 parentes
935 893 1103 922 existentes

109 953 296 983 contrahere
312 952 447 981 valeant.

150 1020 161 1032 u
186 1005 331 1044 Exposita
347 1013 451 1034 coram
467 1003 593 1033 nobiS...
610 1016 650 1023 —-
669 1000 741 1030 Dat.
760 1000 873 1036 Reate,
892 1008 932 1028 xv
950 998 1103 1029 kalendas

111 1059 249 1097 augusti,
265 1066 350 1109 apno
364 1057 474 1097 primo.
494 1065 509 1085 »

182 1203 265 1231 1⁸29
682 1197 775 1229 Rieti,
793 1198 824 1225 18
842 1197 936 1232 juillet
952 1198 1030 1226 1288.

145 1264 328 1300 Dispensatio
342 1262 521 1291 matrimonii.
539 1260 621 1293 (Rea.
637 1259 682 1292 44,
698 1268 723 1287 e.
740 1260 782 1291 94,
800 1260 819 1286 f.
836 1260 869 1287 ‘23
885 1261 937 1293 v0.)

149 1369 249 1398 Eidem
274 1365 400 1396 mandat
425 1368 578 1403 quatenus
602 1372 675 1393 cum
696 1362 795 1393 nobili
818 1362 886 1393 viro
912 1362 1022 1393 Odone
1044 1361 1102 1392 do-

114 1421 200 1450 mino
215 1419 370 1449 Turnonis
389 1422 418 1447 et
439 1418 617 1447 Helionours
633 1425 739 1446 sorore
763 1415 879 1446 nobilis
898 1416 959 1445 viri
979 1415 1103 1445 Artaldi

113 1473 234 1504 domini
248 1471 434 1502 Roscilionis
445 1474 475 1500 et
485 1470 642 1500 Anoniaci
655 1470 817 1508 dispenset
827 1474 872 1506 ut,
884 1478 948 1499 non
959 1469 1103 1499 obstante

112 1530 221 1565 quarta
239 1523 519 1562 consanguinitatis
534 1523 621 1553 linea
637 1532 698 1561 qua
713 1523 876 1561 conjuncti
890 1527 982 1558 sunt,
998 1522 1104 1551 matri-

117 1578 257 1609 monium
271 1577 346 1608 olim
360 1577 443 1606 inter
462 1577 546 1615 ipsos
571 1579 735 1606 tractatum
755 1575 796 1605 ad
814 1575 969 1605 sedandas
991 1584 1103 1613 graves

113 1631 291 1666 inimicitias
305 1630 387 1659 iuter
402 1633 546 1668 parentes
563 1633 686 1659 exortas
703 1628 891 1659 contrahere
908 1628 1046 1659 valeant.

152 1696 164 1710 α
184 1683 324 1722 Exposita
341 1691 446 1712 coram
461 1682 589 1713 nobis...
606 1697 644 1704 —
660 1682 731 1711 Dat.
749 1686 784 1711 ut
801 1690 907 1720 supra.
929 1693 942 1709 1>

181 1828 264 1856 ¹80
732 1826 825 1860 Rjeti,
843 1826 858 1854 6
871 1827 935 1861 juin
954 1826 1031 1854 1288.

147 1890 187 1916 Dc
201 1889 369 1925 quibusdam
385 1890 619 1925 possessionibus
632 1890 773 1917 ecclesiae
789 1890 925 1916 Astensis
942 1893 1103 1924 permutan-

111 1938 164 1965 dis.
181 1938 262 1972 (Rau.
277 1939 319 1972 44,
335 1947 360 1965 c.
377 1939 420 1970 95,
436 1939 458 1965 5⁰
473 1938 506 1966 23
523 1941 572 1971 vo.)

157 2027 317 2057 Venerabili
337 2029 430 2065 fratri
450 2028 479 2057 Β.
504 2029 635 2066 episcopo
652 2028 772 2058 Albensi
796 2028 927 2057 mandat
946 2031 1103 2066 quatenus

113 2080 250 2118 inquirat
275 2080 313 2110 de
340 2082 569 2120 opportunitate
599 2081 838 2119 supplicationis
867 2090 929 2120 qua
957 2081 1103 2110 Astensis

112 2134 273 2172 episcopus
286 2133 444 2164 licentiam
457 2135 532 2173 petit
546 2135 749 2174 permutandi
765 2134 918 2174 quasdam
934 2135 1102 2174 possessio-

115 2195 168 2215 nes
184 2195 258 2216 suae
275 2186 420 2217 ecclesiae
432 2196 486 2226 pro
499 2197 535 2218 eo
551 2188 635 2227 quod
649 2201 663 2215 α
678 2196 849 2218 commune
863 2197 899 2218 ac
912 2188 1007 2218 etiam
1025 2196 1102 2218 non-

113 2239 192 2269 nulli
208 2241 292 2270 cives
302 2241 450 2271 Astenses
460 2246 491 2271 et
502 2242 723 2272 universitates
733 2246 908 2272 castrorum
919 2247 950 2272 et
965 2241 1103 2271 aliorum

113 2293 253 2323 locorum
278 2293 405 2323 illarum
423 2295 557 2333 partium
578 2295 670 2334 plura
686 2299 789 2326 castra
812 2300 842 2326 et
864 2296 1103 2335 jurisdictiones

111 2352 285 2376 castrorum
297 2350 326 2376 et
341 2346 487 2377 villarum
500 2348 538 2378 ad
549 2350 718 2379 Astensem
730 2349 895 2380 ecclesiam
906 2349 1102 2388 pertinentia

113 2408 167 2437 per
185 2399 368 2429 violentiam
384 2399 525 2431 detinent
541 2406 688 2441 occupata
703 2411 738 2433 ac
756 2402 941 2442 hujusmodi
958 2402 1102 2432 detento-

113 2460 161 2480 res
177 2460 288 2481 eorum
307 2451 412 2491 aliqua
426 2453 551 2491 prefatis
565 2455 707 2495 episcopo
723 2459 753 2486 et
767 2455 897 2486 ecclesie
915 2456 1102 2492 restituere,

113 2513 166 2543 pro
187 2505 318 2544 reliquis
340 2514 413 2536 vero
432 2506 493 2537 alia
511 2513 627 2546 castra,
644 2513 742 2539 terras
764 2514 795 2540 et
817 2510 1048 2549 possessioneS,
1066 2518 1103 2539 ex

112 2557 227 2596 quibus
240 2559 376 2597 majores
392 2559 511 2590 fructus
524 2562 688 2600 provenire
702 2567 860 2602 poterunt,
877 2563 1025 2594 exhibere
1035 2572 1103 2602 per-

112 2611 295 2641 mutationis
311 2611 402 2642 titulo
417 2617 491 2642 sunt
505 2615 638 2652 parati...
654 2627 668 2642 ι

152 2676 164 2690 α
194 2664 257 2694 Sua
285 2665 376 2695 nohis
400 2667 625 2698 venerahilis...
648 2686 686 2692 —-
708 2670 780 2700 Dat.
805 2671 919 2707 Reate,
946 2680 1003 2700 vm
1032 2669 1104 2700 idus

107 2717 208 2754 junii,
225 2726 310 2748 anno
326 2719 437 2758 primo.
462 2731 476 2746 ι»

183 2862 261 2890 ¹81

147 2923 184 2950 Ut
199 2932 294 2959 supra.
313 2924 395 2957 (Rau.
413 2926 456 2959 44,
473 2933 498 2952 c.
515 2925 558 2957 96,
574 2926 594 2953 f.
609 2926 644 2953 24
659 2929 706 2960 ro.)

737 2867 828 2900 meti,
845 2868 860 2896 6
872 2869 937 2903 juin
954 2869 1030 2896 1288.

151 3012 252 3041 Eidem
266 3013 397 3044 mandat
411 3019 567 3053 quatenus
580 3015 721 3054 inquirat
732 3016 771 3048 de
785 3019 1017 3057 opportunitate
1032 3028 1106 3058 sup-

1190 421 1369 460 plicationis
1393 431 1457 460 qua
1473 422 1617 451 Astensis
1635 421 1798 459 episcopus
1815 420 1978 450 licentiam
1996 422 2073 459 petit
2093 431 2189 460 quae-

1189 474 1262 503 dam
1278 479 1379 504 castra
1395 474 1545 504 ecclesiae
1562 483 1636 504 suae
1657 486 1669 499 «ι
1688 482 1724 503 ex
1741 473 1874 512 quihus,
1892 481 1947 511 pro
1962 482 1997 503 eo
2013 473 2096 512 qnod
2112 483 2129 503 a
2145 475 2190 503 ci-

1188 526 1283 556 vitate
1302 528 1430 556 Astensi
1454 527 1593 556 nimium
1616 531 1752 563 remota,
1772 525 1933 556 modicum
1956 526 2100 555 utilitatis
2119 535 2191 564 pro-

1188 581 1276 610 venit
1300 581 1359 610 sibi
1384 585 1413 610 et
1437 581 1568 610 ecclesie
1594 580 1788 619 supradicte,
1815 579 2019 618 permutandi
2042 588 2096 618 pro
2120 579 2191 608 aliis

1187 634 1296 663 castris
1319 633 1422 663 eidem
1443 634 1561 663 civitati
1579 633 1859 673 propinquioribus
1876 637 1906 661 et
1925 632 2029 662 eidem
2047 632 2191 671 episcopo

1187 691 1218 716 et
1232 687 1313 716 dicte
1328 686 1460 717 ecclesie
1477 687 1696 717 utilioribus...
1719 699 1730 713 n

1228 752 1242 766 a
1267 739 1468 769 Venerabilis
1484 740 1579 770 frater
1595 745 1737 770 noster...
1753 756 1793 762 —
1810 740 1881 770 Dat.
1898 744 1932 769 ut
1947 748 2053 778 supra.
2075 750 2089 766 ιο

1260 893 1343 920 182
1798 891 1890 924 Rieti,
1912 892 1941 918 13
1958 892 2025 917 aont
2043 891 2119 918 1288.

1221 954 1406 990 Dispensatio
1426 954 1610 981 matrimonii.
1629 953 1712 986 (Res.
1730 954 1762 980 44
1774 974 1780 984 ,
1802 961 1827 979 c.
1851 953 1895 983 97,
1919 953 1938 978 f.
1957 952 1990 978 24
2007 959 2050 985 r⁰;
2071 951 2138 978 Lar.
2156 960 2191 979 nu

1184 1002 1288 1034 Tuam,
1306 1002 1328 1034 I,
1346 1003 1401 1036 31.)

1230 1107 1452 1137 Venerabilibus
1469 1107 1618 1143 fratribus
1645 1127 1665 1134 ..
1689 1106 1908 1142 archiepiscopo
1934 1104 2093 1133 Bisunzz‘no
2116 1109 2142 1133 ec
2170 1126 2188 1132 ..

1185 1161 1317 1198 episcopo
1334 1160 1524 1189 cabilonensi
1543 1158 1673 1188 mandat
1688 1162 1846 1197 quatenus
1861 1166 1935 1187 cum
1954 1158 2100 1194 Hugone,
2117 1161 2191 1186 nato

1186 1211 1303 1242 nobilis
1323 1212 1385 1241 viri
1408 1211 1549 1250 Philippi
1570 1211 1607 1241 de
1624 1211 1751 1241 Vienna
1772 1210 1897 1240 domini
1916 1210 1953 1239 de
1974 1210 2144 1248 Pugneyo,
2162 1213 2192 1239 et

1185 1265 1301 1302 Gileta,
1317 1270 1391 1295 nata
1407 1265 1568 1304 quondam
1587 1264 1746 1295 Simonini
1760 1264 1821 1293 filii
1836 1263 1954 1293 nobilis
1970 1264 2030 1293 viri
2051 1263 2191 1293 Mathaei

1186 1319 1310 1349 domini
1328 1319 1366 1348 de
1383 1319 1492 1357 Longo
1508 1319 1602 1355 Vico,
1620 1318 1811 1347 Bisuntinae
1829 1317 1996 1354 dioecesis,
2013 1316 2189 1355 dispenset,

1186 1377 1221 1403 ut
1237 1373 1361 1403 etiamsi
1382 1376 1493 1411 quarto
1509 1372 1796 1410 consanguinitatis
1819 1370 1918 1409 gradu
1942 1370 2105 1409 conjuncti
2127 1370 2192 1399 sint

1187 1431 1294 1456 tamen
1318 1426 1358 1456 ad
1381 1426 1536 1456 sedandas
1556 1434 1686 1463 guerras
1702 1425 1786 1454 inter
1800 1425 2017 1462 progenitores
2033 1422 2190 1453 dictorum

1188 1480 1334 1517 Hugonis
1349 1484 1379 1509 et
1394 1479 1516 1509 Giletae
1530 1483 1628 1514 ortas,
1646 1478 1731 1508 inter
1748 1486 1826 1516 quas
1842 1476 2020 1515 praedictus
2036 1475 2189 1515 Symoni-

1187 1542 1248 1562 nus
1265 1537 1295 1562 et
1311 1532 1368 1562 alii
1385 1533 1567 1571 perierunt,
1584 1532 1669 1561 iuter
1688 1540 1721 1561 se
1740 1530 1982 1560 matrimonium
2001 1528 2189 1559 contrahere

1187 1585 1322 1615 valeant.

1228 1650 1241 1666 «
1266 1639 1311 1668 Ex
1336 1643 1421 1677 parte
1445 1638 1589 1668 dilecti...
1614 1653 1654 1660 —
1676 1638 1748 1667 Dat.
1774 1637 1889 1672 Reate,
1913 1635 2017 1665 idibus
2041 1634 2186 1672 augusti,

1186 1700 1272 1722 auno
1290 1692 1403 1731 primo.
1426 1703 1439 1719 ι)

1260 1844 1345 1871 183
1774 1841 1867 1875 Rieti,
1885 1840 1916 1867 16
1929 1840 2024 1875 juillet
2042 1839 2118 1866 1288.

1221 1906 1335 1933 Inhibet
1351 1906 1462 1940 nequis
1477 1905 1511 1932 de
1527 1905 1665 1931 electione
1681 1904 1826 1931 Guillelmi
1842 1903 1869 1929 in
1886 1902 2061 1929 Ilei-densem
2077 1901 2190 1936 episco-

1186 1964 1254 1990 pum
1270 1963 1301 1982 se
1316 1955 1495 1981 intromittat.
1513 1954 1596 1988 (Rae.
1614 1953 1656 1985 44,
1676 1961 1702 1979 e.
1719 1953 1764 1986 98,
1781 1953 1800 1980 f.
1818 1952 1850 1979 24
1868 1953 1915 1984 r0.)

1224 2059 1345 2088 Dileclis
1372 2059 1447 2096 filiis
1477 2082 1497 2087 ..
1527 2059 1652 2088 sacriste
1682 2057 1796 2087 ecclesie
1823 2056 2024 2086 Gerzmdensis
2053 2060 2079 2084 et
2105 2054 2189 2084 Petro

1187 2113 1302 2150 Groyn,
1319 2113 1464 2141 canonico
1480 2112 1730 2141 Barchinonensi.
1750 2122 1763 2138 α
1782 2110 1868 2140 Licet
1881 2109 1958 2139 olim
1974 2107 2076 2138 felicis
2090 2116 2190 2137 recor-

1186 2166 1323 2197 dationis
1353 2166 1511 2195 Martinus
1540 2173 1636 2203 papa,
1664 2164 1866 2203 predecessor
1891 2168 2015 2199 noster,
2038 2162 2189 2201 provisio-

1186 2228 1244 2250 nes
1263 2219 1409 2249 omnium
1435 2218 1642 2249 ecclesiarum
1667 2217 1899 2248 cathedralium
1922 2217 2011 2255 regni
2029 2216 2190 2253 Aragonie

1186 2282 1222 2303 ac
1247 2273 1384 2302 aliarum
1408 2272 1442 2301 in
1468 2272 1562 2302 terris
1585 2272 1689 2301 eidem
1717 2280 1815 2309 regno
1842 2271 1991 2310 subjectis
2009 2269 2187 2300 consisten—

1188 2327 1284 2363 tium,
1308 2334 1387 2364 quas
1409 2334 1445 2355 ex
1470 2329 1547 2355 tunc
1567 2334 1678 2355 vacare
1701 2325 1892 2362 contigeret,
1915 2322 2084 2363 apostolice
2106 2321 2189 2352 sedis

1187 2379 1387 2418 dispositioni
1411 2378 1622 2409 reservaverit
1645 2387 1681 2408 ac
1706 2377 1882 2408 decreverit
1896 2377 2024 2406 irritum
2039 2380 2069 2406 et
2093 2376 2190 2405 inane

1188 2433 1215 2462 si
1239 2432 1315 2472 quid
1335 2436 1446 2462 contra
1465 2432 1716 2462 reservationem
1741 2430 1944 2469 hujusmodi,
1967 2429 2033 2459 sive
2054 2428 2191 2458 scienter

1188 2487 1254 2516 sive
1281 2486 1485 2524 ignoranter,
1505 2486 1679 2523 contigeret
1703 2484 1904 2523 attemptari,
1925 2488 2031 2512 tamen
2048 2485 2115 2520 post
2139 2489 2190 2509 re—

1188 2540 1400 2569 servationem
1426 2541 1457 2569 et
1487 2539 1649 2568 decretum
1675 2537 1877 2577 hujusmodi,
1904 2539 2036 2565 vacante
2058 2533 2190 2564 ecclesia

1188 2593 1344 2623 Ilerdensi
1362 2602 1416 2631 per
1436 2592 1557 2622 obitum
1581 2592 1663 2622 bone
1684 2591 1838 2621 memorie
1857 2589 1894 2619 G.
1915 2588 2088 2618 Ilerdensis
2105 2587 2188 2626 epis-

1187 2646 1266 2685 copi,
1278 2645 1420 2684 quidam,
1432 2645 1514 2675 sicut
1524 2645 1714 2684 accepimus,
1726 2652 1766 2673 ex
1774 2642 1935 2672 canonicis
1947 2642 2047 2680 ipsius
2061 2640 2190 2670 ecclesie

1188 2699 1362 2729 Ilerdensis
1381 2699 1552 2736 Hugonem
1580 2697 1775 2736 prepositum
1801 2695 2014 2725 Massiliensis
2042 2694 2187 2731 ecclesie,

1188 2761 1224 2782 ac
1252 2751 1367 2791 reliqui
1403 2751 1484 2781 dicte
1513 2750 1644 2781 ecclesie
1676 2749 1848 2780 Ilerdensis
1876 2748 2023 2779 canonici
2051 2747 2188 2778 Guillel-

1188 2814 1278 2835 mum
1307 2804 1345 2834 de
1370 2803 1615 2834 Montecathano
1642 2802 1904 2832 archidiaconum
1928 2801 2135 2838 Ilerdensem,
2150 2801 2189 2830 ad

1188 2860 1332 2897 regimen
1359 2857 1488 2888 ecclesie
1508 2857 1679 2886 ilerdensis
1706 2856 1824 2895 prefate
1848 2856 1880 2885 in
1904 2855 2059 2885 discordia
2085 2854 2188 2892 elege-

1189 2915 1274 2941 runt.
1293 2911 1412 2940 Verum
1433 2909 1541 2940 eodem
1564 2910 1701 2947 Hugone
1725 2908 1909 2947 hujusmodi
1932 2908 2077 2938 electioni
2094 2908 2133 2937 de
2157 2917 2189 2937 se

1189 2965 1269 2995 facte
1301 2963 1481 2994 consentire
1506 2962 1652 2998 nolente,
1680 2971 1716 2992 ac
1743 2962 1938 3000 Berengario
1967 2962 2006 2991 de
2032 2961 2187 2991 Fluviano

1189 3017 1341 3048 canonico
1370 3016 1486 3055 prefate
1513 3015 1643 3046 ecclesie
1669 3015 1840 3045 ilerdensis
1867 3015 1998 3054 predicti
2022 3014 2186 3044 Guillelmi
