2477 3637
171 383 230 414 406
927 367 1165 401 REGISTRES
1187 367 1243 397 DE
1264 365 1450 396 NICOLAS
1473 365 1530 395 IV.

527 439 887 473 Sainte-Marie-Majeure‚
906 437 921 464 ·2
937 445 1015 464 mars
1034 435 1110 462 1290.

212 512 251 542 In
268 520 296 541 e.
312 518 356 540 m.
376 532 396 538 ..
416 507 593 537 abbatissae
609 509 638 534 et
653 503 825 533 conventui
843 500 1028 530 monasterii
1049 499 1184 529 Sanctae

174 567 294 598 Mariae
309 564 347 594 de
366 564 491 598 Murro,
513 560 636 590 ordinis
653 559 684 589 S.
703 556 896 595 Augustini,
914 556 1083 585 Firmanae
1102 553 1184 583 dioe-

173 620 264 651 cesis.
283 616 426 647 Eandem
447 612 686 651 indulgentiam
702 609 848 640 concedit
863 607 1067 638 visitantibus
1082 605 1184 636 eccle-

174 673 256 702 siam
280 668 433 709 praedicti
458 665 667 702 monasterii,
689 664 723 693 in
749 663 903 693 honorem
931 661 1040 691 beatae
1065 659 1186 689 Mariae

174 725 308 763 virginis
342 725 555 753 constructam
575 743 581 753 ,
626 718 660 748 111
697 716 837 755 singulis
869 715 1012 754 ejusdem
1049 712 1187 750 virginis

175 776 400 809 festivitatibus
415 779 445 804 et
460 782 516 813 per
534 777 603 803 octo
617 772 686 801 dies
700 770 886 800 festivitates
900 768 985 807 ipsas
1001 765 1187 796 immediate

175 834 356 870 sequentes.

217 896 232 911 «
253 883 420 914 Gloriosus
436 881 523 910 Deus
540 880 612 909 in...
633 894 672 900 —
696 878 766 907 Dat.
787 876 908 911 Rome,
930 873 1013 913 apud
1036 871 1188 902 Sanctam

176 937 312 968 Mariam
329 935 501 973 Majorem,
518 942 549 961 vl
565 940 666 962 nonas
683 929 803 968 martii,
818 936 905 958 anno
923 927 1024 957 tertio.
1040 938 1053 952 n
1071 923 1186 964 (Ibid.).

251 1081 369 1110 2293
540 1073 903 1108 Sainte-Marie-MaJeure,
926 1071 941 1098 6
957 1078 1034 1097 mars
1052 1069 1119 1096 1290

214 1145 261 1172 Ad
278 1142 476 1179 inquisitionis
495 1140 632 1167 officium.
650 1138 733 1171 (Rae.
751 1137 802 1170 45,
820 1144 845 1162 c.
866 1135 909 1166 10,
927 1135 946 1161 f.
962 1134 978 1160 ‘2
999 1140 1046 1164 νος
1065 1132 1170 1159 Ρο1111.
1183 1152 1189 1163 ,

178 1194 289 1227 ς23ῗο1.)

223 1319 243 1326 ..
260 1296 370 1325 rectori
383 1294 546 1323 comitatus
561 1290 723 1327 Venaysini
738 1287 784 1317 vel
801 1287 867 1323 eius
881 1287 958 1315 vices
972 1284 1090 1322 qerenti
1103 1290 1192 1311 man-

183 1351 236 1380 dat
259 1353 293 1379 ut
314 1346 491 1378 Bertrando
514 1345 552 1375 de
579 1342 740 1381 Cigoterio
762 1345 792 1370 81
819 1338 994 1370 Guillelmo
1016 1337 1055 1366 de
1075 1335 1193 1365 Sancto

182 1401 344 1437 Marcello,
373 1399 497 1430 ordinis
527 1398 708 1431 minorum,
738 1392 986 1433 inquisitoribus
1013 1389 1193 1419 haereticae

181 1455 358 1496 pravitatis,
377 1453 414 1482 de
431 1452 600 1482 comitatus
618 1448 826 1488 proventibus
842 1445 1020 1476 moderatas
1038 1450 1193 1481 expensas

181 1507 406 1549 inquisitionis
421 1506 524 1536 officio
539 1509 733 1543 opportunas
752 1501 910 1531 exhibeat.

225 1576 238 1590 κ
263 1560 497 1593 Sollicitudinis
514 1563 622 1588 nostre
638 1556 819 1586 studium...
834 1572 873 1576 —
892 1554 964 1583 Dat.
983 1552 1095 1587 Rome,
1109 1550 1194 1589 apud

184 1618 332 1648 Sanctam
349 1615 482 1644 Mariam
496 1613 662 1651 Majorem,
676 1619 697 1639 11
712 1618 813 1639 nonas
824 1607 944 1643 martii,
959 1613 1046 1635 anno
1059 1604 1161 1634 tertio.
1176 1615 1189 1629 »

257 1759 510 1792 2294-2298
547 1754 907 1796 Sainte-Marie-MaJeure,
922 1752 936 1779 4
952 1759 1029 1778 mars
1046 1750 1124 1777 1290.

223 1825 371 1853 Gerardus
385 1823 525 1850 ecclesiae
551 1820 722 1855 spoletanae
740 1818 896 1852 episcopus
916 1814 1089 1850 praeficitur.
1113 1811 1196 1846 (Rae.

189 1877 233 1910 45,
248 1884 273 1902 c.
295 1875 345 1906 102,
364 1874 383 1900 s.
401 1873 415 1899 Q
433 1874 484 1904 vo.)

233 1963 402 1994 Venerabili
414 1962 509 1999 fratri
522 1959 664 1993 Ger-ardo,
683 1958 816 1994 episcopo
829 1956 1000 1993 Spoletano.
1014 1952 1109 1987 Eum,
1124 1956 1200 1980 tunc

190 2019 376 2058 episcopum
392 2014 617 2052 Anagninum,
632 2021 650 2041 a
667 2010 796 2040 vinculo
812 2017 874 2048 qno
887 2008 993 2037 eidem
1006 2005 1201 2043 Anagninae

192 2071 346 2103 ecclesiae
366 2069 531 2099 tenebatur
548 2066 719 2096 absolvens
730 2087 738 2101 ‚
758 2063 946 2102 Spoletanae
962 2060 1126 2097 ecclesiae,
1143 2067 1201 2088 cu-

191 2129 261 2166 jus,
281 2134 336 2164 per
362 2124 484 2154 obitum
508 2120 683 2159 Paparonis
713 2117 875 2152 vacantis,
900 2115 961 2145 51111
984 2113 1201 2154 provisionem

194 2178 377 2214 reservavit,
395 2177 579 2215 episcopum
597 2172 747 2212 praeficit.

237 2246 248 2257 ιι
275 2230 430 2261 Militanti
447 2228 580 2259 ecclesie
597 2227 822 2265 disponente...
836 2240 876 2246 —
894 2224 966 2252 Dat.
983 2222 1100 2256 Rome,
1118 2219 1204 2258 apud

195 2288 345 2318 Sanctam
363 2283 498 2313 Mariam
515 2281 668 2319 Majorem
683 2303 689 2314 ,
707 2288 753 2308 1111
774 2286 876 2308 1101135
892 2276 1016 2312 martii,
1036 2282 1121 2304 anno
1138 2277 1203 2303 ter-

196 2340 252 2370 tio.
267 2351 279 2366 ι

236 2394 274 2423 In
298 2401 325 2422 e.
353 2400 397 2421 m.
419 2388 558 2428 capitulo
580 2387 749 2426 Spoletano
765 2385 897 2415 mandat
917 2387 1075 2422 quatenns
1101 2381 1205 2411 eidem

197 2447 343 2487 episcopo
358 2443 576 2475 obedientiam
591 2441 732 2471 debitam
749 2438 906 2469 exhibeat.

236 2500 274 2529 ln
293 2509 320 2529 e.
341 2507 385 2528 m.
402 2497 486 2526 clero
501 2494 640 2525 civitatis
655 2498 685 2522 et
700 2492 856 2522 dioecesis
875 2489 1075 2529 Spoletanae.

237 2554 276 2583 In
292 2562 320 2583 e.
337 2561 382 2581 m.
401 2549 516 2590 populo
531 2548 667 2579 civitatis
683 2551 714 2577 et
728 2545 882 2576 dioecesis
901 2544 1100 2582 Spoletanae.

238 2608 277 2637 In
294 2616 320 2637 e.
338 2615 382 2635 m.
401 2603 561 2635 universis
581 2601 725 2632 vassallis
741 2599 892 2630 ecclesiae
907 2597 1097 2636 Spoletanae
1116 2603 1208 2625 man-

199 2662 252 2692 dat
268 2665 301 2691 ut
319 2659 422 2690 eidem
439 2657 585 2697 episcopo
601 2654 765 2685 fidelitatis
777 2654 1000 2692 juramentum
1012 2653 1042 2680 et
1056 2652 1210 2680 consueta

200 2714 329 2745 servitia
342 2712 523 2743 exhibeant.

239 2857 498 2890 2293-2300
548 2852 910 2887 Sainte-Marie-MaJem-e,
928 2850 960 2878 25
976 2849 1081 2876 sevrier
1096 2847 1175 2874 1290.

241 2923 284 2949 Ad
301 2922 472 2948 solutionem
489 2919 651 2946 debitorum
663 2915 863 2943 Cluniacensis
877 2911 1054 2940 monasterii.
1071 2910 1154 2944 (Rea.
1167 2909 1211 2942 45,

205 2981 231 2998 0.
252 2972 291 3004 11,
308 2972 326 2997 s.
342 2971 358 2996 ‘2
374 2976 419 3002 v⁰;
439 2969 505 2995 Lm.
523 2977 557 2995 nu
572 2968 672 2997 Tacit,
690 2964 743 2997 111,
760 2964 792 2995 9,·
813 2962 929 2992 Po’r'ru„
946 2960 1057 2992 23198.)

248 3066 420 3101 Guillelmo,
437 3064 535 3093 abbati
554 3062 731 3092 'monasterii
750 3059 975 3094 Cluniacensis,
990 3056 1031 3085 ad
1048 3061 1212 3084 romanam

1266 433 1419 462 ecclesiam
1435 431 1519 460 nullo
1535 431 1632 460 medio
1646 430 1839 467 pertinentis.
1865 439 1879 454 α
1906 426 2054 457 Exhibita
2072 427 2164 457 nobis
2179 426 2276 458 dilec—

1267 489 1372 516 torum
1391 483 1534 514 filiorum
1563 506 1581 512 ..
1608 482 1647 512 de
1675 481 1870 518 Silviniaco,
1901 503 1922 511 ..
1942 480 1981 510 de
2001 480 2169 518 Celsiniis,
2195 503 2215 510 ..
2238 479 2277 510 de

1266 538 1443 577 Cryspeyo,
1459 535 1529 566 ..de
1540 535 1720 571 Lenthona‚
1732 557 1753 565 ..
1767 533 1877 563 Sancti
1890 532 2033 563 Marcelli
2043 532 2276 570 Cabilonensis‚

1269 614 1289 622 ..
1306 590 1345 620 de
1361 591 1477 620 Sancto
1493 588 1641 625 Gelasio,
1662 610 1682 617 ..
1702 587 1741 617 de
1761 586 1967 625 Vendopera,
1987 610 2006 616 ..
2026 585 2065 616 de
2083 585 2240 622 Ulmatis‚
2255 608 2276 616 ..

1267 644 1307 674 de
1326 643 1419 674 Valle
1437 642 1581 677 Bonesii,
1607 664 1627 671 ..
1648 640 1758 671 Sancti
1778 639 1955 670 Theobaldi
1973 639 2011 669 de
2030 638 2180 678 Flabeyo,
2202 662 2222 670 ..
2240 639 2280 670 de
2329 665 2336 672 .

1270 698 1482 732 Monteacuto‚
1498 718 1518 725 ..
1536 696 1575 725 de
1587 694 1735 725 Pontoris
1746 699 1776 723 et
1791 716 1812 724 ..
1827 693 1937 724 Sancti
1950 693 2075 724 Juliani
2088 692 2280 723 Parisiensie

1273 751 1472 791 prioratuum
1491 749 1648 788 priorum,
1665 746 1889 777 Cluniacensis
1904 746 2040 779 ordinis.
2061 745 2170 784 petitio
2185 745 2280 776 conti-

1271 804 1366 834 nebat
1389 803 1474 842 quod
1500 801 1732 832 monasterium
1748 800 1962 830 Cluniacense
1974 823 1981 836 ‚
2003 807 2135 829 romane
2150 798 2282 830 80018518

1270 857 1458 888 immediate
1481 856 1659 895 subjectum
1686 860 1716 885 et
1740 859 1822 884 statu
1848 853 1941 883 letari
1967 861 2117 892 prospero
2149 860 2282 883 consue-

1272 916 1354 948 tum,
1371 916 1458 940 tanto
1473 910 1654 939 debitorum
1675 916 1773 937 onere
1793 916 1829 937 ac
1846 906 1920 936 aliis
1944 906 2081 936 diversis
2107 905 2282 936 incomodis

1273 969 1482 1004 pregravatur
1495 963 1593 1001 quod,
1610 962 1672 991 nisi
1683 961 1778 991 celeri
1794 960 1938 990 remedio
1951 964 2156 990 succurratur
2167 959 2282 996 eidem,
2346 992 2348 995 .

1272 1017 1450 1048 verendum
1465 1016 1602 1047 occurrit
1619 1024 1659 1045 ne
1677 1024 1731 1054 per
1750 1022 1922 1044 usurarum
1944 1013 2131 1050 voraginem
2147 1020 2184 1042 ac
2198 1011 2281 1043 alias
2327 1011 2331 1042 ,“
2351 1030 2363 1036 „

1273 1071 1369 1102 etiam
1389 1069 1608 1109 multipliciter
1628 1069 1859 1098 monasterium
1876 1067 1982 1106 ipsum
1997 1067 2031 1096 in
2045 1066 2139 1097 bonis
2155 1065 2224 1096 suis
2237 1066 2284 1096 in·
2336 1087 2339 1090 >
2356 1050 2378 1060 ..

1273 1128 1380 1154 currat
1397 1122 1606 1162 irreparabile
1625 1122 1873 1157 detrimentum,
1892 1128 1990 1160 quare
2009 1119 2179 1150 memorati
2199 1119 2282 1158 prio-

1274 1186 1335 1214 res,
1354 1181 1418 1206 tam
1435 1176 1639 1215 dispendioso
1665 1175 1761 1205 statui
1779 1179 1809 1204 et
1836 1179 1898 1204 tam
1921 1173 2073 1211 gravibus
2099 1171 2286 1203 monasterii

1274 1229 1422 1269 prelibati
1445 1228 1596 1268 periculis
1621 1229 1736 1258 intimo
1759 1228 1990 1266 compatientes
2011 1226 2146 1264 affectu,
2171 1229 2203 1256 et
2229 1233 2285 1256 cu·
2332 1231 2340 1243 ¹

1274 1283 1400 1322 pientes
1417 1287 1451 1313 ut
1470 1283 1509 1312 ab
1528 1282 1594 1312 illis
1610 1282 1719 1322 possit,
1738 1285 1843 1312 actore
1858 1281 2011 1318 Domino,
2028 1279 2176 1317 relevari,
2195 1278 2286 1310 nobis

1275 1336 1446 1374 humiliter
1471 1336 1693 1374 supplicarunt
1721 1339 1754 1365 ut
1780 1334 1969 1364 vicesimam
1995 1337 2117 1372 partem
2136 1332 2286 1363 omnium
2328 1358 2330 1364 .

1274 1393 1489 1428 proventuum
1505 1394 1536 1418 et
1553 1388 1739 1423 reddituum
1759 1387 2028 1418 monasteriorum
2043 1390 2074 1416 et
2087 1386 2286 1425 prioratuum

1276 1452 1338 1482 que
1354 1447 1429 1473 sunt
1444 1442 1630 1472 immediate
1646 1451 1682 1471 ac
1697 1442 1836 1471 mediate
1852 1441 1935 1470 dicto
1954 1439 2149 1470 monasterio
2159 1438 2287 1470 Clunia-

1276 1497 1364 1527 censi
1381 1496 1523 1535 subjecta
1548 1500 1578 1525 et
1599 1495 1738 1525 aliarum
1761 1495 1857 1524 etiam
1882 1493 2093 1524 ecclesiarum
2110 1497 2174 1523 tam
2196 1501 2288 1523 secu-

1277 1550 1394 1580 larium
1409 1559 1506 1589 quam
1524 1548 1741 1587 regularium,
1763 1548 1803 1577 ad
1823 1547 2026 1578 collationem
2050 1555 2106 1576 sen
2124 1549 2287 1584 presenta-

1278 1605 1399 1634 tionem
1412 1608 1497 1633 tuam
1510 1602 1688 1632 etaliornm
1698 1602 1859 1637 abbatum,
1875 1600 2018 1640 priorum
2031 1603 2287 1630 etconventuum
2321 1614 2337 1627 .-

1277 1657 1402 1687 ordinis
1411 1656 1580 1686 memorati
1588 1655 1814 1694 spectantium,
1828 1654 1894 1691 tibi,
1908 1662 1962 1693 pro
1969 1653 2195 1684 exoneratione
2203 1651 2288 1683 debi-
2319 1638 2322 1643 ’

1279 1715 1383 1741 torum
1398 1710 1553 1748 ipsorum,
1574 1718 1629 1747 per
1647 1717 1699 1738 sex
1716 1716 1875 1737 annorum
1892 1706 2034 1746 spatium
2049 1706 2189 1744 benigne
2212 1713 2288 1736 cou-

1279 1764 1390 1794 cedere
1421 1763 1642 1801 dignaremur.
1674 1762 1741 1791 Nos
1765 1765 1893 1797 autem,
1920 1761 2061 1800 predicto
2084 1758 2288 1796 monasterio.
2319 1763 2339 1773 ·

1280 1817 1366 1856 quod
1382 1816 1508 1855 spetiali
1522 1816 1630 1845 favore
1651 1814 1886 1853 prosequimur,
1908 1814 2139 1852 compatientes
2157 1812 2196 1842 ab
2213 1811 2289 1842 inti-

1279 1871 1343 1901 mis
1359 1875 1389 1901 et
1405 1872 1547 1909 priorum
1564 1869 1779 1907 predictorum
1798 1867 1999 1897 laudandum
2018 1871 2048 1896 et
2063 1866 2191 1896 salubre
2205 1865 2290 1896 desi·
2324 1855 2334 1881 ·‘,

1281 1925 1404 1954 derium
1419 1923 1642 1962 multipliciter
1658 1922 1693 1951 in
1708 1921 1845 1951 Domino
1858 1921 2134 1954 commendantes.
2151 1919 2291 1950 volentes

1283 1987 1411 2018 quoque
1427 1987 1521 2016 snper
1538 1977 1597 2007 hoc
1613 1976 1754 2013 henigne
1770 1984 1914 2005 annuere
1929 1974 2077 2013 precibus
2092 1971 2290 2009 eorumdem,

1285 2033 1342 2063 tibi
1362 2031 1547 2062 vicesimam
1573 2035 1694 2069 partem
1720 2029 1868 2059 omnium
1897 2031 2110 2066 proventuum
2133 2030 2165 2056 et
2184 2024 2292 2056 reddi·
2331 2059 2333 2062 ,

1285 2091 1376 2117 tuum
1403 2085 1633 2124 predictorum,
1659 2084 1694 2113 in
1725 2082 1919 2112 solutionem
1943 2081 2123 2111 debitorum
2149 2079 2292 2118 ipsorum

1286 2140 1423 2171 totaliter
1451 2137 1716 2173 convertendam,
1745 2145 1800 2175 per
1827 2135 1914 2165 idern
1946 2141 2070 2173 tempus
2095 2132 2293 2172 presentium
2332 2166 2338 2170 ⁶

1286 2193 1470 2223 auctoritate
1494 2190 1700 2221 concedimus
1726 2189 1765 2219 de
1787 2189 1888 2227 gratia
1917 2187 2053 2227 spetiali.
2074 2187 2147 2217 Non
2166 2186 2294 2216 obstan-

1287 2247 1408 2277 tibus...
1428 2245 1499 2275 Dat.
1517 2245 1630 2280 Rome,
1644 2243 1729 2282 apud
1747 2242 1895 2273 Sanctam
1921 2242 2056 2271 Mai-iarn
2081 2241 2248 2280 Majorem‚
2273 2226 2307 2268 v*

1287 2300 1443 2332 kalendas
1459 2299 1577 2334 martii,
1593 2306 1678 2327 anno
1696 2298 1799 2327 tertio.
1820 2309 1833 2323 r»

1328 2355 1366 2384 In
1384 2364 1411 2383 e.
1430 2363 1473 2383 m.
1493 2376 1513 2383 ..
1531 2353 1570 2382 de
1590 2351 1809 2389 Martiguiaco,
1831 2372 1851 2380 ..
1870 2350 1909 2379 de
1933 2350 2050 2380 Sancta
2067 2349 2246 2386 Margareta
2259 2346 2292 2376 in

1290 2407 1456 2439 Helicuria
1473 2411 1504 2436 et
1528 2429 1550 2437 ..
1571 2405 1609 2435 de
1625 2405 1741 2435 Sancto
1757 2402 1941 2434 Theobaldo
1960 2402 2000 2433 de
2022 2401 2167 2432 Vitriaco
2181 2403 2294 2437 castro,
2331 2419 2334 2422 -

1290 2461 1514 2493 Cluniacensis
1532 2460 1673 2494 ordinis,
1703 2458 1876 2494 Ednensis,
1900 2455 2106 2488 Belvacensis
2125 2459 2156 2486 et
2179 2452 2296 2486 Catha-
2330 2462 2338 2484 .’

1289 2516 1456 2546 launeusis
1481 2514 1691 2550 dioecesium,
1716 2512 1916 2550 prioratuum
1934 2509 2093 2550 prioribus
2111 2507 2243 2538 mandat
2262 2509 2296 2538 ut
2318 2523 2319 2526 =
2341 2503 2343 2507 ⁴

1291 2569 1483 2610 praedictam
1498 2567 1683 2597 vicesimam
1693 2564 1869 2596 Guillelmo
1880 2563 1987 2595 abbati
1998 2561 2158 2601 assignari
2168 2560 2295 2592 saciant.
2323 2555 2338 2565 “

2304 2610 2323 2625 0

2456 1229 2475 1254 Ξ
2468 1182 2473 1195 -
2457 920 2477 1144 Pinnetem.

2452 2653 2460 2675 -ι

2464 2657 2477 2680 S

1363 2722 1477 2751 2301

1329 2785 1515 2821 Dispensatio
1531 2783 1715 2811 matrimonii.
1736 2782 1818 2815 (Rea.
1835 2781 1880 2812 45,
1897 2788 1913 2807 c
1941 2779 1984 2813 1⁵2,
1999 2779 2019 2807 f.
2035 2777 2051 2805 3
2067 2778 2115 2811 ro.)

1624 2717 1986 2751 Sainte-Marie-Majeure,
2005 2715 2044 2742 1οΡ
2057 2722 2135 2742 mars
2150 2712 2228 2742 ¹290.

1340 2887 1508 2917 Venerabili
1534 2886 1631 2922 fratri
1649 2907 1668 2914 ..
1689 2885 1824 2923 episcopo
1840 2883 2006 2912 Puteolano
2031 2877 2203 2910 committit
2222 2883 2299 2916 qua·
2343 2902 2347 2908 .
2368 2901 2371 2908 .
2396 2891 2398 2894 v

1295 2946 1388 2972 tenus
1414 2949 1487 2970 cum
1514 2938 1647 2969 Nicolao
1670 2938 1753 2968 dicto
1775 2934 2003 2975 Campumazia
2026 2938 2058 2964 et
2084 2933 2201 2969 Perna,
2227 2932 2343 2961 nata
2381 2945 2385 2950 ·

1294 2994 1454 3027 Johannis
1470 2993 1544 3023 dicti
1564 2992 1724 3028 Florulae,
1742 2990 1867 3021 civibus
1883 2987 2080 3024 Puteolanis,
2098 2985 2157 3026 qui
2172 2987 2247 3016 sunt
2260 2981 2300 3012 de
2327 2973 2331 2980 ⁶
2351 3012 2355 3020 ,

1295 3047 1484 3078 melioribus
1498 3051 1529 3077 et
1545 3044 1776 3086 potentioribus
1793 3042 1940 3079 civitatis,
1959 3041 2120 3080 dispenset
2141 3042 2174 3069 ut
2193 3035 2301 3067 matri-

2452 2702 2477 3049 —5755'51352
