2342 3652
951 376 1178 415 DEUXIEME
1200 383 1358 413 ANNEE.
2143 389 2200 419 279

187 451 300 480 1396

150 512 304 543 Gemitus,
321 513 399 546 prior
414 512 641 539 Camaldulensis
655 514 830 546 monasterii,
846 521 941 539 coram
953 513 1021 539 sede
1034 520 1116 547 apos-

115 562 197 590 tolica
211 561 322 588 citatur.
340 561 422 595 (Res.
440 562 482 595 44,
499 569 524 588 c.
542 561 603 595 482,
619 562 636 587 s.
654 561 705 588 216
720 568 765 593 r⁰;
783 561 898 592 Por-tn„
916 562 1024 593 23068.)

654 450 739 483 Rjeti,
757 451 772 477 5
788 451 951 485 septembre
968 450 1044 477 1289.

160 663 324 692 Venerabili
338 664 435 699 fratri
456 686 475 692 ..
498 665 631 701 episcopo
646 665 835 692 Ariminensi
857 663 989 692 mandat
1004 669 1116 701 quate·

115 725 176 747 nus
190 715 384 751 Gerardum,
404 716 544 754 priorem
567 717 751 746 monasterii
769 715 1041 751 Camaldulensis,
1061 726 1117 754 per

115 769 251 810 priorem
269 768 355 798 soliti
370 769 555 807 gubernari,
573 769 725 799 Aretinae
741 769 904 805 dioecesis,
916 770 971 807 qui
985 778 1117 799 monas-

116 823 192 854 teria
218 821 328 851 Sancti
355 822 442 852 Petri
471 822 510 851 ad
538 821 675 851 Vincula
699 826 729 851 et
754 821 863 851 Sancti
888 821 1056 860 Sepulchri
1079 823 1117 852 de

113 876 214 914 burgo
235 874 344 905 Sancti
368 875 557 914 Sepulchri,
583 875 614 905 S.
634 875 801 905 Benedicti
816 880 846 904 et
860 874 1116 905 Camaldulensis

114 927 274 963 ordinum,
293 928 490 958 Ravennatis
505 933 536 958 et
550 928 694 958 Civitatis
710 928 841 958 Castelli
857 928 1068 964 dioecesium,
1087 934 1117 959 et

114 981 270 1022 quaedam
284 981 349 1011 alia
363 981 431 1012 loca
441 1006 448 1019 ,
467 982 535 1012 sedi
549 981 738 1021 apostolicae
755 982 939 1011 immediate
955 982 1094 1020 subjecta
1106 1006 1115 1020 ‚

112 1035 283 1074 occupavit,
299 1035 373 1065 citet
388 1040 423 1065 ut
438 1035 523 1065 infra
535 1044 638 1065 unum
651 1044 797 1065 mensem
815 1044 921 1065 coram
937 1035 1012 1065 sede
1024 1044 1115 1075 apos-

111 1087 204 1119 tolica
221 1093 412 1127 compareat.

152 1153 166 1168 ι
184 1140 329 1171 Clamore
339 1141 444 1171 valido
461 1141 660 1172 revelante...
677 1159 715 1163 —
726 1142 798 1171 Dat.
814 1143 923 1178 Reate,
941 1142 1035 1172 nonis
1047 1151 1116 1180 sep-

112 1194 242 1225 tembris
255 1218 262 1229 ,
280 1203 366 1225 anno
382 1194 531 1225 secundo.
551 1207 565 1221 n

186 1353 297 1382 1392

147 1416 251 1443 Contra
279 1416 443 1444 detentores
468 1417 608 1444 bonorum
641 1418 774 1444 basilicae
807 1418 905 1445 Sancti
934 1418 1013 1445 Pauli
1039 1423 1119 1445 extra

112 1473 211 1492 muros
225 1465 325 1493 Urbis.
342 1465 424 1499 (Rae.
444 1467 486 1498 44,
503 1475 529 1494 c.
546 1467 613 1500 483,
630 1467 648 1493 f.
666 1467 717 1494 216
733 1470 782 1500 ro.)

633 1354 719 1385 Rieti,
740 1355 772 1381 17
788 1355 951 1390 septembre
969 1355 1044 1383 1289.

150 1568 270 1598 Dilectis
283 1569 358 1606 filiis
372 1570 523 1599 nobilibus
536 1571 614 1599 viris
629 1571 818 1600 senatoribus
836 1571 933 1601 Urbis.
952 1571 1012 1600 Eos
1030 1575 1119 1609 rogat

112 1623 148 1652 ut
165 1621 319 1660 quosdam
341 1622 465 1652 nobiles
483 1627 514 1653 et
534 1622 615 1653 alios
633 1623 718 1653 cives
738 1632 888 1654 romanos
905 1628 935 1654 et
957 1624 1118 1654 districtus

113 1672 220 1710 Urbis,
231 1674 286 1712 qui
298 1674 383 1704 bona
392 1674 543 1705 basilicae
554 1675 663 1705 Sancti
674 1676 768 1705 Pauli
782 1676 939 1707 violenter
948 1680 1115 1716 occupant,

112 1733 149 1756 ea
166 1749 186 1756 ..
205 1725 311 1756 abbati
329 1731 360 1756 et
374 1728 548 1757 conventui
566 1728 715 1758 basilicae
731 1729 897 1759 restituere
912 1729 1116 1769 compellant.

114 1812 118 1816 Ι
153 1790 168 1806 «
186 1779 287 1810 Tanto
309 1780 456 1810 universi
480 1781 699 1813 christicole...
717 1799 755 1804 —
777 1782 847 1812 Dat.
867 1783 984 1821 Reate,
1000 1792 1040 1812 xv
1062 1783 1118 1814 ka-

112 1831 223 1863 lendas
237 1833 383 1869 octobris,
403 1843 488 1864 anno
506 1834 656 1865 secundo.
679 1846 693 1862 n

189 1992 210 2019 1
217 1992 304 2022 398

149 2054 277 2082 Licentia
308 2057 540 2084 communicandi
569 2065 634 2084 cum
662 2058 778 2085 Siculis.
810 2058 892 2092 (Rssc.
918 2059 968 2090 44,
1000 2067 1026 2086 c.
1051 2057 1120 2093 484',

112 2103 134 2131 f.
151 2103 201 2131 2¹6
219 2106 271 2137 v0.)

633 1994 720 2026 Rieu,
743 1994 780 2022 13⁷
789 1996 953 2030 septembre
970 1995 1049 2023 1289.

151 2199 260 2229 Dilecto
287 2200 352 2237 filio
380 2202 475 2231 nobili
496 2203 563 2231 viro
582 2225 601 2231 ..
622 2201 692 2231 duci
712 2207 738 2231 et
763 2204 917 2232 communi
948 2203 1124 2234 Venetorum

112 2251 258 2291 indulget
284 2258 319 2284 ut
342 2254 488 2285 Siciliam
515 2255 563 2284 ire
588 2259 618 2285 et
646 2254 763 2285 Siculis
778 2255 968 2295 participare
982 2258 1123 2295 possint,

113 2293 157 2336 ita
179 2307 274 2345 quod,
303 2312 466 2346 praetextu
492 2308 590 2347 hujus
613 2309 878 2347 participationis,
904 2313 1125 2342 excommuni-

116 2359 250 2389 cationis
282 2361 475 2391 sententiam
508 2370 572 2392 non
598 2361 787 2398 incurrant,
817 2362 990 2394 dummodo
1015 2373 1123 2402 arma,

113 2411 250 2450 ferrum,
266 2412 466 2452 lignamina,
486 2414 536 2445 vel
551 2415 614 2445 alia
629 2424 685 2454 per
700 2424 781 2454 quae
804 2416 917 2447 fideles
938 2417 1126 2457 impugnari

115 2466 253 2504 possint,
271 2475 336 2497 non
354 2467 515 2505 deserant,
533 2473 564 2498 et
587 2468 715 2499 nullum
731 2469 811 2499 alias
829 2470 1000 2501 consilium
1015 2496 1021 2509 ,
1038 2472 1125 2502 auxi-

115 2517 195 2549 lium
224 2529 280 2550 seu
301 2521 444 2551 favorem
465 2521 582 2558 Siculis
605 2526 660 2552 aut
680 2522 814 2561 Jacobo,
833 2523 901 2555 filio
923 2524 1011 2554 Petri
1039 2525 1124 2563 regis

53 2603 64 2610 ‚
116 2571 303 2611 Aragonum
313 2597 320 2610 ,
339 2574 539 2613 impendant.

124 2672 125 2675 Ἴ
157 2636 174 2653 «
189 2625 276 2656 Olim
290 2636 348 2666 per
364 2628 512 2660 sedem...
527 2645 567 2650 —
580 2629 654 2659 Dat.
671 2629 782 2668 Reate,
800 2630 907 2661 idibus
921 2631 1121 2671 septembris,

117 2685 202 2709 anno
216 2680 366 2712 secundo.
388 2693 402 2708 »

193 2839 306 2868 1399
636 2841 723 2874 ffieti,
742 2843 778 2869 Μ
793 2843 956 2879 septembre
972 2844 1050 2871 1287.

154 2899 197 2927 De
211 2900 317 2929 debitis
331 2902 526 2930 Ferrariensis
542 2905 682 2931 ecclesiae
695 2906 851 2933 solvendis.
865 2906 948 2940 (Rea.
961 2907 1005 2941 44,
1017 2914 1042 2934 c.
1060 2906 1120 2940 485,

120 2947 140 2975 f.
151 2949 202 2977 216
213 2951 266 2984 vo.)

165 3043 330 3075 Venerabili
344 3047 440 3083 fratri
454 3047 628 3084 Frederieo,
645 3049 775 3086 episcopo
793 3049 999 3088 Ferrariensi,
1015 3049 1123 3080 indul-

1199 454 1251 487 get
1268 454 1301 479 ut
1315 450 1455 487 fructus,
1474 451 1615 482 redditus
1631 457 1661 482 et
1681 458 1851 492 proventus
1866 453 1964 491 primi
1978 454 2057 483 anui
2080 454 2200 485 benefi-

1200 503 1320 532 ciorum
1333 503 1621 535 ecclesIasticorum
1634 506 1673 535 ad
1687 515 1777 535 suam
1791 506 2003 544 collationem,
2014 506 2201 538 electionem

1199 555 1249 584 vel
1273 557 1564 594 praesentationem
1587 559 1811 597 spectantium,
1836 568 1915 598 quae
1931 569 2030 598 usque
2048 560 2087 589 ad
2104 562 2201 591 trien-

1199 608 1292 638 nium
1311 618 1421 639 vacare
1437 611 1614 648 contigerit.
1631 612 1671 641 ad
1687 613 1944 642 exonerationem
1959 613 2136 643 debitorum
2155 623 2201 644 ec-

1200 660 1313 691 clesiae
1329 662 1557 699 Ferrariensis,
1575 665 1735 704 percipere
1751 665 1862 695 valeat.

1242 725 1255 740 ι
1272 713 1363 744 Circa
1377 716 1591 754 quarumlibet
1606 718 1849 748 ecclesiarum...
1867 735 1907 741 —-
1924 719 1994 750 Dat.
2014 720 2122 756 Reate,
2141 720 2199 750 ka-

1200 765 1302 797 lendis
1317 770 1521 807 septembris,
1539 779 1623 800 anno
1639 772 1787 802 secundo.
1809 784 1822 798 »

1274 991 1392 1019 1400

1236 1052 1444 1088 Indulgentiae.
1461 1054 1543 1087 (Rso.
1562 1055 1605 1089 44,
1620 1063 1646 1081 c.
1664 1055 1725 1088 486,
1742 1056 1760 1081 f.
1780 1056 1830 1083 216
1846 1059 1897 1088 vo.)

1741 993 1827 1025 Rieti,
1845 995 1860 1021 9
1876 995 2036 1029 septembre
2055 996 2129 1023 1289.

1248 1169 1414 1199 Venerabili
1437 1171 1532 1205 fratri
1556 1192 1577 1200 ..
1597 1171 1729 1208 episcopo
1746 1176 1773 1200 et
1794 1172 1897 1201 dilecto
1914 1172 1978 1208 filio
1993 1173 2124 1210 capitulo
2143 1171 2202 1202 Pa-

1201 1222 1323 1251 duanis.
1342 1221 1584 1260 indulgentiam
1601 1223 1699 1253 unius
1716 1224 1796 1253 anni
1815 1228 1845 1253 et
1864 1234 1902 1254 111,
1921 1224 2045 1254 dierum
2062 1225 2205 1256 concedit

1201 1275 1350 1305 omnibus
1373 1284 1446 1305 vere
1470 1276 1706 1314 poenitentibus
1729 1281 1758 1306 et
1782 1278 1935 1308 confessis
1960 1279 2015 1317 qui
2037 1277 2203 1308 ecclesiam

1200 1328 1403 1363 Paduanam,
1423 1329 1458 1358 in
1475 1329 1703 1359 festivitatibus
1715 1330 1824 1360 beatae
1837 1330 1973 1366 Mariae,
1990 1331 2025 1360 in
2041 1332 2131 1370 cujus
2146 1331 2202 1362 ho-

1201 1390 1314 1411 norem
1330 1386 1508 1412 constructa
1525 1387 1581 1418 est,
1596 1383 1804 1413 visitaverint.

1244 1447 1257 1461 ιι
1284 1435 1366 1465 Loca
1389 1440 1570 1465 sanctorum
1591 1437 1777 1467 omnium...
1800 1454 1838 1459 —
1860 1437 1932 1468 Dat.
1960 1438 2072 1474 Reate,
2091 1447 2110 1467 v
2129 1437 2202 1467 idus

1202 1488 1398 1527 septembri&
1419 1497 1504 1519 anno
1521 1489 1671 1520 secundo.
1691 1502 1705 1516 »

1277 1715 1390 1744 1401

1237 1778 1366 1805 Licentia
1380 1775 1515 1805 audiendi
1531 1778 1575 1804 vel
1591 1776 1752 1804 celebrandi
1775 1777 1865 1804 officia
1889 1777 1918 1804 in
1943 1778 2015 1804 locis
2034 1777 2203 1804 interdictis.

1203 1827 1286 1861 (Rm.
1303 1828 1347 1861 44,
1364 1836 1389 1854 c.
1407 1827 1468 1859 487,
1485 1827 1505 1853 f.
1521 1827 1571 1853 ε117
1585 1829 1635 1859 r0.)

1727 1714 1813 1748 Rieu,
1830 1714 1861 1741 13
1877 1714 2038 1750 septembre
2055 1713 2132 1741 1289.

1249 1944 1418 1973 Venerabili
1439 1945 1534 1980 fratri
1554 1943 1715 1979 Roderico,
1730 1943 1952 1980 archiepiscopo
1975 1944 2206 1979 Terraconenst,
2228 1976 2231 1977 ⁷

1204 1996 1352 2035 indulget
1368 2001 1418 2033 ut,
1436 2005 1501 2026 non
1516 1996 1661 2026 obstante
1677 1996 1846 2026 interdicto
1862 1996 1916 2026 cui
1931 2004 2066 2034 regnum
2085 1997 2207 2034 Arago-

1204 2058 1285 2079 num
1300 2049 1499 2088 suppositum
1515 2053 1578 2085 est,
1597 2049 1632 2078 in
1649 2049 1811 2087 provincia
1832 2057 1889 2078 sua
1912 2048 2071 2078 celebrare
2093 2048 2144 2078 vel
2159 2048 2206 2078 fa-

1206 2111 1276 2133 cere
1291 2103 1445 2133 celebrari
1460 2102 1570 2132 divina
1586 2101 1703 2138 valeat;
1716 2102 1936 2140 praesentibus
1947 2106 2015 2140 post
2025 2102 2208 2140 quinquen-

1206 2157 1301 2186 nium
1316 2165 1380 2186 non
1399 2156 1556 2186 valituris.

1249 2222 1264 2238 «
1279 2210 1407 2240 Inducti
1427 2209 1615 2239 sinceritatis
1632 2212 1722 2239 tue...
1739 2225 1779 2231 —
1794 2209 1865 2239 Dat.
1885 2209 2000 2245 Reate,
2018 2208 2125 2238 idibus
2140 2216 2209 2246 sep-

1208 2263 1352 2299 tembris,
1369 2271 1455 2293 anno
1471 2262 1620 2293 secundo.
1641 2274 1654 2289 »

1281 2488 1397 2517 1402
1730 2487 1818 2518 meti,
1837 2486 1868 2513 26
1885 2485 2047 2521 septembre
2062 2485 2139 2512 1289.

1249 2557 1438 2593 Dispensatio
1453 2557 1635 2584 matrimonii.
1654 2556 1735 2589 (Res.
1753 2557 1795 2588 44,
1812 2564 1836 2583 c.
1857 2556 1916 2589 488,
1932 2556 1950 2582 f.
1968 2555 2018 2582 ‘217
2034 2555 2080 2585 ro.)

1245 2674 1343 2704 Nobili
1366 2674 1432 2703 viro
1456 2674 1612 2709 Iohanni,
1636 2677 1706 2702 nato
1724 2672 1825 2701 dilecti
1839 2672 1900 2708 filii
1921 2671 2029 2700 nobilis
2046 2671 2108 2700 viri
2127 2670 2212 2701 Guil-

1208 2727 1290 2758 lelmi
1302 2750 1311 2764 ‚
1330 2727 1515 2756 marchionis
1533 2726 1752 2762 Menti-§ferrati
1768 2749 1774 2762 ,
1796 2730 1821 2754 et
1837 2725 1943 2754 dilecte
1958 2725 1998 2760 ,in
2014 2723 2132 2754 Christo
2151 2724 2214 2761 filie

1207 2782 1331 2816 Blmwe,
1350 2785 1418 2809 nale
1433 2780 1586 2809 carissimi
1608 2781 1640 2808 in
1663 2779 1778 2808 Christo
1799 2779 1862 2815 filii
1882 2779 1981 2807 nostri
2004 2778 2116 2814 Caroli,
2135 2778 2216 2815 regis

1205 2835 1308 2864 Sicilie
1323 2834 1463 2862 illustris.
1480 2831 1562 2862 Cum
1575 2832 1620 2861 eis
1636 2831 1799 2870 dispensat
1812 2835 1856 2868 ut,
1869 2839 1933 2861 non
1945 2830 2090 2861 obstante
2102 2834 2215 2869 quarto

1206 2885 1493 2923 consanguinitatis
1507 2884 1607 2922 gradu
1624 2893 1686 2923 quo
1702 2883 1865 2923 conjuncti
1886 2888 1962 2913 sunt
1973 2907 1980 2919 ,
1998 2883 2082 2913 inter
2099 2892 2131 2913 se
2146 2891 2215 2913 ma-

1208 2939 1401 2969 trimonium
1414 2937 1601 2967 contrahere
1613 2936 1751 2967 valeant.

1249 3004 1261 3019 «
1286 2991 1354 3021 Etsi
1373 2991 1456 3020 inter
1470 2989 1542 3020 illos
1620 3006 1658 3011 --
1678 2989 1750 3020 Dat.
1763 2990 1890 3026 Reate,
1909 2999 1940 3019 vt
1961 2989 2112 3020 kalendas
2133 2993 2216 3020 octo-

1206 3046 1272 3076 bris
1284 3067 1292 3081 ,
1313 3051 1399 3074 anno
1415 3042 1566 3073 secundo.
1585 3054 1598 3069 n
