2477 3637
317 408 377 438 168

319 473 367 504 dit
391 473 578 504 absolvendi
601 471 754 512 quosdam
779 470 890 500 fratres
912 469 1026 499 domus
1048 468 1184 498 militiae
1199 467 1326 507 Templi

318 526 570 558 Jerosolimitani
588 526 620 555 in
641 523 777 555 Castella
794 528 822 553 et
840 522 997 560 Legiones,
1015 522 1088 561 qui,
1107 522 1243 552 durante
1258 521 1324 550 dis-

318 580 425 611 cordia
443 581 527 609 inter
549 579 713 613 Santium,
740 585 847 615 regem
873 575 1029 606 Castellae
1050 584 1086 605 ac
1111 574 1278 613 Ltgiouis,
1296 578 1327 604 et

319 633 422 663 clarae
445 632 618 662 memoriae
635 631 806 661 Alsonsurn
827 638 952 667 regem,
970 634 1090 668 patrem
1106 629 1194 668 ejus,
1213 636 1251 657 ne
1266 627 1325 657 do-

319 694 425 721 mum,
463 687 582 717 casn-a.
622 683 856 723 possessiones,
888 681 1039 712 vassallos
1079 686 1109 712 et
1143 681 1207 711 alia
1245 680 1327 711 bona

319 747 376 768 sua
398 738 599 774 amitterent,
620 737 725 767 eidem
741 736 852 767 Santio
865 735 1096 771 adhaeserunt,
1115 739 1145 765 et
1163 738 1326 773 propterea

317 791 412 820 latam
442 791 475 820 in
502 790 579 820 tales
601 789 941 820 excommunicationis
965 789 1158 818 sententiam
1181 788 1326 818 incurre-

317 848 412 880 runt3
434 848 465 873 et
489 843 696 882 dispensandi
717 852 789 873 cum
809 843 856 872 eis
873 843 929 881 qui
944 843 989 872 sic
1007 841 1102 880 legati
1120 849 1224 871 sacros
1238 840 1326 871 ordi-

318 905 375 926 nes
393 901 603 936 susceperunt
618 901 673 926 aut
697 895 807 926 divina
829 896 932 926 officia
949 895 1161 926 celebrarunt.

359 962 373 978 α
393 950 434 980 Ex
451 954 539 990 parte
554 950 781 981 dilectorum...
800 966 840 972 —-
855 950 926 979 Dat.
947 950 1060 987 Rome,
1076 948 1160 988 apud
1176 947 1326 978 Sanctam

318 1004 455 1034 Mariam
472 1005 638 1043 Majorem‚
658 1003 765 1034 idibus
782 1003 904 1040 martii,
921 1011 1008 1032 anno
1025 1001 1176 1032 secundo.
1196 1013 1209 1029 ι)

389 1163 469 1191 '24¹

351 1223 559 1259 Indulgentiae.
577 1223 657 1256 (Res.
676 1224 720 1254 44,
736 1232 761 1250 c.
778 1223 820 1255 66,
839 1223 858 1250 f.
878 1223 928 1250 126
945 1225 994 1255 vu.)

619 1161 986 1196 Sainte-Marie-MaJeure,
1008 1160 1037 1187 16
1054 1161 1158 1188 sevrier
1176 1160 1252 1187 1289.

358 1322 510 1356 Uhiversz's
533 1326 646 1356 Christi
667 1325 805 1363 fidelibus
825 1329 975 1363 presentes
996 1324 1110 1354 litteras
1130 1325 1323 1364 inspecturis.

314 1380 555 1418 Indulgentiam
572 1379 669 1409 unius
680 1379 758 1408 anni
772 1383 802 1409 et
817 1378 1029 1418 quadraginta
1043 1378 1169 1408 dierum
1181 1377 1326 1408 concedit

315 1434 467 1465 omnibus
489 1443 562 1463 vere
588 1433 824 1472 poenitentibus
847 1437 877 1462 et
901 1433 1055 1462 confessis
1075 1432 1131 1471 qui
1154 1432 1194 1462 ad
1214 1431 1325 1462 cathe-

314 1486 437 1516 dralem
458 1485 625 1516 ecclesiam
647 1486 911 1522 Thai-batensem,
930 1486 964 1514 in
981 1485 1151 1515 festivitate
1169 1485 1325 1524 apostolo-

314 1549 387 1570 rum
413 1540 498 1569 Petri
524 1544 554 1569 et
572 1539 679 1576 Pauli,
699 1548 836 1578 quorum
857 1539 1009 1569 vocabulo
1026 1539 1109 1569 dicta
1125 1538 1258 1569 ecclesia
1273 1539 1325 1569 in-

315 1593 435 1632 signita
451 1597 511 1630 est,
530 1598 560 1622 et
582 1593 616 1622 in
633 1596 741 1623 octava
757 1592 900 1631 ejusdem
916 1592 1112 1630 festivitatis,
1133 1592 1326 1622 accesserint

314 1647 495 1677 annuatim.

357 1712 370 1727 α
392 1700 462 1730 Vite
482 1699 664 1739 perempnis
680 1699 819 1737 gloria...
840 1715 879 1720 —
895 1699 967 1729 Dat.
985 1699 1104 1737 Rome,
1125 1700 1209 1738 apud
1225 1699 1325 1730 Sanc-

317 1758 378 1784 tam
401 1754 536 1784 Mariam
553 1753 728 1792 Majorem,
747 1762 814 1783 xnn
840 1752 993 1783 kalendas
1017 1753 1142 1791 martii,
1162 1761 1248 1783 auno
1273 1763 1324 1784 se-

314 1808 430 1839 cundo.
451 1820 464 1835 ι»

388 1960 473 1988 ’242

351 2021 479 2049 Licentia
496 2021 663 2048 absolvendi
686 2021 720 2048 ab
741 2021 1051 2048 excommunicationis
1067 2022 1221 2049 sententia.
1242 2021 1322 2056 (Res.

315 2071 358 2104 44,
376 2080 401 2098 c.
419 2071 462 2105 67,
479 2071 498 2097 f.
520 2071 565 2098 127
582 2072 629 2104 1⁸⁰.)

633 1958 989 1993 Sainte-Marie-Majeure,
1009 1958 1040 1986 16
1055 1959 1159 1986 fevi-ier
1175 1958 1252 1987 1289.

362 2174 530 2203 Venerabili
548 2173 642 2210 fratri
660 2173 833 2210 Bernardo,
852 2175 984 2212 episcopo
1007 2175 1215 2210 Thai-batensi,
1236 2183 1324 2204 com-

315 2227 413 2257 mittit
435 2231 593 2266 quatenus
618 2226 714 2256 laicos
732 2231 763 2257 et
786 2227 918 2257 clericos
939 2235 1014 2256 suae
1039 2227 1195 2257 dioecesis
1216 2227 1256 2257 ab
1271 2236 1323 2257 ex-

315 2280 617 2311 communicationis
649 2280 748 2320 possit
771 2279 934 2310 absolvere
962 2281 1129 2310 sententiis
1157 2290 1235 2319 quas
1260 2281 1323 2311 ire-

315 2340 452 2374 quenter
470 2343 626 2364 mannum
645 2334 817 2372 injectione
834 2334 867 2363 in
889 2334 1020 2364 clericos
1038 2334 1221 2364 incurrunt.

358 2400 371 2415 α
391 2387 602 2426 Exigentibus
618 2391 670 2418 tue
685 2388 901 2418 devotionis...
918 2405 955 2409 -
973 2388 1044 2417 Dat.
1063 2391 1217 2427 utsupra.
1239 2400 1252 2415 n

387 2548 474 2576 ’243

351 2609 561 2645 Indulgentiae.
579 2610 662 2644 (Rea.
680 2610 722 2642 44,
741 2618 767 2637 c.
784 2609 817 2637 68
829 2631 835 2641 ,
852 2609 871 2636 f.
892 2609 940 2636 127
959 2616 1000 2643 1·⁰;
1019 2608 1085 2636 LAP.
1103 2618 1137 2637 nu
1153 2609 1242 2637 Tum,
1254 2631 1261 2644 ,
1278 2609 1323 2642 11,

315 2659 370 2692 38.)

651 2546 1010 2581 Sainte-Marie-Majenre,
1030 2547 1061 2574 18
1081 2555 1157 2574 mars
1176 2547 1251 2574 1‘289.

357 2785 376 2791 ..
401 2763 510 2792 rectori
538 2764 657 2793 ecclesie
671 2762 778 2793 Sancte
802 2762 897 2791 Maria
919 2762 953 2791 de.
973 2762 1324 2799 Setcleri1·s,Ruihenen-

314 2817 355 2844 sis
380 2817 513 2845 diocesis,
546 2815 785 2854 Indulgentiam
810 2819 939 2846 centum
960 2815 1084 2845 dierum
1109 2814 1254 2845 concedit
1273 2815 1324 2844 vi—

316 2869 484 2898 sitantibus
514 2869 686 2907 praefatam
716 2869 881 2899 ecclesiam
910 2869 944 2898 in
975 2869 1054 2899 festo
1084 2867 1324 2908 Assumptionis

316 2921 425 2950 beatae
452 2922 570 2952 Mariae
596 2927 625 2951 et
647 2923 681 2952 in
708 2927 827 2962 septem
843 2922 954 2952 diebus
970 2922 1188 2961 sequentibus

359 2987 372 3001 α
400 2975 586 3004 Sanctorum
612 2976 736 3005 meritis
763 2975 912 3006 inclita...
931 2993 969 2998 —
996 2975 1065 3005 Dat.
1096 2975 1215 3009 Rome,
1241 2973 1323 3013 apud

317 3027 466 3057 Sanctam
492 3027 626 3057 Mariam
651 3029 824 3067 Majorem,
850 3038 890 3058 xv
915 3028 1068 3058 kalendas
1092 3027 1220 3067 aprilis,
1238 3035 1325 3057 anno

317 3081 466 3111 secundo.
489 3093 502 3107 n

1065 402 1302 433 REGISTRES
1325 402 1379 432 DE
1402 399 1585 431 NICOLAS
1608 399 1665 429 IV.

1484 466 1569 494 244

1445 528 1575 555 Facultas
1591 526 1748 554 redimendi
1760 527 1897 554 decimas.
1914 525 1996 561 (Rae.
2014 526 2057 558 44,
2074 534 2099 554 c.
2117 526 2161 558 69,
2179 527 2196 554 f.
2216 527 2264 554 ⁴127
2282 535 2326 560 νος
2345 527 2409 559 Lai».

1407 585 1441 604 nu
1454 576 1552 610 Teste,
1569 575 1606 610 11,
1624 576 1679 608 37.)

1747 462 2106 498 sainte-Marie-Majeure,
2124 463 2153 490 1l
2173 471 2250 491 murs
2266 464 2343 493 1289.

1449 715 1468 723 ..
1487 694 1587 732 priori
1604 697 1630 722 et
1649 692 1812 721 conventui
1831 691 2008 720 monasterii
2026 691 2109 720 Beate
2129 691 2223 721 Mar-ie
2239 692 2274 721 de
2291 692 2391 724 Baium

1409 748 1456 785 lis,
1475 756 1530 784 per
1544 745 1678 783 priorem
1696 745 1780 774 soliti
1796 743 1975 782 yubernari,
1992 744 2112 774 ordinis
2128 745 2233 775 Sancti
2252 746 2397 778 Benedio

1406 800 1660 830 Autisiodorensis
1678 799 1814 828 diocesis.
1837 809 1850 823 ι
1876 796 1996 827 Vestris
2012 797 2134 828 devotis
2155 798 2302 836 precibus
2320 798 2396 831 incl·

1407 853 1490 889 nati,
1508 851 1687 882 redimendi
1703 851 1844 881 decimas
1860 850 1899 880 de
1915 850 2066 880 manibus
2082 849 2237 881 laicorum
2253 851 2287 881 in
2303 861 2358 891 par
2381 867 2405 883 η,

1407 905 1490 937 chiis
1505 905 1636 942 alienis,
1655 909 1812 934 rectorum
1834 902 2041 934 ecclesiarum
2057 903 2097 933 ad
2113 913 2192 943 quas
2207 903 2331 935 decime
2345 901 2406 946 lpz'z

1407 962 1548 998 spectant
1564 963 1594 989 et
1614 958 1858 988 diocesanorum
1881 957 2023 995 ipsorum
2040 956 2080 986 ad
2099 956 2132 986 id
2150 957 2320 988 accedente
2339 966 2404 990 con„

1407 1020 1515 1048 sensu,
1532 1011 1717 1041 auctoritate
1737 1010 1935 1049 presentium
1955 1009 2043 1039 vobis
2059 1009 2266 1040 concedimus
2284 1010 2368 1042 facul
2386 1021 2403 1049 -ς

1408 1070 1470 1095 tem
1481 1089 1488 1101 ,
1521 1065 1694 1095 sufficienti
1726 1065 1813 1103 prius
1841 1072 1859 1093 a
1889 1063 1977 1093 vohis
2002 1063 2132 1102 prestita
2159 1064 2305 1095 cautione
2330 1063 2406 1106 (111an

1407 1118 1549 1149 ecclesiis
1565 1118 1641 1157 ipsis
1655 1117 1793 1148 decimas
1809 1117 1894 1156 ipsas
1912 1116 2080 1147 restituere
2097 1116 2291 1156 teneamini,
2310 1108 2406 1157 quatt'

1407 1171 1586 1210 documque
1605 1171 1694 1201 vohis
1711 1171 1750 1201 ab
1767 1179 1878 1201 earum
1900 1169 2076 1200 rectoribus
2091 1169 2190 1200 fuerit
2208 1170 2248 1200 de
2268 1170 2403 1202 redem·]

1409 1224 1504 1255 tionis
1526 1224 1626 1263 pretio
1651 1224 1887 1254 satisfactum...
1916 1223 1987 1254 Dat.
2015 1222 2132 1261 Rome,
2155 1223 2239 1262 apud
2265 1223 2402 1256 Sancta·

1410 1277 1544 1307 Mariam
1560 1277 1726 1317 Majorem,
1744 1287 1764 1307 v
1778 1277 1852 1308 idus
1868 1276 1988 1314 martii,
2008 1284 2094 1307 anno
2109 1276 2258 1308 secundo.
2280 1288 2294 1306 ι

1452 1440 1455 1443 v
1479 1464 1668 1493 245-250

1443 1526 1630 1553 Boemundus
1645 1527 1784 1554 ecclesiae
1798 1527 1971 1554 Treverensi
1994 1527 2021 1553 in
2038 1527 2291 1563 archiepiscopum
2309 1535 2369 1563 pra·
2384 1532 2387 1550 ῑ
2400 1541 2404 1543 ⁴

1406 1576 1491 1603 citur.
1510 1575 1590 1608 (Rae.
1609 1576 1652 1607 44,
1669 1584 1694 1602 c.
1712 1576 1756 1610 70,
1775 1576 1793 1602 f.
1814 1576 1860 1602 127
1878 1577 1926 1608 νο.)
2399 1569 2401 1576 '

1741 1464 2103 1499 Sainte-Marie-Mnjeure,
2120 1463 2155 1492 29
2170 1472 2248 1492 mars
2263 1463 2343 1493 1289.

1453 1693 1619 1722 Venerabili
1647 1693 1743 1728 fratri
1772 1692 1953 1729 Boemundo,
1983 1690 2204 1730 archiepiscopo
2229 1694 2352 1724 Trevere

1408 1745 1566 1776 Defuncto
1612 1745 1769 1782 Henrico,
1809 1745 1998 1775 Treverensi
2029 1745 2285 1786 archiepiscopo,
2329 1755 2398 1787 cap

1409 1799 1468 1829 tuli
1489 1799 1634 1838 ejusdem
1664 1798 1815 1829 ecclesiae
1844 1799 1946 1838 major
1969 1807 2041 1837 pars
2069 1799 2313 1836 Boemundum,
2340 1803 2395 1832 tue

1406 1853 1561 1892 maj0rem
1577 1852 1842 1882 archidiaconum
1861 1852 1962 1891 ipsius
1979 1852 2141 1890 ecclesiae,
2150 1852 2209 1883 'alii
2223 1852 2397 1885 Gerarduu

1408 1906 1636 1944 Maguntinum
1654 1905 1930 1945 archiepiscopum
1941 1928 1949 1942 ‚
1970 1909 2045 1936 tunc
2061 1905 2100 1935 de
2116 1905 2294 1937 Didkirche
2309 1905 2396 1938 arcm'

1406 1958 1579 1989 diaconum
1598 1959 1631 1988 in
1652 1959 1762 1988 eadem
1781 1949 1931 1995 ecclesia,
1949 1959 1984 1988 in
2001 1959 2224 1989 Trevirensem
2242 1959 2398 2000 archiep*

1406 2021 1521 2052 copum
1542 2012 1718 2050 elegerunt.
1740 2012 1808 2042 Hac
1830 2020 1903 2042 vero
1919 2021 2013 2042 causa
2028 2012 2112 2051 apud
2133 2012 2242 2043 sedem
2265 2015 2398 2053 aposton-

1406 2076 1475 2097 cam
1511 2066 1671 2105 pendente
1683 2088 1690 2102 ,
1730 2065 1910 2104 praedictus
1947 2066 2108 2096 Gerardus
2144 2067 2308 2105 negotium
2339 2077 2354 2099 s
2382 2077 2393 2093 ὃ

1407 2119 1582 2156 electionis,
1601 2119 1690 2158 juxta
1711 2123 1853 2149 tenorem
1873 2119 2109 2149 constitutionis
2127 2119 2254 2150 Nicolai
2270 2120 2333 2159 ΙΙΙ,
2345 2131 2365 2162 p
2387 2127 2392 2147 ἲ

1406 2173 1496 2213 sequi
1523 2181 1584 2203 non
1609 2172 1749 2209 curavit,
1774 2172 1940 2211 dictusque
1959 2172 2166 2203 Boemnndus
2186 2173 2239 2212 jus
2264 2183 2358 2205 suum
2386 2180 2391 2199 s,

1406 2227 1555 2257 manibus
1572 2226 1737 2263 Matthaei,
1749 2226 1882 2255 Sanctae
1895 2226 2014 2256 Mariae
2026 2226 2058 2256 in
2071 2226 2197 2256 Porticu
2210 2226 2336 2258 diaconi
2368 2234 2390 2263 ιζ

1406 2280 1535 2318 dinalis,
1554 2279 1740 2318 resignavit.
1760 2279 1856 2309 Nunc
1872 2279 1972 2317 igitur
1988 2288 2068 2319 papa
2093 2280 2230 2310 eundem
2251 2281 2398 2312 Boemu

1406 2334 1483 2364 dum
1499 2333 1651 2363 ecclesiae
1667 2333 1859 2363 Trevereusi
1873 2334 1906 2362 in
1923 2333 2202 2373 archiepiscopum
2215 2333 2378 2373 praeficit.⁴

1448 2399 1462 2414 α
1484 2386 1626 2417 Onerosa
1642 2386 1808 2425 pastoralis
1819 2386 1954 2416 officii...
1966 2403 2004 2408 —
2020 2387 2089 2417 Dat.
2104 2387 2214 2425 Rome,
2226 2387 2310 2427 apud
2321 2387 2353 2419 S
2369 2385 2398 2414 ι’

1408 2444 1470 2470 tam
1498 2439 1635 2470 Mariam
1660 2440 1831 2479 Majorem,
1859 2450 1904 2470 1111
1928 2439 2082 2471 Kalendas
2107 2440 2234 2480 aprilis,
2258 2449 2343 2472 anno
2368 2445 2390 2475 :52

1406 2493 1522 2524 cundo.
1541 2504 1554 2519 ιι
2376 2484 2379 2485 ⁷

1446 2547 1484 2576 In
1501 2555 1528 2576 e.
1546 2555 1590 2576 m.
1608 2546 1746 2585 capitulo
1763 2546 1916 2577 ecclesiae
1936 2547 2137 2577 Trevirensis
2156 2546 2288 2578 mandat
2304 2555 2386 2588 qua

1407 2609 1467 2630 nus
1481 2599 1586 2630 eidem
1602 2599 1840 2638 archiepiscopo
1857 2600 1995 2630 debitam
2017 2600 2233 2631 obedientiam
2253 2599 2375 2632 exhib-

1446 2653 1484 2683 In
1508 2662 1535 2682 e.
1554 2662 1598 2684 m.
1615 2652 1699 2682 clero
1715 2653 1853 2683 civitatis
1869 2657 1899 2684 et
1914 2653 2065 2684 dioecesis
2084 2653 2296 2684 Trevirensis.

1445 2706 1482 2736 In
1500 2715 1526 2736 e.
1545 2714 1590 2735 m.
1607 2705 1722 2745 populo
1738 2707 1876 2736 civitatis
1893 2711 1923 2736 et
1938 2706 2092 2737 dioecesis
2108 2707 2317 2737 Trevirensis.

1445 2759 1485 2788 In
1501 2768 1528 2789 e.
1550 2768 1593 2788 m.
1612 2759 1764 2797 ducibuS,
1782 2759 1967 2797 comitibus,
1988 2759 2163 2790 baronibus
2180 2759 2316 2800 aliisque
2348 2768 2375 2784 's'

1405 2811 1493 2842 sallis
1522 2815 1552 2841 et
1577 2811 1840 2842 ministerialibus
1867 2812 2018 2843 ecclesiae
2045 2812 2252 2842 Treverensis
2283 2815 2382 2842 mane-v

1406 2870 1562 2904 quatenns
1575 2866 1678 2895 eidem
1691 2866 1929 2905 archiepiscopo
1944 2865 2131 2896 fidelitatem
2147 2865 2272 2896 solitam
2287 2873 2357 2897 nec=
2374 2869 2379 2889 i

1405 2923 1555 2950 consueta
1574 2920 1703 2949 servitia
1720 2925 1752 2949 et
1766 2921 1840 2959 jura
1856 2920 2040 2950 exhibeant.
2371 2928 2375 2944 ι

1446 2973 1484 3002 In
1515 2982 1542 3002 e.
1575 2981 1617 3002 m.
1651 2974 1708 3009 It,
1737 2973 1803 3011 regi
1833 2974 2071 3010 Romanorum,
2098 2972 2228 3002 mandat
2253 2974 2371 3012 quaten

1405 3025 1510 3056 eidem
1529 3026 1764 3066 archiepiscopo
1781 3025 1900 3065 regalia
1916 3025 2077 3056 concedat.
2376 3016 2377 3020 ¹

1447 3091 1460 3106 α
1486 3079 1535 3109 Ad
1552 3079 1726 3110 fovendum
1744 3081 1815 3111 in...
1834 3096 1874 3103 —
1891 3080 1960 3110 Dat.
1977 3084 2130 3119 utsupra.
2158 3091 2171 3106 ι»

2455 1460 2461 1516 l

2447 2208 2455 2294 maa-r
2446 2010 2457 2194 m‘4-.<—⁴·⁴.-
2450 1851 2459 1979 -2—-4
2454 1796 2457 1822 μ.
2457 1743 2459 1750 ,
2455 1699 2457 1707 ,
