2342 3652
919 367 1145 408 DEUXIEME
1162 375 1319 405 ANNEE.
2104 375 2160 405 295

149 450 168 477 Ι
175 449 304 478 533-1
312 449 397 477 53ἵ

110 511 319 538 lldibrandinus
334 511 472 537 ecclesiae
488 510 624 535 Aretinae
640 509 796 542 episcopus
808 506 981 542 praeficitur.
994 505 1076 539 (Rau.

77 561 119 594 44,
135 568 159 586 c.
177 559 236 594 54‘2,
251 560 268 586 f.
286 560 336 586 ⁵232
354 562 404 590 v0.)

593 446 679 478 Rieti,
696 446 730 472 ²26
747 445 909 480 septembre
926 444 1004 470 1289.

122 660 285 691 Venerabili
302 661 396 696 fraltv'
421 659 650 692 [ldibrandlno,
670 660 802 695 episcopo
826 658 959 686 Aretino.
978 656 1077 690 Eum,

79 719 152 746 tunc
167 713 356 744 canonicum
375 711 526 742 ecclesiae
543 711 708 747 Aretinae,
724 711 827 740 eidem
842 710 1004 744 ecclesiae,
1024 717 1080 746 per

76 769 196 800 obitum
211 766 379 797 Guillelmi
395 766 529 800 vacanti,
548 765 729 803 episcopum
746 765 897 802 praeficit.

117 833 131 849 ιι
152 821 191 851 In
214 829 360 859 supreme
378 819 581 857 dignitatis...
600 835 638 839 —
653 818 722 847 Dat.
743 818 853 852 Reate,
872 827 903 846 vx
926 815 1080 846 kalendas

77 874 221 910 octobris,
238 882 324 903 anno
340 873 491 903 secundo.
513 884 525 898 ιι

116 928 155 958 In
172 937 199 957 e.
222 936 265 957 m.
288 926 427 965 capitulo
450 925 583 955 Aretino
605 924 736 954 mandat
757 928 791 953 ut
814 923 917 953 eidem
938 923 1082 961 episcopo

78 981 214 1012 debitam
230 980 444 1010 obedientiam
461 978 619 1017 praebeat.

117 1035 155 1065 ln
171 1043 199 1064 e.
217 1043 260 1063 m.
279 1033 363 1063 clero
382 1032 522 1062 civitatis
538 1036 568 1061 et
583 1031 736 1061 dioecesis
752 1031 915 1060 Aretinae.

117 1088 157 1118 In
173 1097 200 1118 e.
217 1096 261 1118 m.
278 1086 394 1126 populo
410 1085 548 1116 civitatis
564 1088 594 1114 et
610 1084 764 1114 dioecesis
783 1084 948 1114 Aretinae.

117 1141 156 1171 In
173 1149 200 1170 e.
215 1149 259 1169 m.
269 1140 429 1169 universis
443 1138 586 1169 vassallis
597 1137 749 1168 ecclesiae
763 1137 926 1173 Aretinae,
936 1141 970 1167 ut
980 1136 1083 1166 eidem

81 1195 223 1234 episcopo
237 1197 388 1223 consueta
403 1192 532 1222 servitia
550 1191 730 1221 exhibeant.

155 1381 409 1410 1538-1539
619 1378 708 1412 Rieu,
726 1379 740 1406 5
757 1379 919 1414 septembre
937 1377 1013 1405 1289.

116 1456 230 1484 clei-um
260 1457 340 1483 villae
369 1456 403 1482 dc
433 1455 570 1482 Gandavo
600 1464 616 1481 a
645 1455 748 1481 ballivo
778 1459 806 1481 et
830 1455 956 1482 scabinis
980 1459 1086 1482 tuetur.

84 1507 164 1541 (Rae.
182 1506 225 1538 44,
242 1514 267 1533 ο,
286 1506 346 1536 543,
365 1506 383 1532 f.
401 1505 452 1532 ‘232
469 1511 516 1536 v⁰;
535 1504 652 1538 Por'rfl„
671 1504 779 1537 23071.)

122 1616 240 1645 Dilectis
251 1615 325 1652 fillis
337 1615 488 1644 universis
497 1615 615 1643 clericis
627 1615 699 1643 ville
708 1615 742 1643 cle
751 1615 906 1649 Gandavo,
922 1615 1088 1644 Tornacen-

85 1669 265 1699 sisdiocesis.
278 1680 291 1695 «
301 1668 415 1697 Petitio
422 1671 527 1697 vestra
535 1667 626 1697 nobis
637 1667 780 1697 exhibita
788 1668 970 1698 continebat
979 1667 1088 1707 quod..

83 1721 230 1758 ballivus,
247 1744 268 1752 ..
286 1721 485 1751 Subballivus
501 1726 531 1750 et
546 1720 667 1750 scabini
683 1720 759 1750 ville
775 1721 813 1750 de
828 1720 993 1758 Gandavo,
1012 1722 1089 1752 Tor-

82 1775 229 1806 naceusis
250 1774 401 1811 diocesis,
418 1782 483 1803 non
503 1773 702 1803 attendentes
723 1773 810 1812 quod
828 1773 919 1803 laicis
938 1774 973 1803 in
993 1774 1089 1804 cleri-

83 1837 135 1860 cos
150 1833 180 1858 et
195 1836 345 1866 personas
361 1827 587 1857 ecclesiasticas
603 1826 694 1857 nulla
709 1832 756 1857 est
770 1827 921 1857 attributa
937 1832 1089 1866 potestas,

85 1890 137 1912 vos
150 1881 284 1912 diversis
298 1881 516 1912 exactionibus
533 1885 563 1910 et
578 1880 730 1918 collectis,
744 1880 898 1911 molestiis
915 1885 945 1911 et
961 1882 1092 1920 iniuriis

83 1935 260 1974 opprimere
276 1935 403 1974 propria
418 1935 595 1964 temeritate
611 1940 818 1973 presumunt,
835 1940 945 1965 contra
961 1936 1092 1966 canoni-

82 1997 133 2019 cas
157 1988 356 2025 sanctiones,
374 1997 450 2018 nam
472 1989 572 2018 iidem
594 1988 749 2025 ballivus,
767 1988 946 2018 suballivus
970 1993 1000 2019 et
1024 1998 1091 2020 sca-

81 2042 171 2080 bini,
187 2046 330 2081 pretextu
356 2042 523 2080 cujusdam
546 2042 686 2072 indebite
708 2043 884 2072 exactionis
903 2052 957 2073 seu
981 2044 1092 2074 assisie

83 2104 139 2134 per
150 2096 235 2134 ipsos
249 2096 400 2126 omnibus
416 2095 649 2125 habitatoribus
670 2096 813 2134 ejusdem
831 2096 906 2126 ville
923 2097 1090 2135 imposne,

85 2153 149 2179 tam
164 2149 202 2178 de
218 2150 393 2186 frumento,
407 2150 482 2179 vino
498 2153 527 2179 et
543 2149 616 2178 aliis
632 2149 822 2179 victualibus
845 2158 942 2188 quam
966 2151 1091 2189 pannis,

85 2201 158 2232 lana
173 2207 203 2232 et
219 2203 370 2232 omnibus
385 2203 538 2233 humanis
555 2203 651 2232 victui
669 2206 699 2232 et
715 2203 824 2232 usibus
839 2204 1016 2242 oportunis,
1031 2213 1093 2243 que
1120 2233 1123 2236 ,

86 2255 126 2286 ad
141 2264 220 2294 opus
240 2260 382 2285 vestrum
404 2260 571 2294 vestreque
587 2255 709 2284 familie
725 2264 830 2285 emere
847 2264 901 2285 vos
917 2257 1091 2295 contingit,

87 2312 186 2339 certas
200 2309 338 2347 pecunie,
352 2309 545 2348 quantitates
562 2317 579 2338 a
597 2308 698 2346 vobiS‚
717 2313 826 2338 contra
840 2308 1009 2348 justitiam,
1027 2311 1092 2340 exi-

88 2365 167 2401 gunt
181 2366 212 2392 et
225 2365 424 2401 extorquent,
440 2370 499 2391 nec
514 2361 578 2391 hiis
593 2361 747 2398 contenti,
764 2370 1000 2401 nonnunquam
1016 2363 1095 2393 alias

31 2415 34 2418 ’
57 2442 62 2445 .
89 2415 297 2455 pecuniarum
314 2424 458 2445 summas
479 2415 550 2444 sine
568 2415 676 2453 aliqua
693 2415 877 2445 rationabili
895 2424 989 2446 causa
1008 2418 1096 2447 vobis

90 2469 128 2499 de
146 2477 226 2498 novo
244 2463 427 2507 imponunt,
445 2467 516 2497 illas
534 2476 552 2497 a
568 2467 656 2498 vobis
674 2472 791 2498 temere
809 2468 995 2505 auferendo,
1013 2474 1053 2505 et,
1070 2471 1097 2499 si

91 2522 217 2561 quando
231 2531 284 2552 vos
300 2521 486 2560 hujusmodi
500 2521 671 2560 pecuniam
686 2522 766 2560 ipsis
778 2531 841 2552 non
858 2522 992 2559 solvitis,
1004 2528 1098 2562 prout

91 2575 186 2606 etiam
202 2584 267 2606 non
285 2576 439 2605 tenemini
456 2584 514 2605 nec
533 2575 665 2611 debetis,
685 2576 759 2605 dicti
778 2575 927 2614 ballivus,
945 2577 1096 2607 subballi-

91 2637 164 2666 vus,
181 2629 319 2665 scabini,
334 2638 388 2659 seu
407 2637 517 2658 corum
532 2628 700 2665 satellites,
715 2629 753 2659 de
769 2629 919 2660 mandato
935 2630 1094 2669 ipsorum,

91 2680 199 2712 domos
220 2686 338 2712 vestras
362 2681 517 2712 violenter
538 2681 732 2720 infringere,
751 2692 786 2712 ac
804 2691 867 2712 non
892 2683 996 2713 solum
1015 2684 1097 2713 bona

92 2738 194 2764 vestra
215 2735 346 2765 inventa
366 2735 447 2765 inibi
474 2744 644 2773 occupare,
663 2745 775 2765 verum
798 2736 893 2766 etiam
919 2745 973 2766 vos
994 2738 1095 2766 inter—

93 2786 186 2825 dum,
209 2797 289 2818 ausu
315 2788 484 2826 sacrilego,
507 2798 617 2828 capere
644 2798 679 2818 ac
703 2789 917 2826 ignominiose
945 2794 1096 2829 tractare,

94 2841 249 2880 captivare
258 2845 295 2871 et
308 2847 412 2881 captos
429 2843 572 2872 detinere
587 2846 786 2881 attemptarit,
799 2843 833 2872 in
847 2843 973 2881 proprie
986 2843 1097 2873 salutis

94 2892 257 2925 interitum
279 2899 309 2925 et
329 2895 568 2933 derogationem
592 2896 803 2926 ecclesiastice
829 2896 1000 2933 libertatis,
1020 2896 1098 2927 alias

95 2947 191 2976 etiam
205 2956 259 2978 vos
276 2949 372 2978 variis
388 2949 520 2986 injuriis
537 2953 567 2978 et
586 2949 830 2986 gravaminibus
845 2950 970 2979 afficere
992 2949 1097 2979 multi-

78 3041 82 3046 ·
97 2999 217 3039 pliciter
230 3009 295 3031 non
308 3006 469 3032 verentur.
490 3002 594 3038 Quare
607 3002 667 3031 fnit
678 3002 769 3032 nobis
781 3011 816 3032 ex
829 3008 916 3040 parte
928 3007 1031 3032 vestra
1042 3003 1099 3033 hu—

78 3095 81 3098 .
98 3052 215 3083 militer
236 3055 448 3094 supplicatum
467 3059 501 3085 ut
519 3054 730 3093 apostolicum
749 3064 844 3094 super
866 3055 926 3086 hoc
947 3056 1099 3086 adbibere

1159 441 1348 479 presidium,
1364 450 1419 479 per
1435 442 1547 480 quoda
1567 446 1610 472 tot
1624 441 1874 479 gravaminibus,
1889 440 2018 478 injuriis
2029 444 2059 469 et.
2073 449 2159 478 pres-

1161 494 1253 529 suris,
1267 502 1329 531 que
1346 494 1431 523 vobis
1443 504 1497 532 per
1508 495 1662 532 pred1ctos
1676 493 1843 529 ballivum,
1855 493 2081 529 subballivum,
2099 501 2175 522 sca-.

1160 546 1252 576 binos
1269 551 1298 576 et
1314 555 1423 576 eorum
1438 547 1599 583 satellites,
1611 551 1644 576 ut
1660 547 1863 585 premittitur,
1880 546 1999 585 jugiter
2015 546 2160 582 irrogan-

1162 603 1228 635 tur,
1250 600 1406 638 respirare
1424 600 1564 638 possitis,
1584 604 1715 638 paterna
1733 599 1948 630 sollicitudine
1966 607 2161 628 curaremus.

1163 653 1228 682 Nos
1254 652 1364 690 igitur,
1392 653 1533 683 volentes
1555 653 1704 692 predictis
1722 653 1962 691 gravaminibus
1983 656 2012 682 et
2036 651 2165 690 injuriis

1160 705 1250 743 juxta
1265 705 1358 734 officii
1372 707 1470 735 nostri
1488 706 1631 735 debitum
1646 706 1786 742 obviare,
1800 706 1982 735 auctoritate
1996 703 2166 743 apostolica

1163 758 1336 787 districtius
1363 759 1547 788 inhibemus
1573 768 1612 788 ne
1637 759 1749 797 prefati
1775 758 1926 795 ballivus,
1952 757 2163 792 subballivus,

1164 811 1287 840 scabini
1306 816 1333 841 et
1355 812 1505 841 satellites
1527 812 1714 851 hujusmodi
1734 812 1934 849 gravamina,
1956 811 2090 847 injurias
2111 819 2167 839 sen

1164 864 1326 894 molestias
1342 865 1428 894 vobis
1444 865 1482 894 de
1498 868 1600 894 cetero
1614 869 1723 894 contra
1739 864 1892 902 predictas
1907 864 2085 893 sanctiones
2101 863 2169 892 tali-

1167 921 1212 947 ter
1228 918 1347 947 inferre
1364 921 1559 956 presumant.
1579 916 1670 946 Nulli
1694 925 1768 954 ergo
1789 921 1847 945 etc.
1873 920 1978 945 nostre
2000 916 2168 945 inhibitio-

1167 973 1218 1002 nis
1233 977 1291 1002 etc.
1308 973 1378 1002 Dat.
1398 973 1510 1008 Reate,
1529 972 1623 1001 nonis
1641 971 1838 1009 septembris,
1857 980 1942 1000 anno
1957 970 2105 1000 secundo.
2129 983 2141 996 n

1206 1026 1245 1054 In
1264 1035 1290 1056 e.
1309 1035 1352 1055 m.
1374 1049 1393 1055 ..
1411 1024 1541 1055 officiali
1564 1024 1759 1054 Tornacensi
1780 1023 1909 1052 mandat
1927 1027 2084 1061 quatenus
2109 1031 2171 1052 non

1168 1080 1328 1118 permittat
1354 1079 1483 1108 clericos
1510 1077 1548 1107 de
1572 1077 1726 1107 Gandavo
1742 1086 1759 1106 a
1776 1076 1919 1111 ballivis,
1942 1075 2126 1105 subballivis
2143 1080 2173 1104 et

1168 1132 1306 1162 scabinis
1323 1131 1495 1161 molestari.

1210 1198 1224 1212 (ι
1244 1186 1359 1215 Petitio
1375 1185 1565 1215 dilectorum
1582 1183 1766 1214 filiorum...
1784 1199 1822 1204 —
1839 1183 1909 1212 Dat.
1929 1186 2082 1220 utsupra.
2109 1194 2122 1207 »

1246 1426 1364 1455 1540
1736 1422 1822 1451 Rieti,
1843 1423 1879 1448 1⁰¹·
1895 1421 2010 1448 octobre
2028 1421 2102 1447 1289.

1207 1503 1312 1529 Domui
1330 1502 1419 1529 Vallis
1435 1501 1534 1528 viridis
1551 1500 1694 1527 licentiam
1712 1498 1892 1534 permutandi
1907 1497 2044 1532 quasdam
2061 1504 2178 1531 posses-

1171 1554 1269 1580 siones
1292 1560 1360 1579 suas
1384 1550 1525 1577 concedit.
1553 1549 1634 1583 (Ptec.
1663 1549 1705 1580 44,
1733 1557 1758 1574 c.
1779 1548 1843 1578 544,
1871 1547 1889 1573 f.
1912 1546 1962 1573 233
1987 1553 2029 1577 r⁰;
2052 1545 2118 1572 Lar.
2142 1553 2177 1571 nu

1171 1601 1274 1632 Taetn,
1291 1600 1332 1635 ll,
1350 1600 1423 1628 ⁶277.)

1215 1768 1235 1775 ..
1248 1745 1465 1784 poenitentiario
1477 1743 1593 1772 ecclesie
1602 1740 1782 1770 Par-islensis
1794 1737 1925 1768 mandat
1939 1741 1973 1767 ut
1986 1737 2129 1776 inquirat
2141 1735 2179 1765 de

1172 1798 1408 1838 opportunitate
1426 1795 1587 1835 petitionis
1605 1803 1667 1833 qua
1685 1817 1705 1824 ..
1722 1793 1808 1831 prior
1826 1796 1856 1821 et
1874 1795 2050 1821 conventus
2066 1789 2179 1819 domus

1174 1849 1276 1880 Vallis
1296 1848 1420 1882 viridis,
1437 1846 1475 1876 ad
1492 1854 1658 1876 romanam
1674 1843 1841 1874 ecclesiam
1856 1842 1945 1872 nullo
1962 1841 2067 1871 medio
2086 1839 2181 1879 perti-

1174 1903 1298 1940 nentis,
1316 1900 1532 1932 Cartusiensis
1554 1898 1694 1933 ordinis,
1714 1896 1878 1926 licentiam
1901 1899 2033 1934 poscunt
2054 1902 2179 1933 permn-

1175 1956 1262 1987 tandi
1283 1955 1438 1994 quasdam
1457 1952 1672 1992 possessiones
1696 1959 1783 1986 suaS,
1802 1949 1902 1978 nimis
1918 1947 2090 1981 distantes,
2108 1955 2179 1975 cum

1174 2010 1246 2040 aliis
1277 2007 1532 2048 possessionibus
1562 2005 1602 2035 ad
1630 2004 1805 2043 prioratum
1834 2002 1967 2032 Sanctae
1993 2000 2113 2030 Mariae
2142 1999 2181 2028 de

1175 2064 1314 2103 Campis,
1329 2062 1451 2093 ordinis
1467 2061 1499 2091 S.
1520 2059 1696 2093 Benedicti,
1711 2056 1903 2087 parisiensis
1919 2054 2083 2090 dioecesis,
2098 2062 2181 2092 spec-

1176 2117 1328 2148 tantibus.

1219 2183 1232 2198 «
1258 2171 1302 2200 Ex
1320 2173 1406 2209 parte
1421 2168 1649 2198 dilectorum...
1668 2182 1705 2186 —
1721 2165 1791 2194 Dat.
1812 2164 1920 2199 Reate,
1938 2160 2081 2191 kalendis
2097 2163 2182 2190 octo-

1176 2225 1259 2261 bris,
1279 2232 1366 2253 anno
1384 2220 1535 2251 secundo.
1559 2231 1573 2245 »

1252 2463 1362 2492 1541
1761 2455 1852 2484 Rieti,
1871 2454 1885 2480 8
1901 2453 2017 2479 octobre
2034 2451 2110 2477 1289.

1216 2537 1398 2573 Dispensatio
1414 2543 1501 2570 super
1516 2532 1736 2567 irregularitate.
1758 2530 1839 2562 (Res.
1856 2529 1898 2559 44,
1909 2536 1934 2554 c.
1953 2528 2024 2559 5442,
2038 2527 2056 2552 f.
2067 2525 2117 2552 ‘233
2134 2527 2182 2557 1¹⁰.)

1226 2679 1389 2710 Venerabili
1414 2677 1509 2714 fratri
1537 2697 1555 2703 ..
1581 2673 1711 2710 episcopo
1738 2670 1934 2699 ll'z'nloniensl
1959 2666 2128 2698 committit
2149 2670 2184 2696 ut

1179 2744 1252 2765 cum
1271 2731 1460 2765 Valentino,
1478 2727 1679 2767 presbytero,
1696 2722 1852 2753 monacho
1871 2720 2056 2751 monasterii
2075 2719 2184 2750 Sancti

1180 2785 1343 2826 Swythini
1375 2779 1642 2821 W'yntoniensis,
1671 2776 1791 2807 ordinis
1823 2775 1855 2806 S.
1890 2773 2075 2808 Benedicti,
2105 2772 2183 2802 olim

1180 2842 1282 2881 priore
1298 2836 1441 2876 ejusdem
1458 2831 1654 2867 monasterii,
1669 2829 1830 2868 dispenset
1842 2836 1936 2866 super
1950 2826 2183 2864 irregularitate

1180 2902 1277 2933 quam
1303 2891 1378 2919 olim
1403 2897 1446 2923 se,
1473 2890 1547 2915 tune
1572 2882 1896 2917 excommunicatum,
1921 2880 2039 2909 divinis
2061 2880 2185 2908 immis-

1181 2946 1292 2981 cendo,
1313 2940 1479 2972 contraxit.

1223 3012 1236 3026 α
1257 2995 1404 3027 Exhibita
1420 2992 1510 3022 nobis
1526 3000 1600 3021 ex...
1614 3006 1651 3011 —-
1663 2989 1733 3019 Dat.
1751 2988 1860 3024 Reate,
1874 2996 1930 3016 v111
1948 2986 2020 3016 idus
2037 2986 2184 3021 octobris,

1181 3060 1267 3084 anno
1285 3047 1435 3079 secundo.
1458 3057 1470 3071 υ
