2477 3637
229 397 285 426 616

228 463 306 492 siam
323 461 362 490 ab
381 460 456 498 ipsis
474 458 620 488 tratribus
634 457 672 486 de
692 464 771 486 novo
789 457 1004 485 constructum
1021 452 1060 481 ad
1076 451 1230 480 honorem

229 517 334 545 beatae
357 513 476 543 Mariae
505 511 641 549 virginis
665 515 694 538 et
720 509 799 537 beati
828 506 990 537 Benedicti
1015 506 1046 534 in
1073 503 1232 533 territorio

227 567 361 597 civitatis
377 564 598 598 'l'reve1itinac,
617 563 649 591 in
669 562 734 591 loco
750 561 833 590 dicto
851 560 956 589 Monte
976 558 1086 587 Plano.

269 633 282 645 «ι
304 619 413 648 Debite
431 616 628 656 providentie
649 613 776 644 oculo...
794 630 832 634 —
855 612 925 641 Dat.
947 610 1030 649 apud
1056 609 1231 639 Urbetnve-

229 676 338 706 terem,
357 679 373 699 x
396 668 547 698 kalendas
563 666 679 701 martii,
697 672 782 694 anno
800 664 899 693 tertio.
923 674 936 689 1>

297 855 417 884 42¹8
767 850 897 883 (Ji-victo,
918 848 946 874 18
962 847 1065 873 fevi-ier
1084 846 1160 872 1291.

262 917 395 944 Clusinos
412 916 540 942 hortatur
557 918 585 941 ut
600 922 665 941 cum
682 912 839 940 Gcbellinis
855 919 951 946 pacem
964 910 1077 936 faciant.
1092 908 1174 942 (Rea.
1189 908 1232 941 45,

227 975 252 993 c.
273 966 337 997 737,
357 966 376 991 ι.
402 966 449 991 150
469 966 515 997 ro.)

269 1082 376 1110 Dilecto
392 1080 456 1117 filio
472 1079 594 1108 consitio
608 1083 632 1107 e!
647 1078 801 1107 communi
818 1076 951 1105 Clusino.
975 1086 987 1101 ι
1002 1073 1129 1103 Pridem
1148 1072 1233 1111 pacis

228 1133 333 1164 emnlo
361 1133 549 1170 instigante,
573 1131 656 1161 inter
682 1130 813 1160 Guelsos
837 1134 867 1158 et
886 1127 1071 1158 Gebellinos
1097 1126 1232 1155 civitatis

229 1193 330 1218 vestre
347 1187 496 1225 gravibus
511 1185 694 1215 animarum
714 1189 743 1214 et
764 1192 931 1222 corporum
952 1181 1099 1220 periculis
1122 1180 1232 1210 subse-

229 1241 324 1276 cutis,
342 1245 371 1270 et
389 1240 534 1275 tandein,
553 1242 702 1277 operante
720 1237 832 1267 salutis
852 1241 990 1272 anctore,
1009 1236 1093 1265 inter
1111 1243 1166 1264 vos
1184 1234 1233 1263 in-

229 1294 328 1324 vicem
364 1293 531 1323 concordia
561 1292 749 1327 reformata,
777 1290 929 1320 dilectum
955 1289 1058 1318 filium
1092 1287 1232 1318 nobilem

229 1348 332 1377 virum
351 1346 547 1384 Raynerium
567 1344 719 1382 Hugolini
735 1344 773 1373 ad
791 1347 931 1373 vestrum
948 1347 978 1372 et
992 1343 1135 1380 ejusdem
1152 1341 1233 1370 civi-

229 1401 299 1430 tatis
315 1400 457 1437 regimen
475 1398 686 1428 exercendum
706 1397 904 1428 concorditer
925 1395 1159 1434 assumpsistis;
1178 1394 1232 1424 sed

229 1454 427 1493 postmodnm
451 1452 561 1483 eodem
583 1452 681 1482 nobili
706 1451 837 1481 ecclesie
860 1459 992 1481 romane
1010 1449 1175 1479 servitium
1197 1448 1232 1477 in

227 1508 391 1538 obsidione
409 1506 502 1537 castri
524 1506 627 1535 Pereti
645 1504 852 1544 personaliter
868 1507 1088 1543 prosequente,
1106 1502 1233 1541 ydoneo

227 1562 260 1590 in
275 1562 400 1591 civitate
419 1561 486 1599 ipsa
501 1560 633 1590 dimisso
650 1559 778 1594 vicario,
795 1558 851 1598 qui
867 1558 1024 1597 justitiam
1042 1557 1126 1586 inibi
1143 1565 1233 1586 exer-

227 1619 321 1649 ceret,
334 1622 399 1644 vos.
412 1622 429 1642 a
444 1613 526 1652 pacis
537 1617 567 1643 et
582 1612 748 1642 concordie
760 1611 872 1641 semita
885 1611 1062 1647 deviantes,
1077 1609 1234 1649 predictos

228 1667 428 1703 GebellinOS,
447 1666 610 1696 associatis
627 1665 714 1695 vohis
731 1665 922 1704 quibusdam
941 1663 1121 1702 iniquitatis
1137 1662 1231 1699 filiis,

227 1720 450 1759 circumposite
465 1719 678 1749 turbatoribus
691 1719 840 1756 regionis,
855 1718 894 1747 de
904 1718 1031 1747 civitate
1045 1717 1163 1756 prefata
1180 1725 1235 1755 per

230 1774 414 1805 violentiam
440 1773 574 1812 ejecistis
596 1772 749 1811 quosdam
770 1781 806 1801 ex
831 1773 876 1802 eis
896 1772 929 1801 in
951 1771 1092 1801 ecclesiis
1110 1775 1140 1800 et
1161 1770 1234 1799 aliis

229 1828 305 1859 locis
334 1832 438 1867 captos
469 1826 680 1857 carceralibus
716 1825 854 1856 vinculis
893 1825 1123 1863 mancipando,
1157 1824 1235 1863 ipsis

231 1881 460 1911 nichilominus
486 1881 577 1910 bonis
603 1880 668 1909 suis
692 1880 842 1909 omnibus
866 1878 1019 1918 spoliatis.
1044 1878 1139 1909 Unde
1164 1887 1232 1914 nos,

230 1940 350 1965 tantum
374 1940 403 1965 ct
426 1939 488 1964 tam
508 1943 637 1972 gravem
657 1942 819 1963 excessum
841 1932 1007 1963 molestius
1027 1933 1233 1972 perferentes,

230 1989 316 2018 vobis
329 1992 450 2018 nostras
464 1988 636 2025 rogatorias
653 1991 682 2016 et
697 1986 925 2016 exhortatorias
938 1985 1060 2015 litteras
1072 1986 1233 2023 misimus,

229 2041 340 2070 dantes
357 2050 410 2079 per
431 2050 482 2070 eas
499 2040 588 2070 vobis
610 2039 844 2070 nichilominus
860 2040 892 2069 in
914 2039 1073 2069 mandatis
1093 2043 1143 2075 ut,
1162 2048 1234 2078 pro-

230 2094 300 2123 vida
312 2094 514 2124 meditatione
524 2098 692 2132 pensantes
704 2093 787 2132 quod
800 2102 835 2122 ex
849 2101 1039 2131 guerrarum
1052 2092 1235 2122 turbinibus

231 2146 415 2176 facultatum
433 2147 546 2176 subera
564 2146 631 2186 (sic)
649 2146 787 2185 deperit,
807 2146 990 2175 animarum
1013 2149 1045 2175 et
1066 2153 1234 2185 corporum

230 2200 394 2239 dispendia
409 2203 613 2237 generantur,
631 2208 667 2230 ac
684 2208 747 2229 non
764 2199 925 2229 modicum
943 2199 976 2229 in
993 2199 1150 2229 deteriora
1167 2207 1235 2238 pro-

230 2253 345 2283 labitur
361 2254 503 2291 ejusdem
518 2253 657 2283 conditio
673 2253 822 2289 civitatis,
837 2253 921 2282 inter
933 2261 986 2282 vos
1003 2257 1033 2282 et
1049 2252 1235 2282 Gebellinos

230 2306 354 2336 eosdem
383 2307 536 2335 unitatem
563 2306 733 2336 reformare
761 2306 928 2336 concordie
950 2306 1130 2343 studeretis,
1155 2311 1185 2336 et
1209 2306 1235 2336 si

229 2368 307 2398 quos
334 2369 368 2389 ex
393 2360 437 2389 eis
460 2360 644 2389 detineretis
666 2360 698 2389 in
725 2360 880 2396 vinculis,
905 2359 1081 2390 redderetis
1102 2360 1235 2398 pristine

229 2412 384 2449 libertati,
403 2413 492 2442 honis
510 2421 618 2442 eorum
640 2414 762 2451 integre
783 2413 937 2443 restitutis
959 2413 1097 2450 eisdem,
1117 2413 1236 2452 prefato

229 2465 326 2495 nobili
343 2465 519 2496 obediendo
538 2465 679 2505 plenarie
698 2467 730 2496 in
749 2466 812 2495 hiis
832 2475 894 2505 que
918 2467 955 2496 ad
979 2475 1072 2496 suum
1094 2471 1235 2506 spectare

229 2520 367 2550 officium
393 2519 613 2554 dinoscuntur,
639 2520 682 2549 sic
707 2519 822 2549 nostris
847 2520 993 2558 precibus
1018 2525 1049 2549 et
1076 2521 1235 2550 mandatis

229 2573 395 2602 efficaciter
422 2572 555 2610 parituri
586 2576 618 2601 nt
645 2572 776 2611 proinde
802 2572 1094 2603 commendationis
1122 2573 1234 2603 multi-

229 2625 317 2664 plicis
343 2625 471 2655 titulum
492 2625 670 2656 devotionis
690 2630 791 2656 vestre
813 2627 980 2656 sinceritas
1005 2631 1182 2656 mereretur
1205 2632 1236 2658 et

228 2678 389 2717 apostolici
416 2679 531 2708 favoris
554 2678 728 2717 presidium
751 2679 912 2709 sentiretis
941 2680 975 2709 in
1005 2680 1117 2709 vestris
1141 2689 1234 2719 opor-

231 2731 415 2761 tunitatibus
439 2731 648 2761 fructuosum.
679 2732 740 2762 Vos
763 2737 882 2767 autem,
910 2732 948 2762 ad
979 2733 1234 2764 inobedientiam

228 2784 344 2813 animis
360 2785 552 2821 obfirmatis,
571 2790 600 2814 et
624 2785 791 2824 apostolice
816 2785 901 2815 sedis
921 2786 1118 2823 reverentia,
1136 2795 1234 2825 quam

228 2837 349 2866 cautius
369 2846 494 2867 servare
513 2845 566 2867 vos
588 2837 754 2874 convenit,
778 2846 796 2866 a
819 2837 909 2867 vohis
930 2839 1058 2868 eminus
1074 2839 1231 2877 relegata,

229 2890 357 2920 obedire
385 2891 531 2929 precibus
559 2895 589 2921 et
614 2891 774 2920 mandatis
806 2891 923 2921 nostris
951 2891 1138 2930 hujusmodi
1168 2901 1232 2923 non

229 2944 376 2980 curastiS,
399 2944 514 2982 dequo
536 2948 622 2974 tanto
640 2944 828 2983 propensior
850 2944 1074 2975 admirationis
1098 2947 1233 2976 materia

231 2996 320 3026 nobis
346 2997 501 3034 ingeritur
529 3002 648 3035 quanto
670 2997 852 3028 sincerioris
878 2997 1060 3028 devotionis
1081 2999 1231 3030 affectum

229 3059 304 3088 erga
329 3051 477 3089 prefatam
499 3051 662 3081 ecclesiam
691 3060 743 3082 vos
767 3060 876 3089 gerere
904 3052 1121 3090 sperabamus.
1149 3053 1230 3084 Cum

1268 2550 1278 3106 i

973 383 1208 416 REGISTRES
1231 383 1285 413 DE
1309 381 1492 412 NICOLAS
1516 381 1572 411 tv.

1314 448 1412 486 igitur
1436 447 1475 476 ad
1504 451 1642 476 vestrum
1670 451 1700 476 et
1724 445 1938 485 predictarum
1963 443 2100 474 civitatis
2121 452 2158 474 ac
2182 443 2321 482 regionis

1313 504 1429 530 statum
1454 499 1622 538 pacificum
1651 503 1681 528 et
1709 497 1920 537 tranquillum
1945 501 2074 536 paterne
2099 495 2321 528 sollicitudinis

1314 553 1420 583 studio
1439 552 1662 589 intendamus,
1684 556 1714 582 et
1728 551 1768 581 ad
1787 551 1819 581 id
1835 559 1926 590 opem
1943 550 2080 580 libenter
2097 549 2322 588 impendamus

1314 610 1344 636 et
1365 614 1493 644 operam
1519 605 1726 643 diligentem,
1749 604 1989 634 universitatem
2007 606 2145 632 vestram
2163 602 2245 632 sicut
2262 602 2321 632 ite-

1315 669 1385 690 rum
1413 659 1459 689 sic
1484 659 1658 688 instantius
1682 667 1719 688 ac
1744 658 1898 688 attentius
1923 656 2097 695 rogandam
2119 655 2269 686 duximus
2293 660 2324 687 et

1314 712 1503 743 hortandam
1517 734 1525 749 ,
1547 710 1780 741 nichilominus
1803 710 1894 741 vobis
1915 714 2023 740 tenore
2046 709 2242 748 presentium
2259 708 2321 740 dis·
2368 714 2370 747 Q

1315 766 1437 795 trictius
1458 765 1665 803 injungentes
1694 768 1869 803 quatenns,
1901 772 1956 802 pro
1982 762 2095 792 divina
2121 767 2152 792 et
2180 761 2322 801 ejusdem

1314 819 1399 849 sedis
1414 823 1445 848 et
1460 822 1567 848 nostra
1583 818 1774 854 reverentia,
1792 816 1935 856 cujusvis
1953 816 2094 846 rancoris
2113 820 2144 845 et
2155 815 2222 845 odii
2236 823 2321 846 scru-

1314 872 1389 911 pulo
1404 880 1532 911 prorsus
1548 870 1676 901 excluso
1688 892 1696 906 ,
1719 875 1843 900 mentes
1859 873 1979 899 vestras
1994 873 2024 899 et
2038 869 2164 899 animos
2181 867 2221 898 ad
2239 868 2323 908 pacis

1314 926 1435 956 bonum
1451 929 1482 955 et
1493 924 1614 964 quietis
1628 923 1780 954 dulciflue
1796 922 1965 953 comodum
1979 921 2194 953 laudabilibus
2210 921 2324 952 studiis

1314 978 1519 1014 reducentes,
1540 978 1693 1007 intervos
1711 981 1740 1007 et
1755 975 1942 1007 Gebellinos
1960 976 2087 1006 eosdem
2107 974 2229 1005 stabilis
2249 975 2323 1006 uni·
2343 1007 2351 1012 ,

1317 1037 1410 1062 tatem
1425 1031 1591 1062 concordie
1603 1030 1794 1068 reformetis,
1806 1029 1983 1061 liberaliter
1995 1029 2163 1061 liberando
2173 1029 2324 1068 captivos,

1315 1085 1342 1115 si
1358 1085 1413 1124 qni
1432 1094 1486 1124 per
1502 1093 1557 1115 vos
1573 1085 1705 1115 forsitan
1724 1084 1922 1119 detinentur,
1938 1083 2051 1122 eisque
2067 1081 2264 1113 restituendo
2278 1083 2326 1112 in·
2344 1080 2349 1081 ⁷

1316 1144 1401 1177 tegre
1418 1139 1501 1170 bona
1516 1148 1592 1176 sua,
1613 1138 1763 1177 dictoque
1780 1137 1879 1168 nobili
1898 1137 2038 1176 parendo
2054 1136 2198 1177 plenarie
2212 1136 2247 1166 in
2262 1135 2325 1166 hiis

1315 1202 1377 1232 que
1397 1193 1436 1223 ad
1453 1193 1595 1223 officium
1614 1194 1683 1231 ejtis
1707 1196 1860 1231 spectant.
1886 1190 1978 1221 Illam
1998 1191 2032 1221 in
2057 1190 2117 1220 hoc
2136 1189 2325 1230 promptitu-

1315 1247 1424 1277 dinem
1441 1251 1472 1276 et
1487 1246 1654 1276 efficatiam
1672 1245 1850 1284 impensuri
1872 1249 1905 1275 ut
1927 1253 1981 1275 vos
2000 1243 2086 1283 pacis
2110 1247 2140 1274 et
2161 1243 2326 1274 concordie
2354 1260 2362 1268 -·

1315 1305 1473 1330 amatores
1492 1309 1546 1340 per
1561 1299 1710 1330 effectum
1727 1307 1860 1338 operum
1880 1298 2091 1337 comprobetis
2104 1320 2111 1333 ,
2133 1305 2255 1336 nosque
2272 1295 2326 1327 de·-
2363 1291 2366 1294 ’

1315 1354 1474 1392 votionem
1495 1358 1645 1390 vestram,
1660 1362 1756 1392 quam
1773 1352 1807 1382 in
1821 1352 1882 1383 hoc
1896 1352 2057 1382 efficacem
2072 1350 2220 1390 cupimus
2234 1350 2327 1381 inve·
2350 1365 2354 1372 ·

1316 1407 1392 1445 niri,
1406 1407 1575 1446 condignis
1592 1406 1742 1436 laudibus
1757 1405 1953 1444 attollamus,
1966 1413 2023 1435 nec
2039 1405 2081 1435 sit
2095 1413 2174 1444 opus
2188 1403 2277 1434 aliud
2291 1403 2327 1434 in
2356 1420 2359 1437 ι

1315 1461 1375 1492 hac
1393 1465 1479 1500 parte
1494 1460 1673 1490 remedium
1690 1459 1847 1490 adhiberi.
1868 1459 1936 1488 Dat.
1953 1458 2035 1498 apud
2050 1458 2325 1494 Urbemveterem‚

1316 1525 1358 1545 >111
1375 1514 1529 1545 kalendas
1545 1514 1664 1551 martii,
1682 1522 1769 1543 anno
1786 1513 1888 1543 tertio.
1912 1525 1925 1540 n

1387 1692 1642 1723 4219-4220
1859 1691 1991 1724 Orvieto,
2010 1690 2043 1718 18
2058 1690 2163 1717 tevi-iet·
2179 1689 2258 1717 1291.

1354 1757 1397 1784 De
1412 1757 1512 1783 eodem
1529 1756 1656 1790 negotio.
1674 1755 1758 1788 (Rea.
1773 1755 1816 1788 45,
1831 1762 1856 1781 c.
1874 1754 1936 1788 738,
1953 1753 1972 1780 f.
1990 1752 2039 1780 150
2055 1751 2105 1787 νο.)

1358 1860 1477 1890 Βίίσοιὶε
1491 1859 1566 1896 filiis
1586 1880 1606 1888 ..
1629 1858 1784 1897 potestati,
1802 1857 1928 1895 consilio
1947 1861 1973 1886 ει
1989 1856 2145 1885 communi
2160 1853 2346 1884 Perusinia:
2363 1896 2365 1898 v

1320 1913 1379 1943 Eos
1402 1917 1492 1951 rogat
1515 1917 1545 1942 et
1564 1912 1709 1942 hortatur
1732 1914 1766 1941 ut
1788 1910 1913 1941 civibus
1931 1909 2074 1940 Clusinis
2093 1907 2222 1938 nullum
2240 1907 2328 1938 favo-

1319 1976 1401 2003 rem,
1437 1966 1608 1996 consilium
1641 1964 1690 1994 vel
1719 1964 1878 1995 auxilium
1907 1963 2115 2002 impendant,
2146 1960 2328 2001 quinimmo
2355 1973 2359 1980 ·

1320 2019 1542 2050 Marchionem
1558 2019 1679 2049 dictum
1700 2018 1931 2053 Sarracenum,
1957 2016 2126 2053 clericum,
2148 2015 2188 2045 de
2203 2014 2328 2045 civitate

1319 2073 1476 2103 Perusina
1495 2072 1687 2109 oriundum,
1708 2073 1763 2111 qui
1784 2071 1824 2102 ad
1842 2071 2002 2101 civitatem
2020 2069 2191 2100 Clusinam
2206 2077 2240 2098 se
2255 2075 2330 2098 con·
2368 2104 2370 2114 ι

1319 2128 1392 2158 tulit
1422 2132 1456 2158 ut
1491 2131 1607 2157 statum
1640 2125 1839 2165 perturbaret
1870 2129 1900 2154 et
1920 2123 2105 2154 Gebellinos
2136 2121 2326 2162 expelleret,
2358 2111 2370 2140 Α·

1319 2185 1478 2212 revocent.

1360 2248 1374 2263 «
1394 2235 1469 2265 Non
1488 2238 1534 2264 est
1551 2233 1679 2264 nobis...
1696 2249 1734 2254 —
1754 2233 1824 2262 Dat.
1843 2235 1877 2262 ut
1894 2240 2000 2271 snpra.
2024 2242 2035 2258 n

1359 2289 1396 2318 ln
1420 2297 1448 2318 e.
1470 2297 1514 2318 m.
1537 2309 1557 2316 ..
1580 2290 1784 2326 potestatem,
1801 2284 1977 2315 consilium
1996 2289 2028 2314 et
2049 2290 2254 2314 communem
2271 2281 2328 2314 Se-
2356 2303 2357 2308 ,

1319 2351 1435 2372 nenses
1467 2345 1556 2379 rogat
1581 2345 1612 2370 et
1642 2339 1788 2369 hortatur
1817 2344 1851 2369 nt
1876 2338 2000 2368 civibus
2025 2336 2170 2368 Clusinis
2199 2335 2327 2366 nullum
2359 2356 2364 2364 .

1318 2395 1474 2432 favorem,
1506 2393 1677 2424 consilium
1709 2392 1758 2422 vel
1782 2391 1941 2422 auxilium
1967 2389 2168 2430 impendant.
2193 2389 2266 2428 Dat.
2294 2391 2328 2419 ut

1318 2457 1425 2488 supra.

1387 2628 1501 2657 4221
1862 2624 1988 2658 Orvieto,
2008 2623 2039 2651 13
2054 2623 2160 2651 fevi-ier
2176 2621 2255 2651 1291.

1355 2690 1395 2717 De
1410 2690 1511 2717 codem
1532 2689 1656 2725 negotio.
1675 2688 1758 2720 (Res.
1775 2688 1826 2720 45,
1843 2695 1869 2715 c.
1884 2686 1950 2719 739,
1968 2687 1986 2714 f.
2005 2686 2056 2714 150
2071 2688 2122 2716 νο.)

1359 2817 1379 2824 ..
1396 2793 1654 2831 archipresbytero
1669 2797 1695 2821 ει
1711 2793 1800 2822 Nerio
1825 2791 1949 2828 Vannis,
1965 2789 2111 2820 canonico
2126 2787 2243 2819 ecclesie
2259 2786 2327 2817 Clu·
2350 2790 2359 2814 J

1315 2848 1383 2876 sine
1395 2870 1402 2883 ,
1425 2845 1556 2876 mandat
1574 2850 1608 2876 ut
1627 2845 1846 2875 Marchionem
1865 2844 1987 2874 dictum
2005 2841 2238 2879 Sarracenum‚
2259 2837 2326 2880 ple-
2355 2838 2359 2844 ”

1315 2899 1437 2930 hanum
1456 2899 1556 2939 plebis
1572 2899 1680 2930 Sancti
1701 2898 1844 2935 Martini,
1862 2897 2014 2928 Clusinae
2029 2894 2196 2931 dioecesis,
2212 2892 2270 2934 qui
2283 2891 2324 2923 ad

1315 2952 1477 2983 civitatem
1506 2952 1674 2983 Clusinam
1700 2961 1732 2982 se
1759 2951 1896 2982 contulit
1924 2954 1955 2980 et
1977 2949 2018 2980 ah
2042 2949 2112 2988 ipsa
2141 2945 2324 2978 Gebellinott

1314 3005 1389 3046 ejici
1406 3006 1488 3042 fecit,
1506 3005 1605 3036 citent
1622 3010 1656 3036 ut
1673 3005 1758 3036 infra
1772 3004 1956 3044 quindecim
1975 3003 2043 3033 dies
2057 3005 2126 3042 post
2141 3000 2323 3032 citationem
2363 3036 2367 3041 Α

1313 3059 1525 3098 personaliter
1541 3067 1647 3090 coram
1667 3058 1741 3089 sede
1758 3056 1930 3098 apostolica
1946 3059 2136 3096 compareat.
2374 3047 2377 3051 ’
