<?xml version="1.0" encoding="UTF-8"?>
<!DOCTYPE html PUBLIC "-//W3C//DTD XHTML 1.0 Transitional//EN"
    "http://www.w3.org/TR/xhtml1/DTD/xhtml1-transitional.dtd">
<html xmlns="http://www.w3.org/1999/xhtml" xml:lang="en" lang="en">
 <head>
  <title>
</title>
<meta http-equiv="Content-Type" content="text/html;charset=utf-8" />
  <meta name='ocr-system' content='tesseract 3.04.00' />
  <meta name='ocr-capabilities' content='ocr_page ocr_carea ocr_par ocr_line ocrx_word'/>
</head>
<body>
  <div class='ocr_page' id='page_1' title='image "./lesregistresdeni01romeuoft_0480.png"; bbox 0 0 2477 3637; ppageno 0'>
   <div class='ocr_carea' id='block_1_1' title="bbox 226 336 1566 372">
    <p class='ocr_par' dir='ltr' id='par_1_1' title="bbox 226 336 1566 372">
     <span class='ocr_line' id='line_1_1' title="bbox 226 336 1566 372; baseline -0.003 0"><span class='ocrx_word' id='word_1_1' title='bbox 226 342 284 372; x_wconf 81' lang='grc'>470</span> <span class='ocrx_word' id='word_1_2' title='bbox 971 336 1207 368; x_wconf 78' lang='lat' dir='ltr'>REGISTRES</span> <span class='ocrx_word' id='word_1_3' title='bbox 1228 337 1283 367; x_wconf 83' lang='lat' dir='ltr'>DE</span> <span class='ocrx_word' id='word_1_4' title='bbox 1305 336 1489 367; x_wconf 85' lang='lat' dir='ltr'>NICOLAS</span> <span class='ocrx_word' id='word_1_5' title='bbox 1512 338 1566 368; x_wconf 93' lang='lat' dir='ltr'>IV.</span> 
     </span>
    </p>
   </div>
   <div class='ocr_carea' id='block_1_2' title="bbox 297 403 1156 438">
    <p class='ocr_par' dir='ltr' id='par_1_2' title="bbox 297 403 1156 438">
     <span class='ocr_line' id='line_1_2' title="bbox 297 403 1156 438; baseline -0.009 -1"><span class='ocrx_word' id='word_1_6' title='bbox 297 407 414 437; x_wconf 71' lang='lat'>2830</span> <span class='ocrx_word' id='word_1_7' title='bbox 769 404 900 437; x_wconf 83' lang='lat' dir='ltr'>Orvieto,</span> <span class='ocrx_word' id='word_1_8' title='bbox 920 404 1063 438; x_wconf 80' lang='lat' dir='ltr'>1⁰¹·juillet</span> <span class='ocrx_word' id='word_1_9' title='bbox 1081 403 1156 430; x_wconf 77' lang='lat'>1‘290.</span> 
     </span>
    </p>
   </div>
   <div class='ocr_carea' id='block_1_3' title="bbox 261 479 1074 515">
    <p class='ocr_par' dir='ltr' id='par_1_3' title="bbox 261 479 1074 515">
     <span class='ocr_line' id='line_1_3' title="bbox 261 479 1074 515; baseline -0.005 -6"><span class='ocrx_word' id='word_1_10' title='bbox 261 483 393 509; x_wconf 79' lang='lat' dir='ltr'>Remittit</span> <span class='ocrx_word' id='word_1_11' title='bbox 408 482 460 508; x_wconf 85' lang='lat' dir='ltr'>iter</span> <span class='ocrx_word' id='word_1_12' title='bbox 475 482 510 508; x_wconf 83' lang='lat' dir='ltr'>ad</span> <span class='ocrx_word' id='word_1_13' title='bbox 525 482 631 507; x_wconf 84' lang='lat' dir='ltr'>limina.</span> <span class='ocrx_word' id='word_1_14' title='bbox 649 480 731 515; x_wconf 72' lang='lat' dir='ltr'>(Res.</span> <span class='ocrx_word' id='word_1_15' title='bbox 749 480 793 514; x_wconf 73' lang='lat'>45,</span> <span class='ocrx_word' id='word_1_16' title='bbox 810 487 836 506; x_wconf 88' lang='lat' dir='ltr'>c.</span> <span class='ocrx_word' id='word_1_17' title='bbox 852 479 925 511; x_wconf 71' lang='lat'>248².</span> <span class='ocrx_word' id='word_1_18' title='bbox 943 479 961 506; x_wconf 84' lang='lat' dir='ltr'>f.</span> <span class='ocrx_word' id='word_1_19' title='bbox 981 479 1013 506; x_wconf 72' lang='lat'>45</span> <span class='ocrx_word' id='word_1_20' title='bbox 1028 481 1074 511; x_wconf 63' lang='grc' dir='ltr'><strong>το.)</strong></span> 
     </span>
    </p>
   </div>
   <div class='ocr_carea' id='block_1_4' title="bbox 264 599 906 688">
    <p class='ocr_par' dir='ltr' id='par_1_4' title="bbox 264 599 906 688">
     <span class='ocr_line' id='line_1_4' title="bbox 264 599 380 628; baseline -0.017 0"><span class='ocrx_word' id='word_1_21' title='bbox 264 599 380 628; x_wconf 80' lang='lat' dir='ltr'><strong><em>Eidem.</em></strong></span> 
     </span>
     <span class='ocr_line' id='line_1_5' title="bbox 265 648 906 688; baseline -0.005 -9"><span class='ocrx_word' id='word_1_22' title='bbox 265 663 278 676; x_wconf 87' lang='lat'>«</span> <span class='ocrx_word' id='word_1_23' title='bbox 297 650 341 680; x_wconf 87' lang='lat' dir='ltr'>Ex</span> <span class='ocrx_word' id='word_1_24' title='bbox 361 653 446 688; x_wconf 86' lang='lat' dir='ltr'>parte</span> <span class='ocrx_word' id='word_1_25' title='bbox 463 654 552 679; x_wconf 88' lang='lat' dir='ltr'>tua...</span> <span class='ocrx_word' id='word_1_26' title='bbox 570 665 607 670; x_wconf 83' lang='lat'>-</span> <span class='ocrx_word' id='word_1_27' title='bbox 625 648 695 678; x_wconf 83' lang='lat' dir='ltr'>Dat.</span> <span class='ocrx_word' id='word_1_28' title='bbox 717 651 752 678; x_wconf 84' lang='lat' dir='ltr'>ut</span> <span class='ocrx_word' id='word_1_29' title='bbox 767 656 872 687; x_wconf 89' lang='lat' dir='ltr'>supra.</span> <span class='ocrx_word' id='word_1_30' title='bbox 893 660 906 674; x_wconf 71' lang='lat' dir='ltr'><strong>n</strong></span> 
     </span>
    </p>
   </div>
   <div class='ocr_carea' id='block_1_5' title="bbox 293 860 1156 896">
    <p class='ocr_par' dir='ltr' id='par_1_5' title="bbox 293 860 1156 896">
     <span class='ocr_line' id='line_1_6' title="bbox 293 860 1156 896; baseline -0.002 -6"><span class='ocrx_word' id='word_1_31' title='bbox 293 862 406 890; x_wconf 72' lang='lat'>28:3¹</span> <span class='ocrx_word' id='word_1_32' title='bbox 803 860 934 892; x_wconf 82' lang='lat' dir='ltr'>Orvieto.</span> <span class='ocrx_word' id='word_1_33' title='bbox 951 861 983 888; x_wconf 87' lang='lat'>27</span> <span class='ocrx_word' id='word_1_34' title='bbox 997 862 1060 896; x_wconf 88' lang='lat' dir='ltr'>juin</span> <span class='ocrx_word' id='word_1_35' title='bbox 1078 861 1156 889; x_wconf 77' lang='lat'><strong>1290.</strong></span> 
     </span>
    </p>
   </div>
   <div class='ocr_carea' id='block_1_6' title="bbox 220 923 1226 1006">
    <p class='ocr_par' dir='ltr' id='par_1_6' title="bbox 220 923 1226 1006">
     <span class='ocr_line' id='line_1_7' title="bbox 258 923 1226 959; baseline 0 -9"><span class='ocrx_word' id='word_1_36' title='bbox 258 923 441 959; x_wconf 88' lang='lat' dir='ltr'>Dispensatio</span> <span class='ocrx_word' id='word_1_37' title='bbox 457 932 545 959; x_wconf 85' lang='lat' dir='ltr'>super</span> <span class='ocrx_word' id='word_1_38' title='bbox 560 923 721 958; x_wconf 80' lang='lat' dir='ltr'>pluralitate</span> <span class='ocrx_word' id='word_1_39' title='bbox 737 923 952 951; x_wconf 83' lang='lat' dir='ltr'>beneficiorum.</span> <span class='ocrx_word' id='word_1_40' title='bbox 969 923 1052 957; x_wconf 64' lang='lat' dir='ltr'>(Rau.</span> <span class='ocrx_word' id='word_1_41' title='bbox 1066 924 1110 958; x_wconf 82' lang='lat'>45,</span> <span class='ocrx_word' id='word_1_42' title='bbox 1122 932 1148 950; x_wconf 90' lang='lat' dir='ltr'>c.</span> <span class='ocrx_word' id='word_1_43' title='bbox 1163 923 1226 957; x_wconf 80' lang='lat'><strong>249,</strong></span> 
     </span>
     <span class='ocr_line' id='line_1_8' title="bbox 220 974 354 1006; baseline 0 -6"><span class='ocrx_word' id='word_1_44' title='bbox 220 974 240 1000; x_wconf 79' lang='lat' dir='ltr'>f.</span> <span class='ocrx_word' id='word_1_45' title='bbox 256 974 290 1001; x_wconf 73' lang='grc'>45</span> <span class='ocrx_word' id='word_1_46' title='bbox 307 975 354 1006; x_wconf 83' lang='lat' dir='ltr'>r0.)</span> 
     </span>
    </p>
   </div>
   <div class='ocr_carea' id='block_1_7' title="bbox 200 1090 1227 2991">
    <p class='ocr_par' dir='ltr' id='par_1_7' title="bbox 200 1090 1227 2991">
     <span class='ocr_line' id='line_1_9' title="bbox 261 1090 1227 1129; baseline 0.001 -9"><span class='ocrx_word' id='word_1_47' title='bbox 261 1091 340 1128; x_wconf 81' lang='lat' dir='ltr'>Lupo</span> <span class='ocrx_word' id='word_1_48' title='bbox 363 1091 506 1127; x_wconf 74' lang='lat' dir='ltr'>Mar-cini,</span> <span class='ocrx_word' id='word_1_49' title='bbox 531 1092 641 1121; x_wconf 78' lang='lat' dir='ltr'>decano</span> <span class='ocrx_word' id='word_1_50' title='bbox 666 1090 781 1121; x_wconf 80' lang='lat' dir='ltr'><em>ecclesie</em></span> <span class='ocrx_word' id='word_1_51' title='bbox 806 1092 1026 1122; x_wconf 78' lang='lat' dir='ltr'>Tirasonensis.</span> <span class='ocrx_word' id='word_1_52' title='bbox 1051 1102 1064 1117; x_wconf 73' lang='lat' dir='ltr'>&lt;x</span> <span class='ocrx_word' id='word_1_53' title='bbox 1093 1091 1227 1129; x_wconf 82' lang='lat' dir='ltr'>Aposto-</span> 
     </span>
     <span class='ocr_line' id='line_1_10' title="bbox 219 1143 1226 1183; baseline 0 -10"><span class='ocrx_word' id='word_1_54' title='bbox 219 1143 280 1173; x_wconf 90' lang='lat' dir='ltr'>liee</span> <span class='ocrx_word' id='word_1_55' title='bbox 308 1143 393 1173; x_wconf 89' lang='lat' dir='ltr'>sedis</span> <span class='ocrx_word' id='word_1_56' title='bbox 420 1144 603 1181; x_wconf 78' lang='lat' dir='ltr'>benignitas</span> <span class='ocrx_word' id='word_1_57' title='bbox 630 1148 780 1174; x_wconf 89' lang='lat' dir='ltr'>consueta</span> <span class='ocrx_word' id='word_1_58' title='bbox 807 1144 853 1174; x_wconf 88' lang='lat' dir='ltr'>sic</span> <span class='ocrx_word' id='word_1_59' title='bbox 879 1144 993 1174; x_wconf 87' lang='lat' dir='ltr'>merita</span> <span class='ocrx_word' id='word_1_60' title='bbox 1017 1152 1226 1183; x_wconf 88' lang='lat' dir='ltr'>personarum</span> 
     </span>
     <span class='ocr_line' id='line_1_11' title="bbox 219 1196 1224 1236; baseline 0 -10"><span class='ocrx_word' id='word_1_61' title='bbox 219 1196 350 1235; x_wconf 88' lang='lat' dir='ltr'>provida</span> <span class='ocrx_word' id='word_1_62' title='bbox 378 1196 608 1227; x_wconf 84' lang='lat' dir='ltr'>deliberatione</span> <span class='ocrx_word' id='word_1_63' title='bbox 635 1197 789 1227; x_wconf 86' lang='lat' dir='ltr'>discernit</span> <span class='ocrx_word' id='word_1_64' title='bbox 819 1201 853 1227; x_wconf 85' lang='lat' dir='ltr'>ut</span> <span class='ocrx_word' id='word_1_65' title='bbox 881 1206 934 1227; x_wconf 87' lang='lat' dir='ltr'>eos</span> <span class='ocrx_word' id='word_1_66' title='bbox 964 1197 1019 1236; x_wconf 87' lang='lat' dir='ltr'>qui</span> <span class='ocrx_word' id='word_1_67' title='bbox 1047 1196 1224 1227; x_wconf 86' lang='lat' dir='ltr'>litterarum</span> 
     </span>
     <span class='ocr_line' id='line_1_12' title="bbox 219 1249 1226 1288; baseline 0 -9"><span class='ocrx_word' id='word_1_68' title='bbox 219 1249 371 1285; x_wconf 73' lang='lat' dir='ltr'>scientia,</span> <span class='ocrx_word' id='word_1_69' title='bbox 398 1249 564 1279; x_wconf 86' lang='lat' dir='ltr'>honestate</span> <span class='ocrx_word' id='word_1_70' title='bbox 592 1259 718 1280; x_wconf 90' lang='lat' dir='ltr'>morum</span> <span class='ocrx_word' id='word_1_71' title='bbox 751 1254 781 1279; x_wconf 87' lang='lat' dir='ltr'>et</span> <span class='ocrx_word' id='word_1_72' title='bbox 809 1249 882 1280; x_wconf 90' lang='lat' dir='ltr'>aliis</span> <span class='ocrx_word' id='word_1_73' title='bbox 906 1250 1078 1280; x_wconf 84' lang='lat' dir='ltr'>virtutibus</span> <span class='ocrx_word' id='word_1_74' title='bbox 1106 1249 1226 1288; x_wconf 89' lang='lat' dir='ltr'>pollere</span> 
     </span>
     <span class='ocr_line' id='line_1_13' title="bbox 219 1303 1225 1342; baseline 0 -10"><span class='ocrx_word' id='word_1_75' title='bbox 219 1306 396 1333; x_wconf 87' lang='lat' dir='ltr'>noscuntur</span> <span class='ocrx_word' id='word_1_76' title='bbox 428 1303 545 1333; x_wconf 79' lang='lat' dir='ltr'>favoris</span> <span class='ocrx_word' id='word_1_77' title='bbox 579 1303 681 1341; x_wconf 86' lang='lat' dir='ltr'>gratia</span> <span class='ocrx_word' id='word_1_78' title='bbox 716 1303 826 1333; x_wconf 74' lang='lat' dir='ltr'>efferat</span> <span class='ocrx_word' id='word_1_79' title='bbox 855 1303 1020 1342; x_wconf 84' lang='lat' dir='ltr'>amplioris</span> <span class='ocrx_word' id='word_1_80' title='bbox 1054 1307 1084 1332; x_wconf 90' lang='lat' dir='ltr'>et</span> <span class='ocrx_word' id='word_1_81' title='bbox 1122 1304 1225 1341; x_wconf 84' lang='lat' dir='ltr'>maj0-</span> 
     </span>
     <span class='ocr_line' id='line_1_14' title="bbox 218 1356 1226 1396; baseline 0 -10"><span class='ocrx_word' id='word_1_82' title='bbox 218 1357 308 1387; x_wconf 88' lang='lat' dir='ltr'>ribus</span> <span class='ocrx_word' id='word_1_83' title='bbox 337 1357 462 1386; x_wconf 84' lang='lat' dir='ltr'>studeat</span> <span class='ocrx_word' id='word_1_84' title='bbox 492 1357 659 1386; x_wconf 87' lang='lat' dir='ltr'>beneficiis</span> <span class='ocrx_word' id='word_1_85' title='bbox 687 1356 854 1388; x_wconf 85' lang='lat' dir='ltr'>honorare.</span> <span class='ocrx_word' id='word_1_86' title='bbox 887 1357 1036 1386; x_wconf 82' lang='lat' dir='ltr'>Exhibita</span> <span class='ocrx_word' id='word_1_87' title='bbox 1066 1357 1226 1396; x_wconf 84' lang='lat' dir='ltr'>siquidem</span> 
     </span>
     <span class='ocr_line' id='line_1_15' title="bbox 217 1409 1226 1449; baseline 0.001 -10"><span class='ocrx_word' id='word_1_88' title='bbox 217 1409 311 1439; x_wconf 87' lang='lat' dir='ltr'>nobis</span> <span class='ocrx_word' id='word_1_89' title='bbox 334 1415 386 1439; x_wconf 89' lang='lat' dir='ltr'>tua</span> <span class='ocrx_word' id='word_1_90' title='bbox 412 1410 518 1449; x_wconf 88' lang='lat' dir='ltr'>petitio</span> <span class='ocrx_word' id='word_1_91' title='bbox 539 1410 724 1440; x_wconf 86' lang='lat' dir='ltr'>continebat</span> <span class='ocrx_word' id='word_1_92' title='bbox 748 1410 832 1448; x_wconf 90' lang='lat' dir='ltr'>quod</span> <span class='ocrx_word' id='word_1_93' title='bbox 853 1410 973 1440; x_wconf 83' lang='lat' dir='ltr'>fructus</span> <span class='ocrx_word' id='word_1_94' title='bbox 998 1415 1029 1440; x_wconf 86' lang='lat' dir='ltr'>et</span> <span class='ocrx_word' id='word_1_95' title='bbox 1053 1414 1226 1448; x_wconf 89' lang='lat' dir='ltr'>proventus</span> 
     </span>
     <span class='ocr_line' id='line_1_16' title="bbox 217 1462 1226 1493; baseline 0.002 -2"><span class='ocrx_word' id='word_1_96' title='bbox 217 1462 389 1492; x_wconf 84' lang='lat' dir='ltr'>decanatus</span> <span class='ocrx_word' id='word_1_97' title='bbox 407 1463 450 1492; x_wconf 92' lang='lat' dir='ltr'>tui</span> <span class='ocrx_word' id='word_1_98' title='bbox 473 1462 697 1493; x_wconf 88' lang='lat' dir='ltr'>Tirasonensis</span> <span class='ocrx_word' id='word_1_99' title='bbox 720 1462 854 1493; x_wconf 83' lang='lat' dir='ltr'>ecclesie</span> <span class='ocrx_word' id='word_1_100' title='bbox 874 1468 950 1493; x_wconf 87' lang='lat' dir='ltr'>sunt</span> <span class='ocrx_word' id='word_1_101' title='bbox 973 1463 1052 1493; x_wconf 87' lang='lat' dir='ltr'>adeo</span> <span class='ocrx_word' id='word_1_102' title='bbox 1069 1467 1180 1493; x_wconf 88' lang='lat' dir='ltr'>tenues</span> <span class='ocrx_word' id='word_1_103' title='bbox 1196 1468 1226 1493; x_wconf 88' lang='lat' dir='ltr'>et</span> 
     </span>
     <span class='ocr_line' id='line_1_17' title="bbox 217 1515 1225 1555; baseline 0.001 -9"><span class='ocrx_word' id='word_1_104' title='bbox 217 1515 314 1546; x_wconf 83' lang='lat' dir='ltr'>exiles</span> <span class='ocrx_word' id='word_1_105' title='bbox 332 1516 417 1555; x_wconf 84' lang='lat' dir='ltr'>quod</span> <span class='ocrx_word' id='word_1_106' title='bbox 433 1524 497 1545; x_wconf 89' lang='lat' dir='ltr'>non</span> <span class='ocrx_word' id='word_1_107' title='bbox 515 1516 578 1545; x_wconf 90' lang='lat' dir='ltr'>nisi</span> <span class='ocrx_word' id='word_1_108' title='bbox 594 1515 780 1555; x_wconf 83' lang='lat' dir='ltr'>quindecim</span> <span class='ocrx_word' id='word_1_109' title='bbox 794 1516 875 1546; x_wconf 88' lang='lat' dir='ltr'>libre</span> <span class='ocrx_word' id='word_1_110' title='bbox 892 1516 1015 1546; x_wconf 89' lang='lat' dir='ltr'>usualis</span> <span class='ocrx_word' id='word_1_111' title='bbox 1030 1521 1157 1546; x_wconf 88' lang='lat' dir='ltr'>monete</span> <span class='ocrx_word' id='word_1_112' title='bbox 1168 1517 1225 1547; x_wconf 78' lang='lat' dir='ltr'>tibi</span> 
     </span>
     <span class='ocr_line' id='line_1_18' title="bbox 216 1569 1226 1609; baseline 0.001 -10"><span class='ocrx_word' id='word_1_113' title='bbox 216 1578 252 1599; x_wconf 90' lang='lat' dir='ltr'>ex</span> <span class='ocrx_word' id='word_1_114' title='bbox 270 1569 316 1599; x_wconf 79' lang='lat' dir='ltr'>eis</span> <span class='ocrx_word' id='word_1_115' title='bbox 334 1570 366 1598; x_wconf 90' lang='lat' dir='ltr'>in</span> <span class='ocrx_word' id='word_1_116' title='bbox 383 1569 527 1599; x_wconf 78' lang='lat' dir='ltr'>absentia</span> <span class='ocrx_word' id='word_1_117' title='bbox 544 1570 736 1609; x_wconf 84' lang='lat' dir='ltr'>proveniunt</span> <span class='ocrx_word' id='word_1_118' title='bbox 751 1569 919 1600; x_wconf 82' lang='lat' dir='ltr'>annuatim</span> <span class='ocrx_word' id='word_1_119' title='bbox 934 1593 940 1605; x_wconf 91' lang='lat'><strong>‚</strong></span> <span class='ocrx_word' id='word_1_120' title='bbox 962 1570 1112 1609; x_wconf 85' lang='lat' dir='ltr'>quodque</span> <span class='ocrx_word' id='word_1_121' title='bbox 1127 1570 1160 1599; x_wconf 90' lang='lat' dir='ltr'>in</span> <span class='ocrx_word' id='word_1_122' title='bbox 1178 1579 1226 1600; x_wconf 88' lang='lat' dir='ltr'>ec-</span> 
     </span>
     <span class='ocr_line' id='line_1_19' title="bbox 216 1623 1225 1662; baseline 0.002 -10"><span class='ocrx_word' id='word_1_123' title='bbox 216 1623 312 1653; x_wconf 83' lang='lat' dir='ltr'>clesia</span> <span class='ocrx_word' id='word_1_124' title='bbox 338 1623 426 1662; x_wconf 79' lang='lat' dir='ltr'>ipsa,</span> <span class='ocrx_word' id='word_1_125' title='bbox 452 1628 578 1662; x_wconf 82' lang='lat' dir='ltr'>propter</span> <span class='ocrx_word' id='word_1_126' title='bbox 605 1623 753 1661; x_wconf 83' lang='lat' dir='ltr'>generale</span> <span class='ocrx_word' id='word_1_127' title='bbox 777 1623 984 1654; x_wconf 89' lang='lat' dir='ltr'>interdictum</span> <span class='ocrx_word' id='word_1_128' title='bbox 1011 1624 1062 1654; x_wconf 87' lang='lat' dir='ltr'>cui</span> <span class='ocrx_word' id='word_1_129' title='bbox 1085 1632 1225 1662; x_wconf 82' lang='lat' dir='ltr'>regnum</span> 
     </span>
     <span class='ocr_line' id='line_1_20' title="bbox 215 1676 1223 1716; baseline 0.001 -11"><span class='ocrx_word' id='word_1_130' title='bbox 215 1676 395 1715; x_wconf 84' lang='lat' dir='ltr'>Aragonie,</span> <span class='ocrx_word' id='word_1_131' title='bbox 413 1676 497 1705; x_wconf 80' lang='lat' dir='ltr'>infra</span> <span class='ocrx_word' id='word_1_132' title='bbox 515 1677 605 1715; x_wconf 85' lang='lat' dir='ltr'>cujus</span> <span class='ocrx_word' id='word_1_133' title='bbox 622 1676 742 1707; x_wconf 89' lang='lat' dir='ltr'>limites</span> <span class='ocrx_word' id='word_1_134' title='bbox 757 1677 891 1707; x_wconf 88' lang='lat' dir='ltr'>ecclesia</span> <span class='ocrx_word' id='word_1_135' title='bbox 908 1677 1047 1716; x_wconf 86' lang='lat' dir='ltr'>predicta</span> <span class='ocrx_word' id='word_1_136' title='bbox 1065 1677 1223 1714; x_wconf 75' lang='lat' dir='ltr'><strong>consistit,</strong></span> 
     </span>
     <span class='ocr_line' id='line_1_21' title="bbox 215 1729 1224 1769; baseline 0.002 -11"><span class='ocrx_word' id='word_1_137' title='bbox 215 1738 271 1768; x_wconf 87' lang='lat' dir='ltr'>per</span> <span class='ocrx_word' id='word_1_138' title='bbox 287 1729 394 1759; x_wconf 88' lang='lat' dir='ltr'>sedem</span> <span class='ocrx_word' id='word_1_139' title='bbox 412 1729 618 1767; x_wconf 86' lang='lat' dir='ltr'>apostolicam</span> <span class='ocrx_word' id='word_1_140' title='bbox 636 1731 834 1769; x_wconf 87' lang='lat' dir='ltr'>suppositum</span> <span class='ocrx_word' id='word_1_141' title='bbox 859 1739 927 1760; x_wconf 90' lang='lat' dir='ltr'>esse</span> <span class='ocrx_word' id='word_1_142' title='bbox 944 1730 1133 1768; x_wconf 88' lang='lat' dir='ltr'>dinoscitur,</span> <span class='ocrx_word' id='word_1_143' title='bbox 1158 1739 1224 1761; x_wconf 90' lang='lat' dir='ltr'>non</span> 
     </span>
     <span class='ocr_line' id='line_1_22' title="bbox 216 1782 1224 1823; baseline 0.001 -10"><span class='ocrx_word' id='word_1_144' title='bbox 216 1787 305 1822; x_wconf 87' lang='lat' dir='ltr'>potes</span> <span class='ocrx_word' id='word_1_145' title='bbox 330 1782 538 1821; x_wconf 79' lang='lat' dir='ltr'>personaliter</span> <span class='ocrx_word' id='word_1_146' title='bbox 566 1783 723 1820; x_wconf 79' lang='lat' dir='ltr'>residere,</span> <span class='ocrx_word' id='word_1_147' title='bbox 758 1793 816 1814; x_wconf 89' lang='lat' dir='ltr'>nec</span> <span class='ocrx_word' id='word_1_148' title='bbox 846 1793 881 1814; x_wconf 82' lang='lat' dir='ltr'>ex</span> <span class='ocrx_word' id='word_1_149' title='bbox 910 1784 1118 1822; x_wconf 78' lang='lat' dir='ltr'>proventibus</span> <span class='ocrx_word' id='word_1_150' title='bbox 1145 1785 1224 1823; x_wconf 86' lang='lat' dir='ltr'>ipsis</span> 
     </span>
     <span class='ocr_line' id='line_1_23' title="bbox 212 1836 1222 1876; baseline 0.003 -11"><span class='ocrx_word' id='word_1_151' title='bbox 212 1837 303 1876; x_wconf 88' lang='lat' dir='ltr'>juxta</span> <span class='ocrx_word' id='word_1_152' title='bbox 326 1836 542 1866; x_wconf 86' lang='lat' dir='ltr'>conditionem</span> <span class='ocrx_word' id='word_1_153' title='bbox 559 1841 663 1873; x_wconf 83' lang='lat' dir='ltr'>tuam,</span> <span class='ocrx_word' id='word_1_154' title='bbox 687 1846 759 1867; x_wconf 88' lang='lat' dir='ltr'>eum</span> <span class='ocrx_word' id='word_1_155' title='bbox 785 1837 822 1867; x_wconf 89' lang='lat' dir='ltr'>de</span> <span class='ocrx_word' id='word_1_156' title='bbox 845 1838 1006 1868; x_wconf 86' lang='lat' dir='ltr'>nobilibus</span> <span class='ocrx_word' id='word_1_157' title='bbox 1027 1838 1158 1868; x_wconf 76' lang='lat' dir='ltr'>traxisse</span> <span class='ocrx_word' id='word_1_158' title='bbox 1175 1838 1222 1868; x_wconf 90' lang='lat' dir='ltr'>di-</span> 
     </span>
     <span class='ocr_line' id='line_1_24' title="bbox 217 1890 1222 1930; baseline 0.002 -10"><span class='ocrx_word' id='word_1_159' title='bbox 217 1891 298 1920; x_wconf 87' lang='lat' dir='ltr'>caris</span> <span class='ocrx_word' id='word_1_160' title='bbox 316 1890 489 1927; x_wconf 72' lang='lat' dir='ltr'>originem,</span> <span class='ocrx_word' id='word_1_161' title='bbox 507 1890 637 1920; x_wconf 81' lang='lat' dir='ltr'>comode</span> <span class='ocrx_word' id='word_1_162' title='bbox 653 1892 841 1928; x_wconf 82' lang='lat' dir='ltr'>sustentari,</span> <span class='ocrx_word' id='word_1_163' title='bbox 859 1892 1008 1930; x_wconf 85' lang='lat' dir='ltr'>quodque</span> <span class='ocrx_word' id='word_1_164' title='bbox 1025 1892 1058 1921; x_wconf 90' lang='lat' dir='ltr'>in</span> <span class='ocrx_word' id='word_1_165' title='bbox 1077 1900 1222 1930; x_wconf 83' lang='lat' dir='ltr'>prosecu-</span> 
     </span>
     <span class='ocr_line' id='line_1_25' title="bbox 217 1942 1223 1982; baseline 0.003 -10"><span class='ocrx_word' id='word_1_166' title='bbox 217 1943 301 1973; x_wconf 87' lang='lat' dir='ltr'>tione</span> <span class='ocrx_word' id='word_1_167' title='bbox 319 1942 438 1982; x_wconf 82' lang='lat' dir='ltr'>negotii</span> <span class='ocrx_word' id='word_1_168' title='bbox 449 1942 670 1981; x_wconf 77' lang='lat' dir='ltr'>postulationis</span> <span class='ocrx_word' id='word_1_169' title='bbox 688 1944 840 1974; x_wconf 80' lang='lat' dir='ltr'>hactenus</span> <span class='ocrx_word' id='word_1_170' title='bbox 856 1944 895 1974; x_wconf 92' lang='lat' dir='ltr'>de</span> <span class='ocrx_word' id='word_1_171' title='bbox 913 1949 941 1974; x_wconf 89' lang='lat' dir='ltr'>te</span> <span class='ocrx_word' id='word_1_172' title='bbox 953 1944 1031 1974; x_wconf 83' lang='lat' dir='ltr'>facte</span> <span class='ocrx_word' id='word_1_173' title='bbox 1042 1945 1077 1974; x_wconf 90' lang='lat' dir='ltr'>in</span> <span class='ocrx_word' id='word_1_174' title='bbox 1090 1944 1223 1975; x_wconf 88' lang='lat' dir='ltr'>ecclesia</span> 
     </span>
     <span class='ocr_line' id='line_1_26' title="bbox 215 1996 1218 2037; baseline 0.003 -11"><span class='ocrx_word' id='word_1_175' title='bbox 215 1996 394 2035; x_wconf 80' lang='lat' dir='ltr'>supradicta</span> <span class='ocrx_word' id='word_1_176' title='bbox 413 1997 520 2034; x_wconf 79' lang='lat' dir='ltr'>gravia</span> <span class='ocrx_word' id='word_1_177' title='bbox 544 2001 571 2026; x_wconf 91' lang='lat' dir='ltr'>te</span> <span class='ocrx_word' id='word_1_178' title='bbox 589 1997 697 2027; x_wconf 85' lang='lat' dir='ltr'>subire</span> <span class='ocrx_word' id='word_1_179' title='bbox 721 1998 858 2036; x_wconf 87' lang='lat' dir='ltr'>oportuit</span> <span class='ocrx_word' id='word_1_180' title='bbox 879 2007 977 2028; x_wconf 86' lang='lat' dir='ltr'>onera</span> <span class='ocrx_word' id='word_1_181' title='bbox 997 2007 1218 2037; x_wconf 84' lang='lat' dir='ltr'>expensarum.</span> 
     </span>
     <span class='ocr_line' id='line_1_27' title="bbox 214 2049 1221 2090; baseline 0.002 -11"><span class='ocrx_word' id='word_1_182' title='bbox 214 2049 280 2079; x_wconf 88' lang='lat' dir='ltr'>Nos</span> <span class='ocrx_word' id='word_1_183' title='bbox 300 2050 423 2088; x_wconf 85' lang='lat' dir='ltr'>itaque,</span> <span class='ocrx_word' id='word_1_184' title='bbox 445 2049 586 2079; x_wconf 80' lang='lat' dir='ltr'>volentes</span> <span class='ocrx_word' id='word_1_185' title='bbox 606 2059 773 2088; x_wconf 82' lang='lat' dir='ltr'>personam</span> <span class='ocrx_word' id='word_1_186' title='bbox 791 2055 876 2080; x_wconf 90' lang='lat' dir='ltr'>tuam</span> <span class='ocrx_word' id='word_1_187' title='bbox 892 2051 932 2081; x_wconf 90' lang='lat' dir='ltr'>ob</span> <span class='ocrx_word' id='word_1_188' title='bbox 947 2056 1071 2081; x_wconf 88' lang='lat' dir='ltr'>tuorum</span> <span class='ocrx_word' id='word_1_189' title='bbox 1089 2052 1221 2090; x_wconf 82' lang='lat' dir='ltr'>exigen-</span> 
     </span>
     <span class='ocr_line' id='line_1_28' title="bbox 214 2101 1220 2142; baseline 0.004 -11"><span class='ocrx_word' id='word_1_190' title='bbox 214 2101 289 2131; x_wconf 90' lang='lat' dir='ltr'>tiam</span> <span class='ocrx_word' id='word_1_191' title='bbox 310 2102 498 2131; x_wconf 85' lang='lat' dir='ltr'>meritorum</span> <span class='ocrx_word' id='word_1_192' title='bbox 520 2106 550 2132; x_wconf 91' lang='lat' dir='ltr'>et</span> <span class='ocrx_word' id='word_1_193' title='bbox 568 2103 821 2133; x_wconf 81' lang='lat' dir='ltr'>consideratione</span> <span class='ocrx_word' id='word_1_194' title='bbox 844 2104 952 2134; x_wconf 85' lang='lat' dir='ltr'>dilecti</span> <span class='ocrx_word' id='word_1_195' title='bbox 974 2104 1034 2134; x_wconf 87' lang='lat' dir='ltr'>filii</span> <span class='ocrx_word' id='word_1_196' title='bbox 1057 2105 1158 2135; x_wconf 80' lang='lat' dir='ltr'>nostri</span> <span class='ocrx_word' id='word_1_197' title='bbox 1175 2105 1220 2142; x_wconf 68' lang='lat' dir='ltr'>J„</span> 
     </span>
     <span class='ocr_line' id='line_1_29' title="bbox 213 2155 1219 2198; baseline 0.005 -14"><span class='ocrx_word' id='word_1_198' title='bbox 213 2155 328 2185; x_wconf 71' lang='lat' dir='ltr'>Sancte</span> <span class='ocrx_word' id='word_1_199' title='bbox 341 2156 440 2185; x_wconf 83' lang='lat' dir='ltr'>Marie</span> <span class='ocrx_word' id='word_1_200' title='bbox 458 2157 491 2185; x_wconf 91' lang='lat' dir='ltr'>iu</span> <span class='ocrx_word' id='word_1_201' title='bbox 509 2156 569 2186; x_wconf 84' lang='lat' dir='ltr'>Via</span> <span class='ocrx_word' id='word_1_202' title='bbox 586 2156 650 2186; x_wconf 81' lang='lat' dir='ltr'>lata</span> <span class='ocrx_word' id='word_1_203' title='bbox 665 2157 791 2187; x_wconf 90' lang='lat' dir='ltr'>diaconi</span> <span class='ocrx_word' id='word_1_204' title='bbox 808 2158 991 2196; x_wconf 78' lang='lat' dir='ltr'>cardinalis,</span> <span class='ocrx_word' id='word_1_205' title='bbox 1009 2159 1101 2198; x_wconf 82' lang='lat' dir='ltr'>cujus</span> <span class='ocrx_word' id='word_1_206' title='bbox 1116 2159 1219 2198; x_wconf 89' lang='lat' dir='ltr'>capel-</span> 
     </span>
     <span class='ocr_line' id='line_1_30' title="bbox 211 2208 1218 2251; baseline 0.005 -14"><span class='ocrx_word' id='word_1_207' title='bbox 211 2208 306 2238; x_wconf 84' lang='lat' dir='ltr'>lanus</span> <span class='ocrx_word' id='word_1_208' title='bbox 322 2209 441 2245; x_wconf 77' lang='lat' dir='ltr'>existis,</span> <span class='ocrx_word' id='word_1_209' title='bbox 459 2209 586 2247; x_wconf 87' lang='lat' dir='ltr'>speciali</span> <span class='ocrx_word' id='word_1_210' title='bbox 605 2210 752 2249; x_wconf 81' lang='lat' dir='ltr'>prosequi</span> <span class='ocrx_word' id='word_1_211' title='bbox 767 2211 870 2248; x_wconf 82' lang='lat' dir='ltr'>gratia</span> <span class='ocrx_word' id='word_1_212' title='bbox 885 2216 915 2241; x_wconf 86' lang='lat' dir='ltr'>et</span> <span class='ocrx_word' id='word_1_213' title='bbox 931 2211 1048 2248; x_wconf 75' lang='lat' dir='ltr'>favore,</span> <span class='ocrx_word' id='word_1_214' title='bbox 1067 2211 1123 2241; x_wconf 88' lang='lat' dir='ltr'>tibi</span> <span class='ocrx_word' id='word_1_215' title='bbox 1134 2212 1218 2251; x_wconf 89' lang='lat' dir='ltr'>quod</span> 
     </span>
     <span class='ocr_line' id='line_1_31' title="bbox 211 2262 1219 2301; baseline 0.005 -11"><span class='ocrx_word' id='word_1_216' title='bbox 211 2266 316 2300; x_wconf 86' lang='lat' dir='ltr'>preter</span> <span class='ocrx_word' id='word_1_217' title='bbox 331 2262 519 2291; x_wconf 86' lang='lat' dir='ltr'>decanatum</span> <span class='ocrx_word' id='word_1_218' title='bbox 538 2262 735 2301; x_wconf 81' lang='lat' dir='ltr'>predictum,</span> <span class='ocrx_word' id='word_1_219' title='bbox 758 2272 867 2293; x_wconf 87' lang='lat' dir='ltr'>curam</span> <span class='ocrx_word' id='word_1_220' title='bbox 890 2264 1073 2294; x_wconf 87' lang='lat' dir='ltr'>animarum</span> <span class='ocrx_word' id='word_1_221' title='bbox 1096 2265 1219 2295; x_wconf 85' lang='lat' dir='ltr'>haben-</span> 
     </span>
     <span class='ocr_line' id='line_1_32' title="bbox 210 2315 1217 2353; baseline 0.006 -10"><span class='ocrx_word' id='word_1_222' title='bbox 210 2318 286 2351; x_wconf 85' lang='lat' dir='ltr'>tem,</span> <span class='ocrx_word' id='word_1_223' title='bbox 303 2322 396 2352; x_wconf 84' lang='lat' dir='ltr'>quem</span> <span class='ocrx_word' id='word_1_224' title='bbox 414 2315 549 2353; x_wconf 79' lang='lat' dir='ltr'>obtines,</span> <span class='ocrx_word' id='word_1_225' title='bbox 563 2316 695 2346; x_wconf 86' lang='lat' dir='ltr'>unicum</span> <span class='ocrx_word' id='word_1_226' title='bbox 711 2316 800 2346; x_wconf 91' lang='lat' dir='ltr'>aliud</span> <span class='ocrx_word' id='word_1_227' title='bbox 817 2317 1009 2347; x_wconf 84' lang='lat' dir='ltr'>heneficium</span> <span class='ocrx_word' id='word_1_228' title='bbox 1024 2318 1217 2349; x_wconf 88' lang='lat' dir='ltr'>ecclesiasti—</span> 
     </span>
     <span class='ocr_line' id='line_1_33' title="bbox 209 2368 1216 2409; baseline 0.007 -13"><span class='ocrx_word' id='word_1_229' title='bbox 209 2376 294 2404; x_wconf 78' lang='lat' dir='ltr'>cum,</span> <span class='ocrx_word' id='word_1_230' title='bbox 316 2368 410 2397; x_wconf 88' lang='lat' dir='ltr'>etiam</span> <span class='ocrx_word' id='word_1_231' title='bbox 428 2369 453 2398; x_wconf 90' lang='lat' dir='ltr'>si</span> <span class='ocrx_word' id='word_1_232' title='bbox 471 2369 513 2398; x_wconf 88' lang='lat' dir='ltr'>sit</span> <span class='ocrx_word' id='word_1_233' title='bbox 527 2374 715 2408; x_wconf 83' lang='lat' dir='ltr'>personatus</span> <span class='ocrx_word' id='word_1_234' title='bbox 731 2370 780 2400; x_wconf 88' lang='lat' dir='ltr'>vel</span> <span class='ocrx_word' id='word_1_235' title='bbox 797 2370 938 2409; x_wconf 82' lang='lat' dir='ltr'>dignitas</span> <span class='ocrx_word' id='word_1_236' title='bbox 954 2376 985 2402; x_wconf 90' lang='lat' dir='ltr'>et</span> <span class='ocrx_word' id='word_1_237' title='bbox 1000 2372 1142 2402; x_wconf 85' lang='lat' dir='ltr'>similem</span> <span class='ocrx_word' id='word_1_238' title='bbox 1159 2382 1216 2404; x_wconf 90' lang='lat' dir='ltr'>cu-</span> 
     </span>
     <span class='ocr_line' id='line_1_34' title="bbox 208 2421 1215 2463; baseline 0.006 -13"><span class='ocrx_word' id='word_1_239' title='bbox 208 2429 275 2450; x_wconf 88' lang='lat' dir='ltr'>ram</span> <span class='ocrx_word' id='word_1_240' title='bbox 292 2421 416 2456; x_wconf 76' lang='lat' dir='ltr'>habeat,</span> <span class='ocrx_word' id='word_1_241' title='bbox 438 2421 592 2452; x_wconf 79' lang='lat' dir='ltr'>decanatu</span> <span class='ocrx_word' id='word_1_242' title='bbox 609 2423 773 2453; x_wconf 74' lang='lat' dir='ltr'>dumtaxat</span> <span class='ocrx_word' id='word_1_243' title='bbox 789 2429 928 2463; x_wconf 79' lang='lat' dir='ltr'>excepto,</span> <span class='ocrx_word' id='word_1_244' title='bbox 946 2425 974 2454; x_wconf 91' lang='lat' dir='ltr'>si</span> <span class='ocrx_word' id='word_1_245' title='bbox 991 2425 1046 2455; x_wconf 84' lang='lat' dir='ltr'>tibi</span> <span class='ocrx_word' id='word_1_246' title='bbox 1063 2427 1215 2456; x_wconf 85' lang='lat' dir='ltr'>canonice</span> 
     </span>
     <span class='ocr_line' id='line_1_35' title="bbox 207 2475 1216 2517; baseline 0.007 -13"><span class='ocrx_word' id='word_1_247' title='bbox 207 2475 369 2513; x_wconf 82' lang='lat' dir='ltr'>offeratur,</span> <span class='ocrx_word' id='word_1_248' title='bbox 382 2475 468 2505; x_wconf 87' lang='lat' dir='ltr'>licite</span> <span class='ocrx_word' id='word_1_249' title='bbox 486 2476 638 2515; x_wconf 84' lang='lat' dir='ltr'>recipere⁷</span> <span class='ocrx_word' id='word_1_250' title='bbox 653 2482 767 2507; x_wconf 88' lang='lat' dir='ltr'>etcum</span> <span class='ocrx_word' id='word_1_251' title='bbox 786 2479 926 2517; x_wconf 86' lang='lat' dir='ltr'>predicto</span> <span class='ocrx_word' id='word_1_252' title='bbox 941 2479 1097 2510; x_wconf 86' lang='lat' dir='ltr'>decanatu</span> <span class='ocrx_word' id='word_1_253' title='bbox 1115 2480 1216 2511; x_wconf 87' lang='lat' dir='ltr'>libere</span> 
     </span>
     <span class='ocr_line' id='line_1_36' title="bbox 206 2528 1216 2572; baseline 0.007 -15"><span class='ocrx_word' id='word_1_254' title='bbox 206 2528 343 2558; x_wconf 87' lang='lat' dir='ltr'>retinere</span> <span class='ocrx_word' id='word_1_255' title='bbox 357 2528 472 2565; x_wconf 87' lang='lat' dir='ltr'>valeas,</span> <span class='ocrx_word' id='word_1_256' title='bbox 487 2530 713 2560; x_wconf 87' lang='lat' dir='ltr'>constitutione</span> <span class='ocrx_word' id='word_1_257' title='bbox 729 2532 888 2569; x_wconf 81' lang='lat' dir='ltr'>generalis</span> <span class='ocrx_word' id='word_1_258' title='bbox 901 2533 1031 2563; x_wconf 83' lang='lat' dir='ltr'>concilii</span> <span class='ocrx_word' id='word_1_259' title='bbox 1047 2543 1142 2572; x_wconf 85' lang='lat' dir='ltr'>super</span> <span class='ocrx_word' id='word_1_260' title='bbox 1155 2534 1216 2565; x_wconf 87' lang='lat' dir='ltr'>hoc</span> 
     </span>
     <span class='ocr_line' id='line_1_37' title="bbox 206 2580 1212 2625; baseline 0.008 -15"><span class='ocrx_word' id='word_1_261' title='bbox 206 2580 290 2610; x_wconf 84' lang='lat' dir='ltr'>edita</span> <span class='ocrx_word' id='word_1_262' title='bbox 304 2590 368 2611; x_wconf 90' lang='lat' dir='ltr'>nou</span> <span class='ocrx_word' id='word_1_263' title='bbox 383 2582 543 2618; x_wconf 79' lang='lat' dir='ltr'>obstante,</span> <span class='ocrx_word' id='word_1_264' title='bbox 561 2585 748 2613; x_wconf 84' lang='lat' dir='ltr'>auctoritate</span> <span class='ocrx_word' id='word_1_265' title='bbox 768 2586 965 2623; x_wconf 84' lang='lat' dir='ltr'>presentium</span> <span class='ocrx_word' id='word_1_266' title='bbox 982 2586 1212 2625; x_wconf 80' lang='lat' dir='ltr'>iudulgemus3</span> 
     </span>
     <span class='ocr_line' id='line_1_38' title="bbox 204 2635 1214 2679; baseline 0.007 -16"><span class='ocrx_word' id='word_1_267' title='bbox 204 2635 330 2672; x_wconf 87' lang='lat' dir='ltr'>proviso</span> <span class='ocrx_word' id='word_1_268' title='bbox 347 2635 431 2673; x_wconf 84' lang='lat' dir='ltr'>quod</span> <span class='ocrx_word' id='word_1_269' title='bbox 448 2635 610 2674; x_wconf 81' lang='lat' dir='ltr'>predictus</span> <span class='ocrx_word' id='word_1_270' title='bbox 627 2636 799 2668; x_wconf 87' lang='lat' dir='ltr'>decanatus</span> <span class='ocrx_word' id='word_1_271' title='bbox 819 2643 849 2668; x_wconf 86' lang='lat' dir='ltr'>et</span> <span class='ocrx_word' id='word_1_272' title='bbox 872 2639 1064 2669; x_wconf 86' lang='lat' dir='ltr'>beneficium</span> <span class='ocrx_word' id='word_1_273' title='bbox 1081 2641 1166 2679; x_wconf 84' lang='lat' dir='ltr'>quod</span> <span class='ocrx_word' id='word_1_274' title='bbox 1183 2645 1214 2671; x_wconf 87' lang='lat' dir='ltr'>te</span> 
     </span>
     <span class='ocr_line' id='line_1_39' title="bbox 205 2688 1212 2731; baseline 0.008 -15"><span class='ocrx_word' id='word_1_275' title='bbox 205 2691 272 2725; x_wconf 81' lang='lat' dir='ltr'>post</span> <span class='ocrx_word' id='word_1_276' title='bbox 291 2688 475 2725; x_wconf 87' lang='lat' dir='ltr'>hujusmodi</span> <span class='ocrx_word' id='word_1_277' title='bbox 503 2689 776 2729; x_wconf 82' lang='lat' dir='ltr'>dispensationem</span> <span class='ocrx_word' id='word_1_278' title='bbox 800 2692 945 2722; x_wconf 86' lang='lat' dir='ltr'>obtinere</span> <span class='ocrx_word' id='word_1_279' title='bbox 963 2694 1131 2731; x_wconf 84' lang='lat' dir='ltr'>contigerit</span> <span class='ocrx_word' id='word_1_280' title='bbox 1157 2694 1212 2725; x_wconf 87' lang='lat' dir='ltr'>de-</span> 
     </span>
     <span class='ocr_line' id='line_1_40' title="bbox 203 2739 1209 2784; baseline 0.009 -15"><span class='ocrx_word' id='word_1_281' title='bbox 203 2739 278 2770; x_wconf 89' lang='lat' dir='ltr'>bitis</span> <span class='ocrx_word' id='word_1_282' title='bbox 306 2750 369 2771; x_wconf 87' lang='lat' dir='ltr'>non</span> <span class='ocrx_word' id='word_1_283' title='bbox 401 2742 589 2772; x_wconf 84' lang='lat' dir='ltr'>fraudentur</span> <span class='ocrx_word' id='word_1_284' title='bbox 614 2743 790 2784; x_wconf 83' lang='lat' dir='ltr'>obsequiis,</span> <span class='ocrx_word' id='word_1_285' title='bbox 815 2749 844 2776; x_wconf 89' lang='lat' dir='ltr'>et</span> <span class='ocrx_word' id='word_1_286' title='bbox 865 2747 1048 2776; x_wconf 88' lang='lat' dir='ltr'>animarum</span> <span class='ocrx_word' id='word_1_287' title='bbox 1075 2756 1151 2778; x_wconf 88' lang='lat' dir='ltr'>cura</span> <span class='ocrx_word' id='word_1_288' title='bbox 1175 2748 1209 2778; x_wconf 88' lang='lat' dir='ltr'>in</span> 
     </span>
     <span class='ocr_line' id='line_1_41' title="bbox 204 2793 1211 2836; baseline 0.01 -14"><span class='ocrx_word' id='word_1_289' title='bbox 204 2793 286 2824; x_wconf 86' lang='lat' dir='ltr'>dicto</span> <span class='ocrx_word' id='word_1_290' title='bbox 301 2795 453 2825; x_wconf 88' lang='lat' dir='ltr'>decanatu</span> <span class='ocrx_word' id='word_1_291' title='bbox 473 2801 503 2825; x_wconf 85' lang='lat' dir='ltr'>et</span> <span class='ocrx_word' id='word_1_292' title='bbox 524 2796 559 2825; x_wconf 86' lang='lat' dir='ltr'>in</span> <span class='ocrx_word' id='word_1_293' title='bbox 581 2797 691 2827; x_wconf 87' lang='lat' dir='ltr'>eodem</span> <span class='ocrx_word' id='word_1_294' title='bbox 716 2798 889 2836; x_wconf 84' lang='lat' dir='ltr'>beneficio,</span> <span class='ocrx_word' id='word_1_295' title='bbox 907 2800 932 2829; x_wconf 92' lang='lat' dir='ltr'>si</span> <span class='ocrx_word' id='word_1_296' title='bbox 952 2800 981 2829; x_wconf 91' lang='lat' dir='ltr'>ei</span> <span class='ocrx_word' id='word_1_297' title='bbox 1000 2810 1076 2830; x_wconf 91' lang='lat' dir='ltr'>cura</span> <span class='ocrx_word' id='word_1_298' title='bbox 1094 2801 1211 2832; x_wconf 87' lang='lat' dir='ltr'>similis</span> 
     </span>
     <span class='ocr_line' id='line_1_42' title="bbox 203 2846 1211 2892; baseline 0.011 -17"><span class='ocrx_word' id='word_1_299' title='bbox 203 2846 368 2882; x_wconf 65' lang='lat' dir='ltr'>imiuelnt,</span> <span class='ocrx_word' id='word_1_300' title='bbox 396 2849 580 2880; x_wconf 71' lang='lat' dir='ltr'>nullatenus</span> <span class='ocrx_word' id='word_1_301' title='bbox 604 2851 794 2889; x_wconf 79' lang='lat' dir='ltr'>negligatur.</span> <span class='ocrx_word' id='word_1_302' title='bbox 817 2853 907 2883; x_wconf 87' lang='lat' dir='ltr'>Nulli</span> <span class='ocrx_word' id='word_1_303' title='bbox 930 2863 1005 2892; x_wconf 84' lang='lat' dir='ltr'>ergo</span> <span class='ocrx_word' id='word_1_304' title='bbox 1026 2860 1086 2885; x_wconf 88' lang='lat' dir='ltr'>etc.</span> <span class='ocrx_word' id='word_1_305' title='bbox 1106 2861 1211 2886; x_wconf 86' lang='lat' dir='ltr'>nostre</span> 
     </span>
     <span class='ocr_line' id='line_1_43' title="bbox 203 2902 1210 2944; baseline 0.012 -16"><span class='ocrx_word' id='word_1_306' title='bbox 203 2902 414 2931; x_wconf 78' lang='lat' dir='ltr'>concessionis</span> <span class='ocrx_word' id='word_1_307' title='bbox 434 2908 492 2932; x_wconf 89' lang='lat' dir='ltr'>etc.</span> <span class='ocrx_word' id='word_1_308' title='bbox 513 2904 582 2933; x_wconf 88' lang='lat' dir='ltr'>Dat.</span> <span class='ocrx_word' id='word_1_309' title='bbox 604 2905 685 2944; x_wconf 85' lang='lat' dir='ltr'>apud</span> <span class='ocrx_word' id='word_1_310' title='bbox 712 2905 993 2944; x_wconf 83' lang='lat' dir='ltr'>Urbemveterem,</span> <span class='ocrx_word' id='word_1_311' title='bbox 1016 2918 1035 2938; x_wconf 91' lang='lat' dir='ltr'>v</span> <span class='ocrx_word' id='word_1_312' title='bbox 1057 2908 1210 2940; x_wconf 82' lang='lat' dir='ltr'>kalendas</span> 
     </span>
     <span class='ocr_line' id='line_1_44' title="bbox 200 2953 542 2991; baseline 0.018 -10"><span class='ocrx_word' id='word_1_313' title='bbox 200 2953 289 2991; x_wconf 76' lang='lat' dir='ltr'>julii,</span> <span class='ocrx_word' id='word_1_314' title='bbox 307 2963 391 2984; x_wconf 90' lang='lat' dir='ltr'>anno</span> <span class='ocrx_word' id='word_1_315' title='bbox 409 2956 509 2987; x_wconf 84' lang='lat' dir='ltr'>tertio.</span> <span class='ocrx_word' id='word_1_316' title='bbox 530 2969 542 2983; x_wconf 66' lang='grc' dir='ltr'>υ</span> 
     </span>
    </p>
   </div>
   <div class='ocr_carea' id='block_1_8' title="bbox 2265 0 2468 3637">
    <p class='ocr_par' dir='ltr' id='par_1_8' title="bbox 2265 0 2468 3637">
     <span class='ocr_line' id='line_1_45' title="bbox 2311 0 2444 522; baseline 0 -77"><span class='ocrx_word' id='word_1_317' title='bbox 2311 0 2444 522; x_wconf 95' lang='lat' dir='ltr'>    </span> 
     </span>
     <span class='ocr_line' id='line_1_46' title="bbox 2322 522 2444 730; baseline 0 -56"><span class='ocrx_word' id='word_1_318' title='bbox 2322 522 2444 730; x_wconf 95' lang='lat' dir='ltr'>   </span> 
     </span>
     <span class='ocr_line' id='line_1_47' title="bbox 2315 754 2442 942; baseline 0 0"><span class='ocrx_word' id='word_1_319' title='bbox 2315 754 2442 942; x_wconf 95' lang='lat' dir='ltr'>     </span> 
     </span>
     <span class='ocr_line' id='line_1_48' title="bbox 2320 942 2442 996; baseline 0 -48"><span class='ocrx_word' id='word_1_320' title='bbox 2320 942 2442 996; x_wconf 95' lang='lat' dir='ltr'>  </span> 
     </span>
     <span class='ocr_line' id='line_1_49' title="bbox 2315 996 2468 1156; baseline 0 0"><span class='ocrx_word' id='word_1_321' title='bbox 2315 996 2468 1156; x_wconf 95' lang='lat' dir='ltr'>   </span> 
     </span>
     <span class='ocr_line' id='line_1_50' title="bbox 2312 1156 2468 1445; baseline 0 -97"><span class='ocrx_word' id='word_1_322' title='bbox 2312 1156 2468 1445; x_wconf 95' lang='lat' dir='ltr'>    </span> 
     </span>
     <span class='ocr_line' id='line_1_51' title="bbox 2284 1445 2468 1637; baseline 0 0"><span class='ocrx_word' id='word_1_323' title='bbox 2284 1445 2468 1637; x_wconf 95' lang='lat' dir='ltr'>   </span> 
     </span>
     <span class='ocr_line' id='line_1_52' title="bbox 2268 1637 2464 1785; baseline 0 0"><span class='ocrx_word' id='word_1_324' title='bbox 2268 1637 2464 1785; x_wconf 95' lang='lat' dir='ltr'>    </span> 
     </span>
     <span class='ocr_line' id='line_1_53' title="bbox 2278 1785 2468 1971; baseline 0 0"><span class='ocrx_word' id='word_1_325' title='bbox 2278 1785 2468 1971; x_wconf 95' lang='lat' dir='ltr'>    </span> 
     </span>
     <span class='ocr_line' id='line_1_54' title="bbox 2298 1971 2468 2193; baseline 0 -73"><span class='ocrx_word' id='word_1_326' title='bbox 2298 1971 2468 2193; x_wconf 95' lang='lat' dir='ltr'>   </span> 
     </span>
     <span class='ocr_line' id='line_1_55' title="bbox 2308 2193 2464 2262; baseline 0 -4"><span class='ocrx_word' id='word_1_327' title='bbox 2308 2193 2464 2262; x_wconf 95' lang='lat' dir='ltr'>  </span> 
     </span>
     <span class='ocr_line' id='line_1_56' title="bbox 2297 2262 2464 2471; baseline 0 0"><span class='ocrx_word' id='word_1_328' title='bbox 2297 2262 2464 2471; x_wconf 95' lang='lat' dir='ltr'>   </span> 
     </span>
     <span class='ocr_line' id='line_1_57' title="bbox 2300 2499 2464 2600; baseline 0 0"><span class='ocrx_word' id='word_1_329' title='bbox 2300 2499 2464 2600; x_wconf 95' lang='lat' dir='ltr'>   </span> 
     </span>
     <span class='ocr_line' id='line_1_58' title="bbox 2292 2600 2468 2993; baseline 0 -297"><span class='ocrx_word' id='word_1_330' title='bbox 2292 2600 2468 2993; x_wconf 95' lang='lat' dir='ltr'>  </span> 
     </span>
     <span class='ocr_line' id='line_1_59' title="bbox 2265 2993 2468 3637; baseline 0 -556"><span class='ocrx_word' id='word_1_331' title='bbox 2265 2993 2468 3637; x_wconf 95' lang='lat' dir='ltr'>  </span> 
     </span>
    </p>
   </div>
   <div class='ocr_carea' id='block_1_9' title="bbox 1382 403 2244 438">
    <p class='ocr_par' dir='ltr' id='par_1_9' title="bbox 1382 403 2244 438">
     <span class='ocr_line' id='line_1_60' title="bbox 1382 403 2244 438; baseline 0.002 -8"><span class='ocrx_word' id='word_1_332' title='bbox 1382 403 1637 432; x_wconf 68' lang='lat'>2832-8833</span> <span class='ocrx_word' id='word_1_333' title='bbox 1882 403 2008 435; x_wconf 83' lang='lat' dir='ltr'>Orvieto,</span> <span class='ocrx_word' id='word_1_334' title='bbox 2027 404 2042 431; x_wconf 77' lang='lat'>4</span> <span class='ocrx_word' id='word_1_335' title='bbox 2056 404 2150 438; x_wconf 72' lang='lat' dir='ltr'>Juillet</span> <span class='ocrx_word' id='word_1_336' title='bbox 2167 405 2244 432; x_wconf 77' lang='lat'>1‘290.</span> 
     </span>
    </p>
   </div>
   <div class='ocr_carea' id='block_1_10' title="bbox 1313 464 2314 548">
    <p class='ocr_par' dir='ltr' id='par_1_10' title="bbox 1313 464 2314 548">
     <span class='ocr_line' id='line_1_61' title="bbox 1347 464 2314 503; baseline 0.004 -12"><span class='ocrx_word' id='word_1_337' title='bbox 1347 464 1553 500; x_wconf 82' lang='lat' dir='ltr'>Indulgentiae.</span> <span class='ocrx_word' id='word_1_338' title='bbox 1570 465 1652 500; x_wconf 77' lang='lat' dir='ltr'>(Rso.</span> <span class='ocrx_word' id='word_1_339' title='bbox 1671 466 1720 501; x_wconf 75' lang='lat'>45,</span> <span class='ocrx_word' id='word_1_340' title='bbox 1737 473 1764 493; x_wconf 86' lang='lat' dir='ltr'>o.</span> <span class='ocrx_word' id='word_1_341' title='bbox 1780 464 1843 499; x_wconf 77' lang='lat'><strong>250,</strong></span> <span class='ocrx_word' id='word_1_342' title='bbox 1860 466 1879 492; x_wconf 79' lang='lat' dir='ltr'>f.</span> <span class='ocrx_word' id='word_1_343' title='bbox 1897 465 1930 492; x_wconf 71' lang='lat'>45</span> <span class='ocrx_word' id='word_1_344' title='bbox 1946 472 1988 497; x_wconf 64' lang='grc' dir='ltr'>νος</span> <span class='ocrx_word' id='word_1_345' title='bbox 2004 464 2071 493; x_wconf 61' lang='lat' dir='ltr'>Lm.</span> <span class='ocrx_word' id='word_1_346' title='bbox 2089 474 2124 493; x_wconf 83' lang='lat' dir='ltr'>nu</span> <span class='ocrx_word' id='word_1_347' title='bbox 2138 465 2245 499; x_wconf 71' lang='lat' dir='ltr'>Tacit..</span> <span class='ocrx_word' id='word_1_348' title='bbox 2261 467 2314 503; x_wconf 80' lang='lat'>111,</span> 
     </span>
     <span class='ocr_line' id='line_1_62' title="bbox 1313 513 1383 548; baseline -0.014 -8"><span class='ocrx_word' id='word_1_349' title='bbox 1313 513 1383 548; x_wconf 85' lang='grc'>176.)</span> 
     </span>
    </p>
   </div>
   <div class='ocr_carea' id='block_1_11' title="bbox 1308 616 2378 1136">
    <p class='ocr_par' dir='ltr' id='par_1_11' title="bbox 1309 616 2378 978">
     <span class='ocr_line' id='line_1_63' title="bbox 1353 616 2313 655; baseline 0.004 -10"><span class='ocrx_word' id='word_1_350' title='bbox 1353 616 1506 646; x_wconf 76' lang='lat' dir='ltr'>Universis</span> <span class='ocrx_word' id='word_1_351' title='bbox 1528 617 1645 647; x_wconf 77' lang='lat' dir='ltr'>Christi</span> <span class='ocrx_word' id='word_1_352' title='bbox 1663 617 1802 654; x_wconf 76' lang='lat' dir='ltr'>fidelibus</span> <span class='ocrx_word' id='word_1_353' title='bbox 1816 621 1965 654; x_wconf 79' lang='lat' dir='ltr'>presentes</span> <span class='ocrx_word' id='word_1_354' title='bbox 1989 617 2104 646; x_wconf 77' lang='lat' dir='ltr'>litteras</span> <span class='ocrx_word' id='word_1_355' title='bbox 2123 616 2313 655; x_wconf 72' lang='lat' dir='ltr'>inspecturis.</span> 
     </span>
     <span class='ocr_line' id='line_1_64' title="bbox 1311 669 2316 710; baseline 0.003 -12"><span class='ocrx_word' id='word_1_356' title='bbox 1311 669 1549 707; x_wconf 84' lang='lat' dir='ltr'>Indulgentiam</span> <span class='ocrx_word' id='word_1_357' title='bbox 1567 670 1664 700; x_wconf 91' lang='lat' dir='ltr'>unius</span> <span class='ocrx_word' id='word_1_358' title='bbox 1684 670 1761 699; x_wconf 85' lang='lat' dir='ltr'>anni</span> <span class='ocrx_word' id='word_1_359' title='bbox 1781 674 1811 698; x_wconf 87' lang='lat' dir='ltr'>et</span> <span class='ocrx_word' id='word_1_360' title='bbox 1832 679 1869 699; x_wconf 64' lang='lat' dir='ltr'>xc</span> <span class='ocrx_word' id='word_1_361' title='bbox 1888 669 2012 700; x_wconf 86' lang='lat' dir='ltr'>dierum</span> <span class='ocrx_word' id='word_1_362' title='bbox 2036 670 2181 700; x_wconf 79' lang='lat' dir='ltr'>concedit</span> <span class='ocrx_word' id='word_1_363' title='bbox 2198 669 2244 700; x_wconf 88' lang='lat' dir='ltr'>eis</span> <span class='ocrx_word' id='word_1_364' title='bbox 2258 671 2316 710; x_wconf 47' lang='lat' dir='ltr'>quir</span> 
     </span>
     <span class='ocr_line' id='line_1_65' title="bbox 1311 722 2320 758; baseline 0.002 -6"><span class='ocrx_word' id='word_1_365' title='bbox 1311 722 1526 752; x_wconf 84' lang='lat' dir='ltr'>cathedralem</span> <span class='ocrx_word' id='word_1_366' title='bbox 1543 723 1710 753; x_wconf 85' lang='lat' dir='ltr'>ecclesiam</span> <span class='ocrx_word' id='word_1_367' title='bbox 1731 723 1957 758; x_wconf 83' lang='lat' dir='ltr'>Aniciensem,</span> <span class='ocrx_word' id='word_1_368' title='bbox 1974 723 2009 752; x_wconf 90' lang='lat' dir='ltr'>in</span> <span class='ocrx_word' id='word_1_369' title='bbox 2030 723 2184 753; x_wconf 87' lang='lat' dir='ltr'>honorem</span> <span class='ocrx_word' id='word_1_370' title='bbox 2206 723 2320 757; x_wconf 77' lang='lat' dir='ltr'>beatae-</span> 
     </span>
     <span class='ocr_line' id='line_1_66' title="bbox 1311 776 2324 821; baseline 0.003 -16"><span class='ocrx_word' id='word_1_371' title='bbox 1311 776 1431 806; x_wconf 87' lang='lat' dir='ltr'>Mariae</span> <span class='ocrx_word' id='word_1_372' title='bbox 1447 780 1678 813; x_wconf 75' lang='lat' dir='ltr'>constructam,</span> <span class='ocrx_word' id='word_1_373' title='bbox 1697 777 1730 806; x_wconf 89' lang='lat' dir='ltr'>in</span> <span class='ocrx_word' id='word_1_374' title='bbox 1750 786 1812 815; x_wconf 87' lang='lat' dir='ltr'>qua</span> <span class='ocrx_word' id='word_1_375' title='bbox 1825 777 1926 806; x_wconf 88' lang='lat' dir='ltr'>sancti</span> <span class='ocrx_word' id='word_1_376' title='bbox 1950 776 2096 806; x_wconf 89' lang='lat' dir='ltr'>Donnini</span> <span class='ocrx_word' id='word_1_377' title='bbox 2117 777 2268 816; x_wconf 77' lang='lat' dir='ltr'>martyris</span> <span class='ocrx_word' id='word_1_378' title='bbox 2283 781 2324 821; x_wconf 49' lang='lat' dir='ltr'>et-</span> 
     </span>
     <span class='ocr_line' id='line_1_67' title="bbox 1309 829 2378 870; baseline 0.004 -12"><span class='ocrx_word' id='word_1_379' title='bbox 1309 833 1436 859; x_wconf 87' lang='lat' dir='ltr'>sanctae</span> <span class='ocrx_word' id='word_1_380' title='bbox 1447 829 1633 859; x_wconf 86' lang='lat' dir='ltr'>Consortiae</span> <span class='ocrx_word' id='word_1_381' title='bbox 1645 838 1775 869; x_wconf 86' lang='lat' dir='ltr'>corpora</span> <span class='ocrx_word' id='word_1_382' title='bbox 1787 830 2003 869; x_wconf 83' lang='lat' dir='ltr'>requiescunt,</span> <span class='ocrx_word' id='word_1_383' title='bbox 2016 830 2048 859; x_wconf 87' lang='lat' dir='ltr'>in</span> <span class='ocrx_word' id='word_1_384' title='bbox 2063 830 2172 860; x_wconf 87' lang='lat' dir='ltr'>beatae</span> <span class='ocrx_word' id='word_1_385' title='bbox 2185 830 2331 870; x_wconf 45' lang='lat' dir='ltr'>Mariani.</span> <span class='ocrx_word' id='word_1_386' title='bbox 2376 843 2378 847; x_wconf 95' lang='lat'>·</span> 
     </span>
     <span class='ocr_line' id='line_1_68' title="bbox 1310 882 2315 922; baseline 0.002 -11"><span class='ocrx_word' id='word_1_387' title='bbox 1310 882 1410 912; x_wconf 87' lang='lat' dir='ltr'>sancti</span> <span class='ocrx_word' id='word_1_388' title='bbox 1430 886 1461 912; x_wconf 88' lang='lat' dir='ltr'>et</span> <span class='ocrx_word' id='word_1_389' title='bbox 1483 887 1609 912; x_wconf 84' lang='lat' dir='ltr'>sanctae</span> <span class='ocrx_word' id='word_1_390' title='bbox 1627 882 1860 922; x_wconf 87' lang='lat' dir='ltr'>praedictorum</span> <span class='ocrx_word' id='word_1_391' title='bbox 1881 887 1911 912; x_wconf 89' lang='lat' dir='ltr'>et</span> <span class='ocrx_word' id='word_1_392' title='bbox 1935 883 2147 913; x_wconf 85' lang='lat' dir='ltr'>Innocentum</span> <span class='ocrx_word' id='word_1_393' title='bbox 2165 882 2315 914; x_wconf 75' lang='lat' dir='ltr'>festivita-</span> 
     </span>
     <span class='ocr_line' id='line_1_69' title="bbox 1310 936 2315 978; baseline 0 -12"><span class='ocrx_word' id='word_1_394' title='bbox 1310 936 1394 966; x_wconf 87' lang='lat' dir='ltr'>tibus</span> <span class='ocrx_word' id='word_1_395' title='bbox 1411 941 1440 966; x_wconf 84' lang='lat' dir='ltr'>et</span> <span class='ocrx_word' id='word_1_396' title='bbox 1457 945 1511 976; x_wconf 88' lang='lat' dir='ltr'>per</span> <span class='ocrx_word' id='word_1_397' title='bbox 1523 940 1591 967; x_wconf 84' lang='lat' dir='ltr'>octo</span> <span class='ocrx_word' id='word_1_398' title='bbox 1607 937 1674 966; x_wconf 84' lang='lat' dir='ltr'>dies</span> <span class='ocrx_word' id='word_1_399' title='bbox 1692 940 1862 976; x_wconf 85' lang='lat' dir='ltr'>sequentes</span> <span class='ocrx_word' id='word_1_400' title='bbox 1880 936 2088 966; x_wconf 84' lang='lat' dir='ltr'>visitaverint.</span> <span class='ocrx_word' id='word_1_401' title='bbox 2311 975 2315 978; x_wconf 19' lang='grc' dir='ltr'><strong>μ</strong></span> 
     </span>
    </p>

    <p class='ocr_par' dir='ltr' id='par_1_12' title="bbox 1308 989 2315 1082">
     <span class='ocr_line' id='line_1_70' title="bbox 1351 989 2315 1030; baseline 0.004 -13"><span class='ocrx_word' id='word_1_402' title='bbox 1351 1002 1364 1017; x_wconf 67' lang='grc' dir='ltr'>ιι</span> <span class='ocrx_word' id='word_1_403' title='bbox 1385 990 1482 1028; x_wconf 86' lang='lat' dir='ltr'>Virga</span> <span class='ocrx_word' id='word_1_404' title='bbox 1503 990 1731 1020; x_wconf 85' lang='lat' dir='ltr'>venustissima</span> <span class='ocrx_word' id='word_1_405' title='bbox 1748 991 1815 1020; x_wconf 85' lang='lat' dir='ltr'>et...</span> <span class='ocrx_word' id='word_1_406' title='bbox 1841 1007 1880 1012; x_wconf 77' lang='lat'>-</span> <span class='ocrx_word' id='word_1_407' title='bbox 1903 990 1982 1020; x_wconf 82' lang='lat' dir='ltr'>Dat.&#39;</span> <span class='ocrx_word' id='word_1_408' title='bbox 1999 989 2083 1030; x_wconf 87' lang='lat' dir='ltr'>apud</span> <span class='ocrx_word' id='word_1_409' title='bbox 2106 989 2315 1022; x_wconf 72' lang='lat' dir='ltr'>Urbemvete-</span> 
     </span>
     <span class='ocr_line' id='line_1_71' title="bbox 1308 1043 1938 1082; baseline 0.002 -10"><span class='ocrx_word' id='word_1_410' title='bbox 1308 1051 1395 1080; x_wconf 88' lang='lat' dir='ltr'>rem,</span> <span class='ocrx_word' id='word_1_411' title='bbox 1413 1052 1458 1072; x_wconf 84' lang='lat'>1111</span> <span class='ocrx_word' id='word_1_412' title='bbox 1475 1051 1575 1072; x_wconf 86' lang='lat' dir='ltr'>nouas</span> <span class='ocrx_word' id='word_1_413' title='bbox 1588 1043 1679 1082; x_wconf 82' lang='lat' dir='ltr'>julii,</span> <span class='ocrx_word' id='word_1_414' title='bbox 1698 1051 1784 1073; x_wconf 86' lang='lat' dir='ltr'>anno</span> <span class='ocrx_word' id='word_1_415' title='bbox 1801 1043 1905 1074; x_wconf 86' lang='lat' dir='ltr'>tertio.</span> <span class='ocrx_word' id='word_1_416' title='bbox 1925 1055 1938 1070; x_wconf 71' lang='lat' dir='ltr'><strong><em>n</em></strong></span> 
     </span>
    </p>

    <p class='ocr_par' dir='ltr' id='par_1_13' title="bbox 1350 1095 2319 1136">
     <span class='ocr_line' id='line_1_72' title="bbox 1350 1095 2319 1136; baseline 0.005 -11"><span class='ocrx_word' id='word_1_417' title='bbox 1350 1096 1386 1125; x_wconf 90' lang='lat' dir='ltr'>In</span> <span class='ocrx_word' id='word_1_418' title='bbox 1404 1105 1429 1126; x_wconf 88' lang='lat' dir='ltr'>e.</span> <span class='ocrx_word' id='word_1_419' title='bbox 1453 1105 1493 1125; x_wconf 87' lang='lat' dir='ltr'>m.</span> <span class='ocrx_word' id='word_1_420' title='bbox 1513 1095 1652 1133; x_wconf 87' lang='lat' dir='ltr'>eisdem,</span> <span class='ocrx_word' id='word_1_421' title='bbox 1670 1104 1725 1136; x_wconf 88' lang='lat' dir='ltr'>pro</span> <span class='ocrx_word' id='word_1_422' title='bbox 1741 1096 1917 1126; x_wconf 84' lang='lat' dir='ltr'>cathedrali</span> <span class='ocrx_word' id='word_1_423' title='bbox 1929 1095 2062 1127; x_wconf 86' lang='lat' dir='ltr'>ecclesia</span> <span class='ocrx_word' id='word_1_424' title='bbox 2073 1096 2244 1128; x_wconf 88' lang='lat' dir='ltr'>Ventiensi</span> <span class='ocrx_word' id='word_1_425' title='bbox 2258 1097 2319 1136; x_wconf 70' lang='grc' dir='ltr'>(Ενι</span> 
     </span>
    </p>
   </div>
   <div class='ocr_carea' id='block_1_12' title="bbox 1308 1149 1437 1189">
    <p class='ocr_par' dir='ltr' id='par_1_14' title="bbox 1308 1149 1437 1189">
     <span class='ocr_line' id='line_1_73' title="bbox 1308 1149 1437 1189; baseline -0.008 -9"><span class='ocrx_word' id='word_1_426' title='bbox 1308 1149 1437 1189; x_wconf 75' lang='lat' dir='ltr'>marqe).</span> 
     </span>
    </p>
   </div>
   <div class='ocr_carea' id='block_1_13' title="bbox 1380 1322 2244 1358">
    <p class='ocr_par' dir='ltr' id='par_1_15' title="bbox 1380 1322 2244 1358">
     <span class='ocr_line' id='line_1_74' title="bbox 1380 1322 2244 1358; baseline 0 -6"><span class='ocrx_word' id='word_1_427' title='bbox 1380 1323 1499 1353; x_wconf 68' lang='lat'>2834</span> <span class='ocrx_word' id='word_1_428' title='bbox 1885 1322 2012 1356; x_wconf 87' lang='lat' dir='ltr'>Orvieto‚</span> <span class='ocrx_word' id='word_1_429' title='bbox 2028 1324 2042 1350; x_wconf 89' lang='lat'><strong>7</strong></span> <span class='ocrx_word' id='word_1_430' title='bbox 2055 1322 2151 1358; x_wconf 90' lang='lat' dir='ltr'>juillet</span> <span class='ocrx_word' id='word_1_431' title='bbox 2166 1323 2244 1352; x_wconf 74' lang='lat'><strong>1290.</strong></span> 
     </span>
    </p>
   </div>
   <div class='ocr_carea' id='block_1_14' title="bbox 1307 1372 2315 1471">
    <p class='ocr_par' dir='ltr' id='par_1_16' title="bbox 1307 1372 2315 1471">
     <span class='ocr_line' id='line_1_75' title="bbox 1343 1372 2315 1421; baseline 0.002 -9"><span class='ocrx_word' id='word_1_432' title='bbox 1343 1372 1394 1412; x_wconf 79' lang='lat' dir='ltr'>Ad¹</span> <span class='ocrx_word' id='word_1_433' title='bbox 1415 1386 1662 1413; x_wconf 85' lang='lat' dir='ltr'>consecrationem</span> <span class='ocrx_word' id='word_1_434' title='bbox 1687 1386 1855 1413; x_wconf 87' lang='lat' dir='ltr'>Anicieusis</span> <span class='ocrx_word' id='word_1_435' title='bbox 1882 1386 1975 1413; x_wconf 86' lang='lat' dir='ltr'>electi.</span> <span class='ocrx_word' id='word_1_436' title='bbox 2000 1385 2084 1420; x_wconf 72' lang='lat' dir='ltr'>(Res.</span> <span class='ocrx_word' id='word_1_437' title='bbox 2111 1386 2161 1421; x_wconf 77' lang='lat'>45,</span> <span class='ocrx_word' id='word_1_438' title='bbox 2187 1394 2214 1414; x_wconf 88' lang='lat' dir='ltr'>c.</span> <span class='ocrx_word' id='word_1_439' title='bbox 2242 1385 2315 1420; x_wconf 73' lang='lat'>251„</span> 
     </span>
     <span class='ocr_line' id='line_1_76' title="bbox 1307 1434 1770 1471; baseline 0.002 -10"><span class='ocrx_word' id='word_1_440' title='bbox 1307 1434 1326 1461; x_wconf 81' lang='lat' dir='ltr'>f.</span> <span class='ocrx_word' id='word_1_441' title='bbox 1345 1434 1377 1462; x_wconf 82' lang='lat'>45</span> <span class='ocrx_word' id='word_1_442' title='bbox 1393 1441 1438 1466; x_wconf 84' lang='lat' dir='ltr'>r⁰;</span> <span class='ocrx_word' id='word_1_443' title='bbox 1455 1434 1522 1462; x_wconf 58' lang='grc' dir='ltr'>[ΛΡ.</span> <span class='ocrx_word' id='word_1_444' title='bbox 1540 1443 1575 1462; x_wconf 87' lang='lat' dir='ltr'>nu</span> <span class='ocrx_word' id='word_1_445' title='bbox 1590 1435 1689 1470; x_wconf 58' lang='lat' dir='ltr'>Teste,</span> <span class='ocrx_word' id='word_1_446' title='bbox 1705 1435 1770 1471; x_wconf 90' lang='grc' dir='ltr'>ΙΙΙ.)</span> 
     </span>
    </p>
   </div>
   <div class='ocr_carea' id='block_1_15' title="bbox 1303 1536 2354 2004">
    <p class='ocr_par' dir='ltr' id='par_1_17' title="bbox 1303 1536 2354 2004">
     <span class='ocr_line' id='line_1_77' title="bbox 1349 1536 2317 1582; baseline 0.003 -15"><span class='ocrx_word' id='word_1_447' title='bbox 1349 1536 1491 1574; x_wconf 78' lang='lat' dir='ltr'>Gnidoni,</span> <span class='ocrx_word' id='word_1_448' title='bbox 1512 1539 1599 1568; x_wconf 81' lang='lat' dir='ltr'>electo</span> <span class='ocrx_word' id='word_1_449' title='bbox 1616 1539 1783 1568; x_wconf 79' lang='lat' dir='ltr'>Aniciensi.</span> <span class='ocrx_word' id='word_1_450' title='bbox 1803 1550 1816 1565; x_wconf 76' lang='grc' dir='ltr'>α</span> <span class='ocrx_word' id='word_1_451' title='bbox 1840 1538 1889 1568; x_wconf 88' lang='lat' dir='ltr'>Ne</span> <span class='ocrx_word' id='word_1_452' title='bbox 1904 1538 2071 1568; x_wconf 86' lang='lat' dir='ltr'>occasione</span> <span class='ocrx_word' id='word_1_453' title='bbox 2091 1537 2214 1577; x_wconf 81' lang='lat' dir='ltr'>prolixe</span> <span class='ocrx_word' id='word_1_454' title='bbox 2231 1537 2317 1582; x_wconf 50' lang='lat' dir='ltr'>dila-5</span> 
     </span>
     <span class='ocr_line' id='line_1_78' title="bbox 1308 1591 2332 1625; baseline -0.001 -5"><span class='ocrx_word' id='word_1_455' title='bbox 1308 1591 1405 1622; x_wconf 84' lang='lat' dir='ltr'>tionis</span> <span class='ocrx_word' id='word_1_456' title='bbox 1428 1591 1677 1621; x_wconf 88' lang='lat' dir='ltr'>consecrationis</span> <span class='ocrx_word' id='word_1_457' title='bbox 1705 1596 1756 1622; x_wconf 86' lang='lat' dir='ltr'>tue</span> <span class='ocrx_word' id='word_1_458' title='bbox 1778 1592 1835 1621; x_wconf 86' lang='lat' dir='ltr'>tihi</span> <span class='ocrx_word' id='word_1_459' title='bbox 1858 1596 1888 1621; x_wconf 85' lang='lat' dir='ltr'>et</span> <span class='ocrx_word' id='word_1_460' title='bbox 1912 1591 2044 1622; x_wconf 86' lang='lat' dir='ltr'>ecclesie</span> <span class='ocrx_word' id='word_1_461' title='bbox 2063 1595 2122 1622; x_wconf 82' lang='lat' dir='ltr'>tue</span> <span class='ocrx_word' id='word_1_462' title='bbox 2143 1591 2300 1622; x_wconf 65' lang='lat' dir='ltr'>Anicieu‘</span> <span class='ocrx_word' id='word_1_463' title='bbox 2319 1614 2332 1625; x_wconf 61' lang='grc'>,.</span> 
     </span>
     <span class='ocr_line' id='line_1_79' title="bbox 1307 1644 2318 1684; baseline 0.002 -10"><span class='ocrx_word' id='word_1_464' title='bbox 1307 1644 1406 1683; x_wconf 89' lang='lat' dir='ltr'>possit</span> <span class='ocrx_word' id='word_1_465' title='bbox 1423 1644 1627 1683; x_wconf 87' lang='lat' dir='ltr'>dispendium</span> <span class='ocrx_word' id='word_1_466' title='bbox 1644 1645 1835 1683; x_wconf 86' lang='lat' dir='ltr'>imminere,</span> <span class='ocrx_word' id='word_1_467' title='bbox 1861 1649 1894 1675; x_wconf 86' lang='lat' dir='ltr'>ut</span> <span class='ocrx_word' id='word_1_468' title='bbox 1908 1654 1926 1674; x_wconf 91' lang='lat' dir='ltr'>a</span> <span class='ocrx_word' id='word_1_469' title='bbox 1941 1652 2144 1684; x_wconf 86' lang='lat' dir='ltr'>quocumque</span> <span class='ocrx_word' id='word_1_470' title='bbox 2158 1644 2277 1676; x_wconf 85' lang='lat' dir='ltr'>catholi</span> <span class='ocrx_word' id='word_1_471' title='bbox 2301 1649 2318 1672; x_wconf 72' lang='grc' dir='ltr'>ι·</span> 
     </span>
     <span class='ocr_line' id='line_1_80' title="bbox 1308 1697 2315 1737; baseline 0.002 -10"><span class='ocrx_word' id='word_1_472' title='bbox 1308 1697 1453 1736; x_wconf 88' lang='lat' dir='ltr'>episcopo</span> <span class='ocrx_word' id='word_1_473' title='bbox 1469 1698 1603 1735; x_wconf 87' lang='lat' dir='ltr'>gratiam</span> <span class='ocrx_word' id='word_1_474' title='bbox 1620 1702 1651 1727; x_wconf 87' lang='lat' dir='ltr'>et</span> <span class='ocrx_word' id='word_1_475' title='bbox 1670 1698 1934 1728; x_wconf 87' lang='lat' dir='ltr'>communionem</span> <span class='ocrx_word' id='word_1_476' title='bbox 1956 1697 2126 1737; x_wconf 86' lang='lat' dir='ltr'>apostolice</span> <span class='ocrx_word' id='word_1_477' title='bbox 2150 1697 2235 1728; x_wconf 84' lang='lat' dir='ltr'>sedis</span> <span class='ocrx_word' id='word_1_478' title='bbox 2255 1697 2315 1730; x_wconf 74' lang='lat' dir='ltr'>ha-</span> 
     </span>
     <span class='ocr_line' id='line_1_81' title="bbox 1306 1750 2291 1790; baseline 0.001 -9"><span class='ocrx_word' id='word_1_479' title='bbox 1306 1751 1418 1788; x_wconf 86' lang='lat' dir='ltr'>bente,</span> <span class='ocrx_word' id='word_1_480' title='bbox 1436 1759 1500 1780; x_wconf 87' lang='lat' dir='ltr'>nou</span> <span class='ocrx_word' id='word_1_481' title='bbox 1519 1755 1624 1781; x_wconf 87' lang='lat' dir='ltr'>tamen</span> <span class='ocrx_word' id='word_1_482' title='bbox 1640 1751 1680 1781; x_wconf 87' lang='lat' dir='ltr'>ab</span> <span class='ocrx_word' id='word_1_483' title='bbox 1694 1750 1940 1790; x_wconf 87' lang='lat' dir='ltr'>archiepiscopo,</span> <span class='ocrx_word' id='word_1_484' title='bbox 1957 1751 1990 1780; x_wconf 91' lang='lat' dir='ltr'>iu</span> <span class='ocrx_word' id='word_1_485' title='bbox 2003 1751 2239 1790; x_wconf 79' lang='lat' dir='ltr'>presbyterum,</span> <span class='ocrx_word' id='word_1_486' title='bbox 2253 1759 2268 1782; x_wconf 87' lang='lat' dir='ltr'>s</span> <span class='ocrx_word' id='word_1_487' title='bbox 2287 1764 2291 1777; x_wconf 70' lang='grc' dir='ltr'><em>ι</em></span> 
     </span>
     <span class='ocr_line' id='line_1_82' title="bbox 1307 1801 2354 1843; baseline 0.001 -9"><span class='ocrx_word' id='word_1_488' title='bbox 1307 1806 1374 1834; x_wconf 86' lang='lat' dir='ltr'>tuto</span> <span class='ocrx_word' id='word_1_489' title='bbox 1387 1808 1539 1843; x_wconf 72' lang='lat' dir='ltr'>tempore,</span> <span class='ocrx_word' id='word_1_490' title='bbox 1557 1804 1749 1843; x_wconf 85' lang='lat' dir='ltr'>promoveri,</span> <span class='ocrx_word' id='word_1_491' title='bbox 1766 1813 1802 1834; x_wconf 86' lang='lat' dir='ltr'>ac</span> <span class='ocrx_word' id='word_1_492' title='bbox 1815 1804 1916 1843; x_wconf 90' lang='lat' dir='ltr'>ipsius</span> <span class='ocrx_word' id='word_1_493' title='bbox 1932 1805 2180 1835; x_wconf 85' lang='lat' dir='ltr'>consecrationis</span> <span class='ocrx_word' id='word_1_494' title='bbox 2196 1813 2306 1836; x_wconf 90' lang='lat' dir='ltr'>munu</span> <span class='ocrx_word' id='word_1_495' title='bbox 2349 1801 2354 1804; x_wconf 76' lang='grc'><strong>’</strong></span> 
     </span>
     <span class='ocr_line' id='line_1_83' title="bbox 1303 1858 2282 1898; baseline 0.002 -11"><span class='ocrx_word' id='word_1_496' title='bbox 1303 1858 1394 1898; x_wconf 81' lang='lat' dir='ltr'>juxta</span> <span class='ocrx_word' id='word_1_497' title='bbox 1411 1858 1547 1888; x_wconf 79' lang='lat' dir='ltr'>formam</span> <span class='ocrx_word' id='word_1_498' title='bbox 1572 1867 1733 1888; x_wconf 82' lang='lat' dir='ltr'>canonum</span> <span class='ocrx_word' id='word_1_499' title='bbox 1752 1860 1894 1897; x_wconf 80' lang='lat' dir='ltr'>recipere</span> <span class='ocrx_word' id='word_1_500' title='bbox 1910 1858 2032 1895; x_wconf 87' lang='lat' dir='ltr'>valeas,</span> <span class='ocrx_word' id='word_1_501' title='bbox 2053 1858 2109 1888; x_wconf 81' lang='lat' dir='ltr'>tibi</span> <span class='ocrx_word' id='word_1_502' title='bbox 2127 1858 2282 1889; x_wconf 84' lang='lat' dir='ltr'>auctorita</span> 
     </span>
     <span class='ocr_line' id='line_1_84' title="bbox 1305 1911 2317 1951; baseline 0.002 -10"><span class='ocrx_word' id='word_1_503' title='bbox 1305 1912 1503 1951; x_wconf 85' lang='lat' dir='ltr'>presentium</span> <span class='ocrx_word' id='word_1_504' title='bbox 1515 1912 1720 1942; x_wconf 89' lang='lat' dir='ltr'>concedimus</span> <span class='ocrx_word' id='word_1_505' title='bbox 1736 1912 1931 1943; x_wconf 86' lang='lat' dir='ltr'>facultatem.</span> <span class='ocrx_word' id='word_1_506' title='bbox 1949 1912 2021 1942; x_wconf 87' lang='lat' dir='ltr'>Dat.</span> <span class='ocrx_word' id='word_1_507' title='bbox 2034 1911 2118 1951; x_wconf 86' lang='lat' dir='ltr'>apud</span> <span class='ocrx_word' id='word_1_508' title='bbox 2135 1912 2298 1943; x_wconf 89' lang='lat' dir='ltr'>Urhemv</span> <span class='ocrx_word' id='word_1_509' title='bbox 2312 1927 2317 1934; x_wconf 22' lang='grc' dir='ltr'>ἢ</span> 
     </span>
     <span class='ocr_line' id='line_1_85' title="bbox 1305 1965 1892 2004; baseline -0.005 -9"><span class='ocrx_word' id='word_1_510' title='bbox 1305 1968 1418 2001; x_wconf 87' lang='lat' dir='ltr'>terem,</span> <span class='ocrx_word' id='word_1_511' title='bbox 1437 1965 1533 1998; x_wconf 85' lang='lat' dir='ltr'>nouis</span> <span class='ocrx_word' id='word_1_512' title='bbox 1546 1965 1636 2004; x_wconf 87' lang='lat' dir='ltr'>julii,</span> <span class='ocrx_word' id='word_1_513' title='bbox 1654 1974 1741 1995; x_wconf 88' lang='lat' dir='ltr'>anno</span> <span class='ocrx_word' id='word_1_514' title='bbox 1757 1965 1858 1996; x_wconf 87' lang='lat' dir='ltr'>tertio.</span> <span class='ocrx_word' id='word_1_515' title='bbox 1879 1977 1892 1992; x_wconf 81' lang='lat'>»</span> 
     </span>
    </p>
   </div>
   <div class='ocr_carea' id='block_1_16' title="bbox 1337 2138 2311 2238">
    <p class='ocr_par' dir='ltr' id='par_1_18' title="bbox 1337 2138 2311 2238">
     <span class='ocr_line' id='line_1_86' title="bbox 1373 2138 2240 2175; baseline -0.001 -7"><span class='ocrx_word' id='word_1_516' title='bbox 1373 2139 1493 2168; x_wconf 65' lang='lat'>2835</span> <span class='ocrx_word' id='word_1_517' title='bbox 1847 2138 1982 2175; x_wconf 83' lang='lat' dir='ltr'>Orvieto‚</span> <span class='ocrx_word' id='word_1_518' title='bbox 2001 2139 2040 2166; x_wconf 70' lang='lat'>1⁸¹·</span> <span class='ocrx_word' id='word_1_519' title='bbox 2050 2139 2148 2175; x_wconf 73' lang='lat' dir='ltr'>Juillet</span> <span class='ocrx_word' id='word_1_520' title='bbox 2161 2139 2240 2167; x_wconf 82' lang='lat'><strong>1290.</strong></span> 
     </span>
     <span class='ocr_line' id='line_1_87' title="bbox 1337 2197 2311 2238; baseline 0.002 -10"><span class='ocrx_word' id='word_1_521' title='bbox 1337 2201 1522 2237; x_wconf 84' lang='lat' dir='ltr'>Dispensatio</span> <span class='ocrx_word' id='word_1_522' title='bbox 1539 2210 1626 2238; x_wconf 86' lang='lat' dir='ltr'>super</span> <span class='ocrx_word' id='word_1_523' title='bbox 1641 2202 1754 2229; x_wconf 80' lang='lat' dir='ltr'>defectu</span> <span class='ocrx_word' id='word_1_524' title='bbox 1770 2202 1881 2229; x_wconf 85' lang='lat' dir='ltr'>aetatis.</span> <span class='ocrx_word' id='word_1_525' title='bbox 1899 2202 1984 2235; x_wconf 79' lang='lat' dir='ltr'>(Rso.</span> <span class='ocrx_word' id='word_1_526' title='bbox 2000 2202 2044 2237; x_wconf 79' lang='lat'>45,</span> <span class='ocrx_word' id='word_1_527' title='bbox 2061 2210 2086 2229; x_wconf 89' lang='lat' dir='ltr'>c.</span> <span class='ocrx_word' id='word_1_528' title='bbox 2103 2201 2164 2236; x_wconf 89' lang='lat'><strong>252,</strong></span> <span class='ocrx_word' id='word_1_529' title='bbox 2177 2202 2197 2230; x_wconf 83' lang='lat' dir='ltr'>f.</span> <span class='ocrx_word' id='word_1_530' title='bbox 2213 2201 2246 2230; x_wconf 77' lang='lat'>45</span> <span class='ocrx_word' id='word_1_531' title='bbox 2259 2197 2311 2237; x_wconf 49' lang='grc' dir='ltr'>νῆ’</span> 
     </span>
    </p>
   </div>
   <div class='ocr_carea' id='block_1_17' title="bbox 1294 2289 2349 2719">
    <p class='ocr_par' dir='ltr' id='par_1_19' title="bbox 1296 2289 2349 2612">
     <span class='ocr_line' id='line_1_88' title="bbox 1346 2289 2349 2343; baseline 0.002 -9"><span class='ocrx_word' id='word_1_532' title='bbox 1346 2305 1514 2335; x_wconf 76' lang='lat' dir='ltr'>Venerabili</span> <span class='ocrx_word' id='word_1_533' title='bbox 1524 2306 1621 2342; x_wconf 80' lang='lat' dir='ltr'>fratri</span> <span class='ocrx_word' id='word_1_534' title='bbox 1634 2327 1654 2334; x_wconf 92' lang='lat'>..</span> <span class='ocrx_word' id='word_1_535' title='bbox 1669 2306 1803 2343; x_wconf 65' lang='lat' dir='ltr'>episcopo</span> <span class='ocrx_word' id='word_1_536' title='bbox 1815 2306 1932 2335; x_wconf 79' lang='lat' dir='ltr'>Lucano</span> <span class='ocrx_word' id='word_1_537' title='bbox 1946 2305 2117 2336; x_wconf 85' lang='lat' dir='ltr'>committit</span> <span class='ocrx_word' id='word_1_538' title='bbox 2127 2289 2312 2336; x_wconf 49' lang='lat' dir='ltr'>facultateui</span> <span class='ocrx_word' id='word_1_539' title='bbox 2347 2304 2349 2306; x_wconf 78' lang='grc'><strong>’</strong></span> 
     </span>
     <span class='ocr_line' id='line_1_89' title="bbox 1299 2354 2322 2398; baseline 0.002 -10"><span class='ocrx_word' id='word_1_540' title='bbox 1299 2358 1507 2398; x_wconf 87' lang='lat' dir='ltr'>dispensandi</span> <span class='ocrx_word' id='word_1_541' title='bbox 1525 2367 1599 2388; x_wconf 90' lang='lat' dir='ltr'>cum</span> <span class='ocrx_word' id='word_1_542' title='bbox 1615 2358 1769 2396; x_wconf 85' lang='lat' dir='ltr'>Gerardo,</span> <span class='ocrx_word' id='word_1_543' title='bbox 1783 2359 1908 2396; x_wconf 88' lang='lat' dir='ltr'>clerico,</span> <span class='ocrx_word' id='word_1_544' title='bbox 1922 2362 1996 2389; x_wconf 92' lang='lat' dir='ltr'>nato</span> <span class='ocrx_word' id='word_1_545' title='bbox 2012 2358 2130 2390; x_wconf 84' lang='lat' dir='ltr'>nobilis</span> <span class='ocrx_word' id='word_1_546' title='bbox 2145 2359 2206 2390; x_wconf 88' lang='lat' dir='ltr'>viri</span> <span class='ocrx_word' id='word_1_547' title='bbox 2217 2354 2322 2390; x_wconf 81' lang='lat' dir='ltr'>Guil-</span> 
     </span>
     <span class='ocr_line' id='line_1_90' title="bbox 1298 2411 2307 2451; baseline 0.002 -10"><span class='ocrx_word' id='word_1_548' title='bbox 1298 2412 1392 2442; x_wconf 88' lang='lat' dir='ltr'>lelmi</span> <span class='ocrx_word' id='word_1_549' title='bbox 1409 2412 1618 2451; x_wconf 86' lang='lat' dir='ltr'>Malaspinae,</span> <span class='ocrx_word' id='word_1_550' title='bbox 1637 2411 1717 2442; x_wconf 89' lang='lat' dir='ltr'>civis</span> <span class='ocrx_word' id='word_1_551' title='bbox 1734 2413 1868 2449; x_wconf 81' lang='lat' dir='ltr'>Lucani,</span> <span class='ocrx_word' id='word_1_552' title='bbox 1884 2415 1930 2450; x_wconf 83' lang='lat' dir='ltr'>ut,</span> <span class='ocrx_word' id='word_1_553' title='bbox 1948 2421 2011 2443; x_wconf 89' lang='lat' dir='ltr'>non</span> <span class='ocrx_word' id='word_1_554' title='bbox 2025 2412 2170 2443; x_wconf 84' lang='lat' dir='ltr'>obstante</span> <span class='ocrx_word' id='word_1_555' title='bbox 2184 2412 2307 2450; x_wconf 25' lang='lat' dir='ltr'>defen-7,</span> 
     </span>
     <span class='ocr_line' id='line_1_91' title="bbox 1297 2465 2315 2506; baseline 0.001 -10"><span class='ocrx_word' id='word_1_556' title='bbox 1297 2467 1423 2502; x_wconf 75' lang='lat' dir='ltr'>aetatis,</span> <span class='ocrx_word' id='word_1_557' title='bbox 1441 2465 1646 2505; x_wconf 88' lang='lat' dir='ltr'>plebanatum</span> <span class='ocrx_word' id='word_1_558' title='bbox 1660 2466 1763 2505; x_wconf 85' lang='lat' dir='ltr'>plebis</span> <span class='ocrx_word' id='word_1_559' title='bbox 1779 2466 1818 2497; x_wconf 88' lang='lat' dir='ltr'>de</span> <span class='ocrx_word' id='word_1_560' title='bbox 1833 2466 1924 2504; x_wconf 81' lang='lat' dir='ltr'>Vigo‚</span> <span class='ocrx_word' id='word_1_561' title='bbox 1940 2467 1995 2506; x_wconf 91' lang='lat' dir='ltr'>qui</span> <span class='ocrx_word' id='word_1_562' title='bbox 2011 2475 2063 2496; x_wconf 78' lang='lat' dir='ltr'>xw</span> <span class='ocrx_word' id='word_1_563' title='bbox 2080 2466 2315 2506; x_wconf 46' lang='lat' dir='ltr'>parrochiam&amp;</span> 
     </span>
     <span class='ocr_line' id='line_1_92' title="bbox 1297 2519 2309 2559; baseline 0.001 -10"><span class='ocrx_word' id='word_1_564' title='bbox 1297 2520 1462 2550; x_wconf 89' lang='lat' dir='ltr'>dumtaxat</span> <span class='ocrx_word' id='word_1_565' title='bbox 1479 2519 1575 2550; x_wconf 85' lang='lat' dir='ltr'>habet</span> <span class='ocrx_word' id='word_1_566' title='bbox 1591 2524 1621 2550; x_wconf 90' lang='lat' dir='ltr'>et</span> <span class='ocrx_word' id='word_1_567' title='bbox 1634 2521 1725 2559; x_wconf 87' lang='lat' dir='ltr'>cujus</span> <span class='ocrx_word' id='word_1_568' title='bbox 1738 2520 1880 2550; x_wconf 85' lang='lat' dir='ltr'>redditus</span> <span class='ocrx_word' id='word_1_569' title='bbox 1894 2520 2010 2558; x_wconf 85' lang='lat' dir='ltr'>viginti</span> <span class='ocrx_word' id='word_1_570' title='bbox 2025 2519 2219 2550; x_wconf 85' lang='lat' dir='ltr'>florenorum</span> <span class='ocrx_word' id='word_1_571' title='bbox 2233 2528 2252 2550; x_wconf 78' lang='lat' dir='ltr'>a.</span> <span class='ocrx_word' id='word_1_572' title='bbox 2299 2523 2309 2543; x_wconf 55' lang='lat' dir='ltr'>t</span> 
     </span>
     <span class='ocr_line' id='line_1_93' title="bbox 1296 2573 2181 2612; baseline 0 -9"><span class='ocrx_word' id='word_1_573' title='bbox 1296 2582 1444 2603; x_wconf 87' lang='lat' dir='ltr'>annuum</span> <span class='ocrx_word' id='word_1_574' title='bbox 1460 2573 1602 2603; x_wconf 88' lang='lat' dir='ltr'>valorem</span> <span class='ocrx_word' id='word_1_575' title='bbox 1620 2582 1683 2603; x_wconf 91' lang='lat' dir='ltr'>non</span> <span class='ocrx_word' id='word_1_576' title='bbox 1701 2574 1875 2611; x_wconf 81' lang='lat' dir='ltr'>excedunt,</span> <span class='ocrx_word' id='word_1_577' title='bbox 1893 2573 2056 2612; x_wconf 84' lang='lat' dir='ltr'>possidere</span> <span class='ocrx_word' id='word_1_578' title='bbox 2072 2573 2181 2612; x_wconf 83' lang='lat' dir='ltr'>possit.</span> 
     </span>
    </p>

    <p class='ocr_par' dir='ltr' id='par_1_20' title="bbox 1294 2624 2315 2719">
     <span class='ocr_line' id='line_1_94' title="bbox 1338 2625 2306 2666; baseline 0.001 -10"><span class='ocrx_word' id='word_1_579' title='bbox 1338 2639 1352 2655; x_wconf 89' lang='lat'>«</span> <span class='ocrx_word' id='word_1_580' title='bbox 1373 2627 1414 2657; x_wconf 82' lang='lat' dir='ltr'>Ex</span> <span class='ocrx_word' id='word_1_581' title='bbox 1432 2631 1520 2666; x_wconf 82' lang='lat' dir='ltr'>parte</span> <span class='ocrx_word' id='word_1_582' title='bbox 1535 2627 1680 2658; x_wconf 82' lang='lat' dir='ltr'>dilecti...</span> <span class='ocrx_word' id='word_1_583' title='bbox 1699 2644 1737 2648; x_wconf 97' lang='lat'><strong>—</strong></span> <span class='ocrx_word' id='word_1_584' title='bbox 1753 2628 1825 2657; x_wconf 88' lang='lat' dir='ltr'>Dat.</span> <span class='ocrx_word' id='word_1_585' title='bbox 1841 2627 1926 2666; x_wconf 89' lang='lat' dir='ltr'>apud</span> <span class='ocrx_word' id='word_1_586' title='bbox 1943 2627 2226 2664; x_wconf 85' lang='lat' dir='ltr'>Urbemveterem‚</span> <span class='ocrx_word' id='word_1_587' title='bbox 2244 2625 2306 2657; x_wconf 72' lang='lat' dir='ltr'>ka·-</span> 
     </span>
     <span class='ocr_line' id='line_1_95' title="bbox 1294 2679 1766 2719; baseline -0.004 -9"><span class='ocrx_word' id='word_1_588' title='bbox 1294 2680 1399 2710; x_wconf 89' lang='lat' dir='ltr'>lendis</span> <span class='ocrx_word' id='word_1_589' title='bbox 1413 2679 1506 2719; x_wconf 85' lang='lat' dir='ltr'>julii,</span> <span class='ocrx_word' id='word_1_590' title='bbox 1524 2688 1611 2710; x_wconf 89' lang='lat' dir='ltr'>anno</span> <span class='ocrx_word' id='word_1_591' title='bbox 1629 2681 1732 2711; x_wconf 89' lang='lat' dir='ltr'>tertio.</span> <span class='ocrx_word' id='word_1_592' title='bbox 1753 2691 1766 2708; x_wconf 69' lang='lat' dir='ltr'>a</span> 
     </span>
    </p>
   </div>
   <div class='ocr_carea' id='block_1_18' title="bbox 1329 2851 2231 2953">
    <p class='ocr_par' dir='ltr' id='par_1_21' title="bbox 1329 2851 2231 2953">
     <span class='ocr_line' id='line_1_96' title="bbox 1366 2851 2231 2888; baseline -0.006 -4"><span class='ocrx_word' id='word_1_593' title='bbox 1366 2855 1624 2884; x_wconf 66' lang='lat'>2833-2854</span> <span class='ocrx_word' id='word_1_594' title='bbox 1855 2853 1982 2885; x_wconf 85' lang='lat' dir='ltr'>Orvieto,</span> <span class='ocrx_word' id='word_1_595' title='bbox 1999 2853 2014 2880; x_wconf 90' lang='grc'>7</span> <span class='ocrx_word' id='word_1_596' title='bbox 2027 2853 2133 2888; x_wconf 81' lang='lat' dir='ltr'>juillet,</span> <span class='ocrx_word' id='word_1_597' title='bbox 2152 2851 2231 2881; x_wconf 77' lang='lat'><strong>¹290.</strong></span> 
     </span>
     <span class='ocr_line' id='line_1_97' title="bbox 1329 2917 1980 2953; baseline -0.002 -9"><span class='ocrx_word' id='word_1_598' title='bbox 1329 2917 1539 2953; x_wconf 84' lang='lat' dir='ltr'>Indulgentiae.</span> <span class='ocrx_word' id='word_1_599' title='bbox 1557 2918 1641 2952; x_wconf 76' lang='lat' dir='ltr'>(Reo.</span> <span class='ocrx_word' id='word_1_600' title='bbox 1659 2918 1700 2950; x_wconf 76' lang='lat'>45,</span> <span class='ocrx_word' id='word_1_601' title='bbox 1718 2926 1742 2945; x_wconf 91' lang='lat' dir='ltr'>c.</span> <span class='ocrx_word' id='word_1_602' title='bbox 1761 2917 1823 2948; x_wconf 82' lang='lat'><strong>253.</strong></span> <span class='ocrx_word' id='word_1_603' title='bbox 1842 2917 1861 2944; x_wconf 83' lang='lat' dir='ltr'>f.</span> <span class='ocrx_word' id='word_1_604' title='bbox 1879 2917 1911 2944; x_wconf 73' lang='lat'>45</span> <span class='ocrx_word' id='word_1_605' title='bbox 1928 2919 1980 2950; x_wconf 76' lang='lat' dir='ltr'>vo.)</span> 
     </span>
    </p>
   </div>
   <div class='ocr_carea' id='block_1_19' title="bbox 1335 3015 2325 3066">
    <p class='ocr_par' dir='ltr' id='par_1_22' title="bbox 1335 3015 2325 3066">
     <span class='ocr_line' id='line_1_98' title="bbox 1335 3015 2325 3066; baseline -0.005 -15"><span class='ocrx_word' id='word_1_606' title='bbox 1335 3022 1490 3052; x_wconf 71' lang='lat' dir='ltr'>Universss</span> <span class='ocrx_word' id='word_1_607' title='bbox 1507 3021 1622 3051; x_wconf 81' lang='lat' dir='ltr'>Christi</span> <span class='ocrx_word' id='word_1_608' title='bbox 1642 3021 1780 3059; x_wconf 79' lang='lat' dir='ltr'>fidelibus</span> <span class='ocrx_word' id='word_1_609' title='bbox 1801 3024 1949 3059; x_wconf 81' lang='lat' dir='ltr'>presentes</span> <span class='ocrx_word' id='word_1_610' title='bbox 1966 3018 2084 3049; x_wconf 62' lang='lat' dir='ltr'>littera-s*</span> <span class='ocrx_word' id='word_1_611' title='bbox 2106 3015 2297 3056; x_wconf 73' lang='lat' dir='ltr'>inspecturis.</span> <span class='ocrx_word' id='word_1_612' title='bbox 2316 3047 2325 3066; x_wconf 42' lang='lat'><em>7</em></span> 
     </span>
    </p>
   </div>
  </div>
 </body>
</html>
