2477 3637
205 378 263 410 300
527 376 531 378 ’
954 375 1189 407 REGISTRES
1212 377 1266 406 DE
1289 375 1472 407 NICOLAS
1496 377 1552 407 IV.

205 445 278 475 dem
297 449 425 474 sauctae
439 448 470 473 et
485 452 538 481 per
556 447 624 472 octo
639 442 708 472 dies
724 446 894 481 sequentes
912 443 1122 474 visitaverint.
1140 443 1210 473 Dat.

206 499 315 532 Reate,
334 497 428 528 nonis
444 496 595 530 octobris,
613 503 699 525 anno
715 495 865 526 secundo.

752 575 842 607 Rieu,
860 576 874 602 5
891 577 1045 603 novembre
1063 577 1140 605 1289.

245 642 283 671 In
303 649 330 671 e.
353 649 396 669 m.
416 639 549 669 eisdem.
573 637 809 676 Indulgentiam
829 639 925 668 unius
942 639 1020 668 anni
1039 643 1068 669 et
1086 649 1125 670 11.
1142 639 1212 670 die—

204 703 277 725 rum
292 692 436 724 concedit
451 692 496 722 eis
511 691 566 730 qui
585 690 751 721 ecclesiam
767 690 876 722 Sancti
894 691 1060 722 Laurentii
1077 692 1210 724 Floren-

204 748 322 781 tinam,
349 747 382 775 in
406 745 550 785 ejusdem
575 745 677 775 sancti
693 749 724 775 et
741 749 867 776 sanctae
890 744 1104 783 Concordiae,
1120 747 1212 786 eujus

203 809 317 840 corpus
338 801 373 830 in
397 799 507 829 eadem
524 798 716 837 requiescit,
735 803 766 829 et
790 808 845 838 per
864 803 933 830 octo
955 799 1025 830 dies
1043 804 1212 838 sequentes

203 853 414 885 visitaverint.
435 852 504 883 Dat.
525 851 662 890 Romae,
679 852 763 891 apud
787 851 936 883 Sanctam
955 853 1093 883 Mariam
1108 853 1211 893 Majo—

203 917 287 944 rem,
305 907 399 937 nonis
416 906 617 942 novembris,
633 915 720 936 anno
737 906 887 938 secundo.

746 987 837 1020 Rieti,
856 988 872 1015 S
889 988 1043 1015 novembre
1060 988 1138 1016 1‘289.

246 1051 282 1080 ln
303 1060 330 1081 e.
354 1059 397 1080 m.
418 1050 551 1080 eisdem.
574 1050 716 1081 Eandem
740 1051 976 1089 indulgentiam
998 1052 1145 1083 concedit
1166 1052 1211 1083 eis

203 1105 260 1144 qui
277 1104 442 1134 ecclesiam
462 1104 647 1134 monasterii
665 1104 772 1134 Sancti
789 1105 924 1142 Quirici,
941 1113 1034 1144 prope
1050 1106 1210 1136 civitatem

205 1158 367 1188 Lucanam
381 1181 388 1194 ‚
410 1167 540 1188 romane
563 1158 695 1188 ecclesie
709 1158 893 1187 immediate
909 1159 1062 1197 subjecti,
1083 1160 1116 1188 in
1135 1159 1212 1190 testo

203 1211 305 1241 sancti
327 1210 451 1247 Quirici
479 1214 508 1241 et
534 1219 588 1249 per
613 1214 682 1240 octo
708 1210 776 1240 dies
801 1213 971 1249 sequentes
997 1211 1209 1242 visitaverint.

203 1264 275 1294 Dat.
294 1264 431 1300 Romae,
451 1264 535 1303 apud
559 1263 707 1294 Sanctam
731 1264 866 1294 Mariam
889 1264 1063 1303 MaJ'orem,
1083 1275 1113 1295 vi
1138 1265 1212 1296 idus

203 1319 403 1355 novembris,
422 1327 508 1349 anno
525 1319 665 1349 secundo
679 1319 739 1358 (En
753 1319 882 1358 marye).

746 1398 837 1433 Rieti,
854 1399 870 1426 8
888 1400 1043 1427 novembre
1060 1400 1138 1428 1289.

242 1461 281 1490 In
302 1469 330 1490 e.
350 1469 395 1489 m.
415 1460 546 1490 eisdem.
566 1460 708 1490 Eandem
733 1461 970 1500 indulgentiam
994 1463 1140 1494 concedit
1163 1464 1211 1494 eis

201 1513 258 1552 qui
275 1512 442 1543 ecclesiam
460 1512 570 1543 Sancti
588 1514 692 1543 Lucae
713 1518 800 1544 extra
816 1523 924 1546 muros
942 1516 1159 1548 Venatranam
1175 1518 1209 1548 iu

202 1567 280 1597 festo
296 1567 398 1597 sancti
414 1567 516 1597 Lucae
531 1571 562 1597 et
576 1576 633 1606 per
646 1572 715 1598 octo
728 1568 797 1599 dies
809 1574 980 1608 sequentes
996 1571 1210 1604 visitaverint.

201 1620 272 1650 Dat.
293 1624 326 1650 ut
345 1629 440 1659 supra
455 1619 571 1660 (lbid.).

727 1689 821 1723 Rieti,
839 1690 870 1717 17
888 1692 1043 1719 novembre
1060 1693 1139 1722 1289.

243 1752 282 1782 In
306 1760 333 1783 e.
355 1760 398 1782 m.
422 1751 553 1782 eisdem.
575 1750 714 1782 Eandem
738 1753 974 1792 indulgentiam
1000 1757 1144 1787 concedit
1166 1758 1212 1788 eis

203 1806 260 1845 qui
290 1805 457 1835 ecclesiam
488 1804 595 1835 Sancti
612 1806 755 1836 Martini
778 1807 816 1836 de
843 1807 1000 1846 Cadomo,
1029 1810 1212 1849 Bajocensis

203 1859 375 1894 dioecesis,
393 1859 426 1888 iu
444 1859 546 1888 sancti
563 1859 694 1889 Martini
712 1864 741 1890 et
757 1862 857 1891 sancti
873 1862 1033 1894 Johannis
1050 1865 1211 1904 Baptistae

202 1912 431 1943 festivitatibus
447 1916 478 1941 et
493 1921 548 1951 per
563 1917 633 1943 octo
648 1912 715 1943 dies
731 1920 900 1953 sequentes
911 1917 1121 1948 visitaverint.
1138 1920 1208 1950 Dat.

204 1968 342 2005 Romae,
359 1967 442 2007 apud
467 1966 618 1998 Sanctam
642 1969 777 1999 Mariam
799 1971 971 2010 Majorem,
991 1983 1031 2003 xv
1055 1974 1210 2006 kalendas

203 2021 380 2052 decembris
390 2044 398 2058 ,
415 2029 501 2051 anno
518 2021 659 2052 secundo
673 2022 790 2062 (Ibld.).

730 2103 821 2136 Rieti,
840 2106 871 2134 13
888 2108 1042 2135 novembre
1060 2110 1136 2138 1989*

244 2165 283 2194 In
306 2174 332 2195 e.
353 2173 396 2194 m.
418 2164 550 2195 eisdem.
569 2165 711 2197 Eandem
735 2168 970 2207 indulgentiam
994 2174 1140 2205 concedit
1164 2176 1210 2206 eis

202 2218 258 2257 qui
276 2216 441 2248 ecclesiam
460 2217 569 2248 Sancti
591 2218 739 2250 Severini
758 2221 1030 2262 Burdegalensem
1050 2232 1081 2257 et
1105 2229 1210 2267 capel-

202 2270 267 2300 lam
286 2270 394 2301 Sancti
413 2271 690 2311 Stephani‚juxta
711 2282 782 2305 eam
803 2277 953 2316 positam,
971 2280 1005 2309 in
1027 2287 1211 2315 sanctorum

203 2324 358 2364 Amandi,
373 2324 521 2355 Severini
537 2329 568 2355 et
583 2326 698 2364 Fortis,
708 2336 845 2366 quorum
856 2339 996 2370 corpora,
1013 2343 1086 2365 curu
1099 2337 1211 2369 multis

202 2377 340 2408 aliorum
375 2382 557 2408 sanctorum
592 2380 788 2418 corporibus,
814 2383 847 2412 in
876 2393 912 2414 ea
938 2387 1156 2427 requiescunt,
1181 2395 1212 2422 et

203 2434 385 2460 sanctorum
417 2430 571 2469 Stephani
597 2437 628 2462 et
662 2433 819 2465 Martialis
848 2437 1072 2471 festivitatibus
1103 2447 1133 2472 et
1158 2453 1213 2483 per

202 2487 272 2514 octo
284 2483 353 2513 dies
368 2489 538 2522 sequentes
550 2485 762 2519 visitaverint.
779 2489 849 2520 Dat.
864 2491 995 2528 Romae,
1011 2496 1092 2534 apud
1111 2497 1211 2528 Sanc-

202 2541 266 2566 tam
284 2536 420 2566 Mariam
439 2537 604 2577 MaJorem,
622 2539 728 2570 idibus
745 2543 938 2582 novembris,
956 2555 1042 2578 anno
1058 2551 1209 2584 secundo.

727 2622 821 2658 Rieu,
838 2624 872 2652 ‘22
888 2628 1043 2656 novembre
1061 2631 1138 2659 1289.

243 2679 281 2708 In
303 2688 331 2711 e.
351 2689 395 2710 m.
415 2682 547 2712 eisdem.
573 2683 714 2715 Eandem
740 2686 977 2726 indulgentiam
998 2694 1143 2725 concedit
1168 2696 1213 2727 eis

204 2733 259 2770 qui
275 2733 442 2764 ecclesiam
457 2734 565 2766 Sancti
579 2736 709 2777 Georgii
726 2736 821 2779 prope
833 2742 1000 2782 Dycavim‚
1013 2746 1212 2780 Pictavensis

205 2784 370 2826 dioecesis,
382 2787 415 2816 in
427 2787 506 2819 festo
517 2790 660 2828 eiusdem
672 2793 775 2823 sancti
791 2798 822 2824 et
837 2803 891 2833 per
907 2801 975 2827 octo
990 2798 1058 2829 dies
1075 2810 1212 2841 sequen-

205 2841 250 2866 tes
281 2838 490 2871 visitaverint.
518 2843 590 2874 Dat.
621 2844 757 2883 Romae,
784 2848 867 2887 apud
896 2849 1045 2882 Sanctam
1076 2855 1212 2888 Mariam

206 2889 376 2928 Majorem,
393 2902 410 2922 x
426 2893 580 2926 kalendas
597 2896 792 2938 decembris,
809 2910 896 2933 auno
912 2906 1062 2937 secundo.

754 2987 845 3020 Rieti,
864 2990 878 3017 5
892 2990 1044 3020 decembre
1061 2994 1141 3023 1289.

247 3043 284 3072 In
307 3054 334 3074 e.
359 3055 402 3076 m.
424 3049 556 3081 eisdem.
579 3053 717 3085 Eandem
744 3056 978 3097 indulgentiam
999 3063 1146 3094 concedit
1167 3066 1213 3096 eis
1248 3056 1252 3094 i
1297 3064 1638 3102 Urbe‚Cisterciensis
1655 3065 1848 3104 ordinis,ad
1863 3065 2075 3096 restituendas
2091 3064 2217 3096 easdem
2232 3069 2310 3104 pos--

1295 442 1349 481 qui
1387 442 1554 472 ecclesiam
1585 442 1695 472 Sancti
1727 443 1817 473 Pauli
1850 444 2098 482 Lugdunensem
2130 447 2163 476 in
2199 449 2299 480 sancti

1294 495 1386 525 Pauli
1414 487 1657 533 festivitatibus,
1683 505 1739 535 per
1761 502 1829 527 octo
1851 497 1918 527 dies
1938 503 2108 537 sequentes
2133 504 2163 530 et
2181 500 2216 530 in
2239 509 2298 532 au-

1294 548 1472 579 niversario
1497 548 1550 578 die
1575 548 1786 579 dedicationis
1808 550 1954 589 ejusdem
1977 550 2130 582 ecclesiae
2151 553 2298 586 visitave-

1293 601 1368 631 rint.
1382 601 1452 631 Dat.
1469 602 1600 636 Romae,
1615 602 1699 647 apud
1715 602 1865 633 Sanctam
1881 603 2017 634 Mariam
2030 605 2194 645 Majorem,
2206 607 2300 639 noni·

1293 655 1486 691 decembris,
1505 663 1591 685 anno
1606 655 1756 686 secundo.

1368 843 1482 871 152³?
1859 842 1952 877 Rieu,
1973 843 2001 870 14
2019 843 2136 870 octobre
2153 843 2230 873 1289.

1329 905 1417 932 Maria
1434 907 1608 933 monasterio
1625 905 1748 933 Sanctae
1763 905 1870 933 Mariae
1891 906 1926 933 de
1946 905 2020 934 Pinu
2040 906 2179 942 priorissa
2199 908 2301 943 praefi·

1293 955 1377 982 citur.
1395 954 1477 989 (Res.
1496 955 1544 987 44,
1561 963 1586 983 e.
1605 954 1672 987 558,
1690 955 1709 983 f.
1727 955 1777 982 237
1794 957 1842 988 νῦ.)

1339 1059 1507 1088 Venerabili
1521 1059 1616 1095 fratri
1633 1079 1652 1087 ..
1671 1059 1803 1096 episcopo
1818 1058 1965 1087 Ραιίιιαηο
1980 1057 2111 1088 mandat
2125 1061 2160 1089 ut
2174 1044 2310 1090 electio-¹
2325 1084 2330 1088 .
2394 1100 2397 1112 Δ
2466 1035 2477 1117 ἒ

1293 1120 1368 1142 nem
1394 1112 1531 1146 Mariae,
1551 1111 1702 1142 cantricis
1724 1115 1755 1141 et
1778 1110 1930 1141 monialis
1956 1111 2144 1142 monasterii
2167 1110 2314 1166 Sanctae}
2331 1118 2333 1122 ⁴
2465 1147 2477 1171 Η

1293 1165 1415 1195 Mariae
1433 1164 1471 1194 de
1491 1165 1572 1194 Pinu
1592 1173 1689 1203 prope
1707 1164 1898 1194 suburbium
1912 1165 2049 1195 civitatis
2066 1164 2308 1204 Ferrariensin„
2465 1195 2477 1225 ἡ]

1292 1217 1332 1248 ad
1351 1227 1518 1248 romanam
1537 1218 1705 1249 ecclesiam
1730 1217 1821 1248 nullo
1837 1217 1944 1249 medio
1959 1218 2162 1258 pertinentiS,
2179 1217 2312 1270 ordinis*6
2463 1247 2477 1278 tl

1294 1272 1326 1302 S.
1352 1272 1550 1310 Augustini,
1575 1272 1614 1302 ad
1640 1272 1783 1312 eJusdem
1812 1272 1999 1302 monasterii
2016 1271 2163 1310 regimen
2185 1271 2301 1305 conflr—
2318 1285 2333 1291 ·’

1293 1327 1369 1354 met.
2463 1314 2477 1361 ,⁴

1336 1389 1348 1404 α
1374 1376 1438 1421 Sua
1457 1377 1550 1407 nobis
1569 1377 1722 1409 dilecte...
1739 1395 1778 1399 —
1795 1377 1866 1408 Dat.
1888 1377 1998 1414 Reate,
2018 1386 2040 1406 n
2058 1376 2130 1407 idus
2148 1377 2304 1418 octobris,⁴
2462 1355 2477 1386 m

1293 1438 1380 1461 anno
1397 1431 1550 1461 secundo.
1570 1443 1584 1458 n
1791 1421 1798 1432 '
2315 1435 2321 1439 ·’

1370 1619 1485 1648 mes
1810 1619 1904 1649 Rieti,
1922 1619 1954 1646 ‘26
1971 1619 2136 1654 septembre
2151 1618 2230 1648 ηερ.
2469 1607 2477 1634 ⁵

1329 1680 1462 1708 Facultas
1488 1681 1692 1708 reconciliandi
1715 1690 1766 1717 per
1785 1681 1856 1708 alios
1881 1681 1943 1708 loca
1965 1681 2124 1708 benedicta.
2147 1680 2232 1715 (Rau.
2252 1681 2306 1715 Hp
2458 1657 2477 1685 p„

1294 1738 1320 1757 c.
1337 1730 1397 1762 559,
1415 1730 1436 1757 f.
1452 1730 1502 1758 ‘237
1519 1731 1566 1763 r0.)
2470 1761 2477 1790 B

1340 1834 1508 1864 Venerabili
1527 1833 1621 1870 fratri
1644 1833 1817 1869 (willelmo,
1835 1834 1967 1871 episcopo
1985 1833 2238 1871 Autisiodorensi,
2253 1832 2310 1864 ft‘
2347 1823 2351 1828 ⁵
2380 1826 2382 1829 ⁵
2456 1815 2477 1844 ”h

1294 1886 1443 1917 cultatem
1474 1886 1619 1917 concedit
1647 1886 1878 1917 reconciliandi
1910 1895 1965 1925 per
1996 1886 2132 1918 decanos
2160 1886 2282 1922 rurales
2291 1896 2313 1923 ··
2455 1867 2477 1904 θη

1293 1940 1507 1979 presbyteros
1520 1948 1594 1970 cum
1605 1948 1689 1978 aqua
1701 1948 1720 1970 a
1731 1949 1764 1969 se
1776 1939 1954 1976 benedicta,
1971 1939 2122 1970 ecclesias
2137 1943 2169 1971 et
2183 1948 2238 1971 coe
2247 1954 2263 1966 n
2295 1952 2299 1953 ’
2455 1928 2477 1952 ³³¹¹

1294 1993 1373 2023 teria
1388 1993 1544 2024 effusione
1555 1993 1726 2031 sanguinis
1738 1993 1788 2023 vel
1800 1993 1936 2023 seminis
1951 1992 2078 2023 violata.
2283 2015 2286 2027 .
2465 1987 2471 2003 ⁴

1339 2059 1352 2074 ι
1369 2046 1472 2076 Habet
1486 2047 1520 2076 in
1538 2046 1667 2077 nobis...
1680 2063 1720 2069 —
1732 2046 1803 2076 Dat.
1820 2047 1929 2083 Reate,
1942 2056 1973 2076 v1
1988 2046 2144 2078 kalendas
2153 2039 2310 2088 octobris,
2453 2030 2477 2060 π

1293 2108 1379 2131 anno
1395 2099 1547 2130 secundo.
1572 2112 1586 2127 »

1368 2286 1484 2314 Ιῧῖθ
1815 2285 1908 2318 Rieti,
1925 2286 1958 2313 26
1974 2287 2138 2322 septembre
2153 2286 2231 2316 ¹289.
2461 2281 2477 2309 tu

1327 2348 1542 2375 Tabellionatus
1557 2348 1694 2375 officium.
1713 2348 1796 2380 (Res.
1815 2349 1858 2383 44,
1879 2357 1904 2376 c.
1924 2349 1986 2383 560,
2002 2349 2023 2376 f.
2038 2349 2090 2377 237
2107 2351 2154 2383 το.)

1333 2451 1435 2481 Eidem
1455 2449 1634 2480 facultatem
1650 2451 1780 2481 creandi
1796 2451 1875 2483 duos
1893 2452 2080 2483 tabelliones
2094 2451 2249 2483 concedit.
2451 2437 2477 2494 ff*

1337 2517 1349 2529 «ι
1375 2503 1419 2533 Ex
1438 2507 1525 2542 parte
1545 2508 1634 2533 tua...
1651 2520 1690 2525 —
1707 2504 1777 2534 Dat.
1797 2504 1910 2543 Reate,
1927 2514 1958 2535 vi
1974 2504 2129 2536 kalendas
2145 2504 2316 2546 octobrias·
2450 2490 2477 2522 Μ

1294 2565 1381 2587 anno
1396 2556 1547 2587 secundo.
1571 2569 1582 2583 n
2291 2583 2294 2590 ,
2450 2544 2477 2630 ᾸΞΖ·

2451 2606 2456 2627 ι
2475 2610 2477 2630 l

2276 2633 2304 2692 ’λζ
2450 2651 2476 2685 tm

2250 2740 2251 2744 Ἰ
2312 2728 2313 2731 ,
2449 2710 2477 2739 Μ’

1369 2743 1484 2773 1580
1858 2745 1945 2778 Rieti,
1965 2746 2003 2772 μ’
2017 2745 2135 2774 octobre
2152 2745 2230 2774 ¹289.
2292 2763 2305 2792 s·
2461 2764 2477 2794 ¹(

1331 2805 1436 2833 Contra
1451 2805 1615 2833 detentores
1630 2806 1772 2834 bonorum
1791 2807 1957 2835 monasterii
1973 2806 2072 2835 Sancti
2091 2806 2251 2836 Sebastinni
2271 2820 2274 2829 ι
2290 2810 2309 2829 ’ὲ
2450 2813 2477 2848 um

1294 2854 1385 2883 Urbe.
1403 2854 1485 2888 (Ra-o.
1504 2855 1546 2886 44,
1564 2863 1590 2882 c.
1608 2855 1668 2891 561,
1687 2856 1706 2883 f.
1722 2856 1774 2884 237
1787 2858 1840 2890 v⁰.)

1340 2959 1508 2988 Venerabili
1525 2959 1620 2995 fratri
1637 2959 1684 2996 B.‚
1701 2959 1833 2997 episcopo
1849 2959 2011 2990 Portuensi
2021 2982 2030 2996 ,
2046 2958 2176 2989 mandat
2193 2961 2229 2989 ut
2243 2956 2281 2988 d'

1295 3015 1433 3042 tentores
1459 3012 1694 3050 possessionum
1719 3013 1905 3042 monasterii
1927 3011 2037 3042 Sancti
2061 3010 2241 3043 sebastiani
2259 3009 2310 3043 de*
2364 3003 2372 3013 ⁵
2474 3008 2477 3035 ¹

2462 3065 2477 3096 St
