2477 3637
205 362 262 394 246
946 354 1183 386 REGISTRES
1205 355 1260 385 DE
1282 352 1465 384 NICOLAS
1488 353 1544 382 IV.

206 429 363 464 amoveri,
385 436 485 466 eaque
508 424 629 456 restitui
650 424 769 452 decano
787 426 818 451 et
841 421 978 460 capitulo
1000 420 1207 457 memoratis,

206 492 242 514 ac
257 483 295 513 de
311 481 465 512 fructibus
481 484 510 509 et
527 476 731 517 proventibus
746 484 781 506 ex
801 475 928 514 pretatis
941 475 1051 504 castris
1067 479 1097 504 et
1112 473 1207 504 eccle-

205 537 263 567 siis
280 533 547 566 consistentibus,
569 531 602 560 in
620 529 730 559 castris
745 528 824 566 ipsis
839 527 1010 566 perceptis,
1029 535 1152 557 necnon
1169 526 1208 556 de

207 588 388 630 hujusmodi
406 585 554 625 dampnis
572 588 602 613 et
621 582 751 622 injuriis
772 581 918 617 ecclesie,
938 580 1056 610 decano
1073 585 1103 609 et
1120 579 1206 618 capi-

207 645 272 675 tulo
289 640 476 680 supradictis
492 638 603 670 illatis,
621 637 666 666 eis
683 635 809 674 plenam
825 638 856 664 et
870 633 1005 664 celerem
1022 633 1208 663 satisfactio-

207 708 280 729 nem
296 694 437 735 impendi
451 703 459 730 ;
474 693 518 722 sic
533 700 566 721 se
581 691 614 719 in
637 683 700 719 hiis
714 689 853 726 benigne
867 711 874 724 ,
895 686 1070 717 clementer
1089 690 1120 715 et
1140 685 1208 715 effi-

206 753 319 784 caciter
328 748 506 782 habiturus,
520 750 553 775 ut
563 743 677 774 exinde
690 742 773 781 apud
785 741 885 771 eterni
898 741 979 778 regis
991 739 1208 775 clementiam,

206 815 260 846 per
281 812 376 843 quem
397 799 556 839 regalibus
582 800 725 828 coruscat
747 794 914 833 insigniis.
940 797 1059 823 crescat
1081 791 1210 822 cumulo

205 860 414 892 meritorum,
441 854 566 892 sibique
591 851 625 881 in
649 849 772 889 populis
801 848 945 886 gentium
972 847 1076 877 laudis
1102 853 1209 884 preco-

206 915 297 944 nium
315 913 485 948 angeatur3
505 914 541 936 ac
558 913 630 942 nos,
648 903 705 943 qui
721 901 972 932 eidemecclesie
987 909 1082 939 super
1096 899 1210 938 hujus-

206 967 291 998 modi
317 960 577 1003 gravaminibus,
600 956 759 995 angustiis
783 959 812 984 et
835 954 991 993 pressuris
1017 953 1130 983 affectu
1156 960 1210 991 pa-

209 1029 296 1052 terno
322 1016 543 1056 compatimur,
571 1011 771 1042 devotionem
799 1009 938 1046 regiam,
966 1016 1061 1047 quam
1090 1006 1122 1035 in
1151 1005 1211 1035 hac

206 1079 292 1115 parte
306 1074 482 1112 promptam
495 1090 503 1104 ‚
523 1066 682 1097 efficacem
699 1067 730 1093 et
745 1062 870 1092 facilem
889 1061 1036 1100 cupimus
1051 1058 1208 1093 invenire,

206 1127 314 1166 dignis
329 1126 364 1155 in
386 1122 524 1153 Domino
542 1118 689 1149 laudibus
707 1115 903 1146 attollamus.
927 1115 1081 1151 Quocirca
1103 1112 1212 1142 frater-

207 1181 298 1212 nitati
314 1183 417 1208 vestre
436 1185 490 1215 per
503 1172 674 1213 apostolica
695 1170 827 1208 scripta,
845 1169 878 1199 in
896 1169 1013 1198 virtute
1031 1165 1211 1197 obedientie

205 1235 346 1266 districte
361 1227 582 1270 precipiendo,
601 1223 792 1254 mandamus
809 1226 969 1261 quatenus
985 1228 1051 1256 vos,
1066 1218 1116 1248 vel
1131 1217 1211 1247 alter

206 1291 359 1321 vestrum,
377 1291 431 1322 pro
445 1284 552 1311 nostra
567 1282 596 1307 et
613 1275 782 1316 apostolice
798 1274 881 1304 sedis
897 1272 1085 1308 reverentia,
1101 1271 1213 1309 hujus-

205 1339 293 1371 modi
322 1335 484 1375 negotium
499 1357 507 1370 ,
534 1331 618 1371 quod
638 1329 802 1369 potissime
828 1326 946 1357 insidet
969 1325 1055 1356 cordi
1081 1328 1210 1360 nostro,

205 1392 359 1435 promptis
377 1388 496 1420 animis
510 1387 726 1418 assumentes,
743 1390 799 1420 per
819 1389 873 1411 vos
889 1380 940 1410 vel
963 1389 1016 1419 per
1036 1378 1136 1408 alium
1156 1386 1210 1408 seu

205 1449 294 1483 alios,
310 1442 494 1475 auctoritate
507 1443 633 1475 nostra,
649 1437 779 1472 decano,
798 1434 935 1473 capitulo
949 1437 979 1463 et
995 1431 1127 1463 ecclesie
1142 1440 1211 1461 me-

205 1500 336 1532 moratis
350 1498 389 1528 de
406 1494 537 1534 injuriis
552 1497 583 1522 et
597 1490 744 1528 dampnis
760 1488 911 1528 predictis
926 1487 1055 1526 plenam
1071 1484 1213 1516 satisfac-

207 1556 326 1585 tionem
349 1547 513 1588 impendi,
537 1550 568 1576 et
584 1545 624 1575 ab
644 1543 707 1573 hiis
724 1551 760 1572 ac
777 1541 952 1577 similibus,
973 1544 1037 1570 tam
1059 1548 1078 1569 a
1092 1537 1212 1577 prefato

206 1606 380 1639 Guillelmo
406 1607 436 1633 et
460 1599 571 1632 ceteris
595 1597 738 1632 ballivis,
758 1594 943 1634 justitiariis
968 1597 998 1623 et
1021 1590 1212 1623 officialibus

206 1662 315 1701 regiis,
327 1666 424 1698 quam
437 1655 533 1686 etiam
548 1652 619 1683 aliis
630 1651 896 1690 quibuscumque,
914 1647 952 1677 de
963 1651 1067 1677 cetero
1082 1644 1212 1684 penitus

206 1713 357 1747 abstineri
373 1735 379 1747 ,
402 1714 432 1740 et
454 1717 490 1738 ea
505 1715 567 1746 que
585 1708 659 1735 sunt
675 1703 722 1733 eis
743 1707 773 1732 et
789 1710 899 1732 eorum
919 1699 1054 1730 subditis
1072 1707 1127 1737 per
1143 1697 1211 1726 dic·

207 1776 274 1799 tum
289 1763 501 1796 Guillelmum
517 1764 547 1789 et
561 1757 691 1798 quosvis
709 1755 788 1786 alios
810 1753 942 1784 ballivos
955 1777 962 1790 ,
975 1751 1165 1791 justitiarios
1183 1753 1213 1779 et

206 1819 357 1853 officiales
373 1826 427 1847 seu
444 1811 672 1845 ministeriales
695 1809 799 1840 ablata
815 1806 1053 1847 quomodolibet
1069 1804 1120 1835 vel
1135 1803 1212 1834 sub-

209 1879 305 1906 tracta
321 1874 443 1909 integre
459 1866 583 1898 restitui
601 1864 721 1895 faciatis
736 1887 743 1899 ‚
761 1862 801 1892 de
818 1861 912 1900 plano
930 1861 965 1890 in
984 1859 1095 1890 eodem
1116 1865 1212 1895 nego-

208 1930 270 1966 tio,
286 1928 357 1958 sine
375 1923 508 1962 strepitu
525 1925 555 1951 et
570 1920 675 1957 figura
687 1917 802 1957 judicii
818 1914 1006 1954 processuri.
1024 1911 1211 1944 Contradic-

208 1988 290 2014 tores
303 1985 334 2011 et
342 1977 474 2009 rebelles
489 1984 543 2014 per
553 1980 721 2003 censuram
733 1968 989 2004 eeclesiasticam,
1002 1965 1212 2005 appellatione

207 2034 393 2076 postposita,
410 2026 648 2068 compescendo.
668 2025 742 2055 Non
758 2022 956 2053 obstantibus
972 2021 1000 2050 si
1018 2019 1123 2050 eidem
1143 2017 1212 2056 regi

208 2090 257 2121 vel
272 2087 435 2127 aliquibus
455 2083 539 2120 aliis,
557 2081 789 2120 cujuscumque
807 2074 1052 2115 preeminentie,
1072 2072 1210 2111 dignita-

208 2144 248 2174 tis
259 2168 266 2179 ,
285 2138 479 2172 conditionis
495 2139 549 2166 aut
564 2138 663 2164 status
680 2132 831 2167 existant,
854 2138 873 2159 a
888 2129 962 2159 sede
979 2126 1150 2167 apostolica
1172 2125 1213 2155 sit

207 2196 371 2229 indultum
391 2192 474 2232 quod
499 2185 770 2220 excommunicari
794 2189 849 2214 aut
871 2191 982 2213 eorum
1005 2186 1085 2211 terre
1110 2179 1210 2210 eccle—

207 2250 334 2282 siastico
350 2245 518 2277 interdicto
535 2241 669 2281 supponi
690 2247 753 2268 non
773 2237 904 2277 possint,
923 2244 978 2274 per
996 2234 1117 2264 litteras
1131 2232 1212 2262 dicte

207 2303 291 2335 sedis
306 2310 367 2341 que
390 2299 428 2329 de
455 2295 579 2327 indulto
601 2291 788 2333 hujusmodi
810 2293 937 2328 totoque
958 2288 1059 2327 ipsius
1082 2291 1210 2321 tenore,

207 2366 242 2388 ac
258 2356 297 2386 de
312 2354 408 2384 verbo
424 2351 462 2381 ad
479 2349 610 2380 verbum
623 2346 750 2386 plenam
767 2348 797 2374 et
809 2350 989 2382 expressam
1005 2349 1068 2370 non
1080 2339 1213 2369 fecerint

207 2409 422 2442 mentionem,
443 2413 499 2435 seu
516 2400 683 2441 quibusvis
707 2396 884 2438 privilegiis
906 2394 955 2424 vel
979 2392 1210 2431 indulgentiis,

206 2464 461 2506 quibuscumque
477 2456 620 2496 personis
638 2453 686 2483 vel
703 2453 781 2482 loeis
792 2474 800 2488 ,
818 2450 877 2480 sub
895 2448 1006 2488 quavis
1023 2448 1124 2478 forma
1139 2455 1212 2476 ver-

206 2519 331 2554 borum,
349 2512 518 2545 concessis.
542 2509 581 2540 de
596 2507 713 2548 quibus
737 2513 938 2544 quorumque
957 2502 1027 2532 totis
1047 2500 1212 2530 tenoribus

206 2573 241 2602 in
257 2568 376 2601 nostris
386 2564 504 2596 litteris
520 2561 663 2602 spetialis
676 2558 797 2589 mentio
813 2557 854 2587 sit
870 2555 1028 2591 habenda,
1046 2558 1076 2584 et
1085 2562 1140 2592 per
1151 2561 1213 2591 que

208 2625 337 2656 effectus
354 2618 546 2660 presentium
564 2613 713 2653 impediri
729 2612 831 2642 valeat
842 2607 1078 2649 quomodolibet
1093 2606 1143 2636 vel
1156 2606 1214 2636 dif-

207 2678 294 2708 ferri.
312 2674 470 2705 Nolumus
482 2673 588 2700 autem
605 2666 688 2706 quod
701 2675 755 2705 per
770 2662 954 2703 hujusmodi
970 2661 1090 2691 litteras
1103 2664 1213 2690 contra

208 2729 339 2770 predicti
361 2726 445 2764 regis
462 2723 511 2754 vel
527 2722 594 2762 ejus
609 2720 765 2751 consortis
786 2724 936 2757 personas
960 2723 1016 2745 seu
1036 2713 1212 2753 cappellam

209 2784 330 2822 regiam
344 2782 378 2811 in
391 2779 500 2818 aliquo
516 2774 703 2816 procedatis.
722 2773 795 2802 Dat.
814 2774 847 2801 ut
862 2778 968 2809 supra.
986 2781 999 2796 n

250 2848 265 2863 ι
285 2836 324 2865 In
343 2844 369 2864 e.
386 2842 429 2862 m.
449 2830 568 2861 eisdem
581 2827 753 2869 judicibus.
773 2823 944 2861 Querelam
967 2831 1119 2861 gravem,
1139 2825 1210 2858 etc.,

210 2894 245 2920 ut
263 2896 375 2927 supra,
399 2893 498 2923 usque
518 2880 733 2912 laudabilibus
753 2877 948 2908 attollamus.
973 2875 1127 2912 Quocirca
1147 2874 1212 2904 fra-

211 2940 351 2972 ternitati
367 2942 467 2967 vestre
485 2945 537 2975 per
552 2933 723 2974 apostolica
735 2931 865 2970 scripta,
882 2930 917 2959 in
931 2929 1046 2959 virtute
1061 2927 1212 2958 obedien-

212 2995 253 3025 tie
272 2992 413 3023 districte
434 2987 651 3029 precipiendo,
679 2984 870 3015 mandamus
893 2987 1050 3022 quatenus
1070 2990 1143 3019 vos,
1161 2980 1212 3011 vel

209 3047 288 3078 alter
302 3048 440 3075 vestrum
451 3063 461 3080 ,
482 3049 534 3080 pro
552 3044 655 3069 nostra
671 3043 701 3067 et
723 3036 891 3076 apostolice
907 3034 992 3065 sedis
1010 3033 1189 3064 reverentia
1200 3056 1209 3070 ‚

1288 418 1474 458 hujusmodi
1495 418 1680 455 negotium,
1702 417 1788 455 quod
1805 417 1968 456 potissime
1982 418 2102 449 insidet
2116 421 2202 450 cordi
2224 429 2293 452 nos-

1289 477 1356 509 tro,
1378 471 1533 511 promptis
1554 471 1673 501 animis
1696 475 1912 507 assumentes,
1932 473 2098 502 memorati
2115 473 2201 511 regis
2224 483 2294 513 pre-

1289 526 1426 556 sentiam
1440 549 1446 561 ,
1464 524 1586 554 sublato
1603 532 1691 554 more
1710 523 1895 562 dispendio,
1912 524 2123 567 personaliter
2135 526 2223 557 adire
2239 536 2292 559 cu-

1289 579 1385 615 retis,
1403 586 1560 616 eumque,
1579 578 1669 616 juxta
1690 576 1798 606 datam
1820 577 1908 607 vohis
1928 586 1964 608 ex
1983 577 2045 608 alto
2071 578 2271 617 prudentiam
2284 603 2293 620 ,

1290 641 1326 662 ex
1343 636 1430 671 parte
1447 636 1554 662 nostra
1569 630 1741 669 diligenter
1757 638 1887 660 monere
1905 635 1936 660 et
1954 631 2108 662 inducere
2123 632 2292 671 studeatis,
2343 646 2349 654 ·

1290 690 1325 716 ut
1339 685 1425 724 ipse,
1443 688 1569 724 propter
1587 684 1800 714 reverentiam
1824 683 1898 720 Dei,
1919 688 1950 714 et
1971 684 2052 723 regii
2072 684 2203 716 honoris
2219 694 2294 725 aug-

1290 742 1454 774 mentum,
1475 738 1619 777 precibus
1634 742 1665 767 et
1679 737 1931 767 exortationibus
1946 745 2026 776 quas
2043 737 2104 768 sibi
2122 747 2216 777 super
2230 738 2300 778 hiis,
2311 751 2318 772 2
2332 747 2340 750 ⁷

1292 801 1328 821 ex
1353 791 1469 822 intimo
1492 791 1596 821 cordis
1618 790 1733 820 affectu
1755 790 1927 828 dirigimus
1946 790 2058 821 devote
2072 799 2108 821 ac
2130 790 2338 824 efficaciter·'

1290 845 1480 884 acquiescat,
1498 849 1531 875 ut
1546 844 1661 874 exinde
1673 843 1757 883 apud
1773 852 1882 882 regem
1899 852 2023 882 regum,
2040 844 2097 884 qui
2111 844 2150 875 de
2161 854 2217 876 sue
2229 853 2296 878 tnu-

1291 898 1455 928 nificentia
1483 898 1638 936 largitatis
1664 906 1720 936 pro
1747 897 1869 927 meritis
1897 896 2031 935 grandia
2058 903 2274 938 recompensat
2284 893 2320 940 ,ρ’

1291 956 1411 981 crescat
1425 951 1554 981 cumulo
1574 950 1777 987 meritorum,
1797 959 1914 980 nomen
1936 951 2062 989 regium
2084 950 2230 982 laudibus
2248 955 2306 987 ab,
2330 951 2333 954 ’

1294 1004 1421 1034 tollatur
1448 1005 1480 1034 in
1506 1004 1657 1043 gentibus
1671 1029 1677 1042 ,
1710 1013 1831 1043 nosque
1856 1004 2057 1035 devotionem
2083 1005 2204 1044 regiam
2233 1001 2329 1043 nolim*

1292 1057 1456 1088 immerito
1473 1058 1747 1088 commendemus.
1768 1057 1924 1088 Volumus
1940 1062 2047 1088 autem
2064 1057 2149 1097 quod
2166 1067 2308 1098 respon-,3

1293 1110 1416 1141 sionem
1429 1120 1525 1150 quam
1541 1120 1595 1142 rex
1609 1111 1674 1150 ipse
1686 1120 1781 1150 super
1793 1111 1958 1150 premissis
1968 1111 2095 1142 duxerit
2105 1110 2303 1153 faciendam,

1292 1167 1323 1194 et
1335 1165 1489 1204 quicquid
1505 1165 1602 1195 etiam
1619 1165 1755 1195 feceritis
1770 1169 1801 1194 et
1817 1165 1982 1195 senseritis
1996 1165 2032 1195 in
2047 1165 2107 1196 hac
2124 1169 2223 1204 parte,
2240 1173 2298 1198 αοε-
2315 1194 2318 1205 ,

1292 1218 1341 1248 bis
1371 1218 1464 1257 plene
1478 1241 1487 1256 ‚
1514 1219 1657 1248 seriatim
1686 1223 1716 1249 et
1744 1218 1886 1258 districte
1903 1242 1910 1256 ‚
1937 1227 1993 1258 per
2027 1222 2146 1250 vestras
2179 1218 2315 1253 litteram

1292 1271 1408 1302 harum
1424 1273 1540 1302 seriem
1559 1273 1772 1310 continentes,
1789 1272 1976 1312 quantotius
1990 1272 2157 1303 intimetis.
2174 1272 2246 1304 Dat.
2262 1281 2310 1310 u„

1293 1334 1399 1364 supra.
1420 1337 1433 1352 »

1368 1491 1388 1519 Ι
1401 1491 1421 1518 Ι
1431 1492 1484 1520 ’2⁸2
1885 1491 1976 1524 Rieti,
1997 1492 2029 1520 18
2040 1493 2137 1527 juillet
2152 1492 2230 1522 1289.

1328 1553 1372 1581 De
1387 1554 1488 1581 eodem
1504 1555 1628 1589 negotio.
1647 1554 1729 1590 (Rae.
1747 1555 1789 1589 44,
1808 1563 1832 1581 c.
1851 1555 1911 1587 362,
1928 1554 1947 1581 f.
1962 1555 2011 1582 185
2027 1556 2075 1588 r0.)

1333 1643 1498 1673 Carissimo
1512 1644 1544 1673 in
1559 1642 1679 1673 Christo
1694 1644 1759 1681 filio
1772 1643 1918 1683 Phylippo
1927 1666 1936 1681 ,
1952 1645 2018 1683 reqi
2029 1644 2162 1674 Franoie
2171 1643 2308 1687 illustri

1295 1709 1309 1724 α
1327 1697 1481 1733 Attende‚
1505 1696 1567 1734 fili,
1588 1702 1618 1727 et
1639 1697 1812 1736 diligenter
1828 1697 1973 1736 intellige
1995 1698 2090 1728 verba
2111 1698 2228 1738 patris,
2254 1701 2305 1725 :2‘

1292 1750 1369 1780 lutis
1387 1751 1474 1789 regie
1490 1751 1648 1789 profectus
1665 1751 1820 1781 exuberes
1835 1755 1865 1781 et
1882 1750 2086 1782 exaltationis
2102 1752 2266 1783 incremen
2283 1766 2297 1799 ι,

1293 1804 1400 1834 felicia
1415 1804 1597 1843 diligentis;
1615 1804 1720 1844 pulsat
1735 1813 1876 1843 namque
1891 1805 2051 1841 animum,
2067 1809 2208 1836 mentem
2221 1815 2256 1836 ex
2346 1811 2350 1816 ’

1294 1861 1355 1895 tat⁷
1383 1866 1557 1897 curamque
1582 1858 1675 1888 nobis
1698 1857 1924 1888 sollicitudinis
1945 1859 2161 1897 propensioris
2187 1850 2296 1898 indic*-

1293 1912 1418 1941 sincera
1441 1911 1556 1941 caritas
1582 1916 1612 1941 et
1637 1912 1809 1942 affectuosa
1830 1911 1977 1950 dilectio,
2006 1920 2069 1951 qua
2091 1916 2120 1943 te
2147 1909 2303 1952 tuamqu

1293 1964 1424 1994 domum
1442 1964 1598 2002 inclitam,
1615 1964 1736 1995 devotis
1753 1965 1879 1995 solitam
1894 1965 2014 1995 clarere
2030 1965 2241 2006 principibus,
2286 1974 2288 1977 ’

1293 2027 1389 2048 mana
1405 2017 1537 2048 ecclesia
1548 2042 1555 2055 ‚
1575 2017 1673 2048 veluti
1689 2019 1740 2057 pia
1754 2023 1855 2048 mater
1870 2022 1900 2048 et
1915 2018 2052 2049 sollicita
2069 2019 2208 2057 genitrix
2220 2018 2296 2050 fil·

1293 2080 1377 2108 rum,
1393 2075 1555 2110 prosecuta
1572 2075 1618 2100 est
1633 2071 1800 2108 hacteuus,
1812 2075 1842 2100 et
1855 2071 2049 2102 continuatis
2062 2072 2220 2103 benivolis
2233 2075 2262 2106 st
2296 2089 2305 2108 ⁴,

1293 2124 1355 2154 diis
1370 2125 1519 2164 prosequi
1534 2133 1598 2155 non
1615 2124 1758 2161 desistit,
1777 2129 1810 2154 ut
1828 2133 1998 2163 personam
2015 2125 2138 2163 regiam
2156 2125 2196 2156 ad
2210 2128 2307 2162 actu

1293 2178 1483 2215 laudabiles,
1505 2186 1665 2217 operaque
1690 2177 1850 2215 salubria,
1882 2188 1938 2217 per
1966 2187 2028 2218 que
2052 2178 2155 2217 gratia
2181 2187 2275 2209 sumn
2297 2200 2305 2226 7

1293 2233 1376 2271 regis
1399 2232 1593 2271 acquiritur,
1612 2232 1695 2262 fame
1717 2236 1768 2262 tue
1785 2232 1974 2271 preconium
1992 2233 2154 2272 pervenit,
2172 2236 2203 2263 et
2218 2231 2281 2266 re'

1294 2286 1436 2317 nominis
1457 2285 1584 2316 claritas
1605 2285 1802 2324 adaugetur,
1832 2285 2038 2316 exhortemur
2060 2285 2235 2316 instantius
2266 2274 2307 2319 ΗΞ
2339 2315 2343 2319 .

1292 2339 1485 2379 importunis
1499 2338 1734 2378 quodammodo
1752 2339 1922 2369 verborum
1937 2338 2076 2369 oraculis
2090 2334 2313 2373 inducamus·

1293 2396 1323 2423 te
1334 2392 1373 2422 ab
1383 2391 1448 2422 hiis
1461 2391 1638 2422 revocando
1650 2391 1784 2422 sollicite
1796 2392 1911 2431 quibus
1920 2392 2030 2423 divina
2039 2393 2189 2432 majestas
2198 2391 2258 2424 offe
2290 2404 2300 2413 ⁷·

1294 2445 1398 2482 ditur.‚
1419 2445 1528 2475 salutis
1546 2444 1688 2475 comodis
1707 2445 1851 2484 deperit,
1869 2445 2028 2485 regalibus
2047 2445 2150 2476 titulis
2165 2445 2279 2484 deroga
2291 2451 2311 2485 ‘g

1295 2502 1356 2529 tur.
1386 2497 1556 2535 Querelam
1589 2498 1749 2537 siquidem
1780 2507 1911 2536 gravem
1945 2498 2146 2529 venerabilis
2167 2487 2312 2534 ecclesi·

1294 2552 1521 2591 Lugdunensis
1538 2556 1610 2589 etc.,
1637 2555 1669 2582 ut
1687 2561 1793 2591 supra,
1818 2561 1920 2591 usque
1940 2552 2078 2592 dampna
2098 2553 2207 2591 gravia
2223 2546 2307 2583 51:⁵¹⁸

1293 2605 1442 2646 perpessi.
1461 2605 1556 2642 Saue,
1574 2605 1619 2635 fili
1633 2605 1813 2643 carissime,
1831 2605 1965 2636 sollicite
1982 2605 2187 2636 considerare
2202 2609 2231 2636 te
2254 2617 2275 2629 Ἡ
2311 2618 2317 2622 -

1294 2659 1402 2691 lumus
1418 2663 1449 2690 et
1463 2658 1626 2689 attendere
1642 2659 1815 2697 diligenter
1828 2659 1924 2698 quod,
1942 2659 1971 2689 si
1986 2659 2089 2690 dictus
2103 2656 2248 2701 Guillel·
2311 2660 2314 2663 '
2359 2685 2365 2694 ,

1293 2714 1332 2745 de
1351 2718 1403 2744 tua
1421 2713 1549 2743 licentia
1568 2713 1617 2743 vel
1635 2713 1786 2744 mandato
1804 2713 1844 2743 ad
1863 2713 1971 2752 aliqua
1986 2712 2202 2753 predictorum
2217 2711 2300 2743 for·
2315 2742 2318 2746 ,
2360 2751 2364 2754 -

1293 2767 1456 2807 processit,
1473 2770 1599 2806 propter
1615 2776 1676 2805 que
1690 2766 1883 2797 sententiam
1896 2764 2233 2797 excommunicationis
2246 2763 2293 2795 in‘
2364 2758 2381 2800 ’ζ

1294 2820 1409 2857 currit,
1427 2819 1477 2849 vel
1488 2819 1527 2849 ad
1543 2819 1672 2857 similia,
1689 2820 1773 2860 quod
1785 2820 1880 2850 absit!
1897 2819 2081 2859 procederet
2091 2819 2126 2850 in
2136 2819 2310 2856 futurum,-

1293 2873 1428 2904 eandem
1446 2873 1638 2904 sententiam
1654 2873 1692 2903 de
1709 2873 1794 2904 facili
1809 2874 1963 2912 potuisses
1978 2873 2161 2910 incurrere,
2177 2870 2226 2902 vel
2240 2875 2274 2901 θ’
2295 2871 2313 2890 ·“
2363 2909 2370 2919 ,

1293 2926 1367 2957 dem
1389 2926 1423 2956 iu
1448 2929 1608 2965 posterum
1633 2935 1738 2966 posses
1761 2927 1898 2962 involvi,
1920 2935 1994 2957 cum
2021 2925 2186 2965 privilegia
2211 2921 2286 2954 sed'-
2315 2937 2318 2947 ι

1292 2979 1473 3019 apostolice,
1491 2979 1746 3019 quibuscumque
1761 2988 1910 3010 concessa
1927 2983 1960 3010 ut
1974 2979 2013 3009 ab
2028 2977 2160 3009 homine
2172 2975 2310 3019 excom&
2333 3012 2342 3023 =

1292 3034 1453 3066 municari
1472 3043 1534 3065 non
1553 3034 1692 3071 valeant,
1710 3035 1749 3065 ad
1769 3035 1961 3065 sententiam
1978 3041 2137 3065 canonum
2155 3022 2318 3062 nullate—¹
2351 3060 2353 3066 ,
