2342 3652
950 364 1182 404 TnoisinMn
1205 365 1362 404 ANNnn.
2141 376 2198 406 595

146 456 160 471 ι
177 444 258 474 Cum
272 451 289 472 a
306 443 436 473 nobis...
453 460 493 465 —
508 444 579 473 Dat.
596 443 680 482 apud
696 443 971 477 Urbemveterem,
988 450 1037 470 1111
1054 440 1109 470 ka-

102 496 216 528 lendas
231 496 395 531 februarii,
413 505 498 526 anno
517 497 618 526 tertio.
640 509 651 521 n

177 628 434 657 4024-4025

143 691 295 718 Guillelmo
310 690 345 716 de
361 689 458 715 Monte
473 689 601 716 Cathano
622 690 761 720 beneficia
775 691 804 716 in
826 689 976 716 Valentina
992 688 1115 714 ecclesia

107 740 228 768 confert.
245 739 328 772 (Rea.
345 739 395 769 45,
412 747 438 764 e.
455 738 517 769 665,
534 739 554 765 f.
574 739 623 765 134
640 738 691 773 vo.)

645 627 772 661 Orvieto,
790 628 821 654 15
834 627 946 662 janvier
962 626 1040 653 1291.

150 828 310 858 Guillelmo
324 827 358 856 de
372 827 465 856 Monte
482 827 629 864 (lachana,
644 828 812 864 precentor-t
828 832 854 855 et
870 828 1014 856 canonico
1032 826 1116 855 eccle-

107 883 152 911 sie
173 882 338 915 Valentino,
358 879 625 919 praecentoriam,
643 879 884 914 canonicatum,
903 878 1115 917 praebendam

110 946 126 962 «
145 943 182 964 ac
201 934 343 963 officium
363 932 449 971 quod
474 932 674 971 prepositura
701 941 756 962 seu
779 937 922 962 mensata
943 931 1118 968 vulgariter

108 991 312 1025 nuncupatur
326 991 356 1016 et
373 985 512 1016 conferri
525 985 690 1014 dumtaxat
706 985 792 1014 illius
809 985 939 1014 ecclesie
953 984 1116 1014 canonicis

109 1041 203 1071 etiam
225 1040 396 1078 dignitates
420 1039 471 1069 vel
494 1043 682 1077 personatus
703 1039 810 1077 ibique
834 1038 1024 1068 habentibus
1043 1037 1117 1067 soli-

109 1098 182 1125 turn'
195 1107 222 1131 ι),
239 1094 274 1124 in
291 1093 424 1124 ecclesia
438 1092 611 1123 Valentina
630 1101 685 1131 per
702 1093 753 1126 R.‚
774 1093 911 1131 episcopi
931 1091 1114 1127 Valentini⁷

108 1147 342 1186 promotionem
358 1146 515 1181 vacantia,
528 1145 668 1181 confert;
687 1154 761 1174 eum
777 1155 832 1183 per
847 1145 1005 1174 annulum
1021 1153 1116 1174 suum

108 1199 362 1239 praesentialiter
375 1199 414 1229 de
430 1199 474 1228 eis
493 1199 633 1234 investit,
650 1198 874 1237 dispensatque
889 1208 962 1227 cum
979 1207 1015 1228 eo
1031 1202 1065 1227 ut
1081 1206 1117 1227 ea

108 1263 183 1284 cum
210 1253 490 1290 archidiaconatu,
518 1252 726 1287 canonicatu,
752 1252 929 1290 praebenda
958 1255 988 1280 et
1013 1250 1116 1280 officio

109 1307 328 1346 praepositura
338 1315 393 1336 seu
405 1310 549 1335 mensata
560 1304 736 1342 vulgariter
747 1308 928 1342 nuncupato
937 1304 970 1333 in
984 1303 1116 1334 ecclesia

109 1360 267 1390 Ilerdensi
288 1364 319 1389 et
339 1359 530 1398 quibusdam
549 1357 759 1396 pensionibus
781 1357 916 1392 annuis,
937 1366 1016 1395 quas
1038 1357 1077 1386 ab
1095 1380 1114 1388 ..

110 1413 285 1449 Ilerdensi‚
309 1435 329 1442 ..
347 1412 645 1449 Caesaraugustano
661 1419 696 1440 ac
720 1433 738 1439 ..
758 1411 944 1440 Dei-tusensi
963 1410 1117 1448 episcopis

109 1466 241 1501 obtinet,
259 1465 398 1496 retinere
414 1464 525 1494 valeat.

152 1532 166 1547 α
187 1520 362 1549 Personam
379 1523 466 1548 tuam
486 1518 562 1547 de...
586 1534 625 1538 —
646 1517 717 1546 Dat.
741 1516 823 1555 apud
843 1517 1115 1551 Urbemveterem,

110 1582 187 1603 xvm
205 1572 360 1602 kalendas
377 1571 543 1606 februarii,
560 1578 647 1600 anno
665 1569 765 1599 tertio.
784 1581 797 1595 »

151 1626 188 1655 In
207 1635 234 1655 e.
257 1635 300 1656 m.
323 1648 343 1655 ..
362 1625 467 1655 abbati
484 1623 668 1654 monasterii
685 1623 899 1660 Figiacensis,
917 1623 1118 1652 Caturcensis

113 1679 281 1716 dioecesis,
298 1677 494 1717 Raymundo
509 1677 547 1707 de
564 1676 753 1714 Anguhria,
771 1676 980 1714 praecentori,
997 1680 1027 1705 et
1043 1676 1120 1705 Ber-

111 1733 211 1763 nardo
226 1732 266 1762 de
283 1732 407 1771 Rippis,
424 1731 574 1761 sacristae
590 1730 740 1760 ecclesiae
756 1729 1013 1764 Terraconensts,
1031 1738 1120 1759 man-

111 1786 166 1816 dat
190 1789 225 1815 ut
250 1785 447 1824 praedictum
474 1783 690 1814 Guillelmum
714 1786 768 1812 aut
790 1783 858 1821 ejus
883 1786 1118 1821 procuratorem

112 1840 148 1868 in
168 1837 363 1877 corporalem
383 1837 617 1876 possessionem
637 1836 866 1866 beneficiorum
888 1835 1119 1874 praedictorum

112 1892 278 1922 inducant.

93 1937 97 1940 ”
155 1957 169 1972 α
192 1945 366 1975 Personam
388 1943 497 1974 fineen
517 1943 612 1972 fini...
634 1960 672 1964 -
691 1943 761 1972 Dat.
782 1946 935 1980 utsupra.
958 1954 969 1968 „

182 2079 300 2107 4026

148 2139 333 2175 Dispensatio
349 2139 530 2166 matrimonii.
549 2138 631 2173 (Rea.
649 2139 692 2169 45,
709 2146 734 2164 c.
752 2138 814 2169 666,
831 2138 851 2163 s.
872 2138 919 2164 135
936 2139 982 2168 νῦ.)

646 2075 778 2109 Orvieto,
795 2075 828 2102 23
841 2075 954 2109 janvier
972 2075 1047 2102 1291.

158 2230 325 2259 Venerabili
340 2229 436 2265 fratri
453 2251 473 2259 ..
488 2228 665 2265 patriarche
678 2227 922 2256 Jerosohmstano
935 2225 1122 2261 committit,>

111 2283 152 2313 ad
166 2291 272 2322 preces
288 2282 344 2319 H.‚
361 2281 445 2319 regis
463 2280 581 2320 Cypri,
598 2285 634 2310 ut
648 2289 721 2310 cum
741 2275 901 2316 Aniarico,
918 2279 1048 2308 domino
1065 2278 1120 2307 Ti—

112 2336 201 2366 rensi
215 2341 247 2366 et
261 2334 478 2366 comestabulo
500 2334 593 2372 regni
609 2333 722 2372 Cypri,
745 2333 842 2362 fratre
857 2332 999 2370 ejusdem
1020 2332 1118 2369 regis,

113 2395 143 2421 et
168 2390 294 2426 Esciva,
319 2388 451 2419 domina
476 2387 648 2422 Beritensi,
677 2386 839 2425 dispenset
865 2390 913 2422 ut,
937 2394 1120 2424 quanquam

114 2442 208 2473 tertia
226 2440 517 2479 consanguinitatis
534 2440 618 2470 linea
633 2439 797 2478 conjuncti
812 2443 898 2474 sunt,
916 2442 945 2467 et
960 2437 1122 2476 quondam

113 2496 275 2527 Aufredus
288 2495 327 2525 de
339 2495 535 2530 Monteforti,
550 2494 628 2524 olim
642 2493 774 2523 Escivae
784 2492 963 2531 praedictae
975 2491 1120 2527 maritus,

114 2549 205 2579 tertio
216 2553 367 2588 etquarto
376 2546 664 2585 consanguinitatis
674 2546 773 2584 gradu
786 2545 923 2575 eundem
936 2544 1121 2573 Amaricum

115 2602 328 2640 contingebat,
348 2600 593 2631 matrimonium
611 2599 800 2630 contrahere
817 2599 946 2637 possint.

157 2668 172 2683 «
194 2655 343 2695 Exposita
361 2654 452 2684 nobis
473 2653 669 2683 carissimi...
691 2669 730 2674 -
750 2652 822 2682 Dat.
844 2651 927 2689 apud
948 2651 1123 2681 Urbemve-

117 2713 228 2746 terem,
249 2718 267 2738 x
283 2707 436 2738 kalendas
452 2707 616 2743 februarii,
633 2714 719 2736 anno
735 2705 838 2735 tertio.
858 2716 872 2731 »

186 2848 305 2878 4⁰2³?

151 2911 187 2938 B.
202 2909 367 2937 Nicosiensi
383 2909 523 2936 ecclesiae
538 2908 776 2943 archiepiscopus
791 2907 963 2942 praeficitur.
981 2905 1064 2938 (Rae.
1080 2906 1123 2939 45,

116 2968 141 2987 c.
159 2960 227 2993 667,
243 2960 263 2986 f.
282 2959 331 2986 135
348 2960 399 2992 vo.)

653 2845 780 2875 Orvieto.
797 2845 831 2872 23
846 2845 957 2880 janvier
974 2844 1050 2871 1291.

164 3049 332 3078 Venerabili
360 3047 455 3083 fratri
483 3069 503 3076 ..
531 3046 753 3084 archiepiscopo
779 3044 954 3074 Nicosiensi.
983 3043 1124 3072 Vacante

1194 439 1375 470 Nicosiensi
1398 441 1533 485 ecclesia
1560 451 1616 480 per
1640 446 1774 471 mortem
1801 442 1932 478 Uberti‚
1957 442 2131 480 capitulum
2160 443 2198 473 B.

1194 492 1290 531 elegit
1307 493 1561 533 electionemque
1576 494 1665 523 illam
1682 495 1884 525 confirmavit
1898 495 2059 525 Henricus
2077 496 2115 525 de
2133 495 2199 524 Bli-

1194 546 1257 582 bio,
1287 546 1531 576 archidiaconus
1560 547 1777 582 Nicosiensis,
1806 547 1861 584 qui
1897 551 1972 576 tunc
2002 547 2201 577 Nicosiensis

1196 598 1314 628 electus
1330 599 1516 637 putabatur;
1535 608 1607 629 cum
1621 603 1727 629 autem
1742 604 1847 637 postea
1859 600 2018 629 Heni-icus
2030 600 2120 629 omni
2133 600 2200 637 juri

1197 652 1258 681 sibi
1275 661 1310 681 ex
1328 653 1480 682 electione
1495 661 1550 682 sua
1567 654 1757 691 competenti
1774 653 2017 689 renuntiaverit,
2035 652 2202 682 electionis

1198 708 1303 734 tamen
1327 706 1362 735 B.
1384 706 1660 736 confirmationem
1682 715 1761 744 papa
1778 706 1904 735 firmam
1925 710 1954 735 et
1972 711 2072 735 ratam
2094 706 2200 736 habet.

1239 770 1253 785 «
1273 758 1404 789 Sincere
1420 759 1598 789 devotionis
1616 759 1784 788 affectus...
1801 775 1840 781 -
1857 759 1926 788 Dat.
1945 764 1979 789 ut
1994 768 2099 798 supra.
2121 771 2134 786 n

1268 924 1386 952 4028

1233 986 1340 1012 Abbati
1357 985 1521 1011 monasterii
1537 984 1633 1011 Sancti
1652 985 1731 1010 Pauli
1748 985 1782 1010 de
1799 985 1885 1016 Urbe,
1903 985 1953 1019 qui
1970 994 2015 1012 res
2031 990 2128 1019 gestas
2144 986 2205 1012 offi-

1199 1035 1312 1061 cialium
1329 1035 1356 1060 in
1373 1034 1443 1059 locis
1459 1034 1621 1059 monasterii
1634 1034 1830 1059 institutorum
1844 1038 1920 1059 certe
1936 1042 2121 1068 cognoscere,
2135 1034 2205 1060 defi-

1731 923 1862 954 OrvietO,
1880 924 1912 950 23
1926 924 2038 958 janvier
2056 924 2131 951 1201.

1200 1083 1342 1110 cientibus
1367 1083 1500 1112 testibus,
1528 1091 1584 1108 non
1611 1086 1715 1116 potest,
1742 1083 1905 1108 facultatem
1928 1083 2059 1109 concedit
2083 1083 2205 1117 cogendi

1200 1136 1288 1158 testes
1304 1140 1355 1166 per
1371 1139 1523 1157 censuram
1540 1131 1780 1164 ecclesiasticum,
1799 1131 1823 1157 si
1840 1131 1966 1157 locorum
1984 1131 2146 1157 dioecesani
2162 1132 2204 1157 vel

1199 1181 1246 1206 alii
1262 1180 1396 1206 ordinarii
1415 1180 1478 1206 illos
1498 1180 1668 1213 compellere
1689 1179 1904 1213 denegaverint.
1922 1179 2003 1211 (Hm.
2027 1179 2074 1211 45,
2092 1188 2116 1206 c.
2135 1180 2185 1206 668
2198 1201 2204 1213 ,

1199 1230 1218 1255 f.
1238 1229 1286 1256 135
1302 1236 1348 1259 v0;
1366 1228 1483 1261 porra,
1499 1227 1608 1260 23530.)

1243 1354 1262 1360 ..
1282 1332 1381 1360 abbati
1397 1332 1576 1360 monasterii
1591 1330 1697 1359 Sancti
1713 1331 1803 1359 Pauli
1819 1331 1852 1359 de
1871 1331 1954 1359 L‘rbe.

1243 1397 1256 1411 α
1279 1384 1435 1422 Dampnis
1454 1383 1639 1417 monasterii
1665 1384 1746 1412 tui...
1770 1401 1809 1404 —
1831 1384 1901 1413 Dat.
1926 1383 2009 1422 apud
2029 1383 2207 1413 Urbemve-

1201 1443 1311 1472 terem,
1329 1447 1347 1466 x
1361 1437 1514 1467 kalendas
1530 1437 1694 1474 februarii,
1714 1445 1799 1466 anno
1816 1437 1917 1466 tertio.
1937 1448 1951 1462 ν»

1272 1597 1389 1625 4029

1239 1659 1281 1685 De
1302 1659 1406 1685 debitis
1429 1659 1595 1685 monasterii
1617 1657 1713 1684 Sancti
1735 1657 1861 1691 Sequani
1882 1657 2090 1684 mercatoribus
2116 1657 2210 1684 Pisto-

1202 1709 1347 1736 riensibus
1364 1708 1520 1735 solvendis.
1537 1707 1620 1741 (aaa.
1638 1707 1681 1738 45,
1698 1715 1724 1733 c.
1743 1706 1804 1739 669,
1820 1706 1839 1733 f.
1858 1707 1907 1733 135
1922 1708 1974 1738 νο.)

1751 1595 1884 1626 Orvieto,
1901 1595 1916 1622 S
1931 1596 2042 1629 janvier
2060 1595 2136 1622 1291.

1243 1812 1363 1840 Dilectis
1377 1811 1453 1848 liliis
1474 1833 1494 1840 ..
1513 1810 1616 1839 Sancti
1637 1810 1765 1838 Martini
1783 1809 1934 1837 Eclaensis
1954 1813 1980 1837 el
2003 1830 2022 1837 ..
2047 1809 2081 1837 (le
2101 1808 2210 1837 Sancto

1203 1865 1348 1901 Riqaadoy
1368 1865 1594 1893 illatisconensis
1610 1863 1745 1896 diocesis,
1763 1863 2021 1890 monasteriorum
2038 1862 2208 1895 abbatibus,

1201 1918 1266 1957 jam
1285 1917 1492 1946 mandaverat
1515 1920 1547 1945 ut
1566 1917 1732 1945 universos
1749 1915 1892 1945 redditus
1909 1919 1939 1944 et
1952 1918 2126 1953 proventus
2141 1923 2211 1944 mo-

1204 1970 1337 2001 nasterii
1353 1970 1391 1999 de
1405 1970 1520 1999 Sancto
1534 1969 1694 2007 Sequano,
1711 1967 1834 1997 ordinis
1852 1967 1883 1997 S.
1903 1967 2079 2001 Benedicti,
2096 1967 2212 2004 Lingo-

1204 2025 1314 2054 nensis
1344 2023 1510 2059 dioecesis,
1544 2027 1573 2051 et
1605 2022 1803 2061 prioratuum
1834 2020 2117 2058 membrorumque
2144 2020 2213 2058 ejus

1204 2078 1389 2115 colligerent
1404 2081 1445 2112 et,
1464 2076 1551 2106 tenui
1567 2075 1605 2104 de
1623 2075 1688 2104 illis
1703 2074 1809 2103 abbati
1826 2079 1856 2103 et
1871 2073 2042 2103 conventui
2061 2072 2210 2111 priorati-

1203 2132 1326 2170 busque
1353 2130 1541 2169 supradictis
1566 2129 1711 2167 portione
1735 2132 1876 2162 servata,
1900 2127 2065 2156 residuum
2091 2126 2211 2155 Lantae

1203 2183 1391 2222 Agolantis,
1422 2182 1570 2212 Bandino
1601 2180 1798 2215 Amannati,
1827 2179 1924 2208 Nesio
1956 2178 2209 2214 Bartholomaei,

1203 2237 1321 2266 Jacobo
1358 2235 1525 2273 Agolantis
1562 2239 1592 2263 et
1622 2233 1693 2262 aliis
1722 2241 1832 2262 eorum
1865 2231 1958 2261 sociis
1990 2231 2029 2260 de
2060 2230 2211 2260 societate

1204 2291 1462 2319 Amannatorum
1479 2288 1518 2317 de
1534 2287 1686 2323 Pistorio,
1707 2285 1829 2315 civibus
1846 2289 1876 2314 et
1892 2284 2122 2313 mercatoribus
2138 2283 2211 2312 Pis-

1207 2343 1412 2379 toriensibus,
1431 2341 1648 2378 assignarent,
1665 2347 1722 2377 pro
1742 2338 1959 2368 satisfactione
1980 2338 2118 2367 duorum
2137 2335 2209 2365 mil—

1205 2396 1285 2426 lium
1301 2395 1459 2425 librarum
1479 2393 1702 2423 turonensium
1721 2392 1760 2421 ab
1778 2391 1855 2429 ipsis
1874 2390 2043 2430 praedictis
2059 2389 2163 2419 abbati
2179 2393 2209 2418 et

1205 2448 1375 2479 conventui
1390 2448 1632 2486 praestitaru1n3
1651 2445 1706 2474 sed
1722 2444 1909 2482 hujusmodi
1923 2443 2072 2473 mandato
2086 2446 2207 2480 aposto-

1204 2502 1265 2532 lico
1281 2506 1471 2540 contempto,
1486 2500 1531 2529 eis
1546 2500 1664 2528 iterum
1680 2497 1811 2526 mandat
1825 2501 1859 2526 ut
1870 2497 2048 2526 secundum
2065 2499 2207 2524 tenorem

1204 2555 1384 2584 litterarum
1401 2563 1495 2592 super
1514 2552 1573 2581 hoc
1588 2551 1628 2581 ad
1643 2552 1727 2590 ipsos
1747 2550 1917 2579 missarum
1936 2549 2117 2587 procedant.

1247 2620 1260 2635 α
1284 2607 1514 2645 Significarunt
1534 2605 1626 2634 nobis
1646 2603 1792 2634 dilecti...
1809 2619 1855 2629 ,-
1876 2603 1948 2632 Dat.
1968 2601 2052 2640 apud
2072 2601 2212 2631 Urbem-

1207 2666 1357 2698 veterem,
1374 2670 1405 2690 vi
1422 2659 1493 2689 idus
1508 2658 1663 2698 januarii,
1680 2665 1766 2687 anno
1782 2656 1886 2686 tertio.
1907 2668 1920 2682 n

1277 2820 1400 2849 4030

1244 2882 1428 2918 Dispensatio
1445 2879 1625 2907 matrimonii.
1645 2878 1728 2913 (Rae.
1744 2878 1786 2908 45,
1803 2885 1828 2903 c.
1846 2876 1906 2908 670,
1924 2876 1943 2902 f.
1962 2874 2012 2902 136
2027 2875 2076 2908 ro.)

1746 2815 1872 2845 Orvieto‚
1891 2814 1922 2841 18
1935 2813 2046 2848 Janvier
2063 2812 2141 2840 1‘291.

1255 2984 1422 3014 Venerabili
1438 2983 1533 3020 fratri
1552 3004 1573 3011 ..
1593 2981 1813 3018 archiepiscopo
1836 2978 2009 3008 Canticensi
2027 2978 2213 3015 potestatem

1209 3038 1379 3069 committit
1393 3035 1599 3076 dispensandi
1615 3043 1687 3065 cum
1706 3032 1806 3063 nobili
1822 3032 1890 3062 viro
1911 3030 2043 3060 Andrea
2058 3027 2211 3059 Cavallati
