2342 3652
931 368 1158 409 nnuxiniffl
1179 368 1335 409 ANNnn.
2118 384 2173 415 175

95 445 232 488 periculo
248 445 430 483 frequenter
445 448 619 483 exponunt,
642 444 807 483 providere
831 444 1017 483 hujusmodi
1037 453 1091 474 ex-

98 497 338 531 communicatis
366 497 405 527 de
428 496 636 527 absolutionis
662 497 818 527 beneficio
842 497 1092 527 misericorditer

97 561 297 584 curaremus·
326 551 392 581 Nos
424 551 543 589 itaque,
573 551 612 580 de
648 550 933 589 circumspectione
955 555 1008 580 tua
1022 549 1091 588 ple-

98 614 171 636 nam
194 605 228 634 in
253 603 391 633 Domino
421 603 566 633 fidutiam
591 603 790 638 obtinentes,
816 602 1003 633 absolvendi
1032 602 1092 633 hac

96 660 162 690 vice
174 657 330 697 predictos
352 655 644 686 excommunicatos
669 655 709 685 ab
736 655 846 685 eadem
871 655 1091 685 excommuni-

97 711 225 744 cationis
238 710 394 740 sententia
406 711 496 748 juxta
507 709 641 738 formam
653 707 796 745 ecclesie,
814 712 938 746 recepta
950 709 1038 747 prius
1053 708 1092 738 ab

96 766 142 797 eis
153 763 322 795 sufficienti
339 763 485 793 cautione
500 762 584 801 quod
606 761 754 801 predictis
770 761 942 791 heredibus
959 770 1023 791 nou
1044 761 1091 791 fa-

95 818 223 855 vebunt,
241 821 271 847 et
289 816 327 846 de
340 815 489 854 dampnis
504 814 603 844 illatis
619 814 815 844 satisfacient
827 815 918 854 juxta
933 823 1034 853 posse,
1051 813 1092 843 li-

94 872 200 903 beram
213 870 270 900 tibi
282 869 486 900 concedimus
496 868 678 898 auctoritate
687 867 885 906 presentium
896 867 1090 897 facultatem.

95 925 164 956 Dat.
187 923 299 960 Rome,
317 922 400 961 apud
433 921 583 952 Sanctam
602 921 739 950 Mariam
762 921 935 960 MaJ'orem,
952 930 971 950 v
983 920 1092 950 kalen·

100 976 283 1016 dasaprffis,
301 984 386 1005 anno
405 974 553 1005 secundo.

442 1079 800 1114 Sainte-Marie-MaJ‘eure,
823 1080 838 1106 5
855 1079 924 1106 avril
940 1079 1018 1106 1289.

132 1158 146 1175 «
162 1147 201 1177 In
212 1155 240 1176 e.
252 1154 296 1175 m.
310 1145 412 1175 eidem
425 1145 571 1183 episcopo
581 1153 682 1182 usque
695 1143 766 1173 Dat.
779 1143 890 1178 Rome,
900 1143 983 1181 apud
997 1142 1094 1173 Sanc-

95 1206 155 1232 tam
168 1199 303 1230 Mariam
320 1199 486 1237 Majorem,
502 1199 596 1228 nonis
611 1197 734 1236 aprilis,
754 1205 839 1227 anno
860 1196 1009 1227 secundo.
1031 1208 1044 1223 n

178 1378 263 1408 ¹289

125 1441 255 1468 Facultas
271 1439 438 1467 conferendi
453 1440 642 1475 praebendas.
663 1439 745 1472 (Rae.
762 1439 795 1466 44
809 1461 814 1471 ,
831 1447 856 1466 c.
874 1439 925 1473 95,
942 1439 961 1466 f.
982 1439 1029 1466 132
1046 1439 1093 1473 1⁸⁰.)

426 1376 787 1412 Sainte-Marie-Majeure,
806 1377 844 1403 ¹⁹¹·
857 1376 926 1404 avril
942 1376 1018 1403 1289.

136 1543 299 1573 Venerabili
308 1543 404 1579 fratri
415 1542 557 1579 Gerardo,
567 1542 785 1579 archiepiscopo
796 1531 987 1579 Jlayanzino,
996 1540 1093 1571 facul-

93 1599 186 1627 tatem
201 1594 346 1625 concedit
360 1594 499 1624 faciendi
514 1594 614 1633 recipi
630 1594 666 1624 in
682 1594 818 1632 singulis
835 1593 977 1624 ecclesiis
994 1593 1092 1624 colle-

93 1649 183 1688 giatis
202 1647 338 1679 civitatis
359 1651 390 1677 et
411 1647 566 1677 dioecesis
582 1647 792 1686 Maguntinae
809 1656 906 1677 unam
924 1655 1094 1686 personam

93 1703 125 1732 in
142 1701 330 1732 canonicum
346 1705 376 1730 et
390 1700 521 1730 fratrem
536 1704 566 1730 et
582 1700 768 1739 providendi
784 1701 812 1730 ei
826 1700 864 1730 de
877 1700 1069 1739 praebenda.

133 1767 146 1782 α
159 1754 309 1785 Volentes
324 1757 412 1784 tuam
427 1754 623 1785 honorare...
637 1770 675 1777 —
690 1754 761 1784 Dat.
776 1754 888 1791 Rome,
902 1754 984 1794 apud
999 1754 1094 1785 Sanc-

99 1813 159 1839 tam
170 1809 304 1839 Mariam
322 1808 493 1847 Majorem‚
509 1807 656 1838 kalendis
668 1807 796 1847 aprilis,
811 1816 896 1838 anuo
911 1809 1060 1839 secundo.
1077 1821 1091 1837 ³>

162 1987 248 2016 ¹291)

128 2049 285 2078 Dissolutio
310 2051 426 2077 unionis
450 2051 524 2078 inter
548 2052 692 2086 prioratus
722 2051 809 2078 castri
843 2052 877 2078 de
903 2052 1041 2080 Montiliis
1066 2056 1095 2080 et

94 2098 188 2127 Sancti
209 2099 288 2127 Petri
311 2100 345 2126 de
370 2099 501 2127 paternis
523 2101 591 2127 olim
617 2104 789 2128 contractae.
816 2100 896 2134 (Rsc.
921 2102 972 2136 44,
993 2110 1019 2129 c.
1042 2102 1092 2135 96,

95 2148 114 2176 f.
131 2149 180 2176 132
191 2156 241 2184 νη
257 2149 325 2176 Lm.
342 2158 377 2176 nn
392 2149 490 2183 Tuam,
506 2149 543 2181 Π,
562 2149 616 2184 53.)

444 1987 805 2023 Sainte-Marie-Majeure,
820 1989 834 2016 3
849 1997 927 2016 mars
943 1989 1019 2017 1289.

132 2252 239 2282 Dilecto
253 2252 318 2290 filio
334 2274 353 2282 ..
364 2253 517 2290 preposito
529 2253 645 2283 ecclesie
663 2252 816 2282 Uticensis.
833 2265 844 2279 ιι
864 2252 1095 2291 Significarunt

96 2303 184 2334 nobis
197 2303 306 2334 dilecti
323 2303 383 2334 filii
399 2327 420 2335 ..
439 2304 535 2334 abbas
555 2309 585 2334 et
599 2309 775 2334 conventus
791 2306 975 2336 monasterii
1000 2307 1092 2337 Mon-

98 2356 276 2397 tismajoris,
296 2358 335 2388 ad
349 2366 516 2388 romanam
531 2358 698 2389 ecclesiam
712 2358 801 2389 nullo
818 2360 922 2390 medio
934 2360 1094 2399 pertinen-

96 2409 136 2440 tis
147 2433 156 2448 ‚
168 2410 292 2441 ordinis
308 2411 340 2441 S.
355 2411 529 2447 Benedicti,
547 2411 745 2442 Arelatensis
760 2412 1009 2452 diocesis,quod,
1020 2422 1094 2443 cum

96 2462 170 2494 olim
194 2465 288 2494 castri
308 2464 346 2494 de
364 2464 521 2495 Montiliis
541 2469 571 2495 et
591 2464 624 2495 S.
642 2465 729 2495 Petri
745 2465 785 2495 de
802 2466 950 2496 Paternis
970 2467 1093 2505 priora-

95 2519 163 2555 tus,
184 2519 375 2548 monasterio
398 2518 536 2557 predicto
560 2518 747 2549 immediate
772 2520 924 2559 subjecti,
953 2520 1092 2559 Carpen-

98 2571 262 2601 toratensis
293 2571 442 2608 diocesiS,
483 2571 561 2602 adeo
583 2580 601 2601 a
625 2572 816 2610 quibusdam
840 2573 1004 2603 nobilibus
1030 2574 1094 2603 cir—

97 2623 287 2654 cumvicinis
322 2625 578 2663 opprimerentur
605 2626 736 2664 injuriis
767 2630 797 2656 et
820 2627 1094 2665 persecutionibus

98 2682 294 2715 vexarentur,
313 2678 397 2716 quod
409 2682 521 2708 neuter
531 2679 728 2718 prioratuum
743 2679 884 2718 ipsorum
899 2681 984 2720 prior
999 2681 1093 2710 mali-

97 2730 265 2767 gnantium
300 2731 486 2770 hujusmodi
514 2732 679 2762 conatibus
706 2733 851 2763 resistere
880 2738 1006 2772 posset,
1040 2743 1096 2773 per

97 2783 252 2822 quendam
293 2784 439 2814 abbatem
475 2789 505 2814 et
545 2784 666 2815 dictum
707 2790 899 2816 conventum
935 2787 1094 2825 prioratus

97 2834 168 2874 ipsi,
193 2845 229 2866 ea
254 2837 378 2867 ratione
402 2837 566 2876 potissima
581 2838 665 2867 uniti
695 2838 837 2876 fuerunt,
861 2844 894 2869 ut
910 2840 1095 2870 eorumdem

99 2888 292 2926 prioratuum
310 2890 411 2928 prior,
435 2890 492 2929 qui
515 2894 596 2920 esset
617 2899 674 2929 pro
696 2896 835 2931 tempore
848 2915 856 2930 ,
876 2898 980 2931 posset
998 2893 1095 2923 resis-

99 2944 160 2971 tere
174 2943 337 2973 conatibus
351 2942 601 2980 malignantium
617 2945 822 2981 eorumdem;
843 2954 878 2975 ac
894 2946 1096 2984 postmodum

99 2994 285 3024 venerabilis
308 2995 405 3025 frater
421 3000 528 3025 noster
554 3019 573 3027 ..
597 2996 760 3035 episcopus
778 2996 1094 3037 Carpentoratensis‚

58 3069 62 3072 .
99 3043 157 3075 loci
181 3046 388 3083 diocesanus‚
420 3048 551 3087 capituli
570 3048 865 3088 Carpentoratensis
889 3052 927 3082 ad
955 3052 988 3082 id
1008 3061 1095 3083 acce-

1174 444 1269 473 dente
1280 453 1451 483 consensu,
1470 448 1624 478 unionem
1640 447 1825 487 hujusmodi
1841 448 1879 478 de
1896 448 2085 487 prioratibus
2097 450 2174 488 ipsis

1173 497 1288 527 factam
1314 500 1500 529 auctoritate
1527 501 1690 531 ordinaria
1714 501 1926 531 confirmavit.
1957 502 2061 537 Quare
2078 503 2174 533 abbas

1175 554 1204 579 et
1229 554 1402 581 conventus
1420 553 1532 591 prefati
1555 554 1646 583 nobis
1675 553 1842 583 humiliter
1870 554 2089 593 supplicarunt
2120 559 2173 592 ut,

1175 610 1248 632 cum
1279 612 1335 641 per
1366 605 1425 634 Dei
1454 606 1587 643 gratiam
1617 607 1820 637 vexationum
1851 611 1880 636 et
1914 606 2175 637 molestationum

1174 655 1361 694 hujusmodi
1386 666 1480 687 causa
1502 663 1611 695 cesset,
1637 664 1666 689 et
1681 660 1816 698 quilibet
1831 660 2028 698 prioratuum
2047 668 2174 690 eorum-

1175 708 1247 738 dem
1269 709 1346 739 adeo
1376 715 1524 740 noscatur
1552 712 1585 741 iu
1618 712 1842 750 temporalibus
1874 712 2061 743 habundare
2090 713 2176 752 quod

1175 769 1285 791 eorum
1299 762 1433 801 quilibet
1448 764 1543 801 exigit
1558 765 1677 803 proprii
1689 765 1802 803 prioris
1815 766 1974 803 regimine
1986 765 2171 803 gubernari,

1175 815 1371 845 dissolvendi
1404 818 1557 846 unionem
1594 818 1784 856 predictam,
1818 818 1979 857 dictosque
2018 819 2176 857 prioratus

1175 868 1214 897 ad
1240 873 1356 898 statum
1387 870 1421 898 in
1450 878 1512 908 quo
1543 874 1632 900 erant
1661 875 1800 909 tempore
1831 872 2014 910 hujusmodi
2043 872 2175 902 unionis

1176 921 1365 959 reducendi,
1393 922 1438 952 eis
1467 922 1628 952 licentiam
1659 923 1831 954 concedere
1861 924 2079 962 dignaremur.
2111 925 2176 955 Nos

1175 975 1301 1013 itaque,
1330 975 1368 1004 de
1400 975 1588 1005 discretione
1626 981 1678 1006 tua
1711 976 1838 1015 plenam
1870 977 1902 1006 in
1933 978 1999 1007 Deo
2030 977 2176 1007 fidutiam

1175 1028 1373 1065 obtinentes,
1391 1028 1576 1058 discretioni
1594 1033 1645 1059 tue
1660 1038 1715 1067 per
1731 1029 1900 1068 apostolica
1917 1030 2032 1068 scripta
2048 1030 2176 1060 manda-

1175 1090 1247 1110 mus
1265 1085 1438 1120 quatenus,
1460 1082 1487 1111 si
1506 1086 1553 1111 est
1569 1083 1629 1119 ita,
1653 1087 1682 1112 et
1698 1083 1774 1112 unio
1797 1082 1936 1121 predicta
1954 1091 2018 1112 non
2043 1082 2179 1113 extiterit

1176 1143 1230 1173 per
1249 1134 1356 1164 sedem
1368 1135 1572 1174 apostolicam
1588 1136 1785 1173 confirmata,
1804 1136 1923 1166 eisdem
1939 1136 2044 1166 abbati
2057 1141 2087 1166 et
2101 1145 2176 1166 con-

1175 1189 1286 1217 ventui
1301 1188 1488 1226 postulatam
1504 1189 1667 1218 licentiam
1685 1190 1868 1219 auctoritate
1890 1194 1996 1220 nostra
2011 1189 2176 1220 concedas.

1176 1241 1247 1270 Dat.
1271 1242 1391 1279 Rome,
1415 1243 1499 1281 apud
1518 1242 1667 1273 Sanctam
1684 1243 1819 1272 Mariam
1840 1243 2014 1282 Maiorem,
2039 1253 2058 1273 v
2076 1251 2179 1274 nonas

1176 1295 1301 1331 martii,
1319 1304 1405 1326 anno
1421 1295 1571 1327 secundo.
1590 1308 1603 1323 ι

1248 1483 1329 1510 ¹291

1211 1545 1339 1572 Licentia
1372 1545 1512 1572 alienandi
1537 1546 1739 1581 possessiones
1764 1547 1929 1572 monasterii
1952 1545 2178 1581 Montismajoris

1179 1594 1260 1629 (Rau.
1279 1596 1321 1627 44,
1339 1603 1363 1622 c.
1381 1595 1424 1626 97,
1441 1595 1461 1622 f.
1479 1595 1528 1622 132
1544 1600 1587 1628 νος
1604 1594 1670 1621 Lar.
1689 1603 1725 1622 nn
1740 1594 1838 1626 Tuam,
1856 1594 1894 1626 11,
1912 1595 1964 1627 54.)

1539 1481 1891 1516 Sainte-Marie-Mz1jcure,
1908 1483 1923 1509 ‘2
1939 1491 2014 1509 mars
2030 1482 2106 1510 1289.

1218 1720 1239 1728 ..
1264 1699 1298 1727 de
1321 1698 1484 1727 silvacana
1509 1702 1535 1726 et
1559 1719 1580 1726 ..
1603 1698 1637 1727 de
1662 1697 1769 1727 Sancto
1784 1697 1908 1727 Eusebio
1923 1698 2178 1727 monasteriorum

1176 1753 1349 1787 abbatibus,
1369 1752 1516 1789 Aquensis
1537 1756 1562 1780 et
1583 1751 1720 1789 Aptensis
1742 1751 1921 1788 clzssocesiam,
1944 1750 2075 1779 mandat
2096 1758 2176 1789 qua-

1177 1808 1269 1835 tenus
1285 1804 1451 1843 inquirant
1472 1804 1511 1833 de
1528 1807 1760 1842 opportunitate
1776 1803 1937 1842 petitionis
1954 1812 2016 1841 qua
2040 1826 2059 1832 ..
2081 1803 2177 1832 abbas

1177 1863 1207 1889 et
1222 1863 1396 1889 conventus
1411 1856 1597 1888 monasterii
1611 1856 1873 1896 Montismajoris,
1886 1856 2082 1886 Arelatensis
2093 1855 2177 1886 dioe-

1177 1913 1274 1949 cesis,
1298 1911 1462 1942 licentiam
1484 1911 1583 1950 poscit
1605 1910 1808 1949 permutandi
1831 1910 1984 1949 quasdam
2007 1909 2176 1949 possessio-

1177 1975 1245 1996 nes.

1220 2033 1232 2045 ει
1257 2019 1372 2049 Dilecti
1392 2019 1451 2048 filii
1472 2041 1492 2049 ..
1510 2018 1643 2048 abbas...
1667 2033 1706 2039 —-
1725 2017 1795 2047 Dat.
1819 2017 1940 2054 Rome,
1970 2016 2055 2055 apud
2078 2016 2176 2046 Sanc-

1177 2077 1242 2103 tam
1260 2073 1395 2102 Mariam
1410 2072 1575 2111 Maj0rem,
1591 2081 1622 2101 V1
1636 2079 1737 2101 nonas
1752 2070 1872 2108 martii,
1883 2078 1969 2100 anno
1985 2069 2134 2100 secundo.
2160 2080 2175 2096 ν

1251 2247 1336 2275 ’232

1213 2309 1374 2336 Facultates
1390 2308 1483 2334 abbati
1499 2307 1663 2334 monasterii
1682 2306 1908 2340 Montismajoris
1919 2312 2083 2331 concessae.
2095 2304 2176 2338 (ΗΕΘ.

1178 2359 1221 2391 44,
1239 2367 1264 2386 c.
1282 2358 1325 2390 98,
1341 2359 1360 2385 f.
1381 2358 1430 2385 ⁴132
1445 2363 1492 2388 v⁰;
1509 2357 1576 2383 Lar.
1593 2365 1629 2383 nn
1643 2356 1740 2387 Tmen..
1758 2354 1796 2388 ΙΙ,
1814 2355 1870 2387 55.)

1536 2243 1885 2278 Sainte-Marie-Majeure,
1904 2242 1919 2269 8
1935 2250 2011 2268 mars
2030 2241 2105 2269 1⁶:89.

1218 2484 1238 2492 ..
1258 2462 1359 2491 abbati
1374 2460 1552 2489 monasterii
1572 2457 1824 2495 MontismajoriS,
1847 2457 1886 2485 aa
1906 2465 2066 2485 romanam
2087 2456 2176 2484 eccle-

1176 2518 1255 2546 siam
1284 2515 1367 2544 nalto
1396 2514 1492 2542 medio
1511 2513 1710 2550 pertinentis,
1736 2512 1854 2540 ordinis
1878 2510 1979 2539 Sancti
2009 2509 2176 2545 Benedicti,

1177 2569 1359 2598 Arelatensis
1376 2567 1508 2597 diocesis.
1526 2578 1539 2591 (ι
1553 2566 1654 2594 Mater
1666 2563 1797 2594 ecclesia
1810 2564 1861 2601 pia
1927 2562 2062 2591 faciendi
2078 2561 2176 2590 bene-

1178 2622 1351 2652 dictionem
1367 2629 1462 2658 super
1477 2618 1629 2658 populum
1643 2642 1649 2654 ,
1667 2626 1740 2647 cum
1757 2623 1786 2646 te
1802 2617 1835 2645 iu
1855 2621 1905 2645 tuo
1921 2615 2124 2650 monasterio,
2142 2622 2178 2643 ac

1178 2678 1212 2706 in
1234 2674 1374 2705 ecclesiis
1391 2678 1420 2703 et
1440 2672 1517 2703 locis
1534 2672 1589 2701 tibi
1612 2671 1705 2709 pleno
1733 2671 1800 2709 jure
1825 2669 1991 2711 subjectis,
2018 2668 2051 2696 in
2076 2666 2176 2696 Navi-

1180 2730 1250 2759 tatis
1279 2726 1412 2757 Domini
1431 2725 1530 2756 nostri
1552 2725 1651 2755 Jhesu
1669 2723 1788 2753 Christi
1808 2723 1940 2760 ejusque
1959 2720 2177 2750 Resurrectio-

1179 2783 1242 2818 nis,
1259 2790 1295 2811 ac
1311 2779 1512 2810 Inventionis
1523 2778 1637 2808 Sancte
1647 2776 1770 2811 Crucis,
1783 2779 1813 2804 et
1824 2774 2179 2805 OmniumSanctorum

1179 2833 1414 2867 festivitatibus,
1429 2831 1597 2868 contigerit
1613 2829 1784 2858 missarum
1799 2827 1987 2865 sollempnia
2000 2826 2177 2864 celebrare3

1179 2896 1304 2919 necnon
1321 2886 1511 2916 vestimenta
1523 2882 1740 2918 sacerdotalia,
1755 2884 1944 2911 ornamenta
1957 2880 2065 2910 altaris
2081 2883 2110 2908 et
2122 2879 2179 2908 mi-

1180 2943 1354 2972 nistrorum
1368 2939 1485 2978 ipsius,
1504 2946 1565 2975 que
1584 2945 1656 2966 cuni
1675 2944 1757 2974 aqua
1775 2939 1805 2964 et
1819 2933 2015 2964 orationibus
2031 2932 2178 2963 benedici

1179 2998 1322 3037 possunt,
1337 2991 1549 3023 benedicendi
1575 2990 1631 3019 tibi
1651 2990 1776 3027 tuisque
1794 2987 2027 3025 successoribus
2044 2986 2179 3016 liberam

1179 3049 1382 3081 concedimus
1413 3045 1598 3075 auctoritate
1626 3042 1824 3082 presentium
1856 3040 2076 3071 facultatem...
2105 3039 2175 3069 Dat.
