2477 3637
316 413 374 445 150
576 440 579 442 .
1065 409 1302 441 REGISTRES
1323 410 1379 440 DE
1400 409 1584 440 NICOLAS
1606 409 1664 440 IV.

316 481 373 517 eis,
389 484 423 510 ut
439 479 656 520 premisimus,
674 477 823 508 dedimus
839 479 1040 515 potestatem,
1059 480 1090 506 et
1105 476 1232 515 pretatis
1250 485 1321 516 pro-

315 534 531 569 curatoribus,
551 541 605 571 pro
628 540 701 570 rege
718 530 874 570 Dyonisio
890 533 1084 565 memorato,
1102 531 1136 560 in
1162 530 1320 561 dictorum

315 587 527 618 cardinalium
541 585 701 625 presentia
713 583 906 618 constitutis,
920 588 951 613 et
963 582 1079 613 dilecto
1088 583 1154 614 filio
1167 584 1321 622 magistro

315 640 447 671 Nicolao
471 638 687 669 Bartholomei
707 637 746 667 de
763 636 935 672 Guarcino,
971 636 1114 675 scriptori
1137 641 1244 667 nostro
1268 646 1321 676 pu-

313 692 408 729 blico,
421 692 506 722 sedis
522 690 697 730 apostolice
712 689 898 720 auctoritate
914 688 1242 728 tabellione,aliisque
1256 689 1321 729 plu-

314 745 403 775 ribus
429 745 560 774 testibus
582 744 643 773 fide
664 743 770 781 dignis
791 742 1007 782 pre-sentibus,
1024 742 1096 772 lecti
1119 743 1250 772 fuerunt
1268 752 1323 782 per

315 798 453 828 eundem
481 797 684 828 tabellionem
712 796 901 835 singillatim
927 796 1005 826 dieti
1032 795 1160 826 articuli
1188 804 1322 827 numero

313 851 536 890 quadraginta,
550 860 646 890 super
662 850 777 890 quibus
796 850 906 880 eedem
924 854 1026 889 partes
1041 858 1074 879 se
1090 849 1239 879 dicebant
1253 858 1322 880 esse

313 905 495 940 concordes,
513 909 543 934 et
562 904 674 943 prefati
688 907 918 943 procuratores,
933 903 1062 942 sepefati
1080 903 1160 942 regis
1178 903 1319 939 nomine,

313 957 352 987 ad
369 957 514 996 singulos
533 957 742 995 singulariter
758 957 1009 995 responderunt,
1031 965 1169 995 quorum
1187 964 1319 995 respou-

314 1012 458 1042 sionibus
477 1011 609 1050 predicti
631 1010 888 1049 archiepiscopus
909 1016 939 1039 et
954 1010 1091 1049 episcopi
1108 1019 1141 1040 se
1157 1013 1320 1040 contentos

313 1069 506 1095 vocaverunt
522 1069 553 1095 et
575 1073 721 1103 expresse
742 1064 903 1093 dixerunt.
931 1063 968 1092 Et
990 1063 1106 1093 deiude
1131 1063 1227 1092 iidem
1251 1071 1319 1102 pro-

313 1123 474 1148 curatores
490 1118 601 1156 prefati
619 1117 714 1155 regis,
735 1117 973 1155 archiepiscopo
987 1121 1016 1146 et
1033 1117 1187 1155 episcopis
1202 1125 1320 1147 memo-

312 1172 399 1207 ratis,
414 1180 449 1201 ac
463 1172 557 1200 etiam
577 1170 741 1200 tabellioni
758 1170 890 1208 prefato,
907 1178 963 1208 pro
982 1170 1060 1208 ipsis
1075 1174 1105 1199 et
1119 1169 1272 1200 omuibus
1284 1179 1320 1199 ac

313 1227 451 1265 singulis
480 1225 624 1255 ecclesiis
652 1230 683 1254 et
712 1226 853 1263 personis
880 1224 1098 1254 ecclesiasticis
1130 1225 1205 1254 dicti
1229 1226 1320 1263 regni

313 1279 551 1317 stipulantibus,
574 1278 1029 1316 sollempniterpromiserunt,
1047 1278 1158 1316 prefati
1171 1278 1320 1315 regisno-

312 1333 402 1361 mine
417 1340 451 1361 ac
470 1340 525 1370 pro
542 1331 620 1370 ipso,
640 1331 777 1360 eundem
795 1340 901 1368 regem
914 1339 1059 1368 expresse
1076 1330 1319 1367 ratificaturuni,

312 1385 559 1424 approbaturum
577 1387 605 1413 et
617 1388 852 1422 acceptaturum
869 1384 978 1413 omnia
991 1388 1020 1412 et
1031 1383 1160 1421 singula
1173 1388 1321 1413 contenta

312 1439 345 1467 in
363 1437 622 1476 responsionibus
639 1437 839 1475 supradictis,
856 1441 885 1466 et
901 1440 964 1466 tam
979 1445 1012 1466 se
1027 1446 1123 1475 quam
1140 1445 1213 1466 suos
1229 1446 1322 1476 quos-

312 1491 389 1521 libet
411 1499 608 1520 successores
624 1490 658 1519 in
682 1498 780 1528 regno
804 1490 924 1528 prefato
945 1490 1054 1520 eadem
1075 1490 1186 1520 onmia
1205 1493 1235 1520 et
1257 1490 1321 1520 sin-

312 1544 397 1583 gula,
427 1553 489 1582 que
517 1544 549 1572 in
577 1543 670 1573 dictis
698 1543 957 1582 responsionibus
983 1544 1202 1580 continentur,
1230 1548 1321 1583 prout

313 1606 422 1628 eorum
440 1597 643 1635 singulorum
661 1597 797 1636 qualitas
814 1597 922 1635 exigit,
940 1597 1033 1636 plene
1049 1597 1277 1636 adimpleturos
1291 1601 1320 1628 et

313 1656 463 1690 perpetuo
482 1650 712 1680 inviolabiliter
729 1655 920 1687 servaturos,
940 1655 1032 1689 prout
1054 1651 1087 1680 in
1104 1651 1319 1681 instrumento

311 1703 438 1743 publico
453 1703 637 1733 continente
653 1703 809 1742 predictos
825 1703 975 1733 articulos
988 1704 1212 1742 quadraginta,
1224 1713 1319 1742 super

311 1757 427 1796 quihus
444 1757 554 1786 eadem
571 1757 755 1795 compositio
772 1757 967 1794 intervenit,
993 1767 1047 1796 per
1063 1757 1202 1787 eundem
1220 1757 1318 1787 tabel-

310 1810 431 1840 lionem
450 1810 590 1841 confecto
607 1810 734 1847 exinde,
755 1815 785 1840 et
800 1810 913 1848 sigillis
929 1810 1087 1840 dictorum
1104 1811 1317 1841 cardinalium

308 1864 464 1899 roborato,
486 1863 611 1902 plenius
632 1856 824 1901 continetur,
849 1857 940 1902 cujus
975 1869 1128 1901 tenorem,
1159 1865 1234 1903 quia
1263 1873 1316 1895 co-

308 1917 400 1947 mode
415 1926 487 1946 cum
502 1917 698 1955 presentium
707 1917 904 1955 serieipsnm
914 1917 1025 1947 eadem
1035 1926 1147 1956 capere
1156 1921 1241 1948 carta
1252 1927 1315 1948 non

307 1974 437 2009 poterat,
452 1969 523 1999 aliis
540 1970 656 1999 nostris
677 1970 902 2000 mandavimus
925 1970 1040 2000 litteris
1062 1972 1223 2002 annotari.
1250 1972 1316 2002 Nos

306 2023 415 2062 igitur,
432 2023 471 2052 de
487 2025 634 2053 oninium
654 2024 866 2062 predictorum
883 2024 1018 2054 fratrum
1037 2029 1219 2055 nostrorum
1236 2034 1314 2055 con-

306 2077 390 2111 sitio,
409 2077 448 2106 ad
465 2077 648 2106 eorumdem
666 2077 896 2116 archiepiscopi
914 2083 943 2107 et
959 2078 1180 2117 episcoporum
1196 2078 1314 2109 Colim-

305 2130 456 2167 brieusis,
474 2129 633 2159 Silvensis
649 2135 678 2159 et
699 2131 914 2165 LamecensiS,
935 2140 1060 2161 necnon
1080 2135 1110 2161 et
1130 2136 1313 2170 procurato-

304 2193 375 2213 rum
389 2184 628 2223 supplicationis
640 2185 839 2219 instantiam,
849 2184 1112 2222 compositionem
1122 2185 1310 2223 predictam,

303 2242 461 2275 quantum
487 2237 524 2266 ad
553 2237 777 2276 responsiones
804 2238 900 2267 factas
927 2237 966 2267 ad
993 2237 1143 2268 articulos
1168 2239 1202 2268 in
1228 2238 1312 2268 dicto

304 2289 519 2319 instrumento
535 2295 710 2328 contentos,
733 2295 763 2320 et
778 2291 886 2320 omnia
905 2299 966 2328 que
991 2291 1023 2320 in
1049 2291 1312 2330 responsionibus

303 2342 512 2372 continentur
527 2343 658 2379 eisdem,
676 2344 860 2373 auctoritate
878 2344 1047 2382 apostolica
1065 2345 1311 2383 confirmantes,

303 2399 333 2425 et
361 2397 518 2435 presentis
549 2397 659 2436 scripti
687 2397 863 2436 patrocinio
897 2397 1092 2435 munientes,
1109 2398 1310 2434 ordinamus,

303 2450 527 2488 providemus,
543 2450 746 2480 decernimus
765 2455 859 2490 atque
875 2451 1046 2481 statuimus
1062 2452 1095 2481 in
1116 2452 1314 2482 omnibuset

300 2503 440 2541 siugulis
457 2503 601 2533 articulis
624 2505 656 2533 in
678 2505 886 2534 instrumenti
915 2505 1025 2543 prefati
1044 2509 1164 2542 tenore,
1184 2506 1311 2543 nostris,

301 2562 334 2585 ut
352 2557 534 2595 predicitur,
553 2557 737 2588 annotando
753 2557 878 2594 litteris,
890 2557 1142 2597 comprehensis,
1154 2567 1189 2588 ea
1203 2559 1311 2597 quein

299 2610 448 2648 predictis
474 2611 563 2641 sactis
584 2611 623 2640 ad
645 2619 696 2641 eos
717 2611 982 2651 responsionibus
1003 2612 1220 2648 continentur,
1246 2615 1309 2642 tam

297 2663 336 2692 ab
353 2663 420 2701 ipso
436 2672 508 2701 rege
526 2664 683 2703 Dyonisio
706 2667 735 2693 et
751 2664 819 2703 ejus
836 2664 1090 2701 successoribus,
1109 2664 1185 2703 qui,
1201 2665 1308 2695 conti-

298 2722 393 2746 nuata
420 2722 596 2756 temporum
622 2722 651 2747 et
674 2718 913 2748 successionum
930 2718 1150 2756 perpetuitate,
1167 2719 1201 2748 in
1221 2727 1309 2757 sepe-

298 2770 359 2799 fato
375 2771 402 2799 ei
419 2780 516 2807 reguo
528 2771 749 2806 successerint,
766 2780 862 2810 quam
876 2780 894 2801 a
907 2771 1308 2810 quibuslibetofficialibus

298 2827 328 2851 et
348 2823 506 2852 ministris
522 2824 634 2862 ipsius,
652 2832 775 2854 necnon
793 2829 823 2854 et
839 2824 1012 2854 baronibus
1027 2825 1206 2864 ceterisque
1220 2824 1308 2855 habi-

300 2875 453 2905 tatoribus
474 2878 564 2914 regni
582 2878 737 2916 ejusdem,
751 2882 845 2916 prout
860 2877 998 2916 singulis
1015 2886 1126 2908 eorum
1144 2878 1305 2917 competit,

295 2928 526 2959 inviolabiliter
551 2930 759 2961 observanda.
785 2931 876 2967 Quod
904 2931 930 2960 si
955 2940 1010 2970 per
1032 2931 1171 2961 eundem
1198 2940 1306 2969 regem

295 2980 503 3019 Dyouisium,
531 2987 584 3012 aut
614 2983 826 3021 predictorum
852 2992 1082 3021 successorum,
1104 2984 1304 3022 officialium,

295 3034 519 3064 ministrorum
542 3040 571 3064 et
591 3035 804 3066 habitatorum
829 3037 982 3077 aliquem,
1004 3042 1114 3068 contra
1130 3038 1304 3077 predictam

293 3087 558 3126 compositionem
575 3093 605 3118 et
623 3089 681 3119 hec
701 3094 808 3120 nostra
823 3090 1116 3129 confirmationem,
1131 3091 1304 3122 ordinatio-

1405 485 1490 513 nem,
1515 475 1742 514 provisionem,
1767 474 1931 505 decretum
1956 475 2024 506 sive
2049 480 2202 507 statutum
2235 478 2406 518 quicquam

1404 528 1500 558 fuerit
1516 528 1684 558 temeraria
1700 528 1939 566 presumptione
1954 529 2175 566 commissum,
2192 535 2222 560 et
2238 531 2323 562 idem
2342 542 2406 571 rex,

1404 581 1453 611 vel
1469 581 1575 620 quivis
1591 581 1657 620 ejus
1673 588 1853 618 successor,
1874 582 1928 620 qui
1952 590 2006 620 pro
2023 586 2163 621 tempore
2179 585 2296 622 preerit
2311 593 2407 624 regno
2423 608 2425 621 .

1403 634 1555 674 predicto,
1573 634 1715 664 monitus
1735 643 1790 673 per
1807 633 1867 664 loci
1883 635 2083 666 ordinarium
2096 658 2104 673 ,
2182 646 2245 676 quo
2267 637 2298 667 id
2322 647 2415 670 com:

1404 689 1537 718 missum
1554 688 1664 725 fuerit,
1689 687 1749 724 vel,
1771 688 1839 727 ipso
1865 693 1951 718 extra
1975 693 2090 719 terram
2118 690 2230 728 prefati
2249 692 2332 729 regis
2352 692 2392 725 ab

1405 747 1515 779 sente,
1547 750 1602 781 per
1630 743 1699 780 eJ'us
1732 741 1886 771 vicarium
1916 741 1973 772 vel,
1992 752 2047 781 per
2076 743 2252 782 capitulum
2279 744 2408 783 eccles

1403 795 1606 831 cathedralis,
1625 795 1757 825 ecclesia
1773 795 1842 834 ipsa
1863 799 2011 832 vacante,
2035 796 2067 826 id
2090 797 2174 827 infra
2189 797 2268 828 duos
2285 807 2386 830 mens

1404 857 1469 878 non
1496 849 1723 884 emendaverit,
1753 848 1814 885 vel,
1844 848 1925 878 sicut
1950 849 1989 879 ad
2016 849 2121 889 ipsum
2141 851 2323 888 pertinebit,
2345 861 2396 885 no

1403 901 1513 932 fecerit
1538 901 1714 937 emendari,
1752 911 1787 931 ex
1819 906 1893 932 tuuc
1918 902 2038 940 capella
2073 902 2172 941 ipsius
2198 903 2404 936 ecclesiasti

1403 954 1567 993 subjaceat
1586 955 1777 991 interdicto,
1804 955 1846 984 ita
1868 959 1973 985 tamen
1991 956 2075 994 quod
2102 955 2287 995 hujusmodi
2307 951 2404 997 prin>

1404 1009 1550 1045 monitio,
1579 1010 1645 1038 sive
1670 1018 1724 1047 per
1748 1008 1961 1046 ordinarium,
1986 1009 2052 1039 sive
2074 1018 2128 1048 per
2152 1011 2319 1048 vicariurn,
2343 1013 2400 1044 si-

1403 1070 1459 1099 per
1486 1061 1661 1100 capitulum
1689 1070 1770 1097 carn,
1799 1066 1831 1091 ut
1857 1061 2040 1100 predicitur,
2070 1062 2140 1092 fieri
2169 1063 2343 1102 contingat,
2371 1064 2410 1095 de

1403 1113 1538 1145 consilio
1557 1119 1587 1144 ct
1603 1123 1733 1144 assensu
1754 1114 1986 1153 archiepiscopi
2005 1115 2258 1154 bracharensis,
2280 1117 2337 1156 qui
2353 1127 2373 1156 p

1405 1171 1544 1206 tempore
1561 1168 1667 1206 fuerit,
1687 1168 1734 1198 vel
1751 1168 1890 1199 duorum
1908 1169 2140 1208 episcoporum,
2168 1174 2208 1206 et,
2235 1170 2261 1200 si
2286 1179 2361 1210 prop
2382 1179 2405 1197 21
2455 1195 2457 1197 ,

1402 1221 1610 1251 commissum
1635 1222 1669 1251 in
1697 1222 1822 1252 civitate
1849 1222 1897 1251 vel
1925 1222 2042 1252 diocesi
2077 1222 2290 1253 Brachareusi
2316 1224 2368 1256 fue

1402 1273 1561 1311 facienda,
1584 1275 1623 1305 de
1642 1275 1777 1306 consilio
1803 1280 1832 1305 et
1851 1284 1982 1305 assensu
2008 1275 2123 1306 saltem
2151 1277 2249 1307 unius
2273 1277 2398 1316 episco

1403 1327 1441 1356 de
1456 1336 1554 1365 regno
1570 1329 1709 1366 predicto
1724 1329 1879 1367 procedat.
1897 1330 1986 1366 Quod
2004 1329 2029 1359 si
2047 1334 2116 1368 post
2132 1329 2256 1369 lapsum

1403 1380 1565 1410 mensium
1591 1381 1817 1420 predictorum,
1841 1383 1956 1412 iterum
1976 1384 2119 1413 monitus
2141 1391 2198 1422 per
2211 1382 2354 1426 ordinari

1402 1432 1453 1462 vel
1471 1433 1628 1463 vicarium
1644 1438 1698 1464 aut
1715 1435 1890 1474 capitulum
1915 1440 2126 1472 memoratos,
2156 1444 2211 1475 per
2229 1435 2310 1467 alios
2331 1432 2400 1468 du

1403 1495 1530 1517 menses
1562 1489 1596 1517 in
1625 1489 1821 1518 contumatia
1857 1498 1921 1519 non
1959 1489 2153 1519 emendandi
2188 1489 2238 1519 vel

1402 1540 1567 1570 emendari
1584 1541 1767 1580 perstiterit,
1784 1541 1850 1572 loca
1870 1542 2011 1581 quelibet
2028 1542 2067 1572 ad
2091 1551 2154 1582 que
2176 1543 2283 1582 ipsum
2305 1551 2365 1574 con

1402 1595 1485 1633 gerit
1514 1595 1697 1632 declinare,
1726 1595 1869 1634 quandiu
1896 1596 1978 1626 inibi
2006 1605 2138 1635 presens
2163 1596 2281 1635 fuerit,

1401 1649 1589 1687 subjaceant
1605 1649 1786 1679 interdicto.
1802 1649 1944 1679 Rursum
1961 1650 1988 1679 si
2005 1650 2082 1680 sorte
2104 1654 2173 1688 post
2187 1649 2313 1689 lapsum
2328 1659 2398 1690 qu-

1401 1705 1473 1733 tnor
1488 1703 1649 1733 mensium
1667 1702 1894 1741 predictorum,
1905 1703 2054 1733 similiter
2070 1713 2124 1743 per
2139 1703 2342 1734 ordinarium

1400 1755 1556 1785 vicarium
1575 1760 1630 1786 aut
1643 1755 1819 1794 capitulum
1835 1757 1926 1786 tertio
1945 1757 2096 1794 monitus,
2113 1756 2250 1787 aliorum
2267 1757 2404 1788 duorum

1399 1810 1561 1839 mensium
1574 1809 1674 1848 spatio
1686 1810 1720 1838 in
1735 1809 1921 1849 hujusmodi
1932 1810 2128 1839 contumatia
2141 1810 2296 1840 manserit
2308 1810 2400 1842 obde

1399 1868 1498 1900 ratus,
1523 1871 1559 1893 eo
1581 1863 1651 1902 ipso
1677 1863 1870 1893 sententiam
1894 1862 2233 1893 excommunicationis
2252 1863 2373 1894 iucurr

1399 1925 1494 1955 quam
1506 1925 1541 1947 ex
1559 1916 1691 1946 nuncin
1708 1925 1781 1946 eum
1795 1924 1905 1947 casnm
1921 1915 2056 1945 ferimus
2072 1916 2106 1945 in
2120 1916 2270 1946 eundem.
2285 1915 2398 1947 -

1398 1974 1505 2000 autem
1522 1969 1692 2009 premissas
1709 1969 1914 2004 monitiones,
1934 1973 1996 1998 tam
2016 1970 2166 2007 primam,
2179 1970 2288 2009 inqua
2303 1969 2404 2001 solu

1399 2024 1516 2054 debent
1530 2023 1762 2062 archiepiscopi
1777 2022 2007 2052 Bracharensis
2025 2022 2074 2052 vel
2090 2023 2227 2053 duorum
2244 2023 2365 2062 episco

1398 2086 1482 2114 rum,
1503 2081 1537 2106 nt
1553 2076 1764 2115 premittitur,
1782 2081 1836 2106 aut
1859 2076 1955 2106 unius
1977 2076 2126 2115 episcopi,
2152 2086 2225 2107 cum
2251 2067 2393 2108 contin*

1397 2130 1608 2160 monitionem
1630 2129 1701 2158 fieri
1725 2129 1764 2159 ob
1784 2129 1992 2159 commissum
2069 2129 2196 2160 civitate
2217 2129 2268 2160 vel
2289 2129 2391 2161 dioc
2427 2162 2430 2166 ,

1398 2183 1623 2220 Bracharensi,
1650 2183 1770 2222 requiri
1795 2182 1967 2213 consilium
1991 2187 2020 2212 et
2044 2191 2209 2222 assensus,
2233 2192 2330 2223 quam
2358 2179 2395 2210 :f

1397 2241 1532 2276 quentes
1549 2236 1649 2273 alias,
1666 2237 1699 2265 in
1717 2233 1834 2275 quibus
1852 2245 1914 2266 non
1931 2241 2008 2266 suut
2024 2237 2196 2267 consilium
2212 2241 2242 2267 et
2255 2243 2391 2268 assensr

1397 2290 1580 2330 huJusmodi
1599 2289 1803 2328 requirenda,
1821 2290 1854 2319 in
1871 2289 1996 2329 scriptis
2013 2289 2083 2320 fieri
2102 2289 2307 2329 mandamus,
2324 2294 2356 2321 et

1396 2346 1442 2375 eis
1456 2344 1611 2375 offensam
1628 2344 1763 2382 exprimi
1786 2352 1881 2382 super
1904 2344 1996 2382 cujus
2013 2343 2237 2375 emendatione
2259 2352 2314 2374 rex
2336 2349 2399 2384 ejvs

1397 2398 1545 2437 temporis
1568 2397 1769 2427 admonetur.
1799 2397 1917 2427 Prelati
1942 2406 2014 2427 vero
2043 2406 2078 2428 ac
2105 2405 2216 2428 eorum
2238 2397 2350 2428 vicarii
2379 2411 2391 2432 .

1395 2451 1625 2482 cathedralium
1645 2450 1852 2480 eeclesiarum
1868 2451 2051 2481 vacantium
2066 2450 2205 2490 capitula
2215 2450 2389 2494 diligenti

1394 2509 1526 2536 caveant
1543 2513 1583 2534 ne
1603 2504 1642 2534 ad
1660 2505 1744 2542 ipsas
1762 2504 1831 2534 sine
1853 2504 2039 2534 rationabili
2059 2508 2089 2534 et
2110 2504 2292 2536 necessaria
2310 2513 2346 2536 ca
2382 2505 2390 2529 '-

1396 2558 1578 2598 procedaut.
1597 2558 1695 2588 Porro
1714 2557 1753 2594 si,
1775 2557 1857 2596 quod
1874 2558 1969 2595 absit,
1987 2566 2040 2588 rex
2059 2557 2177 2597 aliquis
2207 2557 2338 2597 Portug

1393 2612 1497 2642 taliter
1512 2611 1663 2649 monitus,
1677 2611 1831 2650 predictas
1850 2621 1947 2651 penas
1963 2612 2072 2643 animo
2084 2611 2315 2651 contempserit
2339 2624 2364 2639 -

1393 2666 1501 2703 thraci,
1520 2673 1584 2695 uon
1604 2665 1767 2695 immerito
1782 2665 1897 2704 poterit
1913 2665 2086 2695 formidare
2102 2664 2201 2704 quod,
2220 2672 2283 2695 non
2297 2663 2342 2696 sol

1391 2719 1430 2748 ad
1446 2718 1596 2757 generale
1612 2718 1817 2748 interdictum
1831 2718 1927 2748 totius
1939 2718 2030 2756 regni
2043 2718 2175 2757 predicti
2187 2721 2218 2748 et
2231 2716 2345 2757 cujusli

1390 2771 1524 2802 alterius
1538 2775 1621 2801 terre
1634 2781 1701 2808 sue,
1717 2772 1770 2801 sed
1785 2772 1879 2801 etiam
1893 2771 1932 2802 ad
1943 2770 2178 2802 absolutionem
2190 2759 2387 2802 vassallorti'=

1391 2826 1457 2864 ejus
1470 2826 1509 2855 ab
1521 2825 1742 2855 observatione
1751 2826 2008 2864 juramentorum
2022 2825 2188 2855 fidelitatis
2201 2829 2232 2855 et
2245 2822 2371 2858 honr*

1389 2878 1507 2918 quibus
1524 2878 1586 2908 sibi
1609 2879 1727 2908 astricti
1754 2879 1882 2915 fuerint,
1910 2882 1940 2908 et
1962 2878 2000 2910 ad
2017 2877 2281 2908 interdicendum
2296 2875 2382 2908 eid

1390 2931 1457 2969 regi
1481 2938 1521 2960 ne
1540 2930 1614 2969 jure
1630 2934 1826 2969 patronatus,
1856 2931 1883 2960 si
1909 2930 1994 2969 quod
2020 2930 2117 2960 habet
2141 2930 2176 2971 in
2205 2928 2282 2960 dicti
2308 2936 2374 2959 re

1389 2983 1543 3020 ecclesiis,
1565 2984 1610 3013 uti
1628 2984 1734 3022 possit,
1751 2983 1841 3014 sedes
1857 2988 2033 3014 memorata
2050 2982 2216 3022 procedet,
2232 2984 2325 3022 prout
2404 2996 2406 3000 >

1387 3035 1536 3075 expedire
1564 3037 1723 3067 videbitur
1748 3042 1778 3067 et
1803 3037 1876 3067 sacti
1902 3035 2040 3075 qualitas
2064 3035 2221 3066 suadebit.
2252 3034 2314 3064 Per

1386 3094 1492 3120 autem
1508 3090 1639 3129 prelatis
1662 3091 1736 3121 dicti
1765 3091 1860 3130 regni
1881 3089 2073 3130 procedendi
2097 3098 2134 3120 ex
2157 3088 2262 3120 officio
2283 3094 2340 3118 suo
2362 3081 2406 3126 12,

2452 1626 2459 1745 ,ru-,-
