2342 3652
920 350 1146 390 0111111111Μο
1169 348 1323 387 ANNE'E.
2102 359 2161 390 317

82 437 144 462 tam
179 430 313 459 Mariam
346 429 518 468 Majorem,
550 427 655 457 idibus
681 426 882 462 novembris,
916 433 1002 455 anno
1031 433 1079 454 se-

81 483 196 515 cundo.
213 494 225 509 a

155 656 175 683 Ι
181 654 267 682 682

116 715 298 750 Dispensatio
313 723 401 750 super
415 713 575 749 pluralitate
591 711 806 738 beneficiorum.
824 710 907 742 (Rae.
925 710 967 744 44,
981 718 1006 736 e.
1019 709 1080 741 614,

81 765 102 793 t.
118 764 169 792 252
185 767 231 792 r⁰.t

340 650 695 684 Sainte-Marie-Majeure,
714 649 744 676 13
761 649 915 675 novembre
931 648 1009 676 1289,

122 867 264 904 Mayistro
278 865 433 902 Radulpho
451 864 485 893 de
506 864 630 899 Halton,
644 863 752 892 rectori
769 862 885 892 ecclesie
907 861 940 890 de
962 861 1082 895 Derton‚

82 919 276 950 eboracensis
291 918 425 947 diocesis.
440 918 520 947 Cum
537 925 573 946 eo
595 916 757 954 dispensat
771 919 806 944 ut
822 923 885 944 una
898 922 971 944 cum
985 913 1085 943 eccle-

83 973 130 1002 sia
144 972 182 1002 de
198 972 316 1001 Derton
341 970 508 1001 ecclesiam
526 969 564 999 de
589 968 724 1005 Hauon,
748 967 972 998 Lincolnensis
998 967 1085 997 dioe-

82 1026 180 1062 cesis,
198 1026 339 1065 recipere
355 1029 385 1056 et
400 1026 539 1054 retinere
555 1023 668 1053 valeat.

125 1091 140 1106 «
156 1079 319 1110 Virtutum
335 1079 448 1108 merita
464 1078 620 1116 quibus...
638 1094 676 1100 —
690 1077 761 1108 Dat.
780 1080 813 1106 ut
831 1084 936 1114 supra.
955 1087 967 1102 υ

158 1251 178 1278 1
186 1250 273 1279 683

118 1312 304 1347 Dispensatio
318 1321 406 1347 super
421 1312 580 1347 pluralitate
596 1312 812 1338 beneficiorum.
828 1311 908 1342 (Rea.
922 1310 965 1342 44.
982 1319 1007 1337 c.
1025 1310 1086 1343 615,

86 1363 105 1390 f.
120 1362 172 1389 25⁴2
190 1362 237 1394 r0.)

346 1248 699 1283 Sainte-Marie-MaJeure,
717 1248 751 1274 20
767 1248 921 1274 novembre
938 1247 1014 1274 1289.

124 1465 257 1494 Μανιίηο
271 1465 365 1499 Petri,
380 1465 500 1493 cantori
517 1464 634 1493 ecclesie
650 1464 829 1500 Elborensz's,
848 1464 1002 1501 capellano
1019 1471 1090 1492 nos-

87 1523 144 1554 tro,
158 1526 296 1556 quocum
310 1517 507 1555 dispensavit
525 1516 687 1546 Honorius
703 1516 772 1546 IIII
792 1521 839 1552 ut,
858 1521 982 1555 praeter
999 1524 1089 1546 cano-

87 1571 240 1607 nicatum,
258 1569 469 1609 praebendam
487 1574 517 1599 et
531 1570 705 1599 cantoriam
723 1579 803 1608 quae
819 1570 852 1599 in
872 1569 1091 1606 Elborensi‚et

85 1618 292 1663 prestimonia
304 1632 384 1663 quae
400 1623 435 1652 in
451 1623 525 1653 aliis
542 1622 683 1653 ecclesiis
699 1623 870 1659 obtinebat,
885 1632 986 1653 unum
1003 1622 1091 1652 aliud

86 1677 282 1707 beneficium
304 1677 444 1715 recipere
468 1680 589 1715 posset,
616 1677 736 1715 quique
760 1676 925 1706 ecclesiam
957 1676 1091 1707 Sanctae

88 1731 208 1760 Mariae
223 1730 262 1760 de
282 1729 453 1766 Almouda,
470 1730 698 1760 Ulixboneusis
715 1730 878 1767 dioecesis,
890 1731 1018 1769 recepit,
1037 1730 1090 1759 iu-

35 1803 40 1808 ·
86 1782 197 1821 dulget
219 1787 263 1816 ut.
286 1782 418 1812 dimissa
444 1783 603 1821 praedicta
625 1784 787 1819 cantoria,
808 1783 871 1813 >vel
898 1783 1029 1813 ecclesia
1053 1783 1091 1813 de

87 1835 247 1866 Almonda
261 1860 267 1872 ,
284 1835 372 1866 aliud
387 1836 579 1865 beneficium
595 1837 734 1875 recipere
750 1836 862 1866 valeat.

126 1901 139 1915 ι
157 1889 254 1919 Sedes
269 1888 439 1928 apostolica
455 1898 702 1928 personarum...
718 1905 759 1912 —
774 1890 845 1919 Dat.
870 1891 989 1928 Rome,
1008 1892 1092 1930 apud

84 1941 232 1972 Sanctam
247 1941 383 1971 Mariam
398 1942 569 1980 Majorem,
581 1951 624 1972 xn
640 1942 793 1972 kalendas
804 1943 993 1981 decembris,
1006 1953 1092 1975 auno

86 1994 235 2025 secundo.
253 2007 266 2021 ›

163 2167 278 2196 1684

125 2228 258 2256 Facultas
273 2230 437 2256 conferendi
454 2230 602 2257 beneficia.
620 2231 702 2263 (Rau.
721 2232 764 2262 44,
781 2241 806 2258 c.
823 2233 884 2263 616,
902 2233 920 2259 f.
937 2233 988 2260 ‘25⁶2
1001 2234 1048 2265 iv.)

391 2167 744 2203 Sainte-Marie-Majeure,
763 2169 795 2196 30
811 2170 926 2196 octobre
944 2170 1020 2198 1⁵:89.

137 2331 302 2361 Venerabili
319 2333 414 2368 fratri
432 2333 585 2369 Roderico‚
615 2335 830 2363 Terraconensi
852 2335 1092 2374 archiepiscopo,

91 2383 235 2413 concedit
254 2384 433 2414 facultatem
459 2385 645 2415 conferendi
667 2386 856 2424 dignitates,
886 2393 1092 2426 personatus,

90 2436 286 2474 praebendas
308 2436 434 2476 aliaque
456 2438 612 2467 beneficia
632 2448 713 2478 quae
734 2440 768 2468 in
792 2440 926 2470 dioecesi
949 2441 1096 2471 Terraco-

93 2489 189 2518 nensi
209 2493 294 2519 tanto
317 2494 455 2529 tempore
479 2492 661 2521 vacaverint
687 2493 771 2531 quod
794 2503 903 2524 eorum
926 2494 965 2524 ad
988 2495 1095 2524 sedem

91 2541 295 2579 apostolicam
313 2543 436 2572 collatio
454 2543 601 2573 devoluta
624 2544 676 2574 sit.

135 2605 148 2619 τι
180 2594 326 2624 Volentes
359 2598 445 2625 tuam
472 2596 665 2627 honorare...
696 2616 734 2619 —
764 2599 834 2629 Dat.
866 2601 982 2635 Rome,
1014 2601 1097 2639 apud

94 2644 241 2676 Sanctam
258 2647 393 2677 Mariam
408 2649 573 2688 Majorem,
588 2660 622 2679 111
636 2650 789 2682 kalendas
802 2654 995 2688 novembris,
1010 2662 1096 2684 anuo

95 2699 243 2730 secundo.
264 2711 276 2726 n

172 2857 191 2884 Ι
200 2858 286 2887 685

134 2917 316 2953 Dispensatio
331 2928 419 2956 super
434 2923 651 2957 irregularitate.
666 2925 748 2957 (Rau.
766 2926 808 2956 Δ14,
823 2934 848 2952 e.
866 2926 938 2959 6102,
955 2928 1037 2955 1.·252
1054 2930 1100 2959 10.)

394 2859 750 2896 sainte-Marie-Majeure,
767 2863 799 2890 30
815 2864 931 2890 octobre
951 2865 1025 2892 1289.

139 3020 243 3049 Eidem
265 3022 412 3053 concedit
434 3023 616 3054 facultatem
644 3026 850 3064 dispensandi
878 3036 950 3057 cum
977 3030 1101 3060 clericis

1162 423 1318 453 dioececis
1341 424 1585 455 Terraconensis
1607 434 1701 463 super
1723 425 1956 463 irregularitate
1971 434 2068 464 quam
2083 426 2157 455 vin-

1161 475 1233 506 culo
1248 478 1586 508 excommunicationis
1606 479 1654 508 vel
1669 479 1889 517 suspensionis
1905 478 2011 516 ligati,
2032 483 2086 508 aut
2102 487 2158 517 per

1162 528 1278 558 saltum
1293 533 1348 558 aut
1361 529 1431 559 sine
1446 530 1585 568 licentia,
1599 531 1726 561 ordines
1741 531 1927 570 recipientes
1943 535 1974 560 et
1988 531 2022 560 in
2038 530 2083 561 eis
2098 530 2157 561 mi-

1164 580 1335 611 nistrantes
1348 605 1354 617 ,
1371 584 1595 613 contraxerint.

1205 646 1217 660 ι
1234 634 1279 664 Ut
1295 643 1330 664 eo
1344 635 1545 673 gratiosior...
1560 653 1600 659 —
1616 636 1685 666 Dat.
1704 641 1738 666 ut
1753 645 1857 675 supra.
1878 648 1890 663 n

1239 858 1351 887 1686

1200 918 1332 946 Facultas
1352 920 1516 946 absolvendi
1532 921 1566 947 ab
1580 921 1884 948 excommunicationis
1904 923 2054 949 sententia.
2078 922 2162 956 (Rae.

1167 966 1210 1000 44,
1224 975 1249 993 c.
1267 966 1340 999 615³,
1357 968 1377 995 f.
1394 968 1446 995 252
1462 968 1513 1002 vo.)

1459 858 1816 894 Sainte-Marie-Majeure,
1836 860 1866 887 13
1881 861 1995 887 octobre
2012 861 2090 891 1289.

1207 1097 1310 1126 Eidem
1325 1097 1469 1126 concedit
1483 1097 1664 1127 facultatem
1679 1097 1863 1127 absolvendi
1875 1098 2004 1129 clericos
2019 1099 2166 1131 Terraco-

1169 1150 1280 1178 nensis
1297 1149 1450 1179 dioecesis
1464 1149 1520 1188 qni
1532 1149 1750 1186 interdictum,
1765 1151 1816 1180 cui
1832 1160 1966 1188 regnum
1982 1153 2169 1190 Aragonum

1169 1202 1368 1240 suppositum
1385 1207 1441 1239 est,
1459 1211 1523 1232 non
1546 1204 1722 1240 servarint,
1742 1203 1862 1233 divinis
1877 1204 1988 1234 officiis
2008 1214 2041 1235 se
2056 1205 2168 1235 immi·

1170 1255 1270 1285 cendo
1283 1259 1313 1284 et
1327 1256 1489 1294 quondam
1507 1256 1611 1293 Petro,
1627 1257 1694 1295 regi
1712 1258 1908 1294 Aragonum,
1928 1258 2073 1288 favendo.

1212 1320 1226 1334 «
1244 1309 1283 1338 In
1304 1313 1410 1338 nostra
1426 1310 1653 1347 proposuisti...
1673 1327 1707 1331 —
1726 1311 1796 1340 Dat.
1817 1311 1932 1341 Reate.
1952 1321 1986 1340 111
2002 1311 2073 1341 idus
2088 1315 2170 1342 octo—

1170 1362 1255 1399 bris,
1274 1371 1360 1393 anno
1378 1363 1528 1393 secundo.
1548 1375 1562 1390 ι

1245 1590 1265 1616 1
1272 1588 1356 1617 (38⁸²

1207 1649 1392 1685 Dispensatio
1420 1658 1507 1685 super
1530 1651 1722 1677 contractione
1748 1650 1839 1685 digiti.
1866 1650 1948 1683 (Rae.
1971 1652 2020 1683 44,
2048 1660 2073 1679 c.
2103 1651 2169 1686 617,

1172 1699 1192 1725 f.
1209 1699 1261 1726 252
1276 1702 1325 1725 v⁰.t

1433 1588 1787 1623 Sainte-Marie-Majeure,
1807 1589 1836 1615 13
1854 1589 2006 1616 novembre
2022 1589 2100 1619 1289.

1213 1830 1354 1867 Magistro
1376 1830 1511 1858 Jolianm‘
1531 1831 1565 1858 de
1584 1830 1786 1866 Diteneshale,
1815 1831 1938 1867 clerico,
1968 1831 2175 1860 Dunelmensz's

1173 1883 1308 1912 diocesis.
1325 1881 1407 1912 Cum
1429 1890 1465 1912 eo
1488 1882 1650 1921 dispensat
1668 1887 1701 1912 ut
1722 1883 1967 1913 ecclesiasticum
1983 1884 2175 1914 beneficium

1173 1936 1315 1975 recipere
1336 1940 1367 1966 et
1389 1935 1429 1965 ad
1447 1944 1558 1966 omnes
1583 1937 1711 1966 ordines
1734 1938 1911 1975 promoveri
1936 1937 2056 1973 valeat,
2073 1945 2174 1975 quan-

1173 1999 1269 2028 quam
1285 1990 1326 2026 ei,
1342 1990 1376 2018 iu
1393 1990 1490 2019 annis
1508 1991 1638 2027 teneris,
1657 1999 1691 2020 os
1707 1990 1874 2020 annularis
1891 1991 1983 2028 digiti
2000 1999 2113 2020 manus
2131 1990 2174 2019 si-

1174 2043 1304 2078 nistrae,
1322 2042 1440 2081 frigore
1457 2043 1683 2079 tumefactum,
1705 2044 1866 2082 imperitia
1886 2044 2059 2081 chirurgici
2080 2043 2174 2073 dislo-

1174 2100 1279 2125 catum
1295 2100 1351 2132 est,
1373 2100 1403 2126 et
1417 2096 1493 2126 iude
1509 2097 1627 2135 digitus
1644 2097 1712 2135 ipse
1733 2097 1980 2136 aliquamtulum
1995 2097 2176 2126 decurtatus

1174 2153 1231 2179 est.

1217 2215 1232 2230 ι(
1262 2203 1313 2233 Ad
1342 2203 1554 2233 exauditionis
1582 2204 1753 2241 gratiam...
1781 2220 1820 2225 —
1850 2204 1918 2234 Dat.
1950 2203 2064 2238 Rome,
2093 2202 2176 2240 apud

1176 2255 1326 2285 Sanctam
1344 2256 1478 2286 Mariam
1497 2257 1667 2295 Majorem,
1687 2256 1792 2286 idibus
1811 2256 2008 2291 novembris,
2025 2263 2111 2285 anno
2126 2263 2175 2284 se·

1177 2309 1292 2339 cundo.
1312 2321 1326 2335 »

1254 2535 1273 2561 1
1283 2533 1368 2562 688

1215 2595 1396 2629 Dispensatio
1423 2603 1509 2628 super
1537 2595 1648 2620 defectu
1680 2595 1824 2629 natalium.
1856 2594 1935 2623 (Rea.
1968 2594 2015 2626 44,
2048 2601 2073 2619 c.
2099 2593 2175 2623 617²,

1180 2644 1198 2669 f.
1216 2644 1266 2670 25?
1283 2650 1331 2670 νυ.)

1442 2533 1790 2566 531010-λ101·10-Μ;1]”0111·0,
1812 2532 1841 2558 13
1858 2532 2009 2558 novembre
2028 2531 2104 2558 1289.

1220 2767 1361 2803 illaqislro
1385 2766 1519 2794 ,Iohanni
1543 2765 1576 2793 [Ie
1597 2765 1794 2799 Diieneshale,
1818 2765 1945 2799 aeolice,
1975 2764 2180 2793 Diinelmensis

1181 2821 1312 2849 diocesis.
1333 2818 1414 2847 Cum
1432 2826 1467 2847 eo
1486 2818 1645 2855 dispensat
1664 2822 1714 2851 ut,
1742 2825 1804 2845 non
1821 2817 1962 2845 obstante
1981 2816 2103 2845 defectu
2124 2825 2180 2846 na-

1182 2874 1291 2901 talium
1322 2880 1417 2909 quem
1441 2871 1570 2908 patitur,
1599 2879 1633 2899 ex
1661 2869 1782 2907 acolyto
1800 2870 1926 2905 genitus
1946 2874 1974 2898 et
1995 2869 2112 2905 solnta,
2142 2870 2181 2898 ad

1182 2934 1291 2955 omnes
1316 2924 1443 2953 ordines
1464 2923 1638 2960 promoveri
1664 2927 1694 2951 et
1716 2922 1963 2951 ecclesiasticum
1989 2922 2182 2952 beneficium

1183 2978 1322 3015 recipere
1335 3000 1341 3011 ,
1360 2980 1484 3014 excepta
1502 2975 1671 3013 episcopali
1688 2975 1863 3012 dignitate,
1884 2976 1995 3006 valeat.

1225 3042 1239 3060 <r
1258 3030 1428 3067 Illegitime
1444 3031 1566 3066 genitos
1582 3038 1697 3067 quos...
1712 3045 1751 3050 —
1767 3029 1837 3058 Dat.
1857 3034 2009 3068 utsupra.
2031 3043 2041 3054 »ι
