2477 3637
261 396 318 424 610
1009 388 1243 419 REGISTRES
1270 388 1323 418 DE
1345 388 1528 418 NICOLAS
1555 388 1610 418 IV.

262 461 372 495 Turre,
386 458 656 491 archidiaconum,
676 456 852 486 Henricum
868 456 905 485 de
921 456 1076 493 Vergeyo,
1092 458 1266 490 cantorem,

264 514 297 542 t’.
315 512 353 542 de
369 510 529 549 Erguello,
551 509 796 542 thesaurarium,
817 508 994 538 Henricum
1012 508 1049 536 de
1067 508 1266 545 Facogneyo,

261 566 432 600 Othonem,
444 568 672 597 succentorem,
685 562 868 592 Johannem
882 561 919 591 de
933 561 1040 591 Monte
1051 560 1190 595 Justi110‚
1204 560 1267 589 Re-

262 618 403 647 naudum
415 617 454 646 de
465 617 558 654 Ceys.
570 615 754 653 Philippum
768 614 806 644 de
817 614 912 652 Ceys,
924 614 1099 643 Hem-icum
1113 613 1151 643 de
1163 612 1266 642 Gran—

260 673 330 709 giis,
348 670 526 702 Gnidouetn
547 669 585 698 de
603 669 738 707 1101ογ0,
755 667 938 697 Johannetn
958 666 1103 696 Renaudi
1120 665 1157 695 de
1174 665 1266 702 Dola,

258 723 488 754 Johanne1nde
498 722 833 757 Gilla1·is,.Johanne1n
846 720 885 750 de
895 719 1126 757 Vaulgrenant,
1135 719 1266 748 Petrum

259 778 296 806 de
315 776 549 813 Yaulgrenant,
569 774 759 804 Anselmuni
781 774 819 803 de
837 772 987 809 Ancella,
1005 772 1169 802 Galterum
1190 772 1267 801 Por-

261 831 353 860 terii.
385 829 569 858 Joliannem
600 828 638 857 de
669 828 833 862 Veneriis,
873 826 1057 857 Johannem
1089 826 1128 855 de
1158 826 1268 856 Fontis

260 883 384 919 venua,
403 883 438 912 P.
456 882 494 911 de
511 882 604 919 Ceys,
624 881 800 910 Henricum
819 880 857 910 de
873 880 1011 918 Chilley,
1034 879 1209 909 Heni-icum
1228 879 1267 908 de

262 938 457 976 Facogneyo,
480 938 514 966 P.
533 937 571 966 de
586 937 706 969 Treva,
725 936 763 966 G.
782 936 819 966 de
835 935 1011 972 Chai-ritis,
1035 935 1213 965 Henricum
1229 934 1268 964 de

259 991 429 1028 Grangiis,
450 991 618 1027 lingonen}
635 989 674 1019 de
690 989 833 1025 Visulio,
854 988 1068 1018 Hutnbertum
1085 988 1123 1017 de
1139 987 1265 1026 Ogney,

260 1043 477 1073 'l'heobaldutn
496 1043 533 1073 de
555 1043 662 1073 Monte
679 1043 818 1076 Avium,
838 1042 967 1071 Petrum
986 1040 1152 1071 Michaelis
1166 1064 1173 1077 ,
1196 1041 1264 1071 Hu-

258 1106 373 1134 gonem
396 1097 435 1126 de
459 1097 646 1135 Facogneyo
669 1101 698 1125 et
720 1096 896 1134 nugonem
913 1095 952 1125 de
975 1095 1069 1131 Dola,
1095 1095 1265 1125 canonicos

258 1150 408 1180 ecclesiae
427 1150 629 1184 Bisuntinae,
647 1149 891 1179 commendatus
907 1154 963 1178 est.

300 1216 311 1229 α
329 1203 478 1233 Volentes
491 1203 604 1232 dilecto
621 1202 725 1232 filio...
743 1219 781 1224 -—
799 1203 867 1232 Dat.
886 1202 969 1241 apud
988 1202 1262 1238 Urbemveterem,

258 1266 300 1285 nn
320 1256 389 1285 idus
407 1255 569 1291 februarii,
582 1264 667 1285 anno
686 1255 786 1285 tertio.
807 1268 819 1281 ι»

325 1441 444 1470 4160

293 1504 416 1531 Licentia
434 1504 612 1537 ingrediendi
629 1505 810 1531 monasteria.
828 1505 911 1538 (Rae.
930 1505 972 1536 45,
991 1514 1016 1532 c.
1033 1506 1094 1540 716,
1112 1506 1130 1532 f.
1152 1506 1198 1533 146
1215 1507 1263 1536 1¹⁰.)

795 1441 927 1476 Orvieto‚
946 1442 977 1469 13
992 1443 1096 1469 sevi-ier
1112 1442 1191 1470 1291.

296 1620 395 1649 Nobili
422 1621 546 1649 mulieri
569 1620 724 1655 Johanne,
747 1622 896 1650 comitisse
919 1620 1099 1651 Glaucestrie
1121 1628 1147 1652 et
1171 1623 1263 1652 Here-

255 1674 362 1710 sordre,
379 1672 526 1710 indulget
543 1677 575 1702 ut
594 1674 787 1703 monasteria
804 1674 1026 1704 Cisterciensis
1040 1675 1174 1711 ordinis,
1190 1684 1262 1706 cum

255 1730 322 1755 octo
345 1726 484 1755 honestis
501 1727 672 1763 matronis,
693 1727 866 1757 dummodo
882 1728 916 1757 in
933 1729 978 1758 eis
995 1737 1058 1759 non
1075 1733 1263 1768 pernoctent

255 1788 313 1809 nec
329 1779 506 1814 comedant,
524 1780 642 1809 intrare
660 1781 764 1819 possit.

297 1844 309 1858 ιι
338 1832 521 1862 Devotionis
545 1837 595 1862 tue
620 1838 797 1864 meretur...
820 1851 860 1856 —
883 1835 953 1864 Dat.
975 1837 1059 1874 apud
1084 1836 1262 1867 Urbemve-

257 1889 365 1921 terem,
385 1885 489 1915 idibus
506 1885 670 1922 februarii,
689 1895 774 1917 auno
794 1888 894 1917 tertio.
919 1899 931 1915 n

324 2078 375 2105 4¹
385 2078 435 2106 (31
794 2081 923 2113 Orvieto,
940 2083 974 2110 20
991 2083 1094 2110 fevi-ier
1110 2084 1188 2112 1291.

293 2139 475 2174 Dispensatio
494 2142 673 2169 residentiae.
693 2143 774 2173 (Rea.
792 2145 834 2177 45,
852 2153 877 2171 ς,
895 2145 968 2176 7162,
985 2147 1004 2172 f.
1025 2147 1072 2174 146
1089 2149 1136 2179 r0.)

298 2257 457 2285 tluz'tietmo
478 2258 626 2294 linrnetli,
650 2261 758 2288 rectori
780 2261 895 2290 ecclesie
916 2263 951 2290 cle
971 2263 1102 2301 thuton,
1127 2265 1261 2295 saresbi-

256 2311 367 2338 riensis
379 2311 509 2346 ctioresis,
523 2311 667 2349 indulget
686 2317 717 2342 nt
731 2322 785 2352 per
797 2315 1070 2353 quinquennium,
1081 2317 1262 2356 disciplinis

257 2361 430 2392 scolasticis
454 2363 649 2401 insistendo,
674 2366 712 2395 ad
736 2367 914 2397 faciendam
931 2369 1137 2400 residentiam
1155 2372 1188 2401 in
1208 2381 1261 2402 ec-

256 2413 352 2444 clesia
374 2415 412 2444 de
432 2416 577 2453 Dunton,
595 2427 689 2456 quam
711 2425 873 2450 assecutus
893 2427 955 2455 est.
974 2427 1004 2452 et
1020 2424 1059 2453 ad
1083 2425 1262 2465 suscipien-

258 2467 334 2497 dum
351 2468 478 2498 interim
496 2470 720 2501 sacerdotalem
738 2473 884 2504 ordinem
903 2483 965 2504 non
985 2480 1140 2507 teneatur.

298 2534 309 2544 «
335 2521 499 2551 Laudabili
522 2523 681 2555 desiderio
707 2531 795 2558 tuo...
822 2544 860 2550 —
882 2529 951 2558 Dat.
972 2531 1055 2569 apud
1084 2532 1260 2563 Urbemve-

259 2577 366 2610 terem,
385 2584 401 2603 x
419 2574 570 2605 kalendas
588 2579 702 2615 martiiy
721 2588 806 2611 anno
825 2582 926 2612 tertio.
948 2596 960 2610 n

325 2766 443 2794 4¹82

294 2825 424 2854 ttetnitttt
441 2829 492 2855 iter
507 2830 540 2856 acl
559 2831 663 2858 limina.
685 2833 765 2864 (ttae.
783 2835 831 2866 45,
848 2844 872 2861 c.
890 2837 950 2868 717,
968 2838 986 2864 f.
1006 2838 1055 2866 146
1073 2841 1119 2872 1¹⁰.)

795 2773 922 2804 (Ji-vieto,
942 2776 972 2801 10
988 2776 1093 2803 sevi-iet·
1111 2777 1189 2806 129¹.

300 2941 388 2978 limyra
397 2952 412 2969 ιι
419 2944 484 2974 mlo.
503 2946 632 2983 episcopo
658 2948 822 2979 Valentino.

300 3005 310 3016 ι·
330 2993 369 3022 Ex
387 3000 470 3032 parte
488 3002 577 3027 tua...
595 3016 633 3021 -—
652 3000 720 3030 Dat.
735 3003 818 3040 apud
838 3004 1111 3044 Urbemvetereni,
1130 3018 1175 3038 1111
1191 3009 1262 3040 idus

260 3044 420 3083 februarii.
441 3058 524 3079 anno
543 3052 644 3082 tertio.
664 3065 677 3079 υ

1423 453 1675 482 4¹8³41'2’2
1898 452 2025 485 Orvieto,
2042 452 2072 479 21
2092 452 2195 479 fevi-ier
2213 453 2289 481 1291.

1388 515 1598 550 Indulgentiae.
1615 515 1698 550 (Rea.
1716 516 1757 547 45,
1775 524 1801 542 c.
1819 516 1893 546 7172.
1909 516 1927 543 ἰ.
1948 515 1995 543 146
2012 518 2057 547 1-0.)

1395 604 1548 634 Universss
1570 605 1684 634 Christi
1706 605 1845 641 fidelibus
1863 610 2013 643 presentes
2033 606 2150 635 litteras
2169 607 2358 644 inspecturis.
2431 599 2435 603 ’

1353 656 1593 694 Indulgentiam
1613 657 1710 687 unius
1728 657 1807 687 anni
1832 662 1861 687 et
1881 667 1919 687 xc
1938 658 2063 688 dierum
2083 658 2228 689 concedit
2247 659 2288 689 iis
2306 660 2360 700 qui

1352 710 1517 740 ecclesiam
1535 711 1721 741 monasterii
1741 711 1933 742 monialium
1951 711 2084 742 Sanctae
2108 712 2230 742 Mariae
2244 712 2283 742 de
2298 713 2360 744 Pa·
2408 712 2410 714 ’

1353 764 1457 795 radiso
1473 764 1511 794 de
1528 765 1636 794 Monte
1647 764 1819 802 Pesfflano,
1833 765 1956 795 ordinis
1971 765 2104 795 Sanctae
2115 765 2238 802 Clarae,
2257 766 2361 805 Maga·
2399 766 2402 775 “

1350 817 1494 847 lonensis
1516 817 1684 854 dioecesis,
1707 817 1740 847 in
1766 818 1874 848 beatae
1896 819 2033 855 Mariae,
2057 823 2238 849 sanctorum
2259 819 2360 850 Fran-

1350 871 1425 900 cisci
1445 875 1474 900 et
1490 871 1622 901 Antonii
1640 876 1670 900 et
1686 876 1814 901 sanctae
1832 871 1942 902 Clarae
1959 872 2200 910 festivitatibus,
2225 882 2279 912 per
2293 876 2361 904 octo

1350 923 1417 953 dies
1431 928 1600 962 sequentes
1612 925 1688 954 etin
1703 925 1924 955 anniversario
1935 925 1986 955 die
1998 925 2207 955 dedicationis
2218 925 2359 964 ejusdem

1350 975 1500 1006 ecclesiae
1517 977 1726 1007 visitaverint.

1392 1042 1403 1054 «ι
1429 1029 1595 1060 Gloriosus
1618 1030 1704 1060 Deus
1725 1030 1797 1060 in...
1822 1048 1860 1052 —
1882 1031 1951 1060 Dat.
1977 1031 2059 1069 apud
2078 1026 2362 1069 Urbemveterem,
2391 1062 2394 1067 ,

1349 1092 1417 1112 vnn
1435 1082 1589 1113 kalendas
1606 1084 1725 1114 martii.
1744 1092 1830 1114 anno
1847 1084 1950 1115 tertio.
1970 1096 1983 1112 1>
2002 1085 2153 1124 (Porum,
2171 1084 2295 1124 23580.)

1897 1157 2022 1189 Orvieto,
2044 1159 2075 1186 13
2091 1159 2194 1186 sevrier
2210 1159 2288 1186 1291.

1390 1220 1426 1248 In
1444 1228 1471 1249 e.
1489 1228 1531 1249 m.
1544 1242 1551 1251 ,
1573 1228 1628 1259 pro
1644 1219 1777 1250 ecclesia
1794 1220 1928 1250 Sanctae
1945 1221 2065 1250 Mariae
2088 1221 2357 1260 Nigropontensi,

1347 1273 1381 1302 in
1414 1272 1523 1302 beatae
1555 1273 1696 1310 Mariae,
1730 1278 1912 1304 sanctorum
1943 1273 2106 1304 Johannis
2138 1274 2298 1313 Baptistae
2329 1279 2360 1307 et

1346 1326 1508 1356 Johannis
1534 1326 1756 1364 Evangelistae
1781 1327 2023 1363 festivitatibus,
2049 1337 2104 1366 per
2128 1332 2198 1358 octo
2221 1328 2288 1358 dies
2311 1337 2359 1360 se-

1347 1384 1499 1418 quentes,
1526 1384 1557 1409 et
1581 1379 1614 1408 iu
1641 1380 1865 1410 anniversario
1892 1380 1944 1410 die
1973 1380 2185 1411 dedicationis
2214 1380 2358 1419 ejusdem

1348 1434 1510 1465 ecelesiae.

1388 1501 1401 1514 «
1421 1489 1493 1518 Vite
1509 1488 1660 1527 perennis
1674 1488 1814 1527 gloria...
1834 1506 1872 1510 —
1889 1489 1959 1519 Dat.
1980 1490 2062 1529 apud
2081 1489 2355 1528 Urbemveterem‚

1346 1542 1453 1572 idibus
1471 1542 1636 1580 februarii,
1653 1551 1739 1572 anno
1757 1542 1860 1573 tertio.
1883 1555 1896 1570 1>

1388 1597 1425 1625 In
1447 1604 1474 1625 e.
1497 1605 1559 1633 m.,
1579 1604 1636 1635 pro
1653 1595 1784 1626 ecclesia
1801 1595 1936 1626 Sanctae
1953 1596 2075 1626 Mariae
2089 1596 2301 1634 Atheniensi,
2321 1596 2354 1627 in
2382 1623 2383 1626 ,

1346 1650 1455 1679 beatae
1473 1649 1595 1679 Mariae
1610 1653 1641 1680 et
1656 1653 1840 1680 sanctorum
1855 1650 1965 1680 Jacobi
1982 1649 2115 1689 apostoli
2131 1654 2162 1680 et
2184 1649 2280 1688 Eligii
2295 1649 2356 1681 fes·
2384 1648 2386 1650 ’
2400 1649 2407 1655 ’

1347 1703 1532 1740 tivitatibus,
1551 1712 1607 1742 per
1622 1706 1690 1733 octo
1705 1703 1773 1733 dies
1789 1708 1959 1742 sequentes
1975 1707 2002 1733 et
2021 1704 2054 1733 in
2070 1703 2294 1734 anniversario
2305 1703 2358 1734 die

1345 1756 1560 1800 dedicationis
1576 1756 1721 1795 ejusdem
1740 1756 1902 1787 ecclesiae.
1922 1757 1992 1786 Dat.
2013 1761 2046 1786 ut
2063 1765 2168 1796 supra.

1386 1810 1424 1840 In
1452 1819 1479 1839 e.
1511 1819 1569 1847 m.,
1598 1819 1653 1848 pro
1678 1810 1812 1840 eeclesia
1841 1811 1956 1840 Beatae
1983 1811 2104 1840 Mariae
2128 1810 2292 1848 Thebana,
2320 1809 2354 1840 in

1347 1864 1454 1893 heatae
1471 1863 1592 1893 Mariae
1610 1867 1640 1892 et
1655 1867 1839 1905 sanctorum
1859 1864 2024 1894 Laurentii
2043 1867 2074 1893 et
2093 1863 2255 1894 Vincentii
2270 1862 2356 1894 festi·
2379 1895 2383 1897 ,

1345 1917 1511 1952 vitatibuS,
1532 1926 1588 1956 per
1605 1921 1674 1947 octo
1690 1917 1758 1947 dies
1776 1921 1946 1956 sequentes
1969 1921 1999 1947 et
2014 1917 2047 1946 in
2067 1917 2288 1948 anniversario
2305 1916 2357 1949 die

1345 1970 1553 2000 dedicationis
1569 1970 1713 2008 ejusdem
1732 1970 1895 2000 ecclesiae.
1912 1971 1983 2000 Dat.
2001 1975 2157 2013 utsupra.

1389 2024 1423 2053 In
1442 2033 1469 2054 e.
1487 2032 1543 2059 m.,
1561 2032 1617 2062 pro
1630 2023 1804 2054 cathedrali
1821 2023 1952 2054 ecclesia
1967 2023 2180 2062 Argolicensi,
2198 2024 2232 2054 in
2248 2023 2375 2066 beatae·

1347 2078 1466 2107 Mariae
1491 2082 1521 2107 et
1543 2082 1726 2107 sanctorum
1751 2077 1838 2107 Petri
1866 2081 1896 2106 et
1920 2077 2012 2107 Pauli
2040 2077 2273 2114 festivitatibus,
2302 2086 2378 2118 per‘

1345 2135 1413 2161 octo
1436 2131 1503 2160 dies
1528 2135 1696 2170 sequentes
1723 2134 1752 2160 et
1774 2131 1809 2160 in
1830 2131 2052 2161 anniversario
2074 2131 2126 2161 die
2147 2131 2356 2162 dedicationis

1345 2184 1490 2224 ejusdem
1505 2184 1667 2214 ecclesiae.
1687 2184 1758 2214 Dat.
1780 2188 1813 2214 ut
1829 2193 1934 2223 supra.

1387 2239 1423 2268 In
1438 2247 1464 2267 e.
1486 2247 1542 2273 m.,
1559 2246 1615 2276 pro
1629 2238 1761 2268 ecclesia
1777 2237 1887 2268 Sancti
1905 2237 1989 2268 Petri
2006 2237 2044 2268 de
2058 2238 2221 2276 Zagaroto,
2237 2238 2355 2269 Penes·
2387 2253 2389 2258 .

1347 2291 1448 2321 trinae
1471 2290 1645 2328 dioecesis,
1664 2291 1697 2320 in
1718 2291 1819 2321 sancti
1842 2291 1928 2320 Petri
1951 2291 2194 2329 festivitatibus,
2215 2300 2271 2330 per
2286 2294 2355 2322 octo

1345 2345 1423 2382 dies,
1442 2348 1501 2376 etc.
1520 2344 1591 2374 Dat.
1613 2349 1766 2383 utsupra.

1891 2384 2018 2416 Orvieto,
2038 2385 2069 2412 15
2085 2385 2188 2412 fevi-iet·
2205 2385 2283 2413 1291.

1386 2448 1423 2477 In
1441 2456 1468 2478 e.
1486 2456 1543 2482 m.,
1564 2456 1619 2486 pro
1636 2447 1768 2477 ecclesia
1792 2470 1811 2476 ..
1834 2446 1956 2477 abbatis
1979 2451 2009 2476 et
2031 2451 2208 2477 conventus
2228 2454 2354 2478 monas·
2374 2447 2381 2470 ἐ

1346 2501 1418 2531 terii
1438 2492 1683 2538 Admuntensis,
1701 2500 1824 2530 ordinis
1843 2500 1875 2530 S.
1898 2500 2077 2537 Benedicti,
2095 2499 2354 2538 Satzeburgensis

1345 2554 1514 2591 dioecesis,
1530 2554 1563 2583 in
1581 2553 1690 2583 heatae
1705 2553 1825 2583 Mariae
1839 2557 1869 2583 et
1884 2553 1984 2583 sancti
2003 2553 2103 2583 Blasii
2120 2552 2352 2590 festivitatibus,
2382 2578 2386 2586 ,

1346 2618 1401 2647 per
1424 2610 1493 2639 octo
1517 2608 1585 2637 dies
1606 2611 1775 2646 sequentes
1797 2612 1827 2636 et
1849 2607 1882 2636 in
1907 2607 2131 2637 anniversario
2154 2606 2205 2637 die
2230 2605 2353 2637 dedica-
2387 2630 2390 2635 .

1347 2662 1445 2692 tionis
1480 2661 1624 2700 ejusdem
1655 2660 1817 2690 ecclesiae.
1850 2660 1920 2690 Dat.
1955 2659 2039 2699 apud
2071 2659 2351 2699 Urbemveterem‚
2387 2670 2391 2675 ’

1345 2725 1385 2744 xv
1401 2714 1555 2745 kalendas
1576 2713 1703 2754 martii,
1718 2722 1805 2744 anno
1823 2713 1926 2744 tertio.

1886 2786 2018 2821 Orvieto,
2036 2787 2068 2814 13
2084 2787 2188 2814 tevi-ier
2204 2785 2284 2815 1291.

1386 2852 1424 2881 In
1444 2861 1471 2881 e.
1490 2860 1546 2887 m.,
1567 2859 1620 2890 pro
1635 2849 1768 2880 ecclesia
1784 2849 1892 2880 Sancti
1915 2850 2046 2879 Martini
2063 2849 2102 2880 de
2119 2849 2276 2886 Barastre.
2292 2847 2352 2880 Ga·
2368 2855 2370 2860 ·
2388 2855 2389 2858 ’
2442 2870 2446 2880 .

1346 2904 1540 2935 meranensis
1560 2904 1728 2940 dioecesis,
1746 2904 1780 2933 in
1799 2903 1907 2933 beatae
1924 2903 2043 2933 Mariae
2059 2905 2088 2934 et
2103 2903 2206 2933 sancti
2226 2901 2351 2933 Martini

1345 2958 1571 2989 festivitatibus
1587 2963 1618 2988 et
1633 2967 1688 2997 per
1706 2962 1774 2988 octo
1791 2957 1859 2987 dies
1875 2961 2053 2996 sequentes.

1388 3024 1401 3038 α
1421 3012 1501 3041 Loca
1517 3015 1699 3041 sauctorum
1721 3011 1905 3041 omnium...
1930 3027 1961 3032 —-
1986 3010 2056 3040 Dat.
2078 3009 2161 3049 apud
2180 3009 2352 3041 Urbemve-
2376 3034 2389 3046 ,,

1348 3069 1458 3102 terem,
1475 3065 1581 3095 idibus
1599 3065 1761 3101 februarii,
1778 3072 1864 3094 anno
1882 3064 1982 3094 tertio.
2004 3075 2016 3090 a
2033 3063 2093 3103 (En
2105 3063 2235 3102 marye.)
