2342 3652
911 382 1144 421 TRoisniME
1165 381 1322 421 ΑΝΝΕΕ.
2108 397 2164 427 447

70 471 104 492 se
119 460 157 491 ad
175 460 305 491 ordines
321 459 447 489 statutis
466 457 662 496 temporibus
679 457 858 495 promoveri
874 457 978 486 facere
995 461 1025 486 et
1043 457 1077 486 in

71 513 203 545 ecclesia
226 521 283 542 sua
304 512 444 542 residere
460 509 671 549 personaliter
690 514 843 539 teneatur.

113 580 126 593 ι
146 565 332 596 Laudabilis
348 562 600 594 conversationis
619 565 686 592 et...
703 578 741 583 —
758 562 828 592 Dat.
848 563 961 599 Rome,
980 566 1014 591 ut
1030 571 1078 591 su-

71 629 138 660 pra,
155 619 248 648 nonis
270 618 364 653 maii,
379 625 465 647 anno
484 615 584 645 tertio.
605 627 618 641 ι

140 776 255 807 ἓθῖθ

105 839 224 866 Mutatio
238 838 379 863 bonorum
395 837 470 863 inter
492 838 661 872 episcopum
687 836 874 863 Leodiensem
891 841 920 862 et
936 838 1081 862 monaste-

71 889 144 916 rium
159 887 265 913 Montis
281 885 405 912 Cornelii
422 885 508 912 facta.
527 885 608 915 (Rae.
634 884 676 916 45,
693 892 719 911 c.
738 884 802 918 172,
819 885 838 910 f.
856 884 888 911 30
904 891 944 915 102
963 883 1030 910 Lm.
1046 891 1082 910 nu

70 936 166 967 Tuam,
184 934 242 968 111,
262 934 334 967 125.)

407 773 768 807 Sainte-Marie-MaJ'eure‚
788 773 820 799 18
836 781 914 799 mars
933 773 1007 800 1290.

111 1061 131 1068 ..
148 1038 248 1067 abbati
262 1037 442 1065 monasterii
458 1036 563 1065 Sancti
577 1036 681 1065 Jacobs
699 1036 877 1064 Leodz'ensis.
902 1047 914 1060 α
934 1034 976 1063 Ex
995 1038 1081 1072 parte

71 1089 261 1121 venerabilis
274 1089 380 1118 fratris
395 1089 497 1119 nostri
509 1089 555 1125 «1.,
574 1089 724 1127 episcopi,
745 1093 774 1117 et
791 1088 980 1118 dilectorum
1000 1087 1083 1117 filio—

71 1153 143 1175 rum
157 1142 288 1182 capituli
306 1142 493 1172 Leodiensis
520 1151 554 1172 ac
580 1166 599 1172 ..
630 1142 751 1172 abbatis
770 1147 800 1171 et
816 1146 990 1172 conventus
1013 1150 1082 1171 mo-

72 1197 203 1228 nasterii
218 1197 337 1226 Montis
352 1196 507 1233 Cornelii,
525 1197 837 1226 Premonstratensis
853 1196 984 1231 ordinis,
1004 1195 1082 1225 Leo-

71 1251 191 1282 'diensis
209 1250 360 1286 diocesis,
379 1249 437 1279 fuit
456 1250 637 1288 expositum
654 1258 763 1279 coram
783 1249 876 1279 nobis
892 1249 990 1288 quod,
1008 1257 1081 1278 cum

34 1322 41 1327 -
72 1303 301 1334 monasterium
317 1303 436 1341 ipsum,
451 1302 484 1331 in
502 1302 607 1332 medio
620 1302 761 1331 nationis
778 1311 875 1340 prave
892 1306 922 1331 et
938 1310 1083 1340 perverse

74 1357 231 1396 positum,
257 1365 275 1386 a
300 1354 468 1385 nonnullis
489 1355 544 1394 qui
561 1355 700 1384 letantur
721 1364 793 1384 cum
815 1355 1035 1384 malefecerint
1052 1359 1082 1384 et

71 1409 214 1440 exultant
228 1409 262 1438 in
285 1409 379 1438 rebus
396 1409 541 1447 pessimis
565 1408 643 1438 adeo
665 1413 850 1446 gravaretur
873 1413 902 1437 et
922 1409 1081 1447 opprime—

73 1467 158 1493 retur
188 1463 271 1501 quod
301 1462 378 1492 dicti
408 1462 504 1492 abbas
534 1465 563 1491 et
589 1466 767 1491 conventus
799 1471 860 1491 non
888 1465 1014 1500 possent
1042 1461 1081 1491 ab

73 1516 256 1555 hujusmodi
268 1515 510 1554 gravaminibus
530 1520 560 1545 et
574 1515 832 1553 oppressionibus
852 1515 1007 1553 respirare
1023 1523 1082 1544 nec

71 1571 190 1600 ibidem
214 1570 249 1599 in
272 1570 379 1608 quiete
402 1570 535 1609 spiritus
559 1569 709 1598 devotum
735 1569 875 1598 Domino
895 1569 1080 1607 impendere

73 1623 279 1659 famulatum,
306 1624 392 1653 idem
422 1623 606 1661 episcopus,
636 1623 680 1651 eis
701 1631 794 1660 super
817 1623 875 1652 hoc
897 1622 946 1660 pio
968 1623 1080 1651 affectu

72 1677 282 1716 compatiens,
307 1676 396 1714 ipsis,
419 1675 458 1705 de
479 1684 638 1705 consensu
657 1674 788 1714 capituli
806 1676 872 1710 sui,
895 1675 1079 1704 Leodiensis

73 1729 203 1760 ecclesie
222 1729 354 1759 domum
374 1733 404 1759 et
427 1733 548 1758 curtem
569 1729 685 1758 dictam
709 1728 748 1757 de
775 1728 969 1757 Belloreditu
988 1728 1022 1757 in
1038 1728 1080 1757 ci-

71 1783 167 1813 vitate
191 1782 363 1813 Leodiensi
388 1791 424 1812 ac
444 1782 598 1821 quasdam
617 1781 696 1811 alias
713 1786 824 1818 terras,
845 1782 1078 1820 possessiones,

71 1838 212 1869 redditus
227 1843 257 1868 et
268 1839 342 1877 jura
357 1837 397 1867 ad
412 1838 516 1876 ipsum
540 1842 571 1867 et
594 1837 804 1867 Leodiensem
822 1836 988 1867 ecclesiam
1008 1846 1078 1875 per-

73 1892 204 1922 tinentia
222 1891 373 1927 contulit,
396 1896 425 1921 et
447 1900 484 1922 ea
505 1900 578 1921 cum
596 1891 718 1920 eisdem
735 1891 846 1920 abbate
874 1895 903 1920 et
918 1895 1077 1921 conventu

72 1954 126 1985 pro
140 1945 331 1985 quibusdam
347 1944 420 1974 aliis
439 1945 543 1980 terris,
561 1944 740 1974 redditibus
756 1949 786 1974 et
798 1945 925 1983 juribus
940 1945 979 1974 ad
994 1945 1079 1983 ipsos

72 2003 103 2028 et
119 1999 239 2028 dictum
261 1998 493 2028 monasterium
513 1998 730 2036 spectantibus
745 1998 954 2036 permutavit,
973 2007 1008 2029 ac
1023 1999 1078 2028 ab·

72 2052 134 2083 bati
149 2056 180 2082 et
190 2052 362 2082 conventui
375 2052 532 2082 concessit
545 2051 666 2081 eisdem
681 2055 716 2080 ut
727 2051 767 2080 ad
780 2052 956 2089 predictum
974 2052 1078 2082 locum

72 2105 111 2136 de
137 2105 334 2137 Belloreditu
361 2105 530 2144 pacificum
560 2109 590 2134 et
621 2104 774 2142 religioni
801 2113 979 2142 congruum
1006 2114 1078 2135 cum

70 2160 220 2191 omnibus
232 2159 424 2198 privilegiis,
438 2159 663 2197 indulgentiis,
682 2159 805 2196 gratiis,
821 2160 1080 2189 concessionibus

72 2217 103 2244 et
116 2213 188 2243 aliis
203 2213 460 2252 quibuscumque
478 2212 616 2251 juribus,
635 2221 838 2251 quocumque
855 2212 986 2241 nomine
1004 2220 1078 2242 cen-

72 2270 218 2303 seantur,
236 2275 298 2304 que
315 2266 391 2304 ipsis
414 2265 519 2295 abbati
540 2269 570 2294 et
585 2265 759 2294 conventui
777 2265 898 2294 ratione
915 2265 989 2294 dicti
1008 2274 1078 2295 mo—

73 2319 201 2349 nasterii
215 2319 447 2357 competebant,
459 2318 695 2357 possentlibere
712 2327 744 2347 se
759 2318 942 2353 transferre,
957 2318 1078 2348 ibidem

73 2376 222 2412 perpetuo
245 2372 279 2402 in
300 2371 463 2410 obsequiis
495 2371 719 2401 mandatorum
747 2371 878 2400 Domini
905 2371 1078 2407 moraturi,

72 2429 163 2464 prout
177 2425 212 2455 in
227 2425 409 2463 patentibus
425 2424 541 2454 litteris
558 2424 633 2453 inde
649 2424 811 2460 consectis,
832 2424 979 2462 episcopi,
991 2425 1078 2462 capi-

73 2477 146 2516 tuli,
164 2478 288 2508 abbatis
313 2482 344 2508 et
363 2482 541 2508 conventus
563 2477 778 2516 predictorum
799 2477 916 2515 sigillis
932 2477 1076 2514 munitis,

72 2531 198 2572 plenius
211 2531 330 2561 dicitur
345 2531 514 2561 contineri.
533 2531 638 2567 Quare
654 2531 751 2561 iidem
768 2531 944 2570 episcopus,
961 2532 1080 2569 capitu-

73 2585 152 2623 lum,
168 2585 266 2616 abbas
283 2589 314 2615 et
328 2589 504 2614 conventus
522 2585 613 2614 nobis
626 2584 793 2614 humiliter
809 2584 1029 2623 supplicarunt
1046 2590 1080 2614 ut

75 2638 157 2678 quod
170 2647 266 2678 super
278 2637 339 2668 hoc
356 2638 474 2667 facturn
489 2642 536 2667 est
548 2638 739 2667 confirmare
754 2638 939 2667 auctoritate
955 2642 1079 2676 aposto-

73 2689 136 2721 lica
149 2691 368 2729 dignaremur.
385 2690 468 2726 Quia
480 2698 555 2720 vero
567 2690 658 2720 nobis
675 2699 737 2720 non
751 2694 874 2720 constat
889 2690 927 2720 de
943 2691 1079 2728 premis-

75 2743 129 2782 sis,
146 2743 331 2774 discretioni
350 2748 420 2780 tue,
437 2743 475 2772 de
491 2752 553 2782 qua
570 2743 698 2781 plenam
725 2744 758 2772 in
776 2744 915 2773 Domino
931 2743 1077 2773 fidutiam

74 2797 227 2836 gerimus,
241 2805 297 2836 per
309 2796 482 2835 apostolica
494 2796 610 2834 scripta
621 2796 812 2826 mandamus
825 2801 940 2835 quaten
948 2806 994 2832 us,
1006 2805 1079 2826 con-

75 2849 220 2880 sideratis
237 2849 410 2887 diligenter
425 2849 675 2879 circumstantiis
693 2850 871 2886 universis,
896 2859 992 2887 snper
1007 2850 1078 2888 qui-

75 2903 134 2934 bus
149 2907 235 2933 tuam
250 2902 451 2933 intendimus
468 2902 698 2932 conscientiam
715 2911 848 2932 onerare
859 2925 867 2938 ,
889 2903 913 2931 si
934 2903 987 2931 tibi
1003 2911 1079 2932 con-

75 2955 187 2986 stiterit
202 2955 287 2994 quod
303 2955 489 2994 hujusmodi
506 2956 697 2993 permutatio
717 2960 747 2984 et
771 2956 932 2985 concessio
949 2955 1079 2985 utilitati

68 3003 206 3039 'ecclesie
223 3013 254 3038 et
269 3009 454 3038 monasterii
471 3008 616 3046 expediat
627 3008 851 3047 predictorum,
869 3008 901 3037 id
920 3009 1008 3038 nobis
1025 3018 1080 3047 per

76 3066 145 3092 tuas
159 3061 282 3091 litteras
292 3061 430 3091 fideliter
443 3061 594 3091 iutimare
608 3070 766 3100 procures.
782 3061 853 3090 Dat.
874 3061 984 3100 Rome,
995 3062 1078 3100 apud

1161 457 1311 486 Sanctam
1338 459 1473 489 Mariam
1500 460 1670 499 Maj0rem,
1699 470 1740 490 xv
1758 461 1911 491 kalendas
1932 462 2058 500 aprilis,
2080 471 2166 493 anno

1161 510 1263 539 tertio.
1282 522 1295 536 n

1233 695 1350 724 2880

1198 755 1384 791 Privilegium
1400 762 1494 785 castro
1510 759 1544 785 de
1566 760 1662 786 Aricia
1685 768 1867 787 concessum.
1886 761 1968 793 (Res.
1986 763 2018 789 45
2031 784 2038 797 ‚
2054 771 2079 789 c.
2099 764 2164 797 173,

1161 804 1180 830 s.
1199 804 1231 831 30
1249 812 1289 837 r⁰;
1309 805 1424 839 Pori-R,
1442 807 1550 840 23269.)

1533 697 1890 733 Sainte-Marie-Majeure,
1909 700 1924 727 9
1944 701 1999 727 mai
2016 701 2094 728 1290.

1204 915 1385 944 Hominibus
1403 917 1496 945 castri
1512 917 1547 944 cle
1565 918 1683 952 Aricia,
1701 917 1878 946 Albanensis
1896 918 2031 955 diocesis,
2054 919 2167 948 ecclesie

1162 975 1290 996 romane
1316 967 1471 1003 vassallis,
1493 968 1640 1006 indulget
1666 977 1706 998 ne
1730 974 1855 1008 propter
1874 969 1988 999 delicta
2009 971 2047 1000 ab
2066 977 2167 1000 extra-

1164 1019 1233 1048 neis
1263 1020 1296 1048 in
1324 1021 1466 1058 ipsorum
1493 1025 1575 1050 terra
1599 1022 1772 1051 commissa
1800 1031 1817 1050 a
1847 1023 2046 1052 senatoribus
2071 1023 2168 1053 Urbis

1164 1072 1284 1102 mulcta
1303 1074 1484 1111 pecuniaria
1502 1075 1607 1112 puniri
1624 1075 1756 1112 possint.

1209 1138 1222 1152 ‹
1238 1126 1279 1155 Ex
1298 1129 1383 1165 parte
1403 1131 1544 1158 vestra...
1556 1144 1594 1148 ——
1608 1127 1678 1156 Dat.
1697 1128 1797 1157 Rome
1808 1150 1816 1164 ,
1833 1128 1916 1166 apud
1932 1128 2081 1158 Sanctam
2099 1129 2168 1157 Ma-

1165 1180 1245 1209 riam
1262 1180 1433 1217 Maj0rem‚
1451 1190 1495 1210 vn
1511 1180 1582 1210 idus
1598 1181 1695 1217 maii,
1714 1190 1800 1212 anno
1816 1181 1920 1211 tertio.
1941 1192 1954 1208 ι)

1236 1362 1491 1403 acsi-2682

1201 1436 1384 1472 Dispensatio
1400 1437 1581 1462 matrimonii.
1601 1436 1684 1469 (Rae.
1702 1436 1751 1466 45,
1769 1444 1793 1463 c.
1812 1437 1872 1467 174,
1888 1437 1907 1463 f.
1926 1436 1958 1464 30
1975 1439 2024 1468 vo.)

1548 1373 1894 1409 Sainte-Marie-MaJeure,
1914 1375 1929 1402 8
1946 1375 2002 1401 mai
2020 1375 2098 1402 1290.

1210 1547 1375 1575 Venerabili
1405 1547 1500 1582 fratri
1530 1567 1548 1574 ..
1577 1546 1797 1583 archiepiscopo
1831 1547 1970 1575 Toletano
1999 1546 2168 1576 committit

1162 1604 1320 1639 quatenus
1336 1609 1408 1629 cum
1428 1600 1514 1638 Lupo
1531 1600 1681 1635 Martini,
1697 1599 1818 1635 milite,
1837 1604 1866 1628 et
1884 1599 2011 1629 Terasia
2027 1599 2164 1635 Alfonsi,

1163 1642 1286 1683 civibus
1298 1653 1469 1689 Toletanis,
1486 1653 1650 1690 dispenset
1664 1657 1697 1681 ut
1712 1652 1745 1681 in
1762 1653 1968 1682 matrimonio
1979 1653 2061 1691 quod
2074 1653 2164 1689 olim,

1162 1707 1346 1744 ignorantes
1367 1715 1400 1735 se
1425 1710 1537 1744 quarto
1556 1706 1846 1743 consanguinitatis
1864 1706 1962 1743 gradu
1981 1707 2166 1743 conjunctos

1162 1770 1247 1797 esse,
1271 1764 1497 1790 contraxerunt
1519 1765 1549 1789 et
1571 1759 1606 1788 in
1631 1768 1693 1798 quo
1713 1759 1820 1798 plures
1840 1759 1922 1789 filios
1938 1764 1967 1788 et
1989 1759 2070 1789 filias
2093 1768 2165 1798 pro-

1161 1818 1312 1843 crearunt
1327 1821 1493 1842 remanere
1510 1812 1646 1842 valeant.

1203 1879 1216 1893 α
1242 1867 1358 1896 Petitio
1377 1866 1484 1896 dilecti
1502 1865 1597 1896 filii...
1618 1884 1657 1887 —
1679 1867 1750 1895 Dat.
1774 1866 1890 1900 Rome,
1910 1866 1992 1904 apud
2017 1865 2167 1895 Sanctam

1164 1920 1300 1949 Mariam
1315 1920 1480 1958 Majorem,
1501 1929 1556 1949 vm
1573 1920 1644 1949 idus
1663 1920 1758 1956 maii,
1776 1928 1861 1949 anno
1879 1920 1981 1950 tertio.
2002 1931 2014 1945 n

1521 2000 1878 2034 Sainte-Marie-Majeure,
1899 2000 1926 2026 11
1946 2001 2001 2026 mai
2020 1999 2095 2027 1290.

1201 2065 1240 2094 ln
1255 2073 1282 2094 e.
1297 2073 1341 2093 m.
1358 2087 1378 2094 ..
1395 2064 1540 2102 episcopo
1556 2064 1724 2093 Abulensi.
1740 2064 1881 2093 Eandem
1895 2063 2166 2101 dispensationem

1161 2117 1332 2147 committit
1349 2125 1402 2154 pro
1415 2116 1477 2146 San
1485 2117 1525 2146 tio
1539 2116 1712 2146 «Iohannis.
1730 2115 1842 2150 milite,
1857 2119 1887 2145 et
1905 2114 2078 2152 Blasquita,
2093 2118 2166 2143 nata

1162 2171 1330 2201 Munionis
1346 2169 1498 2206 Eximini,
1515 2169 1637 2204 militis,
1652 2168 1883 2204 Abulensibus,
1900 2169 1967 2206 qui,
1983 2168 2166 2205 ignorantes

1124 2231 1127 2233 ·
1161 2224 1323 2262 quondam
1337 2223 1604 2257 Audierazonem,
1621 2222 1773 2260 praedicti
1787 2221 1891 2251 Santii
1906 2229 2048 2255 uxorem,
2062 2220 2165 2249 eidem

1163 2277 1348 2315 Blasquitae
1387 2277 1478 2306 tertio
1512 2275 1799 2313 consanguinitatis
1829 2274 1929 2312 gradu
1963 2274 2165 2312 conjunctam

1161 2331 1275 2366 fuisse,
1294 2329 1535 2359 matrimonium
1553 2333 1798 2363 contraxerunt,
1823 2329 1856 2357 in
1879 2336 1941 2366 quo
1962 2327 2068 2365 plures
2083 2326 2165 2355 filios

1161 2387 1377 2422 procrearunt.
1396 2383 1468 2412 Dat.
1487 2383 1620 2419 Romae,
1636 2382 1720 2420 apud
1742 2381 1892 2411 Sanctam
1909 2380 2045 2410 Mariam
2063 2380 2162 2417 Maj0-

1161 2445 1238 2472 rem,
1260 2435 1367 2465 vidus
1385 2435 1481 2469 maii,
1500 2443 1586 2464 anno
1603 2435 1704 2465 tertio.

1231 2629 1349 2658 2883
1521 2626 1878 2660 Salute-Marie-Majeure‚
1895 2624 1926 2651 12
1942 2625 1998 2651 mai
2015 2623 2091 2651 1290.

1172 2725 1175 2728 Ι
1194 2691 1237 2718 De
1252 2691 1434 2717 contentione
1451 2690 1524 2716 inter
1544 2689 1646 2715 fratres
1667 2687 1883 2714 Praedicator-es
1903 2690 1931 2713 et
1949 2686 2164 2713 universitatem

1163 2739 1398 2773 Argentinenses.
1415 2737 1496 2770 (Res.
1517 2737 1560 2768 45,
1577 2746 1602 2763 c.
1624 2737 1681 2768 175,
1700 2737 1717 2763 f.
1737 2737 1769 2763 30
1786 2737 1835 2769 vo.)

1206 2847 1369 2877 Venerabili
1381 2846 1478 2883 fratri
1496 2845 1539 2881 G„
1560 2845 1690 2883 episcopo
1713 2845 1938 2881 Arqentinensi.
1958 2855 1971 2870 α
1992 2843 2057 2873 Sua
2072 2843 2164 2873 nobis

1160 2900 1265 2931 dilecti
1282 2898 1340 2928 filii
1356 2921 1378 2927 ..
1397 2898 1482 2936 prior
1498 2902 1528 2927 et
1542 2901 1717 2927 conventus
1735 2897 1868 2926 fratrum
1883 2897 2006 2926 ordinis
2024 2896 2163 2935 predica-

1161 2959 1264 2983 torum
1290 2951 1542 2989 Argentinenses
1565 2950 1716 2988 petitione
1733 2954 1953 2979 monstrarunt
1969 2949 2069 2988 quod,
2089 2958 2164 2979 cum

1159 3007 1235 3038 olim
1253 3006 1336 3034 inter
1348 3005 1451 3042 ipsos,
1469 3013 1505 3033 ex
1523 3008 1607 3042 parte
1624 3012 1705 3043 una,
1724 3008 1754 3032 et
1770 3003 1954 3041 magistros,
1973 3003 2121 3033 consules
2134 3008 2165 3032 et

1162 3059 1401 3090 universitatem
1417 3057 1536 3086 civium
1553 3057 1690 3086 civitatis
1708 3057 1972 3094 Argentinensis,
1990 3065 2026 3086 ex
2043 3056 2141 3086 altera
2155 3080 2162 3092 ,
