2342 3652
951 394 1184 434 TROISIEME
1206 393 1364 433 ANNEE.
2143 401 2200 432 623

104 473 206 512 ipsius
231 470 364 501 ecclesie
389 470 664 508 Cesaraugustane
689 470 938 509 dampnabiliter
959 478 1113 508 occupare

104 534 141 556 ac
155 529 322 563 occupatas
338 523 492 559 detinere,
512 523 547 552 in
563 522 734 562 apostolice
752 523 836 552 sedis
849 527 1066 561 contemptum
1083 526 1113 552 et

106 579 208 618 ipsius
220 576 360 616 episcopi
375 581 406 606 et
418 576 551 606 ecclesie
565 576 840 614 Cesaraugustane
856 576 1068 615 prejudicium
1083 579 1114 604 et

107 639 292 669 gravamen.
323 629 429 665 Quare
458 629 596 667 prefatus
631 630 797 667 episcopus
826 629 916 658 nobis
948 628 1113 657 humiliter

107 683 296 723 supplicavit
315 688 350 712 ut
370 683 536 721 providere
556 691 651 721 super
667 682 727 712 hoc
745 682 784 712 de
801 687 956 721 oportuno
972 681 1114 712 remedio

107 746 304 768 curaremus.
325 736 391 766 Nos
408 736 526 774 itaque,
547 735 692 765 nolentes
714 739 798 765 tante
816 736 1000 765 temeritatis
1015 735 1114 764 auda-

107 791 186 821 tiam
204 789 398 828 impunitam
416 788 576 827 relinqui,
594 797 636 818 ne
656 789 757 827 ipsius
777 789 952 827 impunitas
971 788 1116 827 preberet

107 844 180 874 aliis
196 844 363 873 materiam
380 841 610 880 delinquendi,
628 841 819 870 fraternitati
835 846 937 870 vestre
955 849 1010 879 per
1023 849 1115 879 apos-

108 897 203 928 tolica
218 897 334 936 scripta
349 895 541 925 mandamus
556 899 715 933 quatenus
730 903 784 924 vos
800 894 851 923 vel
867 893 947 923 alter
961 897 1113 929 vestrum,

109 960 165 990 per
177 959 234 980 vos
247 949 297 980 vel
313 958 368 988 per
382 948 484 978 alium
500 957 555 978 seu
571 947 661 984 alios,
677 947 796 986 prefato
814 947 962 977 Fortunio
977 956 1011 976 ex
1029 951 1116 984 parte

110 1007 217 1034 nostra
239 1003 388 1032 inhibere
411 1002 527 1032 curetis
548 1010 588 1031 ne
607 1010 639 1031 se
658 1009 714 1039 pro
738 1000 882 1039 episcopo
905 1000 1115 1037 Cesarangus-

99 1061 184 1087 -tano
198 1064 310 1094 gerere
325 1064 380 1085 seu
397 1056 566 1085 nominare
581 1063 687 1092 neque
703 1054 899 1092 episcopatus
915 1062 969 1082 sen
986 1051 1115 1082 ecclesie

108 1109 385 1147 Cesaraugustane
407 1109 549 1145 fructus⁷
574 1107 717 1137 redditus
739 1111 770 1137 et
788 1111 959 1145 proventus
982 1110 1012 1135 et
1033 1106 1116 1135 bona

108 1171 220 1202 capere
239 1162 291 1193 vel
310 1171 465 1200 occupare
485 1166 540 1191 aut
563 1161 601 1191 de
619 1160 685 1190 illis
706 1169 739 1190 se
758 1159 971 1190 intromittere
990 1167 1116 1197 quoquo

1194 469 1287 499 modo
1306 473 1490 508 presumat,
1509 468 1656 508 quodque
1677 468 1715 498 de
1734 468 1824 498 bonis
1842 473 1873 497 et
1892 467 2070 498 redditibus
2087 467 2199 506 hujus-

1194 521 1283 551 modi
1301 531 1357 560 per
1373 531 1447 552 eum
1463 522 1621 561 occupatis
1641 525 1671 551 et
1690 521 1850 551 distractis
1870 521 1991 550 eisdem
2008 521 2153 559 episcopo
2171 525 2201 550 et

1196 574 1325 604 ecclesie
1347 574 1526 613 plenariam
1550 574 1798 604 satisfactionem
1821 573 2000 612 impendat,
2024 573 2201 603 monitione

1196 628 1360 666 premissa,
1377 637 1432 666 per
1447 636 1615 657 censuram
1629 626 1895 663 ecclesiasticam,⁴
1905 625 2116 665 appellatione
2131 634 2200 656 ces-

1196 685 1303 717 sante,
1320 681 1458 718 cogatis3
1480 681 1625 710 invocato
1644 680 1684 709 ad
1706 679 1782 716 hoc,
1806 680 1834 709 si
1853 688 1930 718 opus
1950 679 2064 716 fuerit,
2083 678 2201 709 auxilio

1195 733 1319 763 brachii
1335 733 1505 769 secularis3
1522 742 1557 763 ac
1575 732 1805 762 nichilominus
1820 733 1925 770 ipsum
1940 741 1977 761 ex
1990 736 2078 770 parte
2093 735 2202 761 nostra

1197 779 1406 826 peremptorie
1421 788 1517 816 citare
1531 787 1660 822 curetis,
1677 791 1709 816 ut
1723 786 1807 815 infra
1825 791 1887 815 tres
1902 794 2028 815 menses
2044 789 2112 823 post
2125 785 2201 815 cita-

1199 840 1318 869 tionem
1336 844 1472 870 vestram
1492 848 1564 869 cum
1580 839 1730 878 predictis
1748 838 1864 868 litteris
1877 861 1885 873 ‚
1904 847 1960 876 per
1979 846 2056 876 quas
2080 846 2113 867 se
2130 845 2201 876 pro-

1197 894 1329 928 curavit,
1348 896 1382 922 ut
1394 892 1576 931 predicitur,
1591 892 1780 927 consecrari,
1797 895 1977 930 compareat
1992 889 2201 929 personaliter

1197 955 1303 976 coram
1317 946 1418 982 nobis,
1436 954 1491 984 pro
1506 945 1628 974 meritis
1642 948 1836 983 recepturus.
1849 944 1943 973 Diem
1955 952 2030 973 vero
2041 943 2201 973 citationis

1199 1004 1228 1029 et
1248 999 1383 1029 formam
1401 1003 1431 1028 et
1457 997 1610 1037 quicquid
1627 997 1661 1026 in
1679 997 1738 1026 hac
1757 1001 1845 1035 parte
1867 997 1937 1026 fieri
1957 996 2126 1034 contigerit
2147 1005 2202 1034 per

1198 1057 1317 1082 vestras
1337 1052 1458 1081 litteras
1477 1051 1593 1080 harum
1610 1051 1726 1080 seriem
1741 1049 1942 1079 continentes
1958 1048 2111 1079 studeatis
2126 1048 2202 1077 fide—

1197 1105 1271 1135 liter
1288 1106 1448 1135 intimare.
1476 1105 1547 1134 Dat.
1574 1103 1658 1142 apud
1682 1103 1960 1139 Urbemveterem,
1985 1111 2030 1131 1111
2049 1100 2201 1131 kalendas

1198 1158 1397 1196 septembris,
1415 1166 1499 1187 anno
1517 1157 1618 1187 tertio.
1638 1168 1651 1182 ν)

700 1962 751 1983 fix
774 1962 828 1982 nEs
850 1960 990 1983 Li-:Traas
1012 1958 1179 1981 cosme-Nes
1202 1959 1240 1979 DE
1263 1959 1301 1979 LA
1323 1951 1490 1978 'rnolsmtm
1512 1949 1624 1976 anxiis.
