2477 3637
291 388 347 418 494
1036 377 1272 409 REGISTRES
1295 377 1348 407 DE
1371 375 1554 406 NICOLAS
1578 375 1632 404 IV.

291 456 401 483 mensis
418 453 553 486 diocesis,
574 475 592 479 ..
612 451 712 488 priori
725 449 951 486 predicatorum
968 452 992 475 et
1009 468 1028 475 ..
1048 446 1222 483 guardiam
1237 445 1295 472 ini—

291 515 399 536 norum
417 507 550 542 fratrum
569 504 711 532 ordinum
729 502 934 529 mentensium
949 498 1121 528 committit
1138 501 1296 536 qnatenus

291 559 475 589 electionem
493 556 651 585 Joliaunis
668 555 742 583 dicti
761 551 1004 591 Westnal.ja1n
1023 551 1188 584 monachi,
1210 557 1296 579 nnnc

290 612 409 641 abbatis
427 609 611 639 monasterii
629 608 666 636 do
686 605 912 641 ltossenvelde,
929 604 1054 634 ordinis
1068 604 1100 634 S.
1119 603 1294 638 Benedicti,

291 663 474 694 Breniensis
491 661 656 694 dioecesis„
677 661 878 689 contirmeut.

330 729 343 743 «
372 715 499 744 liudnni
519 713 711 743 monasterio
731 713 769 740 de
791 710 1043 741 Rossenvelde...
1063 727 1100 732 -
1118 710 1189 739 Dat.
1211 709 1295 748 apud

290 769 560 802 Urbenivetereni,
578 776 594 795 x
612 765 764 795 kalendas
780 764 918 802 augusti,
935 772 1020 793 anno
1040 763 1140 793 tertio.
1160 774 1174 789 »

358 966 474 994 2989
884 962 1011 996 Orvieto,
1029 963 1043 988 7
1059 962 1127 988 aout
1144 961 1220 988 1290.

323 1041 460 1068 Landult'o
475 1041 509 1067 dc
521 1041 678 1076 Columpna
690 1040 840 1066 ecclesiam
854 1038 1026 1065 Sanctorum
1043 1037 1125 1072 Sei-gi
1142 1041 1170 1064 et
1188 1037 1296 1064 Bacchi

287 1091 321 1117 de
338 1091 415 1117 urbo
431 1091 594 1117 committit.
614 1089 695 1121 (Bao.
712 1090 754 1120 45,
770 1097 795 1115 c.
813 1088 877 1119 316,
894 1087 911 1114 s.
931 1088 964 1113 sso
979 1088 1031 1120 vo.)

329 1208 491 1244 leudulfo,
521 1212 590 1236 nato
618 1207 726 1235 nobilis
752 1208 817 1235 viri
840 1206 992 1235 Johannis
1017 1205 1159 1242 Landulfi
1180 1205 1215 1234 de
1240 1205 1294 1234 Co-

288 1262 424 1299 Ιιιηιῃιιιι,
443 1262 587 1290 canonico
605 1261 794 1296 Camolenst',
808 1258 974 1289 ecclesiam
993 1258 1183 1288 Sanctorum
1203 1258 1294 1296 Sergi

287 1319 315 1344 et
334 1314 448 1344 Bacchi
466 1314 503 1343 de
522 1314 623 1350 Urbe,
645 1318 718 1343 tunc
735 1313 860 1352 proprio
880 1312 1037 1342 cardinali
1056 1316 1236 1349 carentem,
1259 1312 1294 1341 in

287 1367 507 1406 spiritualibus
535 1371 565 1396 et
596 1366 839 1405 temporalibus,
871 1375 972 1405 usqne
996 1366 1034 1395 ad
1060 1365 1294 1404 beneplacitum

286 1421 368 1450 sedis
386 1420 591 1459 apostolicae⁷
609 1430 664 1459 per
679 1429 752 1450 eum
772 1419 820 1449 vel
837 1419 916 1450 alios
931 1419 1192 1458 gubernandam,
1211 1427 1295 1449 com-

286 1475 394 1505 mittit.

327 1541 341 1554 «
360 1529 447 1557 Inter
458 1528 520 1557 alia
533 1537 632 1566 qne...
644 1544 683 1549 —-
694 1528 764 1557 Dat.
779 1528 861 1566 apud
877 1527 1152 1564 Urbemveterem,
1166 1536 1210 1556 vn
1221 1527 1294 1556 idus

284 1583 422 1619 augusti.
442 1589 527 1610 anno
545 1581 645 1610 tertio.
665 1592 679 1607 ι

358 1774 477 1802 2990
835 1774 967 1807 Orvieto‚
983 1774 1017 1801 ‘28
1031 1775 1126 1808 juillet
1144 1775 1221 1802 1‘290.

324 1850 530 1884 Indulgentiae.
548 1850 630 1885 (Rau.
653 1850 695 1882 45,
713 1858 738 1877 c.
757 1850 818 1884 317,
836 1851 855 1877 f.
872 1850 905 1877 60
922 1852 973 1883 vo.)

330 1967 481 1996 Universis
503 1967 616 1996 Christi
638 1967 776 2004 fidelibus
795 1972 947 2004 presentes
969 1968 1082 1996 litteras
1106 1969 1294 2005 inspecturis.

287 2020 525 2057 Indulgentiain
545 2020 641 2049 unius
659 2020 737 2049 anni
755 2024 785 2050 et
806 2030 844 2050 Χι,
863 2020 991 2050 dierum
1009 2021 1153 2050 concedit
1171 2022 1216 2051 eis
1238 2022 1294 2060 qui

286 2082 417 2103 inanum
432 2074 630 2111 porrexerint
641 2073 830 2112 adjutricem
844 2074 1133 2111 Avinionensfflus,
1146 2075 1203 2114 qui
1219 2083 1296 2113 pon-

287 2131 348 2156 tem
370 2136 463 2165 supra
482 2127 601 2156 flumen
623 2127 795 2157 Rodanum
814 2127 848 2156 in
869 2131 966 2156 strata
982 2127 1109 2166 publica
1124 2128 1294 2158 aedificare

285 2189 378 2219 opere
395 2185 578 2218 sumptuoso
595 2181 796 2219 inceperunt.

327 2248 340 2260 ι(
358 2235 515 2270 Quoniam
534 2240 566 2264 nt
582 2235 662 2264 ait...
677 2252 715 2256 —
732 2235 802 2265 Dat.
819 2235 902 2273 apud
921 2235 1196 2272 Urbemveterem,
1209 2246 1228 2265 v
1241 2236 1293 2266 ka-

286 2288 394 2318 tendas
411 2289 548 2325 augusti,
566 2297 651 2317 anno
673 2289 773 2318 tertio.
791 2300 803 2315 ι

354 2488 465 2515 2991
881 2488 1009 2520 Orvieto,
1026 2489 1040 2516 3
1056 2490 1124 2517 aout
1141 2490 1218 2518 1290.

319 2563 525 2597 Indulgentiae.
547 2564 629 2596 (ΠΕΟ.
649 2566 692 2598 45,
712 2573 737 2592 c.
757 2565 834 2599 3172,
852 2565 870 2591 ἱ.
888 2565 921 2592 60
937 2567 988 2598 v0.)

323 2701 343 2708 ..
364 2680 620 2717 archipresbytero
648 2685 673 2709 et
696 2682 828 2718 capitulo
854 2682 970 2710 ecclesie
990 2681 1096 2711 Sancti
1115 2682 1234 2712 Andree
1257 2684 1291 2712 (Ie

282 2733 476 2761 lllortarnriis
494 2734 527 2761 de
547 2733 628 2763 Urbe.
652 2734 892 2772 indulgentiam
915 2735 1011 2764 unius
1028 2736 1106 2764 anni
1123 2740 1152 2765 et
1170 2745 1205 2765 xi,
1220 2736 1289 2766 die-

282 2794 352 2814 ruin
369 2786 512 2815 roncodit
528 2787 572 2815 eis
589 2787 642 2825 qui
662 2788 852 2825 praedictam
870 2788 1050 2825 ecclesiam,
1068 2797 1165 2827 quam
1182 2790 1290 2819 Celes-

283 2838 367 2867 tinus
387 2848 463 2877 papa
483 2840 617 2878 propriis
641 2840 791 2869 inanibus
816 2842 1030 2878 consecravit,
1058 2842 1092 2871 iu
1118 2842 1290 2873 festivitate

282 2890 380 2929 ipsius
392 2892 424 2920 S.
439 2893 585 2922 Andreae
600 2898 628 2922 et
644 2894 673 2921 in
691 2894 741 2923 ilie
758 2894 968 2924 dedicationis
980 2895 1122 2934 ejusdem
1137 2895 1289 2926 ecclesiae

283 2948 312 2972 et
328 2954 380 2981 per
395 2950 461 2974 orto
477 2946 544 2974 dies
561 2952 728 2985 sequentes
745 2948 955 2978 visitaverint.

325 3009 336 3022 ιι
360 2998 579 3035 Apostolorum
599 2999 699 3037 gloria
720 3001 838 3030 inter...
857 3017 896 3023 —
915 3002 985 3032 Dat.
1005 3003 1089 3042 apud
1109 3003 1287 3034 Urheinve-

283 3055 392 3086 terent,
412 3060 441 3079 ιιι
461 3060 559 3081 nonas
576 3053 714 3090 angusti,
732 3063 817 3084 anno
837 3056 938 3085 tertio.
959 3068 973 3082 »

1451 441 1568 469 2992
1978 438 2102 470 Orvieto.
2121 439 2136 466 8
2152 440 2220 466 aout
2235 440 2313 467 1290.

1415 504 1526 531 statuta
1552 503 1669 530 fratrum
1699 503 1920 530 Poenitentiuin.
1944 502 2027 535 (Rae.
2045 501 2092 535 ⁴5,
2117 510 2142 528 c.
2165 501 2231 534 318,
2247 501 2266 528 f.
2287 501 2318 529 61
2341 509 2382 536 νος

1380 552 1496 584 Po'rrn.y
1513 552 1622 585 ε23355.)

1422 642 1576 670 Universis
1596 640 1710 670 Christi
1732 640 1871 677 fidelibus
1894 645 2044 678 presentes
2068 641 2184 669 litteras
2209 641 2386 677 inspecturis

1379 694 1584 731 signiticatse
1600 698 1737 723 statuere
1753 698 1787 723 ut
1803 693 1916 723 fratres
1928 692 2052 723 ordinis
2069 691 2309 722 Poenitentium
2324 692 2385 724 sibi

1379 748 1555 777 visitatores
1572 751 1601 776 et
1618 751 1837 785 procuratores
1853 756 1889 776 ex
1905 746 2056 776 fratribus
2071 745 2196 776 ordinis
2209 745 2383 785 minorum,

1378 801 1542 830 ministros
1558 809 1632 830 vero
1647 810 1684 830 ex
1700 809 1757 830 suo
1772 800 1884 830 ordine
1901 799 2031 837 eligant.

1419 867 1433 881 u
1452 854 1650 892 Unigenitus
1663 854 1722 884 Dei
1737 853 1861 883 filins...
1874 870 1914 876 —
1926 853 1996 883 Dat.
2012 853 2095 892 apud
2111 852 2383 890 Urbemveterem,

1378 917 1408 937 vi
1424 908 1495 938 idus
1511 908 1650 946 augusti,
1666 916 1752 938 anno
1770 907 1870 937 tertio.
1890 918 1902 933 ι

1449 1068 1567 1097 2993
1934 1066 2061 1099 Orvieto‚
2082 1066 2111 1092 15
2126 1065 2222 1100 juillet
2237 1065 2315 1093 1290.

1415 1131 1548 1158 Facultas
1563 1130 1740 1157 absolvendi.
1758 1129 1841 1163 (Rea.
1860 1130 1906 1160 45,
1926 1136 1951 1155 c.
1969 1128 2029 1160 319,
2046 1128 2064 1154 s.
2083 1128 2113 1154 61
2132 1130 2178 1159 ro.)

1426 1221 1593 1251 Venerabili
1607 1221 1702 1257 fratri
1720 1219 1869 1255 Michaeli,
1888 1218 2021 1256 episcopo
2038 1218 2186 1253 ovetensi,
2204 1217 2388 1248 facultatem

1379 1273 1526 1304 concedit
1541 1273 1727 1303 absolvendi
1745 1272 1875 1302 clericos
1891 1280 1966 1301 suae
1985 1271 2138 1301 dioecesis
2154 1271 2193 1301 ab
2209 1279 2389 1302 exeommu-

1380 1326 1551 1357 nicationis
1565 1326 1723 1356 sententia
1735 1335 1831 1365 quam
1849 1334 1912 1355 non
1929 1324 2087 1354 solventes
2104 1323 2262 1354 decimam
2272 1324 2389 1355 Terrae

1380 1380 1513 1411 Sanctae
1528 1379 1671 1409 subsidio
1686 1388 1704 1409 a
1717 1378 1853 1409 concilio
1866 1378 2075 1416 Lugdunensi
2087 1377 2270 1416 deputatam
2283 1377 2388 1408 incur·
2432 1380 2436 1381 ’

1378 1434 1490 1470 rei-int,
1506 1433 1533 1461 si
1544 1433 1612 1472 jam
1624 1441 1694 1463 eam
1709 1432 1871 1469 solverint,
1888 1437 1917 1461 et
1929 1430 2138 1470 dispensandi
2149 1439 2223 1461 cum
2237 1431 2282 1460 eis
2294 1439 2388 1470 super

1377 1487 1679 1525 irregularitatibus,
1697 1487 1723 1515 si
1739 1495 1819 1525 quas
1834 1485 1948 1515 exinde
1964 1484 2191 1515 contraxerint.

1421 1552 1434 1567 (ι
1450 1540 1551 1570 Habet
1563 1544 1615 1569 tue
1626 1539 1871 1569 fraternitatis...
1882 1555 1921 1561 —
1933 1539 2005 1569 Dat.
2017 1537 2101 1577 apud
2109 1537 2387 1575 Urbemveterem,
2439 1550 2442 1556 ·

1378 1594 1484 1624 idibus
1500 1593 1593 1632 julii,
1610 1601 1696 1623 anno
1713 1593 1814 1623 tertio.
1835 1604 1848 1618 »

1933 1745 2062 1778 Orvieto,
2079 1744 2113 1771 23
2128 1743 2222 1778 juillet
2239 1742 2318 1770 1290.

1451 1748 1568 1777 2994

1416 1814 1545 1840 Licentia
1556 1811 1709 1839 exercendi
1720 1819 1769 1846 per
1780 1811 1925 1845 aliumjus
1938 1809 2121 1836 visitationis.
2134 1807 2216 1843 (Rae.
2228 1807 2387 1842 45‚0.3ta2,
2438 1839 2442 1842 ῃ
2476 1833 2477 1857 3

1378 1864 1397 1891 f.
1414 1863 1445 1891 61
1464 1864 1515 1895 v0.)

1419 1954 1533 1983 Eidem,

1422 2019 1436 2035 «
1457 2007 1632 2036 Personam
1652 2009 1738 2034 tuam
1753 2004 1830 2034 ob...
1854 2020 1889 2025 -
1912 2003 1982 2032 Dat.
2002 2001 2086 2042 apud
2107 2001 2386 2038 Urbemveterem,

1378 2071 1397 2091 x
1413 2060 1566 2090 kalendas
1582 2059 1721 2097 augusti,
1739 2066 1824 2088 anno
1841 2057 1942 2087 tertio.
1961 2069 1974 2084 n

1451 2219 1570 2249 2995
1936 2215 2062 2249 ornem,
2081 2215 2109 2242 31
2125 2214 2222 2248 juillet
2238 2213 2316 2241 1290.

1414 2283 1558 2318 Episcopo
1574 2281 1730 2308 Huinanati
1747 2280 1876 2306 redditus
1891 2279 2032 2305 ecclesiae
2047 2278 2145 2304 Sancti
2159 2276 2262 2304 Jacobi
2276 2276 2312 2304 de
2327 2284 2387 2304 cas·

1378 2338 1421 2361 tro
1438 2332 1549 2360 Ficardi
1565 2331 1707 2358 concedit.
1725 2330 1809 2364 (Rea.
1827 2329 1871 2360 45,
1891 2337 1917 2356 c.
1935 2328 1997 2362 320,
2013 2328 2032 2354 f.
2049 2327 2080 2354 61
2099 2328 2150 2360 vo.)

1423 2422 1590 2452 Venerabili
1614 2421 1709 2457 fratri
1732 2420 1916 2455 Gerarditto,
1937 2418 2069 2455 episcopo
2092 2416 2279 2452 Ηυιηαηαιί,
2296 2415 2387 2454 cujus

1377 2475 1461 2507 sedis
1487 2478 1598 2504 tenues
1621 2478 1696 2503 sunt
1716 2473 1873 2508 redditus,
1894 2471 2041 2509 indulget
2063 2473 2099 2500 ut
2116 2470 2237 2500 fructus
2262 2472 2293 2499 et
2313 2475 2386 2508 pro-

1377 2534 1490 2560 ventus
1506 2527 1657 2558 ecclesiae
1673 2527 1780 2557 Sancti
1796 2525 1908 2556 Jacobi
1926 2525 1966 2554 de
1982 2528 2084 2554 castro
2101 2522 2241 2559 Ficardi‚
2260 2521 2384 2552 Huma-

1377 2585 1458 2614 natis
1474 2581 1641 2619 dioecesis,
1658 2581 1717 2620 ipsi
1734 2580 1905 2619 subjectae,
1919 2578 2089 2609 accedente
2102 2580 2310 2616 patronorum
2326 2573 2385 2604 lai-

1374 2646 1484 2668 corum
1501 2645 1672 2672 consensu,
1693 2634 1854 2673 percipere
1870 2632 1984 2663 valeat.

1415 2705 1430 2720 «
1459 2689 1634 2721 Desideriis
1660 2689 1722 2719 tuis
1745 2689 1818 2717 in...
1838 2704 1874 2710 —
1898 2687 1968 2716 Dat.
1992 2684 2075 2725 apud
2101 2683 2381 2719 Urhemveterem,

1375 2757 1397 2777 n
1414 2745 1566 2776 kalendas
1581 2743 1722 2781 augusti,
1739 2750 1825 2772 anno
1844 2740 1946 2771 tertio.
1969 2751 1983 2767 »

1444 2903 1698 2933 2996-3006
1930 2899 2055 2930 Orvieto¹
2076 2897 2109 2925 30
2121 2897 2217 2932 juillet
2233 2895 2310 2923 ¹290.

1409 2968 1616 3001 Indulgentiae.
1635 2966 1718 2999 (lim.
1737 2966 1778 2996 45,
1799 2973 1825 2991 c.
1843 2964 1904 2995 3⁴21,
1922 2963 1941 2989 s.
1958 2963 1989 2990 61
2008 2968 2055 2993 v⁰;
2074 2960 2191 2992 Pom..
2209 2958 2318 2991 23343.)

1416 3057 1569 3087 Universts
1588 3057 1702 3085 Christi
1719 3055 1856 3092 fidelibus
1877 3056 2026 3091 presentes
2045 3051 2162 3080 litteras
2185 3046 2376 3086 inspecturis.

2470 2714 2477 2754 ι’
