2477 3637
215 398 219 402 ·
238 388 277 419 38
990 377 1227 409 REGISTRES
1246 377 1301 408 DE
1322 375 1506 408 NICOLAS
1529 375 1585 405 IV.

238 453 327 485 rensi
339 479 346 491 ,
363 453 407 483 eis
425 461 443 481 a
461 448 638 481 venerabili
657 448 752 478 fratre
772 450 879 477 nostro
897 445 1075 485 Dompnio,
1098 444 1243 483 episcopo

238 506 437 542 Catharensi,
457 504 495 534 de
510 503 672 533 voluntate
687 509 722 532 ac
735 508 866 530 assensu
881 498 1024 538 ejusdem
1041 497 1172 528 ecclesie
1187 506 1242 536 pa-

239 565 416 595 tronorum,
435 566 489 597 pro
504 557 572 587 loco
588 556 728 594 ipsorum
740 577 747 590 ‚
765 554 819 592 qui
835 552 915 583 alias
931 552 964 582 in
981 552 1108 581 civitate
1126 550 1243 581 Catha-

238 614 324 645 rensi
335 613 531 643 artissimum
544 610 649 640 locum
663 608 833 644 habebant,
845 606 1019 637 liberaliter
1026 606 1064 635 de
1074 614 1156 636 novo
1166 613 1244 636 con-

238 677 336 702 cessa,
353 666 463 696 divina
477 663 580 694 officia
595 661 802 697 celebrarent,
823 664 853 690 et
874 668 928 698 per
943 659 1116 698 quemdam
1131 667 1243 688 eorum

237 721 368 750 fratrem
394 717 616 757 presbyterum
642 714 814 744 missarum
843 712 1033 752 sollempnia
1061 712 1095 741 in
1123 711 1244 741 honore

238 774 297 804 Dei
313 777 344 803 et
356 772 437 802 beati
456 769 616 811 Dominici
633 767 822 798 confessoris
834 767 973 796 facerent
987 765 1152 799 celebrari,
1170 773 1242 803 pre-

237 827 339 857 dictus
354 825 533 863 episcopus,
551 830 723 852 conversus
738 820 771 849 in
789 828 899 850 arcum
916 827 1117 858 perversum,
1135 821 1245 848 contra

237 879 354 909 factum
382 877 544 917 proprium
571 873 747 910 veniendo,
774 873 935 903 associatis
960 871 1021 902 sibi
1052 870 1243 910 quibusdam

237 932 441 972 presbyteris,v
458 930 497 960 ad
513 929 678 959 ecclesiam
699 928 802 967 ipsam
819 931 849 957 et
863 935 964 965 nsque
981 925 1020 956 ad
1038 926 1108 964 ejus
1122 924 1221 954 altare
1233 947 1242 961 ‚

236 995 301 1016 non
317 986 436 1024 absque
455 983 630 1013 multorum
649 982 821 1012 astantium
837 1006 843 1017 ,
863 980 917 1019 qui
940 979 1006 1010 illic
1028 981 1245 1009 convenerant

236 1040 276 1070 ad
293 1038 482 1077 sollempnia
498 1035 685 1076 hujusmodi
701 1034 873 1070 audienda,
890 1032 1054 1069 scandalo,
1066 1032 1160 1066 ,rahio
1175 1030 1244 1070 (sic)

236 1093 345 1124 hostili
360 1097 390 1122 et·
403 1092 450 1122 ira
462 1090 636 1121 concitatus
651 1089 794 1125 accessit,
814 1092 855 1124 et,
873 1087 1041 1117 retrahens
1055 1094 1153 1115 manu
1170 1093 1243 1124 pro-

235 1147 304 1187 pria
314 1147 419 1185 ipsum
432 1144 652 1183 presbyterum
671 1142 899 1177 celebrantem,
918 1149 989 1171 cum
1001 1141 1068 1179 jam
1080 1140 1114 1168 in
1130 1138 1243 1177 hujus-

235 1200 323 1231 modi
338 1197 536 1237 sollempniis
556 1196 728 1235 incepisset
747 1195 852 1225 dicere
866 1194 1003 1224 Sursum
1018 1191 1128 1229 corda,
1150 1190 1244 1220 illum

236 1253 393 1291 sanguine
420 1249 632 1285 cruentando,
659 1257 695 1278 ac
711 1247 914 1287 postmodnm
936 1246 1057 1275 dictum
1074 1244 1245 1274 Urbanum

235 1307 374 1346 priorem
391 1313 447 1343 per
464 1303 626 1343 caputium
645 1310 740 1331 suurn
761 1300 910 1339 capiens,
932 1299 1010 1328 adeo
1029 1299 1132 1337 ipsum
1153 1304 1245 1326 cons-

236 1360 364 1396 trinxit,
381 1358 503 1389 fortiter
521 1355 728 1395 percutiendo
744 1363 816 1384 enm
832 1378 838 1390 ‚
852 1353 920 1392 jam
936 1361 992 1391 per
1005 1351 1111 1390 ipsum
1126 1349 1246 1388 episco-

235 1423 311 1453 pum
323 1415 516 1452 prostratum
532 1410 571 1439 ad
588 1414 716 1444 terram,
735 1416 835 1446 usque
855 1406 894 1436 ad
911 1405 1101 1435 effusionem
1116 1402 1245 1441 sangui-

234 1467 286 1496 nis
303 1466 416 1496 ictibus
432 1471 539 1503 pugno
552 1462 683 1501 pluries,
701 1460 785 1500 quod
799 1460 903 1490 dictus
917 1459 1069 1489 Urbanus
1082 1456 1247 1487 occasione

236 1518 419 1559 hujusmodi
439 1516 681 1556 percussionum
701 1514 729 1544 ei
751 1523 768 1543 a
787 1513 905 1551 prefato
923 1512 1068 1550 episcopo
1083 1509 1247 1539 illatarum

238 1572 460 1603 infirmitatem
487 1569 661 1599 maximam
693 1572 723 1597 et
751 1567 866 1596 deinde
895 1565 1046 1596 continue
1075 1562 1248 1601 egrotando

239 1631 373 1657 mortem
398 1624 540 1654 noscitur
560 1622 752 1657 incurrisse3
778 1619 916 1659 reliquos
942 1619 1054 1648 fratres
1080 1616 1249 1647 afficiendo

239 1679 424 1710 verberibus
447 1682 478 1707 et
500 1675 740 1706 contumeliosis
761 1674 875 1703 verbis.
902 1672 969 1702 Nec
992 1671 1056 1700 hiis
1080 1674 1249 1700 contentus

239 1734 324 1763 idem
337 1733 513 1770 episcopus,
528 1729 612 1759 mala
626 1728 719 1758 malis
735 1726 953 1762 accumulans,
964 1725 1090 1754 emissis
1102 1725 1135 1753 in
1147 1723 1249 1753 altum

239 1787 369 1817 vocibus
385 1785 489 1814 dicere
506 1784 588 1822 cepit
605 1795 610 1811 :
626 1781 763 1811 «Venite
776 1784 843 1819 post
859 1788 909 1809 me
924 1787 1037 1809 omnes
1053 1781 1082 1807 et
1095 1777 1250 1807 eiciamus

240 1853 252 1867 ι
267 1841 380 1870 fratres
393 1843 480 1868 extra
494 1842 610 1866 terram
626 1839 777 1864 eteorum
790 1834 894 1863 locum
906 1832 1033 1871 penitus
1047 1830 1244 1860 deleamus.»

241 1894 369 1932 Sicque,
380 1901 456 1922 cum
469 1890 629 1930 predictus
638 1889 804 1927 episcopus
813 1886 852 1916 ad
862 1886 967 1916 hostia
974 1884 1104 1915 ecclesie
1114 1884 1145 1914 S.
1156 1882 1250 1913 Pauli

239 1946 463 1982 CatharensiS,
482 1944 534 1973 ubi
551 1943 707 1973 dictorum
730 1941 863 1970 fratrum
887 1939 972 1978 prior
993 1938 1080 1968 locus
1096 1937 1248 1974 habetur,

240 2009 313 2030 cum
342 1997 534 2038 preshyteris
565 1996 728 2034 aliquibus
752 1993 965 2033 pervenisset,
991 2001 1010 2022 a
1034 1989 1067 2021 s'e
1096 1990 1251 2021 modestia

241 2052 411 2092 episcopali
437 2051 564 2090 penitus
586 2049 744 2087 relegata,
771 2047 875 2077 hostia
899 2047 968 2084 ipsa
991 2045 1150 2075 violenter
1174 2052 1248 2082 ape-

240 2107 323 2143 rnit,
346 2115 381 2135 ac
398 2110 520 2144 postea,
541 2104 644 2133 hostio
659 2101 826 2141 cujusdam
842 2100 955 2130 domus
971 2099 1071 2138 ipsius
1087 2098 1147 2127 loci
1162 2101 1250 2127 extra

241 2161 419 2193 cardinem,
438 2159 534 2188 fracto
549 2156 720 2196 repagulo,
743 2160 861 2185 temere
876 2155 944 2193 jam
961 2153 1101 2191 dejecto,
1119 2152 1250 2181 fratrem

241 2213 407 2248 Savinum,
424 2219 613 2241 conversum
629 2209 703 2239 dicti
718 2208 858 2244 ordinis,
876 2207 935 2236 Dei
952 2207 1064 2236 timore
1080 2205 1249 2245 postposito

241 2272 410 2302 etamore,
434 2265 580 2295 atrociter
596 2263 791 2298 verberavit;
816 2261 897 2291 alias
925 2259 1074 2299 predictis
1099 2258 1250 2287 fratribus

241 2321 380 2359 dampna
398 2324 428 2349 et
451 2318 587 2356 injurias
610 2325 673 2346 non
700 2316 824 2345 modica
845 2313 1033 2347 inferendo,
1061 2316 1172 2342 contra
1197 2319 1250 2340 eos

242 2375 331 2405 factis
349 2373 482 2403 diversis
499 2370 712 2411 processibus,
732 2374 761 2399 et
777 2373 887 2399 contra
902 2372 1045 2397 tenorem
1062 2365 1247 2405 privilegio-

240 2437 315 2459 rum
328 2435 460 2457 suorum
473 2424 719 2464 apostolicorum
731 2422 866 2452 diversis
879 2418 1250 2451 excommunicationum

243 2480 409 2511 sententiis
426 2477 702 2516 contrajustitiam
718 2475 911 2511 fulminatis,
926 2475 960 2503 in
973 2474 1081 2503 anime
1094 2481 1150 2501 sue
1167 2471 1251 2510 peri-

243 2535 351 2565 culum
371 2537 401 2563 et
416 2532 571 2562 dictorum
586 2531 697 2570 prioris
714 2535 744 2559 et
759 2529 893 2558 fratrum
910 2536 974 2558 non
993 2526 1151 2556 modicam
1168 2525 1251 2563 inju-

244 2589 340 2625 riam,
359 2586 571 2626 prejudicium
593 2589 622 2614 et
644 2591 829 2621 gravamen.
856 2581 922 2611 Nos
944 2580 1042 2618 igitur
1063 2578 1251 2617 hujusmodi

243 2641 429 2679 gravamina
449 2638 664 2679 predictorum
688 2636 823 2666 fratrum
848 2640 877 2665 et
898 2634 1054 2673 injurias,
1076 2633 1103 2662 si
1120 2632 1252 2662 veritate

244 2695 404 2730 nitantur,
436 2695 734 2731 quantumcumque
756 2690 835 2719 toret
856 2688 918 2727 ipsi
938 2687 1083 2727 episcopo
1106 2685 1251 2715 deferen-

244 2749 332 2785 dum,
348 2747 491 2777 nolentes
507 2746 565 2775 sub
579 2744 808 2783 eqnaniniitate
825 2742 970 2778 transire,
987 2750 1027 2770 ne
1040 2741 1119 2770 forte
1136 2738 1253 2768 transi—

244 2806 316 2832 rent
337 2800 407 2829 aliis
432 2801 464 2829 in
491 2798 690 2837 exemplum,
712 2795 897 2828 discretioni
923 2799 974 2825 tue
1000 2803 1054 2833 per
1080 2791 1253 2832 apostolica

245 2855 360 2893 scripta
383 2853 573 2883 mandamus
592 2855 764 2890 quatennS,
790 2850 816 2879 si
840 2849 897 2879 tibi
913 2857 968 2887 per
990 2847 1108 2878 famam
1127 2845 1176 2875 vel
1199 2854 1253 2883 per

245 2908 433 2945 indaginem
455 2905 631 2935 constiterit
648 2904 686 2933 de
704 2903 867 2942 premissis
880 2925 887 2939 ,
913 2900 1050 2932 eundem
1069 2899 1252 2938 episcopum

246 2972 281 2992 ex
308 2965 392 3000 parte
418 2964 524 2988 nostra
551 2958 758 2997 peremptorie
784 2957 881 2986 citare
909 2963 1079 2994 procures,
1108 2956 1142 2982 ut
1168 2951 1253 2981 infra

245 3020 379 3055 quatuor
395 3021 522 3043 menses
539 3013 605 3050 post
622 3011 802 3040 citationem
828 3014 912 3039 tuam
935 3006 1143 3046 personaliter
1163 3013 1252 3035 com-

245 3073 353 3109 pareat
376 3075 481 3097 coram
509 3065 617 3100 nobis,
645 3064 784 3093 facturus
808 3067 835 3092 et
864 3066 1049 3100 recepturus
1072 3067 1167 3098 super
1192 3057 1252 3088 hoc

1325 443 1409 482 quod
1425 442 1548 481 justitia
1566 441 1721 471 suadebit.
1747 439 1839 470 Diem
1862 448 1937 470 vero
1959 440 2118 470 citationis
2144 443 2175 469 et
2198 438 2333 468 sormam

1325 500 1356 526 et
1370 495 1523 535 quicquid
1540 503 1635 533 super
1657 494 1717 523 hoc
1733 493 1861 523 duxeris
1880 493 2062 524 faciendum
2081 493 2172 524 nobis
2188 501 2243 531 per
2265 495 2335 521 tuas

1326 548 1446 579 litteras
1462 548 1578 578 harum
1601 548 1716 578 seriem
1733 547 1933 577 continentes
1955 547 2082 577 studeas
2099 545 2236 576 fideliter
2254 544 2335 574 inti-

1331 611 1429 632 mare.
1451 602 1520 632 Dat.
1542 602 1658 637 Reate,
1675 600 1769 631 nonis
1785 599 1973 639 septembris
1984 624 1991 637 ,
2007 608 2092 630 anno
2109 600 2222 638 primo.
2240 611 2252 625 n

1398 761 1479 789 241

1362 823 1588 859 lnquisitoribus
1608 823 1635 850 in
1656 823 1803 858 provincia
1826 830 1942 849 romana
1963 821 2075 848 mandat
2099 826 2128 848 ut
2153 821 2335 848 medietatem

1327 874 1468 908 portionis
1491 873 1563 906 ipsis
1586 872 1696 899 ratione
1720 871 1918 906 inquisitionis
1934 875 2102 905 perventae,
2119 870 2266 897 communi
2282 869 2336 897 Vi-

1327 921 1464 948 terbicnsi
1489 921 1630 953 debitam,
1656 928 1829 947 conservare
1853 919 1999 946 studeant.
2026 918 2110 952 (Rau.
2137 919 2186 950 44,
2213 927 2239 946 c.
2269 918 2335 950 126,

1327 971 1346 997 f.
1366 970 1399 997 30
1414 977 1461 1002 v⁰;
1481 969 1598 1003 Pom-1⁸1³„
1615 970 1726 1002 22692.)

1815 757 2030 792 saint-pierre,
2046 758 2080 786 29
2096 759 2165 785 avi-il
2184 758 2261 786 1288.

1368 1073 1487 1102 Dilectis
1507 1073 1583 1110 filiis
1604 1074 1778 1102 Alamanno
1800 1073 1833 1101 de
1857 1072 2051 1108 Balneoreqio
2071 1076 2097 1100 et
2118 1069 2276 1100 Francisco
2305 1070 2340 1100 de

1327 1127 1430 1162 Reate,
1449 1126 1568 1155 ordinis
1583 1127 1759 1163 minorum,
1779 1126 2013 1164 inquisitoribus
2030 1125 2156 1154 heretice
2173 1124 2340 1162 pravitatis

1328 1179 1361 1207 in
1378 1187 1510 1208 romana
1527 1180 1699 1215 provintia,
1719 1178 1850 1208 mandat
1867 1182 2041 1217 quatenus,
2060 1185 2133 1207 curn
2150 1176 2188 1206 de
2207 1180 2340 1207 conten-

1329 1231 1469 1261 tionibus
1488 1231 1573 1261 inter
1589 1230 1730 1262 nobilem
1753 1232 1859 1261 virum
1884 1231 2003 1261 Ursum
2032 1228 2071 1259 de
2102 1229 2178 1260 filiis
2206 1229 2283 1260 Ursi
2309 1233 2341 1260 et.

1329 1292 1504 1313 commune
1533 1283 1734 1313 viterbiense
1762 1293 1856 1323 super
1880 1282 2047 1313 nonnullis
2075 1283 2187 1313 castris
2214 1286 2245 1313 et
2267 1281 2341 1312 aliis

1329 1337 1424 1367 rebus
1445 1337 1575 1373 exortis,
1604 1337 1841 1367 interveniente
1869 1338 1966 1367 fratre
1996 1337 2122 1375 Augelo
2149 1337 2189 1367 de
2214 1337 2335 1374 Reate,

1329 1391 1451 1437 ordinis
1478 1391 1660 1427 minorum,
1689 1395 1764 1421 tuuc
1789 1391 1979 1430 inquisitore
1995 1391 2160 1430 pravitatis
2179 1390 2341 1421 hereticae

1329 1444 1363 1473 in
1375 1452 1509 1474 romana
1522 1443 1693 1482 provintia,
1707 1444 1804 1474 fuerit
1815 1445 1895 1474 facta
1910 1444 2082 1475 concordia
2095 1444 2343 1484 quampluribus

1330 1497 1430 1536 pactis
1447 1500 1478 1527 et
1497 1498 1764 1528 conventionibus
1791 1498 1877 1527 infra
1898 1502 1982 1528 certa
2005 1498 2044 1527 ad
2070 1498 2147 1528 haec
2167 1497 2342 1528 constituta

1332 1555 1473 1589 tempora
1488 1550 1706 1589 adimplendis
1719 1573 1727 1587 ‚
1753 1551 1835 1581 sicut
1853 1551 1887 1580 iu
1906 1550 2022 1581 litteris
2040 1551 2178 1582 Honor-ii
2194 1559 2292 1590 papae
2311 1554 2342 1581 et

1331 1604 1430 1634 variis
1444 1604 1671 1634 instrumentis
1687 1605 1880 1640 continetur,
1897 1609 1928 1634 et
1939 1605 2007 1643 J'am
2020 1604 2105 1634 dicta
2122 1609 2261 1643 tempora
2275 1604 2343 1634 siut

1332 1657 1457 1697 elapsa,
1485 1658 1629 1688 nondum
1647 1662 1753 1688 tamen
1770 1658 1928 1697 praedicta
1948 1662 2034 1697 pacta
2050 1658 2116 1687 sint
2130 1657 2262 1696 impleta
2277 1680 2284 1692 ‚
2314 1657 2342 1687 si

1332 1720 1387 1751 pro
1405 1711 1517 1741 eodem
1534 1711 1635 1747 Urso,
1653 1721 1708 1750 per
1724 1713 1892 1749 magistros
1914 1711 2103 1748 Deodatum,
2120 1711 2342 1747 Lexoviensis,

1332 1765 1507 1803 Rogerium
1538 1765 1576 1794 de
1603 1764 1757 1802 Salerno,
1786 1765 2036 1795 Panormitanae
2058 1763 2267 1794 ecclesiarum
2291 1772 2342 1793 ar-

1331 1818 1548 1855 chidiaconOS,
1567 1817 1748 1857 capellanos
1764 1827 1874 1857 papae,
1894 1822 1923 1848 et
1939 1818 2131 1854 Fidantiam,
2149 1817 2341 1847 canonicum

1334 1871 1636 1909 Balneoregensem,
1653 1871 1770 1910 quibus
1789 1880 1884 1901 causa
1904 1870 2139 1900 discordiarum
2163 1869 2342 1909 praedicta-

1333 1934 1405 1954 rum
1421 1925 1481 1954 fuit
1497 1925 1668 1955 commissa
1679 1948 1686 1961 ‚
1707 1925 1866 1954 sententia
1883 1925 1981 1954 fuerit
2001 1923 2202 1963 promulgata
2223 1931 2282 1953 nec
2297 1922 2342 1952 le-

1333 1978 1446 2016 gitima
1472 1978 1693 2016 provocatione
1709 1986 1880 2016 suspensa,
1905 1986 1941 2007 ex
1961 1982 2034 2007 tunc
2050 1976 2253 2007 medietatem
2270 1984 2341 2016 por-

1336 2031 1431 2061 tionis
1454 2039 1536 2069 quae
1558 2031 1598 2060 ad
1621 2039 1737 2060 manus
1761 2031 1905 2069 ipsorum
1928 2030 2104 2060 Alamanni
2127 2034 2158 2060 et
2181 2029 2344 2060 Francisci

1332 2084 1454 2114 ratione
1487 2084 1710 2123 inquisitionis
1750 2084 1952 2122 pervenerit,
1996 2084 2136 2114 debitam
2177 2083 2344 2114 communi

1332 2138 1488 2176 praefato,
1506 2145 1695 2167 conservare
1711 2137 1874 2173 studeant,
1901 2137 1985 2167 nihil
2001 2137 2040 2167 de
2057 2138 2125 2176 ipsa
2140 2135 2341 2176 disponendo

1333 2192 1403 2221 sine
1419 2191 1548 2230 speciali
1564 2191 1649 2220 sedis
1667 2191 1859 2229 apostolicae
1879 2191 2041 2221 mandato.

1375 2257 1387 2273 u
1406 2245 1556 2284 Exposuit
1573 2245 1665 2275 nobis
1680 2244 1852 2275 dilectus...
1867 2262 1906 2266 —
1920 2244 1989 2274 Dat.
2007 2245 2118 2282 Rome,
2135 2244 2220 2285 apud
2235 2244 2268 2276 S.
2285 2245 2344 2275 Pe-

1335 2303 1436 2335 trum,
1455 2308 1490 2328 111
1507 2298 1661 2328 kalendas
1677 2298 1771 2334 maii,
1790 2306 1876 2328 anno
1892 2298 2005 2337 primo.
2027 2310 2041 2325 1>

1406 2465 1493 2493 242
1952 2464 2042 2495 Rieu,
2062 2465 2094 2493 13
2109 2465 2177 2492 aout
2193 2465 2272 2493 1288.

1371 2527 1478 2554 Rector
1499 2527 1638 2554 ecclesiae
1662 2527 1696 2553 de
1719 2526 1927 2563 Synclindonc,
1953 2527 2162 2555 Lincolnicnsis
2184 2527 2342 2560 dioecesis,

1335 2578 1440 2604 citatur
1455 2585 1550 2604 coram
1567 2577 1634 2603 sede
1652 2577 1819 2612 apostolica.
1837 2577 1919 2610 (Iliso.
1938 2578 1985 2607 lli.
2003 2585 2028 2604 c.
2051 2577 2109 2611 127,
2124 2577 2144 2604 f.
2162 2577 2192 2605 31
2211 2579 2260 2610 νο.)

1378 2681 1496 2709 Diteccis
1513 2680 1587 2717 filiis
1605 2680 1753 2717 maffl'stro
1770 2680 1889 2716 Gifredo
1905 2681 1938 2709 de
1962 2681 2087 2719 Vezano,
2106 2679 2343 2714 Cameracensis,

1335 2743 1450 2764 camere
1469 2738 1570 2762 nostre
1587 2734 1709 2770 elerico,
1736 2738 1761 2762 et
1783 2734 1919 2763 ,ΙοΙιαηηῐ
1943 2735 1977 2764 de
1997 2735 2072 2764 Luco
2084 2758 2091 2772 ,
2109 2734 2343 2772 Londomssensis,

1336 2796 1369 2816 ac
1385 2787 1519 2823 Sitvaqio
1538 2787 1571 2815 de
1591 2787 1760 2824 Florentia,
1786 2787 1896 2817 Sancte
1915 2787 2004 2824 Cede,
2024 2787 2256 2817 Conventrenszts
2276 2788 2344 2817 dio-

1336 2842 1408 2870 cesis
1424 2863 1432 2876 ‚
1464 2841 1657 2869 ecclesiarmn
1681 2843 1855 2878 cononicis,
1882 2843 1914 2871 in
1936 2842 2047 2879 Αηῃίία
2073 2843 2343 2872 commorantibus.

1341 2906 1353 2920 ι
1376 2893 1437 2924 Sua
1460 2893 1551 2922 nobis
1583 2892 1718 2923 dilectus
1749 2894 1833 2924 tilius
1855 2894 2049 2931 Bonifatius,
2076 2894 2250 2924 canonicus
2279 2893 2343 2924 Bo-

1337 2946 1513 2981 noniensis,
1531 2955 1628 2985 nepos
1647 2947 1727 2977 hone¹
1745 2948 1899 2978 memorie
1914 2948 1964 2984 O.,
1983 2947 2097 2978 Sancte
2115 2947 2216 2977 Mario
2233 2948 2266 2977 in
2284 2947 2345 2977 Via

1337 2999 1413 3029 Lata
1432 2999 1557 3029 diaconi
1578 3000 1768 3039 cardinalis,
1789 3002 1938 3040 petitione
1955 3001 2079 3032 monuit
2094 3000 2177 3040 quod
2199 3000 2276 3031 olim
2291 3001 2344 3030 in-

1336 3057 1382 3084 ter
1397 3053 1504 3092 ipsum
1523 3057 1553 3082 et
1573 3053 1736 3092 quondam
1755 3055 1927 3093 Rogerium
1940 3078 1948 3091 ,
1965 3054 2229 3085 archidiaconum
2249 3054 2345 3084 Hun-
