2342 3652
854 361 1074 402 PREMOERE
1096 361 1254 401 ANNEE.
2062 370 2102 400 83

66 448 154 476 434
296 442 651 477 Salute-Marie-Majeure,
667 441 701 467 ‘23
717 439 865 466 decembre
883 437 960 465 1288.

49 510 209 538 Universos
234 507 394 534 haereticos
419 510 448 533 et
471 514 569 532 eorum
589 504 715 531 fautores
737 500 965 528 excommunicat
987 503 1015 526 et

15 558 241 586 anathematizat.
262 556 343 588 (Rae.
362 556 405 590 44,
422 563 448 582 c.
465 555 527 588 258,
544 554 562 580 f.
581 553 613 580 63
627 559 671 590 1·9;
688 551 805 584 Pori-n„
822 549 930 582 22846.)

59 660 213 690 Universis
230 658 346 688 Christi
361 658 508 695 fidelibus.
529 667 541 682 «
560 653 690 684 Noverit
706 650 896 682 universitas
911 654 1015 679 vestra

18 713 103 752 quod
115 721 172 742 nos
181 711 495 741 excommunicamus
505 705 841 738 etanathematizamus
849 703 1015 732 universos

18 766 175 796 hereticos
195 764 367 800 Catharos⁷
385 763 594 797 Patharenos,
613 760 770 797 Pauperes
788 757 825 786 de
844 756 1012 794 Lugduno,

18 819 220 856 Passaginos,
237 818 416 855 Josepinos,
436 814 644 849 Arnaldistas,
663 810 860 849 Speronistas
878 813 906 839 et
921 809 1012 846 alios,

19 872 275 912 quibuscumque
292 869 475 900 nominihus
490 869 687 901 censeantur,
707 863 802 893 facies
818 862 949 901 quidem
966 862 1013 891 di-

21 933 127 955 versas
142 924 307 959 habentes,
319 922 373 952 sed
383 921 496 952 caudas
507 919 545 949 ad
556 918 693 952 invicem
704 915 876 954 colligatas,
889 915 963 954 quia
976 915 1015 945 de

20 978 161 1008 vanitate
175 976 369 1007 conveniunt
382 973 575 1012 inidipsum.
587 970 757 1009 Dampnati
769 977 842 998 vero
854 977 908 1007 per
919 968 1013 998 eccle·

20 1032 102 1062 siam
114 1030 248 1061 seculari
257 1029 377 1068 judicio
388 1027 610 1065 relinquantur
620 1023 898 1054 animadversione
909 1023 1015 1052 debita

21 1083 190 1123 puniendi,
200 1082 324 1112 clericis
335 1081 421 1120 prius
432 1089 449 1109 a
458 1079 523 1109 suis
534 1077 698 1108 ordinibus
709 1076 897 1114 degradatis.
910 1076 943 1105 Si
960 1075 1015 1114 qui

21 1140 127 1166 autem
143 1136 180 1165 de
197 1135 362 1174 predictis,
382 1137 544 1172 postquam
558 1129 895 1168 fuerintdeprehensi,
911 1128 1015 1158 redire

22 1189 183 1220 volueriut
201 1188 240 1218 ad
262 1187 415 1225 agendam
438 1185 628 1222 condignam
647 1183 870 1221 penitentiam,
892 1182 927 1212 in
946 1191 1016 1220 per-

23 1247 116 1281 petuo
131 1250 254 1272 carcere
272 1239 480 1270 detrudantur
494 1249 499 1274 ;
518 1237 681 1267 credentes
694 1241 799 1266 autem
812 1244 920 1265 eorum
933 1244 1016 1264 erro-

23 1295 110 1325 ribus
131 1294 278 1324 similiter
297 1292 447 1323 hereticos
463 1290 654 1329 judicamus
680 1290 760 1319 Item
785 1291 993 1327 receptatores
1007 1311 1015 1325 ,

23 1347 205 1378 defensores
229 1351 259 1377 et
282 1347 414 1376 [autores
438 1344 649 1374 hereticorum
677 1341 1018 1372 excommunicationis

24 1402 180 1430 sententie
197 1399 394 1429 decernimus
416 1397 596 1436 subjacere;
619 1396 754 1425 firmiter
782 1399 953 1424 statuentes
973 1399 1016 1432 ut,

24 1458 187 1492 postquam
206 1452 339 1491 quilibet
361 1451 468 1480 talium
490 1450 585 1479 fuerit
609 1448 942 1479 excommunicatione
961 1456 1018 1477 no-

25 1510 121 1543 tatus,
144 1507 170 1536 si
190 1505 364 1535 satisfacere
383 1503 605 1542 contempserit
622 1503 705 1532 infra
725 1510 848 1532 annum
869 1511 904 1531 ex
928 1506 1016 1537 tunc,

24 1560 92 1598 ipso
108 1559 180 1598 jure
201 1558 241 1588 sit
258 1558 354 1588 Iactus
372 1556 517 1591 infamis,
541 1565 598 1585 nec
615 1556 653 1585 ad
675 1555 800 1594 publica
819 1555 942 1591 officia,
963 1564 1017 1584 seu

25 1612 168 1649 consilia,
183 1620 238 1641 nec
248 1611 286 1640 ad
301 1610 463 1648 eligendos
474 1609 599 1648 aliquos
612 1609 651 1638 ad
668 1608 853 1647 hujusmodi
867 1607 943 1647 (sir),
961 1616 1019 1637 nec

25 1664 64 1694 ad
89 1663 300 1694 testimonium
321 1662 514 1692 admittatur.
541 1662 589 1692 Sit
610 1663 706 1691 etiam
725 1661 936 1697 intestabilis,
961 1670 1019 1691 nec

27 1717 204 1747 testamenti
223 1717 334 1746 habeat
350 1716 519 1746 factionem
530 1738 537 1752 ‚
556 1724 613 1745 nec
629 1715 667 1745 ad
683 1715 868 1745 hereditatis
891 1723 1017 1744 succes-

26 1770 144 1800 sionem
165 1769 298 1800 accedat.
324 1768 439 1799 Nullus
456 1773 598 1807 preterea
619 1769 678 1807 ipsi
701 1777 795 1806 super
817 1777 1019 1807 quocumque

26 1823 152 1861 negotio
166 1847 172 1859 ,
191 1823 243 1853 sed
259 1823 324 1861 ipse
340 1822 412 1852 aliis
427 1823 617 1860 respondere
634 1826 773 1859 cogatur.
792 1821 882 1858 Quod
896 1822 923 1850 si
940 1821 1018 1851 forte

23 1876 118 1915 judex
129 1876 276 1912 extiterit,
291 1877 358 1915 eJ'us
368 1876 526 1905 sententia
540 1875 661 1905 nullam
672 1875 811 1905 obtineat
820 1875 1014 1909 firmitatem,

27 1937 85 1959 nec
98 1937 188 1959 cause
203 1928 306 1967 alique
321 1929 360 1958 ad
375 1929 441 1968 ejus
458 1929 653 1959 audientiam
671 1929 887 1967 perferantur3
908 1928 934 1958 si
950 1928 1018 1958 fue-

26 1981 69 2011 rit
84 1981 266 2018 advocatus,
289 1983 354 2021 ejus
375 1982 586 2021 patrocinium
608 1981 792 2012 nullatenus
809 1981 1016 2018 admittatur3

26 2034 54 2064 si
68 2033 209 2071 tabellio,
225 2034 434 2065 instrumenta
447 2036 585 2066 conlecta
598 2045 652 2074 per
671 2036 776 2074 ipsum
790 2035 914 2065 nullius
927 2035 1019 2074 peni-

28 2092 77 2117 tus
92 2087 156 2117 sint
170 2088 338 2123 momenti,
355 2089 408 2118 sed
420 2097 491 2118 cum
511 2093 637 2119 auctore
653 2089 823 2128 dampnato
842 2089 1019 2127 dampnen-

28 2143 96 2176 tur3
117 2140 193 2170 etin
216 2140 372 2170 similibus
393 2141 477 2171 idem
499 2142 690 2180 precipimus
705 2143 883 2179 observari3
903 2142 928 2171 si
945 2151 1018 2172 vero

27 2192 161 2223 clericus
181 2193 294 2230 fuerit,
314 2194 353 2224 ab
369 2195 455 2224 omni
477 2195 580 2225 officio
600 2200 630 2225 et
652 2196 805 2226 beneficio
830 2196 1016 2234 deponatur.

28 2245 62 2276 Si
77 2246 131 2285 qui
143 2251 248 2276 autem
260 2246 346 2285 tales,
360 2252 521 2287 postquam
533 2249 572 2278 ab
583 2249 715 2279 ecclesia
731 2249 849 2279 fuerint
863 2249 1017 2286 denotati,

26 2299 143 2329 evitare
158 2301 413 2339 contempserint,
425 2303 759 2333 excommunicationis
777 2303 934 2332 sententia
947 2311 1019 2341 per-

26 2351 193 2389 cellantur,
210 2352 288 2382 alias
298 2343 573 2385 animadversione
589 2356 692 2386 debita
704 2356 871 2395 puniendi.
889 2356 952 2392 Qui
967 2365 1020 2385 au-

28 2410 88 2436 tem
108 2406 230 2435 inventi
246 2406 365 2436 fuerint
381 2406 446 2437 sola
461 2408 635 2447 suspitione
657 2409 829 2446 notab1les,
854 2409 916 2439 nisi
929 2410 1020 2445 juxta

26 2459 312 2489 considerationem
330 2460 510 2498 suspitionis
525 2461 772 2502 qualitatemque
791 2471 924 2501 persone
947 2470 1017 2501 pro-

25 2511 130 2550 priam
152 2512 369 2542 innocentiam
393 2521 530 2551 congrua
548 2516 731 2553 purgatione
749 2516 1017 2552 monstraverint,

25 2565 236 2595 anathematis
251 2565 357 2603 gladio
373 2566 538 2605 feriantur,
555 2573 585 2598 et
601 2578 699 2608 usque
714 2569 753 2599 ad
770 2570 1017 2600 satisfactionem

25 2617 218 2656 condignam
233 2618 271 2648 ab
284 2619 432 2649 omnibus
444 2620 611 2658 evitentur,
624 2622 667 2652 ita
678 2623 772 2661 quod,
787 2623 812 2652 si
826 2631 880 2662 per
895 2632 1019 2653 annum

26 2670 61 2700 in
90 2672 416 2702 excommunicatione
442 2674 648 2711 perstiterint,
678 2680 752 2706 tunc
776 2676 862 2706 velut
886 2676 1020 2706 heretici

25 2724 311 2763 condempnentur.
334 2725 414 2755 ltem
438 2726 696 2764 proclamationes
717 2734 772 2760 aut
791 2729 1019 2769 appellationes

25 2777 209 2818 hujusmodi
224 2787 433 2817 personarum
446 2780 579 2810 minime
589 2782 770 2813 audiantur.
787 2784 869 2813 Item
880 2783 1019 2823 judieeS,

25 2830 183 2867 advocati,
203 2831 320 2861 notarii
336 2831 417 2861 nulli
433 2840 542 2862 eorum
556 2834 694 2865 officium
711 2845 805 2866 suum
818 2837 1019 2876 impendant,

25 2882 167 2923 alioquin
184 2884 294 2914 eodem
310 2885 413 2915 officio
427 2890 575 2924 perpetuo
591 2887 653 2917 sint
670 2889 795 2927 privati.
812 2890 892 2919 Item
910 2889 1021 2920 clerici

25 2944 88 2967 non
107 2936 278 2967 exhibeant
295 2937 481 2977 hujusmodi
501 2939 718 2977 pestilentibus
740 2942 951 2973 ecclesiastica
969 2951 1020 2973 sa-

25 2994 205 3027 cramenta,
233 2999 290 3020 nec
313 2990 521 3021 eleemosinas
541 2996 594 3022 aut
614 2993 786 3025 oblationes
807 3005 918 3026 eorum
936 2996 1020 3028 reci-

0 3051 3 3098 }
25 3042 131 3081 piant;
157 3043 306 3074 similiter
327 3044 533 3083 Hospitalarii
558 3050 611 3075 aut
625 3047 795 3086 Templarii
810 3053 864 3079 aut
886 3049 1022 3088 quilibet

1054 439 1058 447 ¹
1095 437 1276 475 regulares3
1295 437 1438 477 alioquin
1455 446 1511 467 suo
1529 437 1694 476 priventur
1712 435 1834 472 officio,
1853 435 1892 464 ad
1914 435 1998 474 quod
2013 444 2099 465 nun-

1095 499 1191 529 quam
1203 491 1412 521 restituantur
1421 489 1672 529 absqueindulto
1684 489 1767 518 sedis
1777 488 1946 527 apostolice
1957 488 2098 526 speciali.

1095 545 1176 574 Item
1191 545 1387 583 quicumque
1401 544 1477 574 tales
1491 543 1742 583 presumpserint
1753 542 1963 572 ecclesiastice
1979 541 2102 572 tradere

1096 598 1257 636 sepulture
1271 622 1276 634 ,
1302 607 1402 637 usque
1419 598 1459 627 ad
1474 597 1723 627 satisfactionem
1743 596 1899 635 ydoneam
1916 604 2100 625 excommu-

1097 651 1265 680 nicationis
1283 651 1440 680 sententie
1455 659 1487 680 se
1504 649 1652 680 noverint
1669 649 1842 687 subjacere,
1860 657 1918 678 nec
1934 647 2104 678 absolutio-

1097 704 1147 733 nis
1163 704 1354 733 beneficium
1374 707 1569 738 mereantur,
1588 702 1651 731 nisi
1662 701 1795 740 propriis
1811 701 1961 731 manibus
1977 701 2103 740 publice

1098 756 1299 786 extumulent
1323 761 1353 785 et
1373 756 1525 794 proitiant
1548 754 1733 793 hujusmodi
1757 763 1887 793 corpora
1912 754 2101 793 dampnato-

1096 819 1187 846 rum,
1203 814 1232 839 et
1244 809 1331 839 locus
1346 809 1400 838 ille
1409 813 1559 847 perpetua
1571 812 1674 838 careat
1687 808 1861 847 sepultura.
1873 808 1955 837 Item
1965 808 2104 837 firmiter

1096 863 1282 892 inhibemus
1304 871 1344 891 ue
1369 863 1519 900 cuiquam
1543 861 1622 891 laice
1644 869 1776 900 persone
1795 860 1889 890 liceat
1909 860 2033 899 publice
2052 860 2102 890 vel

1097 916 1245 954 privatim
1262 916 1299 945 de
1318 915 1380 944 fide
1398 915 1552 944 catholica
1566 914 1745 953 disputare3
1765 914 1819 952 qui
1839 922 1913 943 vero
1932 917 2041 943 contra
2057 913 2102 942 fe-

1097 970 1192 1006 cerit,
1210 968 1549 999 excommunicationis
1565 967 1679 1005 laqueo
1694 967 1876 996 innodetur.
1894 967 1975 996 Item
1989 966 2015 995 si
2031 967 2103 1005 quis

1097 1023 1252 1052 hereticos
1269 1022 1414 1058 sciverit,
1438 1021 1487 1050 vel
1506 1021 1630 1059 aliquos
1646 1020 1766 1050 occulta
1782 1019 2003 1050 conventicula
2019 1019 2103 1049 cele-

1097 1076 1242 1110 brantes,
1266 1085 1320 1105 seu
1339 1084 1357 1104 a
1377 1074 1542 1104 communi
1564 1073 1802 1104 conversatione
1826 1072 1969 1102 fidelium
1992 1072 2057 1102 vita
2074 1077 2104 1101 et

1097 1128 1242 1159 moribus
1259 1128 1459 1162 dissidentes,
1479 1136 1531 1157 eos
1545 1127 1669 1156 studeat
1684 1126 1826 1155 indicare
1844 1125 2016 1155 confessori
2035 1134 2102 1161 suo,

1098 1182 1148 1212 vel
1170 1182 1222 1212 alii
1245 1191 1300 1220 per
1322 1190 1417 1220 quem
1436 1180 1543 1211 credat
1560 1180 1600 1210 ad
1619 1179 1731 1219 prelati
1753 1180 1801 1209 sui
1820 1184 1850 1209 et
1875 1179 2105 1217 inquisitorum

1099 1236 1237 1265 heretice
1261 1235 1423 1274 pravitatis
1440 1234 1587 1264 notitiam
1610 1234 1794 1272 pervenire;
1813 1232 1958 1271 alioquin
1978 1240 2104 1262 excom-

1099 1289 1325 1319 municationis
1342 1288 1499 1318 sententia
1516 1287 1714 1326 percellatur.
1734 1286 1873 1316 Heretici
1888 1291 1994 1315 autem
2009 1290 2039 1315 et
2054 1294 2104 1315 re-

1099 1347 1291 1382 ceptatoreS,
1316 1342 1498 1371 defensores
1526 1346 1555 1371 et
1582 1341 1718 1370 fautores
1745 1348 1876 1377 eorum,
1897 1339 2105 1378 ipsorumque

1099 1396 1161 1425 filii
1179 1405 1277 1434 usque
1294 1395 1338 1424 as}
1351 1395 1523 1424 secundam
1542 1393 1783 1432 generationem
1799 1393 1837 1422 ad
1860 1392 1985 1422 nullum
2003 1392 2104 1422 eccle-

1100 1450 1263 1479 siasticum
1280 1448 1472 1478 beneficium
1492 1457 1546 1476 seu
1565 1446 1707 1476 officium
1724 1446 1954 1480 admittantur5
1973 1445 2057 1484 quod
2077 1445 2105 1475 si

1100 1511 1191 1532 secus
1210 1507 1317 1532 actum
1337 1501 1453 1540 fuerit,
1480 1501 1682 1530 decernimus
1707 1499 1834 1528 irritum
1855 1502 1883 1528 et
1905 1499 2012 1528 inane.
2039 1498 2105 1528 Nos

1101 1556 1189 1586 enim
1210 1555 1365 1594 predictos
1389 1563 1424 1584 ex
1450 1563 1536 1583 nunc
1553 1554 1713 1593 privamus
1734 1552 1899 1582 beneficiis
1922 1552 2104 1591 acquisitis,

1101 1609 1242 1639 volentes
1256 1613 1289 1638 ut
1305 1607 1382 1637 tales
1398 1611 1428 1637 et
1442 1607 1559 1637 habitis
1572 1611 1722 1645 perpetuo
1737 1609 1876 1642 careant,
1887 1609 1917 1634 et
1930 1605 1968 1634 ad
1979 1604 2043 1634 alia
2056 1604 2105 1634 vel

1101 1662 1218 1692 similia
1247 1670 1450 1700 nequaquam
1478 1661 1511 1690 in
1539 1664 1699 1699 posterum
1722 1659 1950 1694 admittantur;
1974 1657 2104 1687 illorum

1100 1719 1207 1745 autem
1232 1714 1372 1744 filiorum
1397 1713 1684 1752 emancipationem
1707 1711 1829 1741 nullius
1856 1719 1924 1740 esse
1949 1710 2105 1740 momenti

1100 1768 1263 1805 volumus,
1286 1776 1422 1806 quorum
1439 1770 1585 1805 parentes
1600 1770 1670 1804 post
1685 1764 1973 1803 emancipationem
1991 1763 2104 1802 huJ'us-

1100 1821 1187 1852 modi
1209 1821 1248 1850 ad
1270 1821 1394 1850 invium
1415 1818 1651 1858 superstitionis
1669 1818 1807 1847 heretice
1823 1827 1841 1847 a
1861 1817 1913 1847 via
1928 1816 2104 1847 declinasse

1101 1874 1277 1905 constiterit
1292 1873 1443 1903 veritatis.
1462 1873 1533 1902 Dat.
1551 1877 1703 1910 utsupra.
1726 1883 1739 1898 n

1170 2034 1258 2062 435

1136 2096 1268 2123 Facultas
1282 2095 1440 2122 redimendi
1455 2095 1591 2121 decimas.
1612 2093 1691 2126 (Rae.
1711 2094 1752 2125 44,
1771 2101 1795 2119 c.
1812 2092 1874 2124 ζ269,
1888 2092 1906 2118 f.
1923 2092 1956 2119 63
1972 2097 2020 2125 v0;
2038 2090 2105 2118 [ω’.

1100 2155 1135 2173 nu
1150 2145 1247 2175 Tuan„
1265 2144 1293 2178 Ι,
1312 2145 1382 2179 111.)

1403 2031 1760 2066 Sainte-Marie-Majeure‚
1773 2031 1807 2057 22
1823 2030 1939 2057 octobre
1956 2029 2034 2057 1288.

1143 2271 1163 2278 ..
1180 2249 1291 2278 decano
1305 2253 1330 2277 et
1346 2246 1478 2284 capitulo
1496 2246 1612 2276 ecclesie
1626 2244 1807 2274 Turonensis
1822 2243 1966 2273 concedit
1978 2242 2106 2272 faculta-

1102 2305 1165 2331 tem
1181 2301 1215 2330 in
1231 2300 1345 2331 alienis
1362 2299 1537 2339 parrochiis
1554 2297 1750 2327 Turonensis
1764 2296 1898 2327 civitatis
1912 2300 1942 2326 et
1954 2296 2107 2327 dioecesis

1101 2355 1239 2384 decimas
1254 2353 1435 2383 redimendi
1446 2352 1484 2381 de
1500 2351 1648 2381 manibus
1659 2350 1829 2386 laicorum,
1843 2373 1863 2379 ..
1876 2349 2104 2388 archiepiscopi

1101 2407 1297 2437 Turonensis
1318 2410 1348 2435 et
1375 2409 1533 2435 rectorum
1557 2403 1763 2434 ecclesiarum
1786 2402 1820 2432 in
1842 2411 1977 2441 quarum
1996 2409 2103 2440 parro-

1102 2460 1183 2491 chiis
1196 2460 1338 2489 decimae
1351 2459 1436 2498 ipsae
1449 2457 1631 2488 consistunt
1641 2456 1810 2486 accedente
1825 2463 1996 2491 consensu,
2013 2454 2103 2483 dum-

1102 2513 1195 2543 modo
1215 2512 1313 2542 iidem
1335 2515 1470 2541 rectores
1491 2519 1543 2540 eas
1564 2509 1720 2540 redimere
1740 2517 1805 2539 non
1824 2507 1949 2537 valeant
1972 2506 2021 2536 vel
2045 2514 2104 2536 no—

1101 2567 1184 2603 lint;
1208 2565 1381 2596 sufficienti
1408 2573 1427 2594 a
1454 2564 1592 2603 praefato
1620 2562 1757 2601 capitulo
1781 2561 1929 2600 praestita
1952 2561 2100 2590 cautione

1103 2620 1186 2659 quod
1203 2628 1254 2649 eas
1270 2618 1441 2648 restituent
1458 2617 1600 2647 ecclesiis
1620 2615 1819 2654 supradictis,
1837 2613 2102 2652 quandocumque

1102 2673 1141 2703 ab
1158 2681 1267 2702 earum
1282 2671 1458 2702 rectoribus
1475 2669 1572 2699 fuerit
1589 2669 1627 2699 de
1643 2666 1875 2705 redemptionis
1891 2666 1990 2704 pretio
2008 2664 2102 2695 satis-

1102 2728 1230 2757 factum.
1253 2724 1446 2763 Hujusmodi
1466 2723 1671 2761 indulgentia
1688 2730 1753 2751 nou
1775 2720 1876 2750 valeat
1896 2719 1935 2749 ad
1953 2718 2102 2749 ecclesias

1103 2789 1183 2819 quae
1202 2778 1352 2809 ecclesiae
1376 2777 1485 2807 Sancti
1511 2775 1641 2805 Martini
1657 2773 1855 2810 Turonensi,
1878 2772 1918 2802 ad
1937 2780 2102 2802 romanam

1103 2834 1266 2864 ecclesiam
1285 2831 1373 2862 nullo
1394 2831 1498 2860 medio
1516 2828 1702 2868 pertinenti,
1720 2827 1905 2857 immediate
1922 2825 2101 2865 subjiciun-

1105 2892 1164 2918 tur.

1146 2952 1159 2966 α
1186 2938 1371 2969 Devotionis
1398 2941 1501 2967 vestre
1525 2935 1708 2975 precibus...
1734 2951 1773 2956 —
1797 2933 1868 2963 Dat.
1894 2933 1996 2963 Rome
2022 2932 2105 2971 apud

1105 2994 1252 3024 Sanctam
1264 2992 1400 3022 Mariam
1415 2991 1585 3029 Majorem,
1602 2998 1631 3018 X1
1646 2987 1799 3017 kalendas
1813 2985 2007 3023 novembris,
2019 2993 2105 3015 anno

1105 3047 1216 3086 primo.
1239 3058 1250 3071 n
