2477 3637
280 387 336 417 566
1027 378 1264 410 REGISTRES
1286 379 1341 409 DE
1363 377 1548 408 NICOLAS
1569 379 1626 408 IV.

281 452 399 481 dictum
419 451 589 480 terminum
608 458 640 478 se
652 449 744 478 saciat
758 456 776 477 a
791 455 994 486 quocumque
1008 446 1159 476 maluerit
1174 445 1283 475 catho—

281 504 341 534 lico
362 505 505 542 episcopo
522 503 553 531 in
574 501 793 541 presbyterum
813 499 1002 538 promoveri.

321 570 334 583 <1
351 558 417 587 Tue
433 556 609 586 devotionis
627 554 778 584 merita...
795 571 833 575 —
856 554 925 583 Dat.
946 563 963 582 x
984 552 1138 582 kalendas
1157 552 1283 582 decem-

279 610 357 647 bris,
377 618 462 639 anno
480 609 579 638 tertio.
600 620 614 634 »

347 799 598 829 3209-3224
767 797 893 830 Orvieto,
911 796 945 823 ‘25
961 795 1116 823 novembre
1135 795 1210 823 1290.

314 862 432 894 Egidius
462 861 642 887 Narbonensi
671 860 810 887 ecclesiac-
839 859 1076 894 archiepiscopus
1109 858 1281 892 praeficitur.

277 911 359 945 (Rea.
377 912 419 942 225,
437 920 462 937 c.
480 911 530 937 555
547 910 564 936 f.
586 910 628 936 lll
650 911 696 941 ro.)

318 1028 424 1057 Dilecto
444 1028 508 1064 lilio
524 1028 671 1063 mayistro
691 1026 796 1063 Epidio
806 1047 815 1062 ,
834 1026 920 1054 electo
938 1025 1133 1054 Narbonensi.
1157 1023 1283 1053 Mortuo

278 1081 388 1115 Petro,
408 1080 568 1118 quondam
586 1079 790 1109 Narbonensi
811 1077 1068 1116 archiepiscopo,
1085 1076 1280 1115 capitulum,

276 1138 343 1172 post
374 1133 514 1163 diversos
543 1137 690 1162 tractatus
719 1131 756 1161 de
777 1131 930 1161 electione
957 1130 1030 1160 novi
1052 1129 1281 1168 archiepiscopi

275 1187 414 1221 habitos,
432 1186 643 1225 provisionem
663 1184 813 1215 ecelesiae
832 1183 976 1214 Honorio
995 1192 1091 1222 papae
1111 1183 1280 1213 concordi-

277 1244 322 1270 ter
349 1240 487 1276 remisit,
509 1239 563 1278 qui
589 1239 750 1278 quondam
778 1238 967 1275 magistrum
988 1236 1220 1275 Adenulphum
1242 1236 1281 1266 de

275 1293 439 1330 Anagnia,
459 1298 533 1322 tune
553 1292 766 1331 praepositum
793 1290 943 1321 ecclesiae
960 1290 1066 1320 Sancti
1085 1290 1279 1326 Audomari,

276 1346 468 1376 Morinensis
503 1345 678 1381 dioecesis,
715 1344 959 1374 Narbonensem
1005 1343 1279 1382 archiepiscopum

275 1399 369 1437 elegit
386 1411 393 1436 ς
427 1408 500 1429 cum
539 1407 612 1428 vero
644 1397 856 1437 Adenulphus
893 1397 968 1427 huic
1005 1397 1151 1426 electioni
1185 1405 1279 1426 suum

273 1461 464 1482 consensum
487 1452 635 1491 praebere
656 1451 815 1488 uoluerit,
838 1450 990 1481 Nicolaus
1013 1459 1092 1489 papa
1113 1450 1277 1488 Egidium,

273 1505 487 1545 praepositum
501 1505 653 1535 ecclesiae
666 1504 950 1541 Claromontensis,
968 1503 1172 1534 Narbonensi
1184 1503 1278 1534 eccle-

273 1559 339 1589 siae
358 1559 509 1598 praeficit.

315 1625 327 1640 κ
354 1613 456 1649 Quam
483 1613 522 1642 sit
549 1618 700 1643 onusta...
727 1629 767 1635 —
790 1612 861 1642 Dat.
890 1611 973 1650 apud
996 1611 1277 1647 Urbemveterem,

272 1677 314 1697 vn
331 1667 484 1696 kalendas
500 1666 690 1700 decembris,
707 1674 794 1696 anno
813 1666 913 1695 tertio.
933 1677 946 1692 n

313 1720 351 1750 In
381 1729 410 1750 e.
440 1729 483 1749 m.
510 1719 648 1758 capitulo
673 1718 822 1749 ecclesiae
849 1718 1069 1748 Narbonensis
1094 1718 1226 1748 mandat
1247 1721 1280 1747 ut

273 1773 375 1803 eidem
393 1773 492 1803 electo
509 1773 648 1802 debitam
666 1772 881 1803 obedientiam
899 1772 1055 1811 praebeat.

311 1827 350 1856 In
369 1836 395 1856 e.
413 1836 456 1857 m.
475 1826 558 1857 clero
577 1826 714 1856 civitatis
730 1831 760 1856 et
775 1826 927 1855 dioecesis
943 1825 1177 1856 Narbonensis.

311 1881 350 1910 In
367 1890 394 1911 e.
412 1890 454 1910 m.
473 1879 588 1919 populo
607 1880 742 1909 civitatis
757 1883 788 1909 et
803 1879 957 1909 dioecesis
977 1879 1209 1909 Narbonensis.

311 1934 349 1963 In
377 1943 403 1963 e.
436 1943 477 1962 m.
513 1933 672 1963 universis
706 1932 850 1962 vassallis
880 1931 1032 1962 ecclesiae
1059 1932 1278 1962 Narbonensis

273 1986 402 2016 mandat
428 1991 462 2016 ut
489 1986 593 2016 eidem
619 1985 718 2016 electo
743 1985 834 2015 solita
858 1984 1020 2015 fidelitatis
1041 1986 1227 2024 juramenta
1249 1989 1280 2015 et

271 2039 401 2070 servitia
420 2044 590 2078 praestent.

310 2093 347 2121 In
362 2101 388 2122 e.
404 2102 445 2122 m.
460 2092 672 2130 suffraganeis
684 2092 834 2122 ecclesiae
848 2092 1070 2122 Narbonensis
1082 2092 1276 2131 (Enmarye).

311 2147 348 2176 In
374 2156 401 2176 e.
426 2155 469 2176 m.
497 2169 517 2175 ..
547 2147 692 2184 episcopo
717 2144 948 2184 Magalonensi,
976 2145 1129 2176 ecclesiae
1154 2145 1279 2176 Narbo-

271 2199 380 2229 nensis
396 2200 596 2236 sufiraganeo
614 2199 730 2238 (Ibat).

311 2253 348 2282 In
365 2262 391 2282 e.
405 2261 448 2282 m.
466 2275 483 2281 ..
499 2253 643 2290 episcopo
656 2251 882 2288 Nemausensi,
895 2251 1045 2282 ecclesiae
1057 2252 1277 2282 Narbonensis

269 2306 470 2344 suffraganeo
485 2306 597 2345 (mid).

311 2360 347 2389 In
367 2369 392 2388 e.
413 2368 456 2388 m.
476 2381 495 2388 ..
514 2360 659 2397 episcopo
681 2359 867 2396 Lodovensi,
886 2359 1038 2389 ecclesiae
1057 2359 1277 2390 Narbonensis

269 2413 470 2450 suffraganeo
485 2412 600 2452 (Ibat).

309 2467 346 2496 In
365 2476 391 2496 e.
411 2476 450 2495 m.
473 2489 493 2496 ..
512 2467 655 2505 episcopo
671 2466 866 2504 'l'liolosano‚
886 2466 1038 2497 ecclesiae
1056 2467 1277 2498 Narbonensis

271 2521 470 2558 suffraganeo
486 2520 600 2559 (llud).

309 2574 347 2603 In
369 2583 395 2602 e.
424 2583 466 2602 m.
494 2595 514 2602 ..
541 2562 685 2612 episcopo
707 2574 857 2610 Etnensi,
879 2573 1030 2603 ecclesiae
1056 2574 1275 2604 Narbonensis

269 2628 468 2664 suffraganeo
484 2626 600 2665 (Ibat).

308 2681 345 2709 ln
363 2690 389 2709 e.
408 2689 450 2708 m.
474 2703 493 2708 ..
513 2680 657 2718 episcopo
678 2680 863 2716 Biterrensi,
885 2679 1035 2710 ecelesiae
1053 2680 1274 2711 Narbonensis

269 2734 469 2771 suffraganeo
488 2734 600 2771 (ΗΜΛ).

310 2789 345 2815 ln
367 2796 393 2816 e.
416 2796 459 2816 m.
487 2811 506 2816 ..
529 2788 674 2826 episcopo
696 2788 857 2824 Uticensi,
882 2787 1034 2818 eeclesiae
1052 2788 1272 2818 Narbonensis

268 2840 467 2877 suffraganeo
480 2839 592 2879 (llud.)¹

307 2893 343 2922 In
364 2903 391 2923 e.
419 2902 460 2922 m.
487 2917 506 2923 ..
533 2894 677 2932 episcopo
697 2893 960 2930 Carcassonensi,
978 2894 1130 2924 ecclesiae
1147 2894 1272 2925 Narbo-

267 2947 375 2975 nensis
391 2947 588 2983 suffraganeo
605 2947 718 2986 (ibid.)

308 2999 344 3028 ln
362 3010 388 3027 e.
405 3008 445 3028 m.
465 3023 483 3028 ..
497 3000 642 3039 episcopo
658 3000 852 3038 Agatliensi,
876 3000 1027 3031 ecclesiae
1049 3001 1271 3032 Narbonensis

267 3051 466 3089 suffraganeo
483 3052 597 3091 (lind).

1410 445 1447 474 In
1471 454 1498 474 e.
1521 454 1564 474 m.
1588 444 1787 483 Philippum,
1812 452 1918 482 regem
1944 443 2153 480 Francorum,
2177 443 2326 474 hortatur⁴
2341 449 2375 476 ut

1369 498 1508 527 eundem
1534 497 1685 535 electum,
1711 505 1903 535 germanum
1935 496 2098 534 Hugonis,
2128 495 2211 526 tituli
2241 496 2374 529 Sanctae

1369 551 1506 582 Sabinae
1523 550 1697 589 presbyteri
1714 549 1903 586 cardinalis,
1922 549 2011 587 regio
2031 549 2136 580 favore.
2152 552 2372 589 prosequatur.

1410 616 1423 630 «
1443 603 1559 633 Divine
1574 603 1677 641 gratia
1694 603 1907 641 majestatis...
1924 619 1963 624 —
1979 601 2050 632 Dat.
2068 607 2223 641 utsupra.
2245 615 2257 630 n

1438 761 1697 791 3225-3230
1856 761 1986 793 Orvieto,
2004 761 2037 788 ‘25
2054 761 2209 788 novembre
2223 761 2301 789 1290.

1403 825 1515 856 Petrus,
1535 825 1754 852 Aurelianensis
1770 825 1936 860 episcopus,
1952 824 1987 851 ad
2002 823 2264 852 Carcassonenscm
2280 825 2374 853 eccle-

1366 876 1439 902 siam
1455 874 1635 901 transfertur.
1651 873 1734 907 (Rcc.
1752 873 1795 905 45,
1813 882 1839 900 c.
1857 873 1918 907 556,
1935 873 1954 900 f.
1974 873 2020 900 111
2039 874 2090 906 νῦ.)

1412 970 1581 999 Venerabili
1597 971 1693 1007 fratri
1711 970 1808 999 Petro.
1827 971 1959 1007 episcopo
1975 968 2217 998 Carcassonensi.
2235 968 2375 1000 Vacante
2407 990 2410 997 ,

1365 1023 1612 1054 Carcassonensi
1640 1023 1774 1053 ecclesia
1799 1032 1856 1062 per
1882 1023 2005 1053 obitum
2029 1022 2170 1060 Galteri,
2198 1014 2398 1061 capitulani

1365 1077 1444 1107 duas
1470 1076 1659 1113 electiones,
1683 1085 1782 1107 unam
1802 1076 1952 1106 videlicet
1975 1076 2014 1106 de
2037 1076 2166 1111 isarno,
2193 1075 2375 1115 archipres-
2407 1069 2410 1073 ’

1365 1131 1477 1170 hytero
1506 1130 1651 1168 ejusdem
1679 1129 1846 1167 ecclesiae,
1870 1129 2003 1159 alteram
2034 1129 2073 1158 de
2099 1127 2294 1166 Guillelmo,
2321 1137 2375 1159 ar-
2404 1120 2406 1122 ’

1364 1185 1554 1215 chidiacono
1574 1184 1769 1223 Agathensi,
1791 1184 1825 1213 in
1853 1182 2011 1213 discordia
2036 1182 2219 1212 celebravit.
2240 1181 2375 1221 Negotia

1363 1244 1469 1270 autem
1485 1239 1672 1279 hujusmodi
1685 1237 1879 1268 electionum
1891 1246 1946 1276 per
1959 1235 2204 1278 appellationem
2214 1235 2255 1266 ad
2265 1235 2375 1266 sedem

1363 1292 1568 1332 apostolicam
1585 1292 1751 1329 devoluto,
1777 1299 1851 1321 cum
1875 1290 1914 1320 de
1936 1299 1972 1321 eo
1995 1290 2108 1320 fuisset
2129 1289 2250 1321 diutius
2267 1289 2375 1329 litiga·
2410 1295 2413 1300 ’

1365 1350 1432 1376 tum
1448 1346 1533 1376 inter
1547 1345 1722 1385 praedictos
1737 1345 2054 1384 archipresbyterum
2068 1347 2098 1374 et
2111 1343 2374 1374 archidiaconum

1363 1399 1447 1439 apud
1463 1391 1598 1430 eandem
1615 1399 1725 1429 sedem
1741 1399 1945 1434 constitutos,
1965 1396 2099 1436 praefati
2115 1396 2375 1436 archipresbyter

1363 1458 1394 1483 et
1412 1453 1660 1483 archidiaconus
1678 1453 1730 1491 J'us
1749 1451 1811 1482 sibi
1830 1461 1867 1481 ex
1884 1451 2006 1481 eisdem
2022 1449 2231 1481 electionibus
2246 1458 2374 1490 compe-

1364 1510 1434 1537 tens
1458 1507 1494 1536 in
1521 1507 1671 1537 manibus
1698 1505 1858 1545 pontificis
1884 1505 2102 1543 resignarunt.
2126 1504 2208 1534 Inde
2230 1503 2285 1534 hic
2310 1504 2372 1535 Pe-

1364 1565 1465 1598 trum,
1491 1559 1760 1590 Aurelianensem
1786 1559 1991 1598 episcopum,
2018 1558 2058 1588 ad
2085 1557 2375 1588 carcassonensem

1363 1614 1531 1644 ecclesiam
1548 1613 1708 1643 transfert.

1404 1680 1418 1695 «
1436 1667 1574 1698 Romani
1597 1667 1755 1706 pontificis
1775 1675 1910 1706 quem...
1936 1683 1975 1687 —
1998 1665 2070 1695 Dat.
2090 1664 2175 1704 apud
2194 1664 2373 1695 Urbemve-
2407 1683 2410 1690 ι

1363 1726 1474 1756 terem.
1492 1731 1535 1751 vn
1552 1720 1707 1751 kalendas
1722 1720 1912 1756 decembris,
1929 1727 2016 1749 anno
2034 1719 2136 1749 tertio.
2158 1729 2172 1745 ιι

1403 1776 1441 1805 In
1459 1784 1486 1805 e.
1506 1783 1550 1804 m.
1568 1773 1706 1813 capitulo
1727 1773 1879 1804 eeclesiae
1899 1772 2164 1804 Carcassonensis
2187 1771 2321 1802 mandat
2339 1774 2375 1802 ut
2399 1781 2403 1789 ·

1362 1828 1466 1859 eidem
1489 1828 1634 1867 episcopo
1656 1827 1795 1857 debitam
1816 1826 2032 1857 obedientiam
2055 1825 2214 1865 praebeat.
2241 1825 2312 1856 Dat.
2338 1827 2376 1856 ut
2407 1815 2424 1828 '¹

1363 1890 1469 1921 supra.
2248 1921 2250 1923 ‚

1403 1936 1441 1966 In
1458 1945 1486 1966 e.
1504 1944 1549 1965 m.
1566 1935 1649 1965 clero
1665 1935 1806 1965 civitatis
1821 1939 1852 1964 et
1867 1934 2021 1964 dioecesis
2036 1933 2312 1964 Carcassonensis.

1404 1990 1442 2020 In
1461 1999 1489 2020 e.
1515 1999 1557 2019 m.
1577 1989 1691 2028 populo
1706 1988 1845 2019 civitatis
1869 1993 1900 2018 et
1922 1987 2077 2018 dioecesis
2097 1986 2371 2018 Carcassonensis.

1402 2042 1440 2072 In
1463 2051 1490 2072 e.
1518 2051 1562 2072 m.
1580 2042 1743 2072 universis
1769 2041 1912 2071 vassallis
1935 2040 2086 2071 ecclesiae
2107 2038 2387 2072 Carcassonensiss

1362 2096 1493 2126 mandat
1510 2100 1544 2126 ut
1560 2095 1665 2125 eidem
1681 2095 1828 2135 episcopo
1853 2095 1944 2126 solita
1962 2093 2126 2125 fidelitatis
2139 2094 2325 2134 juramenta
2340 2095 2372 2124 ct

1362 2149 1493 2179 servitia
1507 2149 1690 2188 praebeant.

1401 2203 1440 2233 In
1456 2212 1484 2233 e.
1506 2212 1549 2232 m.
1574 2203 1788 2242 phylippum,
1814 2211 1922 2240 regem
1943 2202 2157 2238 Francorum,
2175 2200 2322 2231 hortatur
2335 2203 2387 2237 ιιι,

1361 2256 1466 2286 eidem
1483 2255 1628 2294 episcopo
1644 2256 1768 2293 regium
1786 2255 1927 2286 savorem
1943 2254 2110 2293 largiatur.

1402 2323 1416 2338 «
1433 2310 1551 2340 Divine
1567 2309 1671 2348 gratia
1687 2310 1898 2348 majestatis...
1916 2325 1956 2332 —-
1971 2309 2044 2339 Dat.
2061 2313 2217 2348 utsupra.
2236 2320 2250 2335 n

1430 2469 1684 2499 3231-3732
1875 2469 2002 2500 Orvieto,
2020 2469 2036 2496 5
2051 2467 2204 2495 decembre
2220 2467 2299 2496 1290.

1394 2533 1604 2568 Indulgentiae.
1622 2533 1703 2566 (Rau.
1723 2533 1765 2565 45,
1783 2541 1809 2559 c.
1827 2533 1900 2567 556²,
1917 2533 1936 2560 f.
1954 2531 2004 2559 112
2019 2532 2065 2564 ro.)

1401 2629 1554 2659 Universz's
1572 2629 1685 2659 Christi
1707 2629 1847 2666 fidelibus
1865 2633 2016 2668 presentes
2039 2629 2156 2658 litteras
2171 2628 2382 2666 inspecturis„

1358 2682 1599 2721 Indulgentiam
1615 2683 1712 2712 unius
1726 2682 1805 2711 anni
1821 2687 1852 2712 et
1863 2691 1901 2712 xi.
1914 2681 2041 2712 dierum
2057 2680 2204 2712 concedit
2217 2679 2372 2711 omnibus*
2385 2696 2388 2698 ·

1357 2746 1429 2766 vere
1447 2735 1686 2775 poenitentibus
1709 2741 1738 2765 et
1761 2736 1916 2766 confessis
1939 2735 1995 2774 qui
2017 2733 2172 2774 capellam
2196 2733 2236 2764 de
2258 2733 2379 2764 Ester-·

1355 2789 1518 2829 pegniolo,
1538 2789 1763 2820 Noviomensis
1784 2789 1951 2824 dioecesis,
1975 2789 2010 2818 in
2033 2786 2284 2823 Purificationis,
2301 2781 2383 2817 As-'

1355 2843 1565 2881 sumptionis,
1581 2843 1852 2873 Annuntiationis
1871 2847 1901 2873 et
1920 2841 2103 2872 Nativitatis
2118 2841 2229 2872 beatae
2245 2838 2366 2871 Mariae

1354 2896 1491 2934 virginis
1514 2895 1739 2926 festivitatibus
1764 2901 1795 2926 et
1818 2905 1873 2935 per
1894 2900 1964 2926 octo
1987 2895 2056 2925 dies
2075 2894 2262 2925 festivitates
2281 2890 2389 2933 ipsas.

1353 2951 1539 2982 immediate
1555 2955 1725 2990 sequentes
1743 2951 1954 2982 visitaverint.

1395 3016 1408 3031 α
1436 3004 1592 3043 Splendor
1613 3008 1744 3043 paterne
1765 3003 1905 3042 glorie...
1930 3021 1968 3025 —
1991 3003 2062 3034 Dat.
2083 3002 2168 3042 apud
2186 3002 2363 3033 Urbemve-

1353 3062 1464 3095 terem,
1482 3059 1575 3088 nonis
1591 3058 1783 3096 decembris,
1803 3066 1889 3089 anno
1907 3058 2010 3088 tertio.
2031 3069 2044 3085 n
