2477 3637
300 386 336 415 74
1043 378 1278 409 REGISTRES
1301 379 1355 409 DE
1377 377 1560 410 NICOLAS
1583 378 1639 408 1v.

299 450 507 492 personaliter
522 450 555 480 in
571 436 693 480 eisdem
709 447 850 478 ecclesiis
866 445 1057 482 residerent,
1077 449 1107 475 et
1125 445 1300 488 uteosdem

299 510 472 545 proventus
485 504 546 534 sibi
563 503 738 532 ministrari
759 501 860 530 facere
878 499 1014 529 valeant.

342 572 355 586 «
375 559 418 590 Ut
434 556 682 588 benivolentiam
701 564 798 594 qua...
827 569 866 576 —
892 553 960 582 Dat.
979 552 1080 582 Rome
1101 551 1186 590 apud
1202 551 1301 582 Sanc-

300 618 364 644 tam
381 612 516 642 Mariam
533 610 702 650 Majorem,
723 617 800 637 xv111
822 606 976 637 kalendas
995 605 1190 642 decembris,
1216 612 1302 634 anno

300 667 412 706 primo.
434 678 447 692 ι)

333 824 420 853 413

334 887 419 914 Cives
433 885 601 912 florentinos
617 884 746 910 hortatur
761 886 792 910 ut
815 903 832 909 ..
848 883 984 917 episcopo
1003 880 1144 908 Fesulano
1160 887 1301 906 summam

298 937 375 964 mille
390 940 418 963 et
432 935 620 962 ducentarum
635 933 770 960 librarum
786 931 951 967 pisanorum
967 931 1143 957 minutorum
1159 929 1193 955 ab
1211 937 1244 955 eo
1260 936 1302 954 re-

299 990 410 1021 ceptam
426 984 587 1011 restituant.
605 982 686 1016 (Rao.
707 981 749 1011 44,
766 989 792 1007 c.
809 980 870 1011 248,
889 980 908 1006 f.
925 980 956 1006 57
974 980 1025 1011 νο.)

617 819 968 854 Sainte-Marie-MaJeure,
984 818 1014 845 13
1026 817 1180 845 novembre
1194 817 1268 844 1288.

340 1089 457 1118 Dilectis
471 1088 546 1124 filiis
559 1108 579 1115 ..
593 1085 744 1123 potestati,
757 1105 777 1113 ..
788 1084 954 1120 capitaneo,
971 1079 1096 1111 consilio
1105 1086 1130 1110 et
1146 1080 1302 1109 communi

299 1151 333 1172 ac
342 1142 496 1180 prioribus
508 1139 703 1170 Florentinis.
720 1137 830 1175 Nuper
844 1145 917 1166 curn
928 1134 1107 1173 Philippus,
1122 1137 1195 1162 tunc
1204 1132 1301 1162 abbas

300 1193 486 1225 monasterii
500 1192 607 1223 Sancti
620 1189 854 1221 Bartholomaei
867 1189 904 1218 de
915 1187 1051 1223 Fesulis,
1066 1187 1147 1216 bona
1157 1186 1182 1224 ej
1190 1184 1301 1214 usdem

299 1247 482 1279 monasterii
495 1243 863 1284 dilapidareteuormiter
872 1241 1058 1278 dictumque
1069 1237 1301 1268 monasterium

299 1303 485 1340 proponeret
493 1298 609 1328 tradire
619 1296 761 1336 potestati
770 1294 981 1325 saecularium
992 1300 1212 1331 personarum,
1222 1291 1302 1330 epis-

299 1362 395 1392 copus
413 1352 603 1387 Fesulanus,
625 1350 664 1379 ad
686 1348 917 1388 inquirendum
932 1356 1028 1385 super
1045 1346 1119 1382 hoc,
1140 1344 1302 1375 associatis

299 1407 360 1436 sibi
372 1405 560 1445 quibusdam
575 1403 734 1433 nobilibus
751 1401 879 1431 illarum
895 1400 1045 1439 partium,
1060 1399 1211 1429 ecclesiae
1227 1407 1304 1427 suae

298 1459 459 1494 vassallis,
474 1458 513 1488 ad
525 1456 755 1487 monasterium
773 1454 970 1494 praedictum
993 1453 1142 1489 accessit3
1162 1455 1301 1490 postmo-

300 1513 376 1543 dum
401 1516 507 1541 autem
529 1510 631 1540 dictus
648 1509 745 1539 abhas
766 1507 961 1538 Florentiam
981 1506 1069 1536 venit
1087 1510 1117 1536 et
1141 1505 1174 1534 in
1197 1505 1303 1534 mani-

299 1567 358 1596 bus
381 1565 518 1604 episcopi
539 1568 733 1602 spontaneus
758 1562 852 1592 cessit
867 1560 1013 1599 regimen
1029 1558 1217 1589 monasterii
1234 1567 1303 1588 me-

299 1620 425 1650 morati.
445 1618 536 1648 Cives
552 1626 625 1647 vero
638 1615 814 1646 Florentini
828 1614 1003 1654 praedictos
1021 1612 1145 1643 nobiles
1161 1612 1195 1641 in
1214 1611 1304 1641 mille

301 1678 331 1704 et
343 1672 488 1702 ducentis
500 1671 590 1700 libris
600 1671 786 1708 pisanorum
799 1668 998 1697 minutorum
1012 1665 1301 1703 condempnatum,

300 1736 378 1766 quas
402 1725 499 1755 libras
526 1724 691 1762 episcopus
722 1730 777 1760 pro
808 1720 991 1760 praedictis·
1010 1719 1173 1749 nobilibus
1198 1717 1301 1748 solvit.

301 1780 514 1817 Quamobrem
536 1786 614 1817 papa
631 1776 757 1807 eosdem
782 1775 867 1805 cives
885 1773 1086 1804 Florentiuos
1108 1773 1252 1803 hortatur
1272 1776 1305 1802 ut

301 1833 437 1864 eandem
453 1840 613 1862 summam
629 1831 773 1869 episcopo
791 1828 969 1859 restituant.

342 1900 355 1915 «ι
388 1887 431 1917 Ut
452 1885 657 1916 ecclesiarum
683 1887 748 1913 et...
771 1898 809 1905 -
835 1882 905 1926 Dat.
933 1882 1033 1911 Rome
1053 1880 1136 1919 apud
1153 1880 1303 1910 Sanctam

302 1941 437 1971 Mariam
457 1939 633 1978 Mznjorem,
650 1937 755 1967 idibus
769 1936 970 1971 novembris,
994 1943 1080 1965 anno
1094 1934 1208 1984 primo.
1229 1946 1242 1960 »

336 2101 424 2128 ⁴14

338 2162 481 2197 Episcopo
497 2161 647 2187 [iiilacrnsi
664 2168 714 2194 per
734 2159 880 2185 biennium
897 2157 1029 2184 concedit
1047 2157 1176 2184 redditus
1191 2161 1219 2184 et
1239 2166 1306 2193 pro-

303 2215 407 2238 ventus
422 2211 608 2238 ecclesiarum
624 2209 658 2235 de
674 2208 844 2235 VVessinton
855 2229 862 2242 ,
880 2207 914 2233 de
930 2207 1049 2234 Brinton
1068 2212 1095 2233 et
1111 2207 1146 2233 de
1163 2207 1308 2242 Hyreces-

304 2265 356 2294 tre,
376 2259 579 2286 Dunelmcusis
595 2263 622 2285 et
637 2257 847 2284 Lincolniensis
856 2257 1042 2284 dioecesium.
1059 2256 1140 2289 (Καὶ.
1151 2257 1193 2290 44,
1206 2265 1230 2283 c.
1244 2256 1305 2288 249,

304 2310 323 2337 f.
342 2310 373 2337 57
389 2315 434 2341 v⁰;
456 2309 547 2336 Poma
563 2329 568 2339 ,
588 2308 696 2340 22831.)

651 2095 1004 2130 sainte-Marie-Majeuro,
1016 2094 1050 2122 ‘39
1061 2095 1178 2121 octobre
1192 2093 1268 2121 1288.

352 2411 517 2440 Vener-abitt
541 2411 634 2446 fratri
657 2432 676 2438 ..
704 2410 868 2446 episcopoco
887 2409 1056 2438 [mlacensi.
1086 2408 1214 2444 Eidem,
1236 2411 1310 2438 tunc

306 2464 405 2494 electo
422 2463 609 2498 lmiacensi,
632 2462 792 2492 Honorius
811 2470 888 2500 papa
910 2462 994 2498 1111,
1012 2462 1218 2492 considerans
1233 2470 1309 2492 con-

306 2518 444 2548 ditiones
465 2515 615 2546 ecclesiae
637 2515 842 2551 lmlacensis,
862 2523 942 2554 quae
968 2519 1092 2553 propter
1115 2515 1310 2545 vacationem

306 2572 435 2609 longam
459 2575 488 2600 et
510 2578 699 2607 guerrarum
721 2569 909 2598 discrimina
925 2568 1085 2598 molestias
1110 2578 1221 2606 graves
1243 2578 1310 2607 per-

308 2625 439 2660 tulerat,
463 2625 500 2654 de
521 2624 723 2658 Wessinton‚
747 2622 785 2652 de
813 2622 967 2659 Brinton,
992 2626 1022 2652 et
1042 2622 1081 2651 de
1104 2622 1309 2660 Hyrecestre,

309 2677 538 2707 Dunelmensis
554 2681 583 2706 et
601 2675 835 2706 Lincolniensis
853 2675 1058 2711 dioecesium,
1075 2675 1238 2712 ecclesias,
1256 2685 1310 2706 cu-

308 2740 375 2760 ram
402 2731 585 2760 animarum
611 2730 782 2765 habentes,
803 2737 881 2767 quas
905 2728 1115 2767 promotionis
1133 2737 1208 2758 snae
1232 2733 1310 2758 tem-

308 2792 380 2822 pore
404 2783 580 2821 praedictus
603 2781 724 2812 electus
749 2781 928 2817 obtinebat,
954 2789 1052 2819 usque
1082 2781 1120 2811 ad
1142 2781 1311 2811 biennium

308 2835 345 2865 de
363 2835 489 2873 speciali
502 2835 603 2873 gratia
618 2835 806 2869 reservavit,
821 2834 925 2864 eidem
939 2834 1118 2864 concedens
1133 2839 1166 2864 ut
1181 2834 1310 2870 fructus,

308 2888 448 2917 redditus
487 2893 516 2917 et
549 2892 720 2926 proventus
763 2887 948 2917 earumdem
980 2887 1186 2917 ecclesiarum
1218 2888 1313 2917 etiam

310 2945 474 2979 postquam
491 2946 571 2970 esset
586 2941 618 2970 iu
637 2942 817 2979 episcopum
839 2944 1039 2970 consecratus
1062 2941 1222 2979 percipere
1239 2949 1312 2979 pos-

311 2998 366 3024 set.
398 2994 477 3022 Cum
496 2997 600 3022 autem
625 2994 782 3032 praedicta
809 2994 941 3024 ecclesia
967 2994 1153 3024 liniacensis
1179 2994 1256 3024 adeo
1273 2994 1314 3024 sit

310 3045 446 3084 collapsa
471 3045 553 3085 quod
575 3047 717 3075 nondum
735 3047 854 3085 aliquid
875 3047 1052 3085 praedictus
1069 3047 1232 3086 episcopus
1260 3055 1314 3086 pro

1381 454 1437 475 sua
1459 444 1688 475 sustentatione
1709 443 1748 473 de
1763 443 1863 482 ipsius
1879 443 2054 474 redditibus
2076 444 2232 483 percepit,
2255 452 2312 474 nec
2337 448 2387 474 est

1382 507 1451 537 spes
1466 497 1550 537 quod
1565 497 1640 527 hinc
1657 497 1697 527 ad
1713 496 1831 527 multos
1842 505 1943 527 anuos
1959 496 2081 536 aliquid
2104 497 2265 536 percipere
2274 497 2384 536 possit,

1382 552 1532 582 Nicotaus
1562 560 1640 591 papa
1661 551 1700 581 de
1718 550 1922 587 Wessinton‚
1946 550 1984 580 de
2011 550 2144 580 Brinton
2160 554 2189 580 et
2213 549 2252 580 de
2277 550 2383 590 Hyre-

1382 610 1482 636 cestre
1504 605 1652 636 ecclesias
1676 604 1854 634 nominatas
1867 626 1874 638 ,
1894 612 1995 642 usque
2014 603 2053 633 ad
2073 603 2260 641 biennium,
2285 612 2303 633 a
2322 603 2388 634 fine

1383 659 1534 698 praedicti
1553 658 1696 695 biennii,
1714 658 1753 695 de
1770 665 1833 696 quo
1850 665 1964 696 parum
1979 661 2090 693 restat,
2117 656 2367 696 computandum
2379 681 2387 696 ‚

1383 712 1487 742 eidem
1504 712 1649 751 episcopo
1663 715 1815 741 reservat.

1426 777 1438 791 α
1460 764 1600 795 Grandis
1619 765 1750 794 affectus
1772 772 1906 802 quem...
1923 778 1963 785 —
1980 763 2051 792 Dat.
2071 762 2172 793 Rome
2190 762 2273 801 apud
2289 761 2388 793 Sanc-

1386 823 1449 848 tam
1476 819 1611 848 Mariam
1634 818 1803 857 Majorem,
1830 826 1876 846 1111
1902 815 2056 846 kalendas
2072 815 2273 853 novembris,
2302 823 2388 846 anno

1386 871 1498 911 primo.
1518 883 1531 897 ι)

1418 1056 1507 1084 415
1755 1054 2103 1089 sainte-Marie-Majeure,
2117 1053 2147 1082 3¹
2160 1054 2278 1082 octobre
2288 1054 2368 1083 1288.

1419 1117 1628 1152 Indulgentiae.
1645 1117 1727 1151 (Rae.
1747 1118 1789 1149 44,
1805 1126 1831 1145 c.
1848 1118 1909 1149 250,
1927 1119 1946 1144 f.
1964 1118 1997 1145 58
2012 1119 2060 1151 1'0.)
2337 1099 2344 1107 ⁸

1428 1219 1582 1249 Untversis
1598 1219 1710 1250 Christi
1732 1221 1869 1257 fidelibus
1887 1225 2036 1258 presentes
2058 1221 2175 1250 litteras
2196 1220 2389 1258 inspecturis.

1385 1272 1626 1309 Indulgentiam
1644 1273 1788 1303 concedit
1803 1273 1900 1303 trium
1925 1281 2084 1303 annorum
2098 1277 2129 1303 et
2144 1273 2241 1303 trium
2255 1272 2393 1312 quadra-

1385 1335 1540 1365 genarum
1555 1327 1705 1357 omnibus
1720 1336 1793 1357 vere
1809 1328 2046 1366 poenitentibus
2064 1331 2094 1357 et
2114 1327 2267 1358 confessis
2282 1327 2339 1367 qui
2356 1327 2391 1357 in

1385 1379 1522 1418 singulis
1535 1380 1760 1410 festivitatibus
1775 1381 1877 1411 sancti
1891 1381 2056 1411 Laurentii
2072 1384 2104 1410 et
2118 1380 2220 1411 sancti
2236 1380 2393 1420 Stephani

1386 1441 1487 1472 usque
1503 1433 1541 1463 ad
1558 1438 1683 1464 octavas
1710 1434 1918 1464 festivitatum
1940 1435 2081 1474 ipsarum
2098 1434 2267 1465 ecclesiam
2284 1433 2393 1465 Sancti

1387 1488 1552 1517 Laurentii
1570 1491 1659 1517 extra
1674 1496 1783 1517 muros
1800 1487 1913 1525 Urbis,
1932 1488 1965 1518 in
1989 1497 2053 1527 qua
2075 1488 2220 1527 ejusdem
2237 1487 2341 1518 sancti
2357 1495 2394 1518 ac

1387 1541 1489 1571 sancti
1513 1541 1666 1580 Stephani
1691 1549 1821 1580 corpora
1842 1541 2062 1580 requiescunt,
2079 1542 2191 1572 devote
2205 1541 2390 1579 visitarint3

1386 1595 1453 1625 illis
1469 1604 1542 1625 vero
1553 1595 1608 1634 qui
1624 1595 1762 1633 singulis
1772 1585 1885 1625 diebus
1900 1596 2052 1625 mercurii
2068 1595 2235 1626 ecclesiam
2251 1595 2392 1635 praedic-

1388 1653 1451 1678 tam
1467 1648 1645 1685 visitarint,
1665 1648 1902 1687 indulgentiam
1921 1649 2018 1678 unius
2042 1649 2122 1678 anni
2137 1653 2167 1679 et
2181 1648 2393 1688 quadraginta

1387 1702 1526 1731 dierum.

1429 1768 1441 1782 α
1457 1756 1536 1786 Loca
1552 1760 1734 1786 sanctorum
1751 1756 1935 1786 omnium...
1949 1772 1989 1777 —-
2000 1756 2070 1786 Dat.
2088 1756 2188 1787 Rome
2198 1755 2283 1795 apud
2296 1755 2393 1786 Sauo-

1389 1813 1451 1838 tam
1478 1809 1613 1838 Mariam
1646 1809 1800 1846 Majorem
1812 1831 1819 1845 ,
1849 1818 1869 1838 11
1902 1808 2055 1838 kalendas
2080 1808 2282 1844 novembris,
2306 1815 2392 1838 anno

1387 1862 1500 1901 primo.
1520 1874 1533 1889 ι)

1403 2044 1593 2072 418-412

1424 2105 1585 2137 Berardus,
1604 2105 1681 2140 prior
1705 2104 1740 2130 de
1765 2103 1901 2134 Ponssda,
1923 2103 2032 2130 ordinis
2054 2102 2267 2136 Cluniacensis,
2284 2102 2394 2139 Perga-

1389 2154 1498 2180 mensis
1513 2153 1665 2185 dioecesis,
1678 2157 1706 2180 et
1722 2152 1783 2179 Odo
1800 2152 1834 2178 de
1848 2151 1978 2185 Troaldo,
1992 2151 2213 2178 archidiaconus
2228 2152 2394 2180 monasterii

1389 2202 1597 2235 cluniacensis,
1615 2203 1739 2228 citantur
1754 2209 1848 2228 coram
1866 2200 1934 2227 sede
1947 2200 2115 2235 apostolica.
2130 2199 2212 2235 (Rau.
2231 2200 2274 2232 44,
2288 2207 2315 2227 c.
2330 2200 2392 2232 251,

1390 2252 1408 2278 f.
1427 2253 1458 2279 58
1476 2254 1523 2285 1¹⁰.)

1727 2041 2077 2076 Sainte-Marie—Majeure,
2095 2041 2124 2069 13
2133 2041 2284 2069 decembre
2296 2041 2374 2069 ¹288.

1433 2379 1452 2386 ..
1479 2356 1605 2392 officiali
1634 2354 1833 2384 Cabilonensi.
1858 2364 1871 2379 <a
1899 2352 2032 2383 Moleste
2059 2353 2192 2384 ferimus
2213 2353 2393 2393 quorumli-

1391 2409 1443 2439 bet
1512 2408 1622 2446 Nuper
1642 2407 1667 2436 si
1686 2406 1815 2445 quidem
1830 2405 1953 2435 dilectis
1969 2406 2046 2436 filiis
2063 2406 2180 2437 nostris
2197 2406 2336 2443 Matheo,
2355 2407 2393 2437 ti-

1394 2462 1449 2492 tuli
1467 2461 1573 2491 Sancti
1587 2459 1751 2490 Laurentii
1766 2459 1799 2488 in
1815 2459 1963 2495 Damaso,
1982 2463 2011 2489 et
2029 2460 2168 2498 Hugoni,
2181 2459 2264 2490 tituli
2280 2459 2395 2491 Sancte

1393 2515 1510 2545 Sabine
1522 2513 1715 2552 presbyteris
1722 2512 1950 2549 cardinalibus,
1960 2513 2179 2551 injuncximus
2190 2512 2318 2544 oraculo
2324 2513 2396 2544 vive

1393 2569 1476 2599 vocis
1494 2572 1527 2597 ut
1545 2566 1697 2602 Berardo,
1716 2567 1819 2604 priore
1842 2566 1880 2595 de
1898 2566 2049 2603 l‘onfida,
2066 2566 2189 2597 ordinis
2206 2566 2396 2598 Cluniacen-

1393 2623 1451 2659 sis,
1471 2620 1693 2658 pergamensis
1709 2619 1844 2649 diocesis
1856 2643 1864 2656 ‚
1884 2628 1919 2649 ac
1935 2619 2045 2650 Odone
2061 2619 2100 2650 de
2115 2619 2269 2657 Troaldo‚
2286 2620 2396 2651 archi-

1394 2675 1526 2705 diacono
1550 2673 1734 2703 monasterii
1750 2672 1989 2710 Cluniaeensis,
2014 2673 2269 2712 procuratoribus
2287 2673 2395 2704 dilecti

1394 2728 1451 2758 filii
1471 2750 1490 2756 ..
1511 2727 1632 2756 abbatis
1649 2726 1749 2764 ipsius
1766 2726 1971 2760 monasterii,
1993 2731 2067 2756 tunc
2082 2726 2165 2765 apud
2181 2727 2290 2766 sedem
2303 2735 2394 2766 apos-

1396 2781 1519 2812 tolicam
1532 2780 1722 2816 constitutis,
1736 2779 1774 2808 ad
1787 2788 1876 2809 suam
1890 2780 2086 2818 presentiam
2101 2780 2247 2817 evocatis,
2262 2788 2315 2810 eos
2327 2780 2396 2819 qui·

1395 2834 1527 2864 busdam
1546 2833 1690 2863 articulis
1710 2842 1765 2862 seu
1782 2833 2089 2871 interrogationibus
2107 2833 2247 2864 facerent
2264 2842 2396 2872 respon-

1394 2887 1478 2918 dere.
1493 2887 1611 2916 Verum
1634 2886 1708 2916 licet
1721 2886 1816 2916 iidem
1827 2890 2043 2924 procuratores
2055 2886 2142 2916 citati
2155 2886 2394 2926 comparuerint

1395 2940 1602 2980 personaliter
1639 2949 1744 2970 coram
1781 2940 1997 2970 cardinalibus
2044 2940 2226 2970 memoratis
2240 2963 2248 2978 ,
2285 2941 2394 2979 requi-

1396 2994 1449 3024 siti
1471 2999 1577 3023 tamen
1597 3002 1660 3023 non
1683 2993 1785 3023 solum
1805 2993 1995 3032 respondere
2014 2993 2161 3023 articulis
2177 3002 2232 3024 seu
2256 2993 2396 3024 interro-

1395 3048 1579 3086 gationibus
1604 3047 1680 3086 ipsis
1697 3056 1776 3077 ausu
1793 3047 1960 3077 temerario
1978 3051 2172 3084 renuerunt,
2196 3047 2275 3086 quin
2293 3047 2397 3087 potius
