2477 3637
209 364 264 393 290
511 381 516 384 -
958 357 1191 388 REGISTRES
1214 357 1268 387 DE
1291 356 1468 387 NICOLAS
1492 356 1548 385 tv.

207 430 354 465 mittens,
371 433 402 458 et
418 426 623 458 considerans
645 424 730 463 quod
749 432 913 464 processus
933 424 967 453 in
987 424 1070 454 dicto
1089 424 1215 462 negotio

208 483 336 513 habitus
360 486 390 511 et
417 479 583 510 habendus
610 487 682 507 cum
711 482 911 516 procuratore
937 476 1038 516 ipsius
1060 477 1212 512 minoris,

207 544 303 576 quem
323 535 389 573 ipse
412 533 517 562 minor
539 532 608 561 siue
630 531 681 560 sui
701 531 856 560 curatoris
875 539 1051 567 consensu,
1068 529 1118 560 vel
1136 529 1215 560 alias

208 589 350 627 legitime
368 587 401 616 in
421 585 489 616 suis
504 584 608 615 causis
625 587 862 623 procuratorem
878 583 1100 618 constituerat,
1118 583 1216 633 robur

208 643 339 672 forsitan
358 648 422 669 non
437 639 578 674 haberet,
589 637 768 676 supersedit
785 637 912 675 negotio
923 641 1108 667 memorato.
1125 636 1215 666 Etui-

208 694 417 729 chiloniinus,
430 691 540 722 eodem
553 699 686 721 romana
697 691 787 720 curia
801 690 979 726 recedente,
990 699 1045 720 nos
1059 690 1215 728 prefatum

208 747 373 786 negotium
393 743 566 775 venerabili
585 743 676 773 fratri
693 747 800 773 nostro
812 743 862 780 Β.,
876 743 1046 773 Portuensi
1059 743 1214 782 episcopo,

208 800 429 832 commisimus
448 797 700 828 terminandum.
722 796 876 826 Nolentes
903 797 1010 835 itaque
1028 795 1216 835 hujusmodi

209 853 373 892 negotium
387 852 552 882 occasione
569 850 709 889 predicta
725 849 962 889 quomodolibet
977 849 1144 888 impediri,
1163 847 1218 878 sed

209 907 291 937 illud
312 905 396 946 apud
421 904 529 935 sedem
547 905 648 943 ipsam
665 903 769 942 potius
786 902 953 932 terminari
971 902 1129 936 volentes,
1147 901 1217 931 dis-

165 953 170 958 ’
208 960 342 991 cretioni
362 965 412 989 tue
431 967 486 998 per
503 957 673 997 apostoliea
693 956 808 995 scripta
829 956 1021 985 mandamus
1042 959 1216 994 quatenus,

209 1023 264 1054 per
288 1016 315 1043 le
337 1012 385 1042 vel
413 1021 466 1051 per
489 1011 590 1041 alium
611 1019 666 1040 seu
688 1010 782 1045 alios,
803 1010 908 1048 ipsum
930 1008 1156 1039 Gnifredinum
1181 1017 1218 1038 ex

210 1072 296 1108 parte
314 1072 419 1098 nostra
437 1065 648 1104 peremptorie
663 1064 761 1094 citare
779 1072 944 1103 procures,
960 1072 995 1092 ae
1017 1062 1218 1101 postmodum

210 1123 269 1152 boc
285 1121 323 1150 ad
341 1120 436 1159 patris
454 1119 522 1158 sui,
538 1119 564 1148 si
580 1118 679 1154 vivat,
695 1117 744 1147 vel
760 1117 944 1156 aliquorum
960 1116 1007 1146 illi
1027 1116 1218 1155 propinquo-

209 1184 282 1205 rum
299 1173 477 1213 producens
492 1172 649 1205 notitiam,
664 1175 785 1210 patrem
801 1170 940 1200 eundem
955 1179 1011 1199 seu
1025 1169 1219 1207 propinquos

208 1236 340 1258 monere
357 1235 506 1265 procures
520 1229 553 1255 ut
568 1225 671 1255 eidem
689 1224 879 1254 Guifredino
895 1233 990 1261 super
1012 1223 1072 1253 hoc
1095 1222 1220 1252 cautius

210 1281 424 1321 providentes,
443 1279 527 1309 infra
544 1279 640 1308 unius
655 1277 779 1307 mensis
794 1277 932 1315 spatium
952 1281 1020 1314 post
1035 1276 1220 1306 citationem

210 1339 240 1364 et
256 1333 507 1364 insinuationem
524 1331 711 1371 huJusmodi
730 1340 785 1369 per
802 1330 979 1367 legitimam
997 1337 1165 1367 personam
1181 1327 1221 1357 ad

210 1388 270 1418 hoc
286 1387 457 1426 ydoneam,
474 1389 567 1424 prout
581 1384 717 1422 expedit,
732 1392 804 1413 cum
823 1383 911 1420 actis,
926 1382 1053 1421 Juribus
1070 1386 1100 1412 et
1115 1382 1219 1411 muni-

210 1440 328 1470 mentis
353 1439 438 1475 suis,
458 1447 586 1468 causam
615 1437 790 1476 predictam
816 1435 1095 1474 contingentibus,
1114 1443 1220 1464 coram

210 1494 301 1524 nobis
318 1495 509 1531 compareat,
524 1492 657 1531 justam,
675 1490 771 1520 dante
787 1489 939 1527 Domino,
954 1488 1148 1518 sententiam
1168 1495 1220 1517 re-

210 1551 370 1586 cepturus.
390 1545 545 1584 Alioquin
568 1544 709 1584 prefatus
730 1544 913 1583 episcopus,
930 1542 970 1572 de
985 1541 1112 1581 spetiali
1127 1550 1221 1571 man-

210 1601 283 1631 dato
299 1604 418 1635 nostro,
436 1599 516 1629 sacto
532 1598 591 1628 sibi
611 1598 682 1627 vive
697 1597 782 1627 vocis
796 1596 935 1633 oraculo,
950 1605 1005 1634 per
1021 1604 1095 1625 eum
1111 1594 1221 1634 hujus-

210 1653 298 1684 modi
309 1662 403 1683 cause
417 1651 638 1691 procuratione
652 1651 780 1690 prestita
792 1650 832 1680 ad
846 1649 1038 1689 prelibatum
1055 1649 1221 1687 negotium

211 1706 483 1748 prosequendum,
504 1706 539 1735 in
553 1705 620 1744 ipso
632 1705 723 1744 juxta
741 1704 877 1734 formam
894 1703 934 1733 de
951 1702 1008 1733 illo
1025 1703 1087 1732 sibi
1106 1703 1221 1732 factam

212 1771 231 1792 a
248 1761 340 1791 nobis
364 1759 533 1799 procedere
558 1767 621 1788 non
645 1759 779 1788 omittet.
799 1758 893 1787 Diem
914 1765 988 1786 vero
1009 1756 1171 1787 citationis
1192 1761 1223 1786 et

212 1815 349 1846 sormam
365 1818 394 1844 et
410 1812 564 1852 quicquid
586 1812 662 1842 inde
684 1812 794 1841 seceris
806 1820 862 1850 per
881 1815 949 1841 tuas
966 1810 1086 1840 litteras
1104 1810 1221 1840 harum

212 1868 329 1899 seriem
343 1867 543 1897 continentes
560 1867 688 1896 studeas
704 1865 796 1896 nobis
812 1865 949 1895 fideliter
965 1865 1128 1895 intimare.
1147 1864 1220 1907 Dat.

215 1921 323 1958 Reate,
340 1930 359 1949 ιτ
376 1919 530 1950 kalendas
547 1919 694 1955 octobris,
713 1927 798 1948 anno
815 1918 965 1949 secundo.
986 1930 998 1945 n

290 2074 309 2101 Ι
317 2074 406 2102 483

250 2136 293 2164 De
314 2136 453 2163 electione
469 2135 618 2162 Caterinac
639 2135 674 2162 de
696 2134 802 2167 Bari-is,
823 2135 983 2161 abbatissae
1005 2136 1171 2161 monasterii
1189 2134 1224 2161 de

215 2186 365 2213 Paraclito.
386 2185 467 2217 (Res.
488 2185 536 2215 44.
553 2193 578 2211 c.
597 2185 646 2211 524
658 2206 664 2215 ,
682 2185 701 2210 f.
714 2184 765 2210 ‘tc-‘3
784 2191 832 2212 vo:
849 2183 914 2210 Lar.
933 2193 967 2211 nu
980 2183 1077 2215 Tuan..
1095 2183 1132 2214 ll,
1149 2184 1223 2216 ⁶269.)

739 2072 825 2102 Rieti,
843 2072 876 2099 30
892 2072 1055 2107 septembre
1073 2072 1149 2099 1289.

263 2288 429 2318 Venerabili
446 2288 567 2325 fratri..
588 2287 906 2324 episcopoParisiensi.
917 2287 1057 2316 Vacante
1067 2290 1225 2317 monaste—

215 2343 262 2372 rio
276 2341 466 2372 monialium
476 2341 514 2370 de
523 2340 689 2377 Paraclito,
698 2340 820 2370 ordinis
828 2340 859 2370 S.
871 2340 1047 2375 Benedicti,
1056 2340 1225 2370 Trecensis

215 2395 384 2432 dioecesis,
403 2404 456 2434 per
475 2399 610 2424 mortem
625 2393 746 2423 Mariae
758 2417 765 2429 ‚
780 2417 800 2424 ..
819 2393 967 2432 priorissa
986 2398 1017 2423 et
1033 2398 1224 2430 conventus,

215 2452 283 2488 post
296 2448 438 2478 diversos
450 2452 674 2486 tractatus,per
683 2447 1223 2486 viamprocedentescompromissi,

215 2511 345 2538 omnes,
366 2506 486 2541 septem
506 2501 668 2531 dumtaxat
690 2501 846 2540 exceptis,
873 2501 906 2530 in
929 2505 1065 2540 quatuor
1080 2500 1225 2539 ejusdem

217 2556 403 2586 monasterii
425 2555 582 2586 moniales
602 2555 904 2594 compromiserunt,
923 2563 1073 2585 concessa
1089 2555 1134 2584 eis
1154 2562 1225 2593 pro-

217 2609 348 2639 videndi
375 2608 413 2639 de
439 2609 597 2639 abbatissa
620 2608 814 2638 monasterio
841 2608 1035 2647 supradicto,
1062 2617 1162 2647 usque
1187 2607 1226 2638 ad

218 2662 497 2701 consumptionem
514 2662 678 2701 cujusdam
696 2661 846 2691 candelae
859 2684 867 2697 ,
889 2665 1013 2700 propter
1030 2661 1088 2691 hoc
1106 2661 1226 2691 ibidem

219 2724 368 2746 accensae
383 2739 389 2749 ,
408 2715 501 2754 plena
518 2719 678 2754 potestate.
696 2715 820 2751 Quibus
837 2714 1126 2754 compromissariis
1142 2723 1227 2745 sece-

219 2769 366 2798 dentibus
387 2769 418 2797 in
441 2773 581 2807 partem,
610 2768 756 2798 Isabellis
778 2769 817 2798 de
835 2768 992 2806 Granoia,
1019 2777 1080 2798 una
1099 2777 1135 2798 ex
1159 2768 1225 2806 eis,

220 2831 275 2850 sua
294 2827 323 2850 et
344 2821 539 2860 collegarum
567 2831 698 2852 suarum
726 2822 810 2859 vice,
829 2821 1012 2851 Caterinam
1036 2821 1075 2851 de
1097 2821 1225 2858 Barris,

221 2875 363 2913 ejusdem
387 2876 571 2905 monasterii
595 2875 788 2913 monialem,
806 2875 912 2905 adhuc
931 2874 1064 2905 candela
1077 2874 1224 2912 durante,

221 2927 411 2957 abbatissam
425 2928 530 2966 elegit,
547 2929 723 2968 eademque
737 2928 887 2959 Caterina
899 2929 973 2959 huic
987 2927 1136 2959 electioni
1151 2936 1226 2958 con-

221 2980 330 3009 sensit.
347 2980 408 3009 Sed
427 2982 535 3018 Agnes
549 2981 586 3011 de
607 2982 788 3020 Megrigiis,
809 2991 872 3012 una
891 2991 927 3012 ex
949 2986 1070 3021 septem
1086 2981 1227 3020 praedic-

225 3033 280 3069 tis,
299 3042 444 3063 asset-eus
462 3043 493 3063 sc
519 3045 536 3064 a
561 3044 612 3065 sex
630 3035 701 3065 aliis
725 3035 856 3066 electam
872 3044 953 3073 esse,
969 3035 1117 3066 electioni
1133 3034 1227 3065 Cate—

1296 422 1387 452 rinae
1405 430 1438 451 se
1450 421 1613 460 opposuit,
1633 420 1691 450 hac
1710 429 1784 451 vero
1799 419 1894 451 causa
1909 420 1949 451 ad
1970 421 2079 452 sedem
2094 421 2301 460 apostolicam

1297 475 1440 513 legitime
1463 473 1630 510 devoluta,
1652 482 1732 513 papa
1752 474 1784 503 J.
1798 496 1806 511 ,
1825 473 1960 504 Sanctae
1984 474 2106 504 Mariae
2120 474 2154 504 in
2170 474 2304 506 vialata

1297 528 1467 558 diaconum
1484 527 1692 563 cardinalem,
1705 526 1794 556 dedit
1805 527 1947 566 partibus
1960 527 2150 565 auditorem,
2161 528 2216 567 qui
2225 533 2307 568 post·-

1297 582 1427 612 modum
1443 590 1524 620 quae
1538 589 1643 610 corani
1660 580 1729 619 ipso
1744 580 1779 610 in
1795 580 1854 611 hac
1869 589 1963 611 causa
1979 580 2089 611 habita
2111 581 2239 611 fuerant
2251 590 2304 621 pa-

1298 644 1355 674 pae
1371 634 1523 673 exposuit.
1545 634 1604 664 Hic
1618 642 1692 672 ergo
1711 633 1899 664 electionem
1918 635 2053 672 Agnetis
2071 638 2223 673 tanquam
2239 642 2306 666 non

1297 689 1486 719 canonicam
1502 689 1647 718 cassavit.
1661 686 1744 718 Cum
1759 691 1867 717 autern
1882 687 2039 726 quaedam
2056 687 2178 718 fuerint
2192 692 2256 718 tam
2271 688 2307 720 in

1298 751 1468 781 personam
1495 741 1654 781 praefatae
1677 740 1846 771 Caterinae
1866 750 1964 780 quam
1989 741 2024 770 in
2047 741 2184 771 formam
2205 741 2308 780 ipsius

1298 795 1464 826 electionis
1488 795 1627 834 objecta,
1651 803 1687 824 ac
1712 794 1750 824 de
1769 794 1833 824 hiis
1856 793 1941 833 apud
1966 793 2075 824 sedem
2096 793 2308 833 apostolicam

1299 857 1363 879 non
1391 849 1489 888 possit
1512 848 1605 887 plene
1632 848 1773 887 liquere,
1797 848 1943 887 episcopo
1973 847 2151 878 Parisiensi
2175 846 2308 888 ‘mandat

1300 908 1476 941 quatenus,
1493 904 1527 932 in
1544 902 1754 941 inquisitione
1772 901 1945 939 diligenter
1960 902 2052 939 sacta,
2073 901 2101 931 si
2117 901 2308 932 electionem

1299 956 1489 986 canonicam
1509 960 1540 985 et
1562 964 1732 994 personam
1751 954 1901 985 idoneam
1917 954 2096 992 invenerit,
2118 954 2309 986 electionem

1300 1009 1469 1039 confirmet
1486 1014 1516 1038 et
1531 1008 1698 1038 Caterinae
1716 1016 1835 1037 munus
1853 1008 2105 1038 consecrationis
2124 1001 2308 1046 impendam

1300 1062 1456 1101 alioquin,
1470 1062 1626 1092 electione
1639 1066 1771 1099 cassata,
1787 1061 1982 1091 monasterio
1992 1060 2032 1091 de
2043 1069 2179 1100 persona
2193 1060 2311 1092 idonea

1301 1125 1356 1155 per
1378 1115 1566 1145 canonicam
1590 1114 1779 1145 electionem
1798 1114 1961 1153 provideri
1979 1114 2114 1144 studeat.

1343 1182 1356 1196 α
1392 1169 1520 1199 Dudum
1553 1168 1745 1198 monasterio
1775 1167 2006 1198 monialium...
2036 1184 2074 1189 --
2104 1167 2167 1198 Dat.
2191 1167 2310 1205 Reate,

1302 1232 1323 1253 11
1342 1222 1496 1253 kalendas
1512 1222 1667 1259 octobris,
1684 1230 1770 1252 anno
1789 1221 1939 1252 secundo.
1960 1233 1973 1248 ι)

1379 1368 1634 1397 1484-1498
1831 1367 1918 1401 Rieti,
1937 1368 1967 1394 17
1983 1367 2148 1402 septembre
2164 1366 2242 1395 1289.

1339 1431 1548 1466 Indulgentiae.
1564 1430 1648 1462 (Rau.
1666 1430 1713 1466 44,
1735 1438 1760 1457 o.
1779 1430 1840 1464 5⁶25,
1857 1430 1876 1456 f.
1895 1430 1948 1458 ‘229
1963 1430 2012 1463 1⁸⁰.)

2465 1275 2477 1459 *ΞΜ-εε-τἿ

1347 1533 1502 1563 Universt's
1522 1533 1635 1562 Christi
1654 1533 1792 1570 fidelibus
1814 1538 1962 1571 presentes
1981 1531 2101 1562 litteras
2118 1533 2312 1570 inspecturis.

1303 1586 1547 1624 indulgentiam
1564 1586 1660 1616 unius
1678 1585 1757 1615 anni
1773 1589 1803 1615 et
1824 1594 1862 1615 x1.
1880 1585 2006 1615 dierum
2030 1585 2176 1616 concedit
2195 1585 2241 1616 eis
2257 1585 2315 1625 qui

1304 1640 1471 1671 ecclesiam
1492 1639 1678 1669 monasterii
1694 1638 1803 1669 Sancti
1819 1639 1970 1678 Dionysii
1986 1639 2170 1676 Remeusis,
2189 1638 2312 1670 ordinis
2331 1671 2333 1673 ,

1304 1694 1337 1724 S.
1358 1692 1552 1732 Augustini,
1568 1693 1602 1722 in
1624 1692 1725 1722 sancti
1751 1692 1903 1731 Dionysii
1922 1692 2146 1723 festivitatibus
2169 1693 2316 1724 visitave-

1304 1748 1382 1778 rint.
2326 1783 2327 1786 Ἴ

1345 1813 1358 1829 «
1380 1800 1453 1830 Vite
1470 1800 1651 1838 perempnis
1667 1798 1805 1838 gloria...
1825 1817 1861 1821 —
1879 1799 1949 1829 Dat.
1970 1799 2084 1837 Reate,
2100 1809 2141 1830 xv
2160 1799 2316 1832 kalendas

1304 1855 1440 1886 octobris
1453 1877 1461 1891 ‚
1478 1863 1564 1884 anno
1579 1853 1731 1884 secundo.
1747 1865 1761 1884 ,ι

1345 1910 1383 1939 In
1407 1918 1434 1939 e.
1453 1917 1496 1938 m.
1522 1907 1656 1938 eisdem.
1686 1907 1829 1937 Eandem
1854 1906 2092 1946 indulgentiam
2108 1907 2255 1938 concedit
2270 1907 2335 1938 eis*

1306 1963 1362 2002 qui
1377 1962 1544 1992 ecclesiam
1562 1962 1677 1991 Beatae
1690 1961 1810 1991 Mariae
1821 1961 2017 1998 Jotrensem,
2029 1961 2070 1991 ad
2081 1969 2248 1992 romanam
2263 1964 2332 1993 ec-'

1305 2016 1435 2047 clesiam
1455 2015 1544 2045 nullo
1565 2014 1672 2044 medio
1688 2014 1917 2053 pertinentem,
1935 2014 2060 2044 ordinis
2076 2013 2109 2044 S.
2129 2014 2316 2053 Benedicti,

1307 2069 1482 2099 Meldensis
1499 2067 1674 2104 dioecesis,
1694 2067 1729 2096 in
1745 2067 1856 2097 beatae
1878 2067 1999 2098 Mariae
2020 2067 2250 2099 festivitatibus
2273 2067 2334 2098 vi-.

1307 2122 1484 2153 sitaverint.

1347 2177 1386 2206 In
1405 2187 1432 2207 e.
1453 2185 1495 2206 m.
1522 2175 1654 2206 eisdem.
1676 2174 1817 2205 Eandem
1843 2164 2083 2213 indulgentiam
2100 2175 2248 2206 concedit
2270 2174 2334 2206 eis.

1307 2231 1364 2271 qui
1377 2229 1543 2261 ecclesiam
1555 2228 1746 2259 Sanctorum
1759 2228 1932 2267 Tymothei
1946 2232 1976 2258 et
1987 2227 2172 2268 Apolinaris
2182 2229 2332 2260 Remea-¹

1308 2294 1375 2316 sem
1390 2285 1423 2314 in
1440 2283 1628 2314 eorumdem
1645 2285 1828 2312 sanctorum
1843 2282 2070 2312 festivitatibus
2085 2282 2297 2313 visitaverint.
2319 2314 2326 2319 ,

1348 2338 1386 2368 In
1412 2347 1439 2367 e.
1466 2345 1508 2366 ni.
1539 2335 1670 2366 eisdem.
1697 2334 1839 2365 Eandem
1857 2334 2094 2374 indulgentiam
2112 2334 2256 2366 concedit
2270 2335 2321 2366 eis

1308 2392 1363 2431 qui
1380 2390 1547 2421 ecclesiam
1562 2412 1582 2418 ..
1600 2389 1717 2428 prioris
1735 2393 1765 2418 et
1782 2389 1915 2419 fratrum
1932 2388 2101 2428 hospitalis
2117 2389 2156 2419 de
2172 2388 2232 2420 Dei
2248 2388 2329 2426 Me-¹¹

1308 2446 1389 2482 rito,
1411 2445 1501 2484 juxta
1518 2443 1639 2478 Remis,
1656 2442 1778 2473 ordinis
1795 2442 1827 2472 S.
1844 2443 2029 2480 Augustini,
2045 2443 2080 2472 in
2096 2442 2129 2473 S.
2147 2441 2314 2483 Ber-nardi,

1309 2499 1344 2529 in
1362 2498 1453 2537 cnjus
1468 2497 1624 2527 honorem
1641 2500 1821 2525 constructa
1840 2500 1896 2532 est,
1917 2495 2090 2525 festivitate
2105 2495 2315 2527 visitaverint.

1351 2552 1388 2581 In
1415 2560 1442 2581 e.
1462 2559 1505 2581 m.
1534 2549 1666 2580 eisdem.
1691 2548 1832 2578 Eandem
1852 2548 2090 2587 indulgentiam
2108 2548 2254 2582 concedit
2271 2538 2329 2585 eins

1309 2605 1365 2644 qui
1386 2603 1552 2634 ecclesiam
1580 2602 1765 2632 monasterii
1787 2602 1894 2632 Sancti
1917 2602 2086 2632 Geromari
2109 2601 2148 2632 de
2173 2601 2317 2640 Flaiaco,

1308 2657 1432 2688 ordinis
1455 2656 1487 2686 S.
1517 2654 1699 2691 Benedicti,
1727 2654 1930 2685 Belvacensis
1953 2654 2129 2692 dioecesis,
2158 2655 2192 2685 in
2219 2662 2294 2686 sanc
2309 2646 2327 2673 ’ἶ

1309 2710 1474 2742 Geromari
1495 2709 1664 2739 festivitate
1682 2708 1896 2739 visitaverint.
2323 2739 2326 2748 ,

1350 2765 1387 2794 In
1411 2773 1438 2793 e.
1458 2772 1500 2792 m.
1522 2761 1654 2792 eisdem.
1683 2761 1824 2791 Eandem
1850 2761 2090 2800 indulgentiam
2111 2761 2257 2793 concedit
2273 2750 2332 2794 eins.
2374 2758 2378 2763 ’

1309 2817 1365 2857 qui
1384 2815 1551 2846 ecclesiam
1571 2815 1756 2844 monasterii
1777 2815 1886 2844 Sancti
1910 2814 1998 2844 Petri
2021 2813 2155 2854 apostoli
2177 2814 2316 2845 Remen-

1310 2870 1370 2906 sis‚
1388 2869 1511 2900 ordinis
1537 2868 1569 2898 S.
1599 2867 1786 2906 Benedicti,
1806 2868 1838 2897 in
1862 2868 1965 2898 sancti
1986 2868 2073 2898 Petri
2096 2866 2318 2898 festivitatibus

1310 2923 1523 2955 visitaverint.
2334 2957 2339 2965 ,

1352 2978 1389 3008 In
1411 2987 1439 3007 e.
1466 2986 1510 3006 m.
1538 2975 1669 3006 eisdem.
1689 2975 1831 3006 Eandem
1855 2974 2092 3014 indulgentiam
2115 2974 2260 3005 concedit
2273 2973 2341 3004 eis-
2404 3007 2405 3012 ,

1312 3031 1368 3071 qui
1383 3029 1551 3061 ecclesiam
1568 3028 1756 3059 monasterii
1773 3028 1882 3059 Sancti
1897 3028 1984 3058 Petri
1999 3027 2039 3058 ad
2059 3027 2184 3058 Montes
2199 3025 2317 3058 Catha-
2338 3036 2361 3063 ν,
2402 3013 2407 3061 ἔ

2464 1735 2477 1765 ιε’
2460 1627 2477 1711 κί’-’ΞΑ
2474 1573 2477 1602 .-,

2461 1879 2477 2016 &Ea-.-

2461 2039 2477 2178 22⁴5*

2457 2265 2477 2510 &Emtae-'m

2462 2851 2477 2882 Εἰ-
2460 2742 2477 2829 flunt·
2461 2688 2477 2728 *UT
2462 2634 2477 2668 2¹
2471 2584 2477 2614 -J
