2342 3652
947 345 1180 384 TROISIEME
1201 345 1358 384 ANNEE.
2143 358 2196 388 621

102 432 113 446 ν
142 420 251 450 Sancti
273 421 360 457 Viti3
383 421 416 450 iu
443 425 550 451 moute
566 421 604 451 de
631 420 785 458 Corneto,
808 420 975 451 ecclesiam
998 420 1108 450 Sancti

103 484 117 499 »
142 472 276 510 Angeli;
301 474 334 502 in
356 474 512 504 territorio
536 474 655 504 montis
680 474 788 504 Sancti
809 473 984 510 Jobannis,
1008 473 1107 503 eccle-

103 538 117 552 »
141 526 222 555 siam
242 526 355 556 Sancte
373 527 472 556 Mai-ie
495 527 533 556 de
556 527 761 565 Regimento,
786 527 893 557 Sancti
916 527 1106 563 Salvatoris;

104 590 118 605 »
142 579 174 608 in
213 580 370 610 territorio
403 580 588 617 Babucano,
619 580 784 610 ecclesiam
819 580 926 610 Sancti
955 579 1109 618 Stephani

105 643 117 658 »
143 637 173 661 et
203 632 312 663 Sancti
340 633 485 670 Nicolai3
516 634 550 663 111
580 634 775 671 Frusinono,
808 633 973 663 ecclesiam
1001 632 1109 663 Sancti

104 696 117 711 1)
141 685 302 715 Johannis
332 690 361 715 et
389 686 498 716 Sancti
525 686 687 723 Silvestri,
712 696 785 717 cum
810 686 1049 725 Amphiteatro,
1073 685 1108 714 in

104 750 117 765 ι)
143 738 322 776 episcopatu
353 741 543 776 Anagnino,
574 740 739 770 ecclesiam
774 740 888 770 Sancte
917 738 1044 774 Crucis3
1075 738 1108 766 in

108 802 120 817 n
146 790 227 820 valle
255 792 474 829 Orbevetana,
502 793 668 822 ecclesiam
696 793 805 823 Sancti
833 792 997 823 Vincentii
1019 792 1110 831 juxta

104 856 118 870 »
142 847 281 874 castrum
312 845 448 881 Morrei,
478 845 511 874 in
536 847 694 876 territorio
719 847 914 883 Marsicano,
942 845 1109 876 ecclesiam

105 909 118 924 ¹>
144 897 253 928 Sancti
279 898 390 936 Magni
415 899 505 937 juxta
533 904 671 929 castrum
699 900 838 936 Castuli;
864 908 935 929 cum
959 899 1110 929 omnibus

105 963 118 977 »
144 960 252 981 earum
288 952 501 990 pertinentiis.
532 952 769 982 Consu-mamus
797 953 892 982 etiam
920 952 1007 982 vobis
1037 960 1109 981 rus-

105 1016 119 1031 »
145 1004 221 1034 ticos
246 1009 276 1034 et
298 1004 488 1034 hereditates
512 1014 590 1043 quas
614 1006 648 1034 in
672 1006 800 1036 civitate
820 1005 982 1035 Verulana
1004 1005 1110 1043 quiete

104 1069 118 1084 »
142 1057 297 1088 hactenus
326 1058 505 1096 possedisse
534 1058 699 1088 videmini.
733 1058 889 1089 Similiter
917 1058 1109 1088 hereditates

104 1124 117 1138 »
142 1116 172 1142 et
191 1112 325 1142 rusticos
345 1120 424 1151 quos
448 1111 572 1141 habetis
590 1112 624 1141 in
652 1113 790 1143 Babuco.
810 1114 1019 1152 Quacumque
1038 1121 1109 1151 pre-

103 1177 117 1191 »
143 1169 228 1196 terea
252 1165 286 1194 in
314 1165 471 1200 ecclesiis,
500 1165 595 1202 casis,
627 1167 734 1202 terris,
758 1166 880 1202 vineis,
906 1166 998 1201 ortis,
1023 1174 1110 1195 cam-

103 1228 118 1248 »
142 1219 208 1258 pis,
232 1219 346 1258 pratis,
375 1219 516 1258 pascuis,
544 1218 652 1258 silvis,
676 1219 800 1249 celsetis
826 1224 856 1249 et
879 1220 1030 1249 omnibns
1053 1228 1109 1249 cu-

104 1285 117 1300 »
137 1273 331 1312 juscumque
359 1273 486 1310 generis
516 1273 704 1310 arboribus,
734 1274 841 1312 aquis,
873 1273 1046 1312 aquimolis
1075 1274 1109 1302 in

103 1338 117 1352 ³>
142 1326 333 1356 fluminibus
356 1326 406 1356 vel
431 1326 544 1355 rivulis
566 1326 689 1364 positis,
718 1327 750 1355 in
777 1327 941 1356 montibus
963 1330 1017 1356 aut
1045 1326 1109 1364 pla-

105 1391 118 1405 »
143 1379 283 1409 nitiebus
299 1384 330 1409 et
341 1380 375 1409 in
391 1379 542 1409 omnibus
556 1379 676 1418 ubique
694 1379 863 1409 territoriis
879 1388 914 1408 ac
930 1379 1018 1416 locis,
1034 1380 1111 1408 civi-

105 1443 118 1458 »
141 1432 260 1462 tatibus
287 1432 338 1462 vel
364 1432 518 1469 castellis,
545 1441 671 1471 queque
692 1432 787 1461 etiam
818 1433 852 1461 in
874 1433 973 1462 servis
999 1438 1029 1462 et
1052 1442 1110 1462 an-

104 1497 117 1511 »
141 1485 225 1515 cillis
258 1489 288 1514 et
323 1486 354 1515 in
389 1485 538 1515 omnibus
570 1485 664 1515 rebus
693 1494 729 1514 ac
760 1486 1012 1523 possessionibus
1045 1486 1110 1515 suis

105 1550 118 1565 ³>
143 1538 319 1569 mobilibus
346 1543 376 1568 et
400 1538 622 1569 immobilibus
649 1547 781 1577 seseque
802 1539 1004 1569 moventibus
1025 1540 1110 1569 idem

105 1604 118 1619 1)
143 1593 374 1623 monasterium
386 1592 420 1621 in
435 1593 663 1631 presentiJuste
674 1601 706 1630 pc
721 1591 1109 1629 Asidet,siveinfutnrum,

106 1658 118 1672 n
143 1646 300 1684 largiente
326 1646 484 1684 Domino,
506 1647 592 1685 juste
614 1651 707 1685 atque
730 1647 882 1676 canonice
905 1646 1019 1685 poterit
1043 1646 1111 1676 adi-

106 1712 119 1726 »
145 1700 241 1739 pisci,
260 1700 353 1729 firma
374 1700 430 1730 tibi
453 1700 576 1738 tuisque
596 1699 831 1729 successoribus
852 1704 882 1729 et
900 1699 1022 1729 illibata
1039 1709 1110 1738 per-

108 1765 120 1780 »
144 1758 306 1783 maneant.
327 1753 540 1783 Decet-nimus
556 1762 630 1791 ergo
648 1757 680 1782 ut
695 1752 775 1782 nulli
789 1753 922 1787 omnino
941 1753 1111 1782 hominum

106 1820 120 1834 »
144 1807 236 1837 liceat
256 1807 341 1837 idem
360 1807 593 1837 monasterium
613 1811 731 1836 temere
752 1806 954 1845 perturbare,
971 1810 1024 1836 aut
1043 1807 1112 1845 ejus

107 1872 119 1886 »
144 1861 357 1898 possessiones
373 1860 511 1897 anferre,
530 1859 579 1890 vel
594 1860 715 1890 ablatos
732 1860 880 1896 retinere,
898 1859 1047 1889 minuere
1062 1859 1112 1889 vel

106 1926 119 1939 »
145 1914 325 1943 temerariis
350 1913 572 1944 vexationibus
598 1913 748 1951 fatigare,
774 1913 828 1942 sed
853 1913 962 1943 omnia
988 1913 1112 1950 integra

106 1979 119 1993 »
143 1971 375 1998 conserventur
396 1975 508 1996 eorum
528 1975 583 2005 pro
605 1975 742 2005 quorum
764 1967 992 1996 sustentatione
1011 1970 1039 1995 et
1055 1975 1111 2004 gu-

105 2032 119 2048 »
143 2021 331 2050 bernatione
345 2029 493 2051 concessa
509 2024 584 2050 sunt
598 2020 709 2050 usibus
725 2020 920 2050 omnimodis
938 2020 1110 2058 profutura,

106 2085 119 2101 n
145 2073 290 2104 Obeunte
319 2077 367 2110 te,
391 2082 477 2103 nunc
500 2073 643 2112 ejusdem
667 2072 727 2102 loci
752 2073 882 2107 abbate,
912 2073 961 2102 vel
986 2077 1113 2103 tuorum

105 2139 118 2154 n
143 2127 286 2166 quolibet
302 2135 534 2161 successorum,
553 2126 663 2156 nullus
678 2127 721 2156 ibi
740 2126 882 2165 qualibet
898 2126 1113 2165 subreptionis

105 2193 118 2207 n
144 2180 262 2211 astutia
286 2189 341 2210 seu
368 2180 519 2210 violentia
542 2185 756 2219 preponatur,
786 2181 848 2209 nisi
878 2189 973 2218 quem
1002 2180 1114 2210 fratres

106 2247 119 2261 »
144 2234 310 2264 communi
327 2242 487 2264 consensu
504 2234 553 2263 vel
573 2234 706 2263 fratrum
724 2244 795 2273 pars
813 2233 940 2264 consilii
957 2228 1113 2269 sanioris,

106 2297 121 2317 )>
143 2287 195 2317 vel
211 2287 249 2317 de
265 2296 322 2317 suo
338 2287 388 2317 vel
403 2287 441 2317 de
459 2287 576 2324 alieno,
595 2287 622 2316 si
635 2288 818 2325 oportuerit,
836 2287 980 2325 collegio,
999 2296 1114 2316 secun-

108 2353 121 2368 »
145 2341 222 2370 dum
243 2341 303 2371 Dei
323 2341 470 2371 timorem
492 2345 522 2370 et
541 2341 624 2370 beati
645 2341 811 2370 Benedicti
830 2340 992 2378 regulam,
1010 2340 1113 2378 elege-

107 2406 120 2420 »
145 2394 230 2430 rint,
253 2402 271 2422 a
296 2402 428 2423 romano
452 2393 599 2432 pontifice
622 2393 886 2424 consecrandum.
909 2392 1113 2431 Sepulturam
1139 2414 1142 2419 .

108 2459 121 2473 n
145 2455 274 2485 quoque
294 2447 395 2485 ipsius
412 2447 471 2477 loci
492 2447 625 2477 liberam
647 2456 714 2477 esse
735 2447 929 2483 sanctimus,
950 2451 984 2476 ut
1004 2456 1113 2476 eorum

108 2512 120 2526 11
145 2501 200 2538 qui
221 2500 287 2530 illic
310 2499 438 2539 sepeliri
462 2499 709 2530 deliberaverint
732 2500 893 2530 devotioni
920 2504 949 2529 et
975 2504 1115 2530 extreme
1139 2497 1142 2501 ’

106 2565 120 2580 n
146 2553 313 2591 voluntati,
334 2554 397 2583 nisi
413 2554 492 2584 forte
509 2554 775 2584 excommunicati
794 2554 868 2591 sint,
887 2553 995 2583 nullus
1011 2553 1114 2583 obsis-

107 2619 120 2634 »
145 2611 199 2637 tat.
238 2607 364 2637 Crisma
395 2616 470 2637 vero
482 2631 489 2644 ‚
521 2607 628 2638 oleum
661 2611 825 2645 sanctum,
860 2607 1115 2638 consecrationes

107 2673 120 2686 υ
145 2660 295 2691 altarium
320 2665 351 2690 et
374 2660 592 2691 ordinationes
615 2661 848 2691 monachornm
872 2662 897 2691 si
927 2661 1116 2691 diocesanus

107 2726 121 2740 i>
146 2714 312 2753 episcopus
328 2715 426 2752 gratis
443 2718 472 2744 et
487 2714 607 2752 absque
623 2714 688 2744 ulla
702 2715 864 2745 exactione
878 2715 1016 2745 noluerit
1030 2714 1117 2744 exhi-

109 2779 121 2794 »
146 2767 238 2803 bere,
263 2767 356 2797 liceat
382 2767 471 2798 vobis
496 2768 689 2798 catholicum
715 2777 810 2807 quem
838 2768 1002 2798 volueritis
1029 2769 1116 2798 adire

108 2833 122 2847 υ
146 2821 324 2850 antistitem
338 2825 368 2851 et
382 2822 421 2851 ab
435 2831 470 2851 eo
485 2822 595 2852 eadem
610 2826 808 2852 sacramenta
821 2823 997 2860 suscipere3
1013 2831 1117 2860 neque

109 2886 122 2900 υ
146 2873 204 2904 11111
226 2874 371 2913 episcopo
392 2879 447 2904 ant
467 2875 684 2913 episcoporum
702 2875 851 2905 ministro
870 2875 1001 2905 facultas
1025 2875 1064 2904 sit
1082 2875 1116 2904 in

110 2940 123 2954 ›»
148 2927 277 2966 capellis
293 2927 333 2957 ad
350 2928 526 2967 predictum
543 2929 774 2958 monasterium
789 2929 1032 2967 pertinentibus,
1047 2937 1116 2966 pre-

108 2992 123 3007 »
148 2984 195 3010 ter
208 2985 439 3020 competentem
457 2983 485 3011 ei
498 2987 644 3021 quartam
659 2982 855 3012 decimarum
872 2987 901 3012 et
917 2981 1117 3012 oblationum

109 3047 120 3060 n
149 3039 282 3074 partem,
296 3035 414 3074 injuste
428 3036 488 3066 sibi
502 3036 626 3074 aliquid
642 3036 822 3066 vendicare.
841 3035 873 3065 Si
891 3044 953 3074 qua
969 3035 1067 3073 igitur
1083 3034 1117 3064 in

1195 433 1207 447 n
1232 421 1376 450 futurum
1394 421 1604 451 ecclesiastica
1620 422 1813 452 secularisve
1828 431 1963 461 persona
1979 423 2037 453 hac
2052 428 2196 454 nostre...

1194 485 1207 500 n
1235 474 1297 511 Ego
1313 474 1454 504 Calixtus
1473 474 1627 505 catholice
1649 475 1779 505 ecclesie
1800 476 1964 514 episcopus
1983 486 2022 505 ss.
2042 475 2113 506 Dat.
2131 477 2199 506 Vil-

1195 539 1207 553 η
1232 526 1324 563 letri,
1352 536 1407 565 per
1434 536 1567 557 manum
1591 529 1755 566 Hugonis,
1779 533 1886 558 sancte
1912 538 2043 560 romane
2068 530 2199 560 ecclesie

1194 592 1207 606 1>
1233 580 1429 617 subdiaconi,
1449 590 1479 609 VI
1498 589 1598 610 nonas
1612 582 1759 618 octobris,
1775 582 1950 612 indictione
1967 583 2079 621 prima,
2094 584 2198 613 incar-

1195 645 1208 659 »
1235 634 1373 663 nationis
1389 633 1550 664 dominice
1566 643 1651 664 anno
1670 635 1904 671 M⁰C0XXIIIO,
1925 636 2124 674 pontificatus
2142 647 2199 666 au-

1235 691 1296 716 tem
1312 686 1411 716 donni
1427 687 1543 728 Calixti
1559 688 1691 717 secundi
1708 697 1786 726 pape
1802 697 1887 718 anno
1902 694 2023 727 quarto.
2045 703 2057 715 »

1235 752 1247 765 a
1275 739 1485 783 Privilegium
1506 741 1589 779 qnod
1612 740 1751 771 felicis...
1771 757 1810 763 ·-
1827 742 1898 771 Dat.
1916 742 1999 780 apud
2021 743 2198 772 Urbemve-

1195 797 1304 827 terem,
1322 793 1427 822 idibus
1446 794 1634 831 decembris,
1652 795 1860 824 annotertio.
1884 808 1897 821 υ

1195 699 1202 713 )

1263 973 1379 1000 4249

1230 1034 1376 1060 Fratribus
1391 1033 1555 1060 monasterii
1569 1033 1744 1060 Casaemarii
1760 1034 1890 1068 indulget
1904 1038 1933 1061 ut
1944 1034 1978 1061 de
1989 1035 2024 1061 iis
2040 1044 2112 1069 quae
2129 1036 2200 1069 ipsis

1745 972 1876 1006 Orvieto‚
1894 973 1907 999 4
1919 974 2033 1007 janvier
2049 974 2127 1001 1291.

1193 1083 1292 1109 fideles
1312 1083 1409 1109 ultima
1426 1083 1571 1109 voluntate
1595 1091 1645 1117 pro
1668 1083 1797 1117 pitantiis
1817 1083 1976 1117 legaverint
1992 1085 2098 1110 nemini
2113 1093 2201 1111 03110-

1194 1132 1286 1158 nicam
1303 1132 1463 1166 portionem
1480 1131 1546 1157 dare
1562 1134 1725 1158 teneantur.
1742 1131 1826 1165 (REG.
1845 1133 1887 1166 45,
1905 1141 1930 1159 0.
1949 1133 2009 1164 75⁶2,
2025 1134 2044 1159 f.
2064 1134 2112 1160 154
2130 1135 2177 1163 r0.)

1234 1249 1362 1277 Eisdem.
1384 1260 1398 1274 «
1422 1247 1599 1285 Religionis
1615 1252 1720 1277 vestre
1737 1252 1915 1278 meretur...
1939 1249 1983 1279 Ut
2002 1249 2040 1278 de
2060 1249 2123 1278 hiis
2139 1258 2200 1288 que

1194 1301 1283 1331 vobis
1305 1309 1360 1339 pro
1385 1301 1528 1339 pitantiis
1553 1305 1731 1331 conventus
1756 1310 1791 1330 ex
1814 1301 1957 1331 fidelium
1976 1302 2145 1332 devotione
2166 1303 2215 1337 111,

1196 1354 1307 1384 ultima
1326 1354 1486 1383 voluntate
1507 1354 1654 1391 legantur
1674 1355 1827 1384 canonica
1844 1355 1961 1393 portio,
1978 1355 2151 1386 dummodo
2167 1356 2199 1385 in

1193 1407 1337 1436 fraudem
1367 1416 1429 1436 non
1457 1407 1511 1436 fiat
1537 1413 1569 1436 ut
1592 1416 1628 1437 ea
1653 1407 1814 1437 diocesani
1841 1408 1979 1447 episcopi
2009 1413 2063 1438 aut
2093 1417 2200 1447 parro-

1194 1460 1313 1490 chiales
1332 1460 1464 1490 ecclesie
1483 1460 1732 1498 defraudentur,
1750 1460 1864 1490 deduci
1880 1466 2034 1499 nequeat,
2054 1470 2112 1491 nec
2130 1471 2201 1491 eam

1195 1513 1370 1543 teneamini
1386 1514 1535 1552 cuiquam
1551 1514 1702 1543 exhibere
1717 1518 1747 1543 et
1759 1513 1798 1543 ad
1812 1514 2005 1544 exibendum
2019 1514 2119 1553 ipsam
2135 1523 2201 1554 pos-

1195 1567 1263 1596 sitis
1286 1576 1303 1596 a
1331 1575 1493 1605 quoquam
1518 1567 1720 1605 aliquatenus
1747 1568 1882 1597 coartari
1906 1568 2090 1597 auctoritate
2111 1567 2201 1597 vobis

1195 1620 1390 1658 presentium
1423 1619 1667 1657 indulgemus...
1700 1620 1769 1649 Dat.
1805 1620 1889 1658 apud
1918 1620 2198 1655 Urbemveterem,

1195 1683 1215 1702 11
1233 1682 1333 1703 nonas
1346 1674 1500 1712 januarii,
1518 1682 1603 1703 anno
1620 1673 1720 1703 tertio.
1738 1685 1751 1700 >a

1265 1853 1387 1881 4250

1231 1914 1277 1941 Ad
1292 1915 1383 1941 instar
1394 1914 1553 1941 Innocentii
1569 1923 1658 1949 papae
1672 1916 1938 1949 quarti,confi1·mat
1953 1916 2100 1951 privilegia
2116 1925 2131 1943 a
2142 1915 2203 1942 Fre-

1197 1963 1294 1990 derico
1315 1964 1486 1998 imperatore
1507 1965 1681 1990 monasterio
1697 1963 1870 1991 Casaeniarii
1890 1973 2038 1991 concessa.
2060 1965 2141 1999 (REO.
2160 1966 2202 1996 45,

1196 2020 1222 2038 c.
1240 2012 1301 2044 753,
1320 2013 1338 2038 f.
1358 2011 1406 2039 154
1424 2014 1473 2044 νο.)

1691 1851 1819 1886 Orvieto,
1837 1852 1868 1878 13
1886 1852 2037 1878 decembre
2054 1852 2130 1880 1290.

1239 2129 1355 2158 Dilectis
1373 2129 1448 2165 filiis
1468 2151 1488 2158 ..
1506 2130 1607 2158 abbati
1623 2135 1648 2158 et
1665 2129 1824 2159 conventui
1838 2131 2019 2159 monasterii
2037 2130 2205 2159 Casenzczrit'

1198 2185 1223 2209 et
1238 2180 1346 2210 Sancti
1365 2182 1525 2218 Domz'm'ci,
1552 2182 1697 2211 Verulana
1713 2187 1738 2210 et
1757 2182 1872 2211 Sorane
1889 2183 2063 2212 diocest'um.

1238 2233 1489 2271 Privilegiorum
1509 2239 1598 2264 tenor
1614 2234 1666 2264 1110
1679 2240 1725 2264 est
1742 2244 1748 2264 :

1239 2300 1253 2313 «
1272 2287 1459 2317 Fredericus
1474 2288 1584 2318 divina
1599 2289 1724 2318 favente
1739 2289 1908 2319 clementia
1925 2290 2090 2320 Romanus
2107 2291 2205 2330 impe-

1200 2352 1212 2367 »
1238 2345 1322 2370 rator
1343 2350 1467 2380 semper
1487 2346 1641 2379 augustus
1660 2347 1690 2372 et
1705 2352 1758 2372 rex
1775 2343 1905 2381 Sycilie.
1923 2344 2009 2374 Licet
2025 2349 2205 2375 nostrorum

1200 2405 1213 2420 »
1235 2394 1368 2433 justis...
1385 2411 1423 2415 —-
1440 2395 1512 2424 Dat.
1532 2396 1564 2424 in
1584 2396 1694 2425 castris
1714 2396 1747 2425 in
1768 2396 1933 2427 obsidione
1951 2398 2029 2435 lati,
2046 2407 2131 2428 anno
2150 2398 2206 2428 do-

1201 2458 1214 2473 »
1240 2447 1358 2477 minice
1375 2448 1606 2478 incarnationis
1624 2449 1859 2487 M⁰CC⁰XXII0‚
1877 2459 1986 2480 mense
1999 2451 2092 2489 julii,
2106 2451 2207 2481 indic-

1201 2512 1214 2526 »
1240 2501 1327 2530 tione
1343 2509 1386 2538 x=¹,
1404 2501 1532 2540 imperii
1548 2502 1672 2532 domini
1692 2504 1793 2533 nostri
1810 2504 1951 2534 Federici
1967 2504 2027 2534 Dei
2044 2505 2144 2543 gratia
2158 2505 2207 2534 in-

1201 2565 1213 2580 »
1239 2553 1407 2583 victissimi
1423 2554 1560 2584 Romani
1578 2555 1779 2594 imperatoris
1795 2566 1920 2595 semper
1934 2560 2061 2595 augusti
2078 2562 2107 2586 et
2123 2559 2207 2596 regis

1202 2618 1214 2633 n
1239 2606 1348 2636 Sicilie
1363 2616 1448 2637 anno
1465 2608 1616 2645 secundo,
1627 2610 1719 2647 regni
1734 2618 1809 2640 vero
1825 2610 1936 2640 Sicilie
1948 2620 2046 2639 xxnn.
2061 2611 2208 2641 Feliciter

1201 2672 1214 2686 ›>
1239 2668 1345 2689 amen.
1366 2672 1378 2685 ι)
1396 2660 1801 2699 (HuicLAIzn-Bnssnoncns,
1819 2663 1862 2698 Π,
1881 2673 1901 2699 1,
1920 2663 2004 2702 ⁶259.)

1241 2713 1277 2742 In
1292 2713 1351 2743 hoc
1365 2717 1470 2742 autem
1487 2714 1654 2752 privilegio
1667 2714 1754 2744 alind
1769 2715 1931 2745 inclusum
1944 2721 2001 2752 est,
2012 2717 2103 2755 cujus
2118 2721 2208 2748 tenor

1200 2766 1253 2795 hic
1270 2770 1315 2795 est
1336 2778 1341 2794 z

1241 2831 1255 2845 «
1280 2819 1466 2849 Fredericus
1489 2819 1599 2849 divina
1622 2820 1746 2850 favente
1768 2820 1939 2851 clementia
1960 2823 2124 2852 Romanus
2145 2823 2207 2852 im-

1203 2885 1215 2897 »
1241 2877 1365 2910 perator
1382 2882 1506 2911 semper
1523 2877 1676 2911 augustus
1698 2878 1728 2903 et
1748 2884 1800 2903 rex
1817 2875 1937 2904 Sicilie.
1955 2875 2037 2905 Cum
2058 2877 2208 2915 imperia-

1203 2938 1215 2952 »
1240 2925 1303 2955 leni
1328 2926 1471 2955 deceat...
1489 2943 1526 2947 —
1545 2927 1614 2956 Dat.
1636 2927 1779 2964 Salerni,
1796 2933 1864 2967 post
1884 2929 2007 2958 curiam
2026 2929 2133 2968 Capue
2156 2940 2207 2960 ce-

1203 2992 1216 3006 »
1241 2979 1414 3016 lebratam,
1434 2989 1520 3010 anno
1542 2980 1702 3011 dominice
1725 2981 1956 3012 incarnationis
1981 2983 2206 3021 M⁰CC⁰XXI⁰,

1203 3045 1216 3060 ›>
1242 3042 1352 3063 mense
1378 3033 1546 3070 februarii,
1567 3033 1741 3065 indictione
1759 3045 1859 3073 Vinia,
1879 3037 2055 3075 imperante
2081 3038 2209 3068 domino
