2342 3652
915 368 1144 407 DEUXIEME
1165 367 1322 406 ANNEE.
2108 386 2165 416 377

145 440 262 469 2132

109 501 242 528 Facultas
251 500 452 527 reconciliandi
465 499 528 526 loca
540 499 653 525 violata*
667 499 751 532 (Rus.
765 501 808 531 44,
823 509 848 527 c.
861 501 922 535 853,
936 502 955 528 f.
968 502 1018 529 ‘295
1030 503 1078 534 r0.)

379 438 743 473 Sainte-Marie-Majeure‚
764 440 793 466 17
810 441 914 467 sevrier
930 442 1006 468 1290.

112 603 216 632 Eidem
241 601 387 639 indulget
411 605 443 630 ut
466 600 616 630 ecclesias
641 605 671 630 et
693 602 896 638 coemeteria,
925 603 1079 633 effusione

72 655 240 693 sanguinis
255 653 305 684 vel
327 653 460 684 seminis
477 653 593 683 violata
607 677 613 689 ,
631 653 759 691 quando
775 654 842 692 ipse
858 655 934 684 foris
952 655 1077 685 dioece-

71 708 116 739 sis
129 708 239 744 fuerit,
259 715 333 737 cum
353 715 436 745 aqua
456 715 474 735 a
493 715 525 735 se
541 706 729 743 benedicta,
748 716 802 744 per
818 707 970 737 idoneum
988 717 1077 746 pres-

70 761 238 800 byterum,
260 760 315 798 qui
336 760 369 788 in
397 759 530 789 ecclesia
547 759 785 789 reconcilianda
805 765 1007 798 personatum
1027 760 1077 790 vel

71 813 258 852 dignitatem
278 813 410 848 habeat,
432 812 635 842 reconciliari
653 813 757 842 faciat.
781 813 1006 843 Praesentibus
1024 823 1078 852 per

71 866 330 906 quinquennium
347 865 507 895 valituris.

113 931 126 947 α
143 919 352 957 Exigentibus
371 922 423 948 tue
448 919 666 950 devotionis...
689 935 727 940 —
753 919 825 949 Dat.
850 919 970 956 Rome,
993 920 1076 958 apud

72 972 218 1004 Sanctam
244 972 378 1002 Mariam
400 972 571 1009 Majorem,
592 981 647 1001 >1111
674 971 826 1001 kalendas
846 973 970 1009 martii,
989 981 1076 1002 anno

71 1026 221 1057 secundo.
240 1037 254 1052 »

138 1211 254 1239 2133

101 1272 233 1299 Facultas
248 1272 426 1299 absolvendi.
444 1272 526 1306 (Rus.
544 1273 588 1305 44,
606 1281 630 1299 c,
648 1273 708 1303 854,
726 1273 744 1299 f.
763 1274 814 1300 295
831 1275 876 1305 νο.)

389 1210 738 1246 Sainte-Marie-MaJeure,
758 1212 787 1238 17
804 1212 908 1238 fevi-ier
927 1212 1001 1239 1290.

105 1375 207 1404 Eidem
222 1373 405 1404 facultatem
422 1374 566 1404 concedit
579 1374 711 1404 clericos
728 1376 910 1413 provinciae
925 1376 1073 1414 Compos-

67 1427 202 1458 tellanae
219 1428 274 1466 qui
296 1431 437 1466 tempore
458 1428 619 1457 interdicti
643 1429 808 1458 occasione
828 1429 1006 1459 discordiae
1022 1431 1070 1459 in-

65 1484 111 1511 ter
126 1480 309 1517 All'ousum,
328 1489 436 1518 regem
448 1480 604 1510 Castellae
616 1486 646 1511 et
664 1482 824 1519 Legionis,
844 1492 879 1512 ex
895 1492 957 1512 una
972 1488 1069 1521 parte,

65 1542 100 1564 ac
121 1533 225 1569 filios,
250 1534 362 1563 fratres
378 1538 407 1563 et
424 1533 597 1564 nonnullos
614 1535 765 1564 vassallos
783 1537 869 1573 ejus,
897 1546 932 1565 ex
949 1536 1047 1566 altera
1061 1560 1069 1573 ,

67 1587 232 1617 suscitatae
253 1586 446 1624 generaliter
463 1587 498 1616 in
514 1587 581 1617 illis
598 1588 742 1626 partibus
756 1588 959 1626 promulgati,
979 1598 1070 1628 prop-

44 1672 52 1680 ·
65 1643 111 1670 ter
134 1639 370 1679 simplicitatem
387 1639 436 1669 vel
459 1645 601 1676 metum,
622 1649 684 1670 non
709 1646 813 1670 tamen
831 1642 865 1671 in
885 1646 1070 1681 contemptu

64 1681 223 1729 clavium,
248 1693 381 1731 pulsatis
405 1693 590 1732 campaniS,
611 1694 721 1723 divina
744 1695 965 1734 sollempniter
987 1696 1070 1726 cele-

64 1746 188 1776 brarint
205 1750 236 1776 et
252 1751 377 1785 propter
398 1746 457 1776 hoc
473 1748 803 1777 excommunicatione
826 1748 918 1786 legati
937 1758 970 1778 se
986 1754 1069 1788 post-

64 1799 194 1830 modum
211 1800 330 1829 divinis
349 1800 587 1830 immiscuerint
606 1801 792 1830 absolvendi
816 1806 846 1831 et
863 1802 1070 1841 dispensandi

64 1861 136 1883 cum
152 1853 197 1882 eis
214 1861 310 1891 super
328 1853 563 1890 irregularitate
581 1862 677 1892 quam
696 1863 731 1883 ex
749 1854 808 1884 hoc
821 1855 1027 1885 incurrerint.

105 1918 119 1933 «
136 1904 226 1935 Sicut
243 1914 279 1935 ex
296 1911 422 1944 parte...
439 1923 471 1928 —
494 1906 565 1937 Dat.
583 1911 617 1936 ut
630 1916 735 1945 supra.
756 1920 769 1934 »

132 2092 249 2121 2134

97 2152 229 2180 Facultas
243 2154 378 2181 testandi.
397 2154 481 2188 (Rue.
501 2155 545 2186 44,
562 2163 587 2181 c.
606 2155 666 2187 855,
683 2156 703 2182 f.
719 2155 771 2183 295
787 2159 838 2190 v⁰.)

370 2092 732 2128 Sainte-Marie-Majeure‚
752 2094 783 2121 13
799 2095 903 2121 ievrier
920 2095 998 2122 1‘290.

100 2256 214 2285 Eidem.

103 2320 115 2336 ι
133 2309 215 2346 Quia
230 2310 387 2348 presentis
403 2310 506 2340 vite...
523 2327 562 2331 —
581 2311 650 2340 Dat.
673 2311 772 2341 Rome
787 2336 793 2348 ‚
815 2312 897 2351 apud
917 2311 1067 2342 Sanctam

63 2361 196 2392 Mariam
214 2363 385 2401 Major-em,
402 2363 507 2393 idibus
524 2364 693 2404 februarii,
711 2373 797 2395 anno
813 2365 964 2395 secundo.
983 2377 996 2391 ἰ

132 2548 249 2577 2135

96 2606 282 2644 Dispensatio
298 2609 483 2637 matrimonii.
501 2610 585 2644 (Rea.
608 2611 656 2643 44,
674 2619 700 2638 c.
721 2611 780 2643 856,
798 2612 818 2638 f.
835 2612 885 2639 295
899 2615 950 2647 νῦ.)

370 2548 731 2591 Sainte-Marie-Majeure,
751 2550 783 2577 18
800 2550 903 2576 few-ier
920 2550 997 2578 1290.

106 2717 274 2747 Venerabili
294 2720 431 2754 fratri..
451 2720 585 2758 episcopo
611 2720 794 2756 Laventino‚
818 2720 857 2750 ad
881 2720 1069 2751 instantiam

61 2768 200 2805 Alberti‚
220 2770 427 2809 primogeniti
442 2771 495 2808 R.,
513 2771 598 2810 regis
618 2772 857 2808 Romanorum,
878 2773 967 2803 ducis
983 2775 1069 2803 Aus-

61 2822 139 2852 triae
153 2847 160 2860 ,
177 2823 308 2853 mandat
329 2828 488 2862 quatenus
502 2833 574 2854 cum
591 2825 692 2855 nobili
716 2826 784 2855 viro
799 2826 968 2856 Frederico
984 2850 990 2863 ‚
1013 2827 1069 2856 ad-

60 2879 168 2906 vocato
182 2876 219 2906 de
235 2876 381 2913 Mei-sch,
404 2878 601 2908 Laventinae
621 2878 794 2915 dioecesis,
818 2883 849 2909 et
872 2880 975 2909 nobili
997 2889 1069 2910 mu-

58 2926 137 2959 liere
146 2929 283 2967 Agnete,
299 2939 404 2960 sorore
414 2930 530 2960 nobilis
542 2931 604 2961 viri
615 2931 777 2961 Frederici
789 2931 827 2962 de
841 2932 1066 2970 Ortemhurch,

61 2979 320 3021 Salzeburgensis
350 2983 504 3013 dioecesis
518 3007 524 3020 ,
551 2984 714 3023 dispenset
740 2989 775 3014 ut
800 2985 834 3014 in
863 2985 1068 3016 matrimonio

60 3034 158 3073 quod,
171 3035 356 3073 ignorantes
369 3044 402 3065 se
415 3040 527 3075 quarto
540 3045 576 3066 ex
589 3045 654 3066 una
664 3036 751 3066 linea
766 3041 796 3067 et
813 3037 904 3067 tertio
919 3046 955 3067 ex
967 3037 1066 3068 altera

199 3101 272 3129 Rus.
292 3101 415 3130 Niconis
435 3101 487 3129 IV.

1162 443 1452 480 consanguinitatis
1467 446 1618 483 gradibus
1636 448 1821 485 conjunctos
1838 457 1904 478 esse
1916 472 1924 486 ,
1941 455 2167 482 contraxerunt

1162 503 1329 524 remanere
1344 496 1481 526 valeant.

1204 559 1216 573 κ
1244 547 1443 585 Significavit
1465 551 1554 580 nobis
1584 552 1754 583 dilectus...
1780 570 1818 574 ——
1841 554 1910 583 Dat.
1942 555 2062 592 Rome,
2081 557 2164 595 apud

1162 599 1310 629 Sanctam
1334 601 1468 631 Mariam
1491 604 1665 642 Majorem,
1693 615 1733 634 x11
1758 605 1909 636 kalendas
1932 609 2056 645 martii,
2081 618 2166 640 anno

1161 653 1312 683 secundo.
1332 666 1344 680 »

1195 825 1248 852 21
1258 825 1383 853 36-21
1392 827 1447 854 3³2

1195 886 1352 913 Concessio
1368 888 1495 914 decimae
1512 889 1538 914 in
1555 889 1669 916 Tuscia.
1689 890 1770 923 (Rae.
1789 891 1831 922 44,
1848 900 1872 917 c.
1891 892 1951 923 857,
1970 893 1987 918 f.
2006 894 2055 920 ‘295
2072 896 2123 927 vo.)

1542 827 1884 863 Sainte-MarjeMajeure,
1893 831 1926 857 ‘20
1938 832 2039 858 fevrier
2052 833 2126 860 1290.

1198 989 1339 1017 Nicolaus
1362 995 1414 1018 etc.
1441 991 1662 1019 Venerabilibus
1677 993 1825 1027 fratribus
1845 994 1987 1030 episcopis
2007 1000 2032 1022 et
2048 994 2165 1025 dilectis

1157 1041 1233 1077 filiis
1248 1042 1365 1077 electis,
1389 1043 1750 1081 abbatibus,prioribus,
1769 1045 1908 1081 decanis,
1927 1048 2161 1085 archidiaconis,

1155 1096 1328 1133 prepositis,
1346 1096 1616 1133 archipresbyteris
1632 1102 1658 1125 et
1674 1098 1746 1125 aliis
1755 1099 1950 1127 ecclesiarum
1963 1100 2101 1136 prelatis,
2114 1110 2162 1129 ca-

1155 1148 1265 1185 pitulis
1277 1170 1284 1183 ‚
1303 1149 1436 1185 collegiis
1456 1154 1481 1177 et
1499 1151 1692 1179 conventibus
1710 1150 1921 1187 Cisterciensis,
1943 1152 2163 1190 (liziniacensis,

1157 1201 1454 1237 Premonstraleusis,
1476 1202 1506 1231 S.
1525 1203 1686 1239 Benedicti,
1706 1205 1736 1233 S.
1754 1205 1928 1241 Auyushni,
1950 1206 2163 1243 Curtiisiensis,

1157 1255 1441 1284 Grandimontensis
1468 1261 1494 1284 et
1521 1257 1657 1285 aliorum
1680 1258 1845 1293 ordinum,
1874 1267 1987 1287 necnon
2009 1261 2164 1296 prioribus

1155 1308 1314 1345 hospitalis
1330 1309 1435 1337 Sancti
1450 1310 1599 1338 ,Iohannis
1613 1311 1866 1347 „lerosolsmsmni,
1879 1312 2037 1340 domorum
2054 1313 2164 1342 vmilitie

1158 1361 1274 1399 Templi
1289 1368 1314 1391 et
1330 1363 1413 1391 Beate
1430 1364 1527 1392 Marie
1546 1364 1793 1393 leeoconscorwn
1812 1366 2032 1401 preceptoribus
2047 1371 2073 1394 et
2094 1376 2162 1396 ma-

1154 1417 1260 1451 gistris
1274 1438 1281 1451 ,
1303 1417 1465 1453 ceterisque
1481 1416 1622 1444 omnibus
1639 1418 1776 1453 personis
1793 1418 1999 1447 ecclesiasticis
2011 1441 2018 1453 ,
2038 1421 2160 1456 repula-

1154 1469 1238 1496 ribus
1253 1474 1279 1497 et
1294 1470 1485 1497 secularibus
1499 1493 1504 1505 ,
1523 1471 1665 1506 exemptis
1680 1476 1706 1498 et
1723 1479 1785 1499 non
1801 1473 1959 1508 erernstcis,
1979 1473 2162 1508 inpartibus

1157 1520 1261 1550 Tuscia²
1282 1531 1338 1558 que
1351 1527 1420 1551 sanc
1439 1524 1471 1551 in
1489 1524 1615 1559 imperio
1631 1525 1816 1559 constitulis,
1834 1525 1961 1552 salutem
1978 1531 2004 1553 et
2022 1526 2162 1562 apostoli-

1153 1582 1219 1602 cam
1238 1575 1479 1604 benediclz'onem.
1503 1588 1516 1601 «
1536 1575 1739 1612 Divulgantis
1756 1576 1794 1605 ab
1811 1576 1886 1605 olim
1904 1577 1986 1606 sanie
2008 1578 2161 1607 relatibus

1154 1631 1226 1662 etc.‚
1247 1631 1281 1655 ut
1297 1636 1391 1665 supra
1415 1628 1447 1656 in
1471 1627 1580 1657 eodem
1601 1632 1734 1664 regesto,
1753 1636 1820 1666 cap.
1839 1638 1911 1658 ccci,
1928 1629 1990 1667 (1),
2011 1639 2109 1668 usque
2126 1640 2162 1661 ac

1154 1679 1250 1708 etiam
1267 1688 1322 1718 pro
1339 1680 1582 1710 necessitatibus
1602 1681 1722 1710 eisdem
1738 1682 1803 1718 regi
1820 1686 1850 1710 et
1866 1691 1963 1719 regno
1982 1682 2161 1713 8101110101-

1153 1733 1369 1769 minentibus,
1394 1733 1553 1762 decimani
1575 1734 1721 1763 omniun]
1744 1734 2029 1765 ecclesiastieorum
2052 1736 2160 1765 reddi-

1153 1790 1243 1815 tuum
1262 1790 1291 1815 et
1308 1792 1520 1825 proventuum
1540 1787 1571 1815 in
1589 1787 1731 1825 partibus
1748 1787 1859 1817 Tuscie
1878 1797 1938 1826 que
1957 1792 2032 1817 sunt
2050 1789 2082 1817 in
2100 1789 2159 1818 im-

1152 1840 1239 1878 perio
1267 1850 1321 1878 per
1349 1845 1410 1869 tres
1435 1849 1536 1870 annos
1563 1841 1601 1870 ab
1627 1841 1760 1869 instanti
1789 1845 1862 1870 tunc
1887 1841 1964 1870 festo
1989 1842 2164 1872 nativitatis

1152 1892 1237 1921 beati
1252 1893 1411 1923 <Iohannis
1436 1893 1575 1931 Baptiste
1598 1893 1813 1923 numerandos
1830 1898 1907 1930 ete.‚
1929 1903 2029 1932 usque
2054 1895 2163 1925 sedula

1153 1945 1406 1976 consideratione
1439 1951 1618 1985 pensantes.
1659 1946 1895 1985 Compatientes
1925 1956 2050 1986 quoque
2082 1953 2138 1978 etc.
2151 1972 2158 1986 ‚

1152 2008 1253 2038 usque
1269 1999 1315 2029 sic
1331 2000 1363 2029 in
1382 1999 1443 2029 hac
1461 2005 1547 2038 parte
1564 1999 1755 2029 venerabilis
1772 2000 1876 2029 fratris
1895 2002 1992 2030 nostri
2016 2001 2136 2031 Tbome
2153 2026 2159 2038 ,

1153 2053 1291 2091 episcopi
1300 2054 1515 2090 Pistoriensis⁷
1525 2054 1797 2092 persuasionibus,
1810 2054 2159 2092 exhortationibusetc.‚

1152 2115 1255 2144 usque
1270 2115 1332 2136 non
1348 2107 1512 2137 immerito
1530 2107 1672 2136 valeatis.
1690 2108 1756 2137 Nos
1773 2108 1858 2137 enim
1877 2108 2022 2146 episcopo
2040 2117 2158 2138 memo-

1152 2164 1275 2190 morato
1294 2161 1515 2191 commisimus
1537 2166 1594 2191 etc.
1608 2184 1615 2196 ,
1635 2170 1734 2199 usque
1751 2161 1845 2190 annis
1866 2161 2001 2198 singulis
2022 2170 2086 2191 non
2107 2171 2160 2191 ex-

1119 2231 1121 2233 ·
1152 2213 1279 2243 cedunt.
1300 2214 1371 2243 Dat.
1398 2214 1514 2250 Rome,
1537 2214 1619 2253 apud
1646 2214 1794 2243 Sanctam
1820 2214 1955 2243 Mariam
1981 2215 2156 2253 Maj0rem,

1151 2274 1169 2293 x
1185 2264 1339 2296 kalendas
1355 2268 1476 2301 martii,
1496 2276 1581 2297 anuo
1597 2267 1746 2297 secundo.
1767 2279 1778 2291 υ

1192 2319 1230 2348 10
1247 2328 1274 2349 0.
1293 2329 1335 2349 m.
1353 2321 1505 2356 Thomae,
1523 2320 1667 2358 episeopo
1684 2320 1885 2355 Pistoriensi,
1902 2320 2061 2350 collectori
2074 2320 2158 2349 deci-

1152 2382 1222 2403 mae
1239 2374 1271 2402 in
1291 2374 1432 2412 partibus
1448 2374 1580 2403 Tusciae
1600 2382 1681 2412 qnae
1699 2378 1773 2402 sunt
1789 2373 1820 2402 iu
1838 2374 1972 2411 imperio
1988 2382 2043 2411 pro
2062 2381 2157 2411 nego-

1153 2427 1195 2456 tio
1218 2429 1310 2465 regni
1329 2427 1456 2457 Siciliae
1482 2427 1666 2465 deputatae,
1694 2427 1838 2456 concedit
1857 2431 1890 2455 ut
1906 2427 1944 2455 de
1970 2426 2104 2465 pecunia
2120 2435 2156 2455 ex

1151 2482 1220 2520 ipsa
1243 2481 1366 2510 decima
1391 2480 1569 2518 colligenda
1592 2479 1727 2518 singulis
1750 2480 1862 2509 diebus
1883 2488 1983 2508 unum
2004 2479 2154 2508 florinum

1152 2535 1221 2564 auri
1238 2542 1293 2572 pro
1312 2534 1459 2571 expensis
1475 2533 1541 2562 suis
1557 2533 1719 2571 percipiat.

1222 2713 1339 2742 2138
1466 2711 1822 2744 Sainte—Marie-Majeure,
1841 2710 1873 2736 ⁶20
1888 2709 1991 2735 fevi-ier
2008 2708 2084 2735 1290.

1187 2774 1230 2801 De
1251 2774 1352 2800 eodem
1369 2774 1495 2808 negotio.
1515 2773 1598 2806 (Rsc.
1615 2773 1658 2806 44,
1677 2780 1703 2798 c.
1720 2772 1791 2803 857²,
1812 2772 1829 2798 f.
1846 2771 1896 2798 295
1913 2777 1968 2803 v⁰.‚
1986 2778 2019 2796 en
2038 2772 2157 2804 mai-ge.)

1191 2877 1332 2906 Nicotaus
1354 2880 1407 2904 etc.
1438 2875 1605 2903 Venerabili
1628 2875 1725 2909 fratri
1753 2874 1873 2909 Titome,
1901 2874 2032 2910 episcopo
2055 2872 2154 2900 Pisto-

1151 2931 1257 2966 riensi,
1271 2929 1420 2959 collectori
1438 2929 1548 2957 decime
1564 2929 1596 2956 in
1610 2928 1750 2965 partibus
1768 2928 1866 2956 Tuscie
1882 2935 1938 2964 que
1952 2931 2023 2955 sunt
2044 2927 2078 2954 in
2093 2927 2153 2954 im-

1182 3048 1215 3078 (1)
1231 3047 1347 3072 N⁰1142.

1979 3102 2011 3129 48
