2477 3637
308 397 365 428 5:2¹]
1054 389 1290 421 lusulS'rtiES
1313 389 1367 419 DE
1390 387 1574 418 NICOLAS
1595 388 1651 417 IV.

308 468 413 493 autem
441 460 549 500 prefati
569 458 735 497 justitiarii
761 467 796 487 ex
823 457 926 487 officio
949 466 1006 487 suo
1029 462 1137 487 contra
1161 456 1312 486 mulieres

310 515 512 555 procedentes
542 512 666 541 easdem
681 534 688 546 ‚
721 510 846 540 nullum
878 510 1024 539 habendo
1051 510 1091 539 ad
1127 508 1312 548 hujusmodi

308 569 540 599 accusationem
559 569 755 603 respectum,
783 572 840 593 nec
860 572 895 593 ex
921 572 956 592 ea
980 563 1011 592 in
1032 563 1141 601 aliquo
1165 562 1311 597 excitati,

309 632 376 655 eas,
395 621 470 659 quia
495 628 548 658 per
571 617 814 656 inquisitionem
835 617 925 655 juxta
948 616 1077 646 modum
1099 616 1199 654 patrie
1220 624 1314 654 super

309 675 366 704 hoc
387 674 499 702 factam
511 694 519 708 ,
537 672 587 700 cui
605 670 755 699 mulieres
779 669 918 708 predicte
935 678 966 698 se
987 669 1124 699 totaliter
1141 669 1314 698 summise-

309 731 394 762 runt,
416 726 608 755 invenerunt
625 724 721 753 fuisse
737 722 910 761 culpabiles
926 723 959 752 iu
977 723 1035 752 hac
1052 727 1152 762 parte,
1172 723 1210 752 ad
1232 730 1316 752 mor-

310 780 348 809 tis
373 777 563 817 supplicium
587 776 790 806 subeundum
816 785 872 815 per
895 776 1100 805 diffinitivam
1123 775 1315 805 sententiam

308 831 594 870 condempnarunt.
618 830 722 866 Quare
740 829 878 868 prefatus
891 828 1024 859 clericus
1041 829 1132 859 nobis
1150 828 1317 858 humiliter

309 883 498 923 supplicavit
516 888 565 919 ut,
588 892 660 913 cuin
683 883 751 922 ipse
766 883 1011 921 inquisitionem
1034 882 1168 911 eandem
1195 890 1316 920 nequa-

309 946 403 976 quam
431 936 498 965 fieri
522 935 712 975 procurarit,
738 944 841 974 neque
861 944 916 974 per
934 935 1040 974 ipsum
1065 944 1159 974 super
1174 934 1234 964 hoc
1251 943 1315 964 am—

310 990 392 1029 plius
417 999 597 1029 processum
621 989 760 1019 extiterit
776 998 871 1028 quam
888 989 1034 1028 superins
1053 993 1099 1018 est
1114 997 1315 1028 expressum,

309 1043 383 1074 licet
405 1043 520 1073 exinde
543 1043 771 1072 conscientiam
796 1042 910 1072 habeat
933 1042 1187 1077 remordentem,
1212 1041 1314 1080 quod,

310 1098 369 1127 hoc
385 1106 449 1127 non
465 1097 626 1132 obstante,
644 1096 741 1135 possit
759 1096 798 1126 ad
815 1104 919 1126 sacros
941 1095 1070 1126 ordines
1089 1096 1266 1135 promoveri
1288 1100 1318 1126 et

310 1151 558 1180 ecclesiasticum
583 1150 791 1186 beneficium,
819 1149 913 1178 etiam
939 1149 965 1179 si
992 1150 1020 1178 ei
1043 1149 1226 1178 animarum
1242 1158 1318 1179 cura

311 1204 477 1233 immineat
492 1226 499 1239 ,
515 1203 676 1237 obtinere,
700 1203 886 1241 dispensare
906 1202 1156 1232 misericorditer
1169 1203 1318 1240 dignare-

311 1266 394 1286 mur.
419 1257 482 1286 Nos
505 1257 626 1295 itaque.
651 1256 689 1285 de
714 1256 794 1286 facto
819 1255 1004 1294 hujusmodi
1030 1256 1163 1294 ejusque
1183 1257 1317 1285 circum-

311 1310 436 1339 stantiis
452 1309 596 1338 notitiam
614 1318 676 1338 non
697 1308 863 1345 habentes,
877 1317 913 1338 ac
929 1309 967 1338 de
987 1312 1037 1338 tue
1059 1309 1316 1348 circumspectio-

311 1363 360 1391 nis
378 1362 533 1391 indnstria
549 1361 714 1400 spetialem
735 1362 769 1390 in
791 1362 930 1391 Domino
950 1362 1097 1391 fidutiam
1117 1362 1315 1399 obtinentes,

311 1415 500 1445 fraternitati
519 1420 569 1444 tue
586 1416 780 1453 presentium
797 1416 981 1445 auctoritate
996 1416 1228 1446 committimus
1243 1425 1319 1456 qua-

312 1473 424 1505 tenus,
443 1469 468 1497 si
485 1469 646 1507 premissis
665 1469 781 1498 veritas
806 1469 999 1507 suffragatur
1014 1469 1168 1508 aliudque
1185 1470 1318 1500 canoni-

312 1532 384 1553 cum
403 1531 465 1552 non
483 1523 627 1552 obsistat.
645 1532 717 1552 cum
737 1523 847 1552 eodem
868 1522 983 1553 clerico
999 1533 1093 1562 super
1109 1524 1184 1561 hoc,
1202 1524 1228 1553 si
1248 1524 1318 1554 sine

313 1575 460 1605 scandalo
474 1576 541 1605 fieri
561 1575 670 1610 valeat,
689 1581 795 1606 nostra
812 1576 909 1606 fretus
924 1578 1121 1614 auctoritate,
1138 1577 1316 1616 dispenses.

313 1630 385 1660 Dat.
414 1629 497 1668 apud
530 1629 809 1666 Urbemveterem,
839 1640 886 1659 1111
918 1639 1019 1660 nonas
1047 1631 1200 1667 octobris,
1233 1640 1319 1662 anno

313 1683 414 1713 tertio.
434 1694 446 1708 ι

384 1834 500 1862 33ῒ8
853 1835 984 1868 Orvieto,
1003 1837 1016 1863 3
1034 1837 1151 1864 octobre
1168 1837 1247 1865 1290.

350 1897 394 1923 Ad
413 1897 605 1931 inquisitionis
621 1898 754 1924 officium.
772 1897 855 1931 (Rm.
873 1899 916 1930 45,
933 1907 958 1925 c.
976 1899 1036 1930 449,
1053 1899 1072 1925 f.
1089 1899 1122 1926 89
1139 1906 1183 1931 1·⁰;
1202 1899 1319 1931 Poma,

313 1945 423 1979 23421.)

355 2048 513 2077 Fratribus
533 2049 650 2078 ordinis
670 2051 824 2078 minorum
850 2051 1085 2087 inquisitoribus
1105 2052 1231 2082 heretice
1243 2062 1322 2091 pra-

315 2102 420 2130 vitatis
434 2103 465 2130 in
478 2111 607 2131 romana
617 2103 775 2139 provintia
786 2112 839 2140 per
847 2104 942 2132 sedem
955 2105 1149 2142 apostolicam
1161 2106 1320 2144 deputatis.

317 2166 329 2180 u
355 2154 456 2184 Habet
480 2160 580 2185 vestre
603 2156 779 2186 devotionis
801 2158 932 2187 assertio
948 2157 1033 2196 quod
1052 2167 1087 2188 ea
1110 2168 1172 2198 que
1192 2162 1322 2190 contin-

316 2212 394 2245 gunt
411 2208 570 2238 interdum
587 2218 622 2238 ex
642 2209 813 2240 commisso
829 2210 918 2240 vobis
934 2211 1039 2241 officio
1055 2213 1224 2251 provenire
1241 2215 1323 2244 divi-

316 2261 436 2289 duntur
451 2261 489 2290 de
505 2262 675 2300 apostolice
692 2263 776 2292 sedis
789 2264 1016 2295 constitutione
1027 2274 1062 2295 ac
1078 2265 1158 2296 alias
1174 2268 1270 2297 etiam
1284 2268 1323 2299 de

316 2314 547 2344 consuetudine
569 2316 603 2344 in
628 2320 689 2345 tres
707 2321 826 2355 partes,
847 2327 984 2356 quarum
1004 2328 1068 2349 una
1086 2320 1233 2357 ecclesie,
1260 2322 1323 2352 alia

317 2374 389 2395 vero
419 2368 582 2396 communi
610 2367 747 2398 civitatis
774 2368 823 2398 vel
850 2369 910 2400 loci
940 2371 994 2400 ubi
1024 2371 1059 2401 fit
1086 2373 1264 2411 inquisitio,
1293 2379 1324 2404 et

319 2420 408 2448 tertia
422 2419 513 2449 sactis
526 2429 580 2458 per
594 2429 647 2450 vos
659 2421 692 2450 iu
706 2421 773 2452 loco
786 2423 896 2453 eodem
910 2424 1102 2455 officialibus
1114 2426 1322 2465 exhibentur3

317 2473 392 2510 quia
407 2480 481 2501 vero
499 2472 686 2512 plerumque
709 2476 865 2514 contingit
883 2477 1033 2508 officiales
1051 2478 1239 2518 hujusmodi
1259 2490 1322 2512 non

317 2525 443 2561 haberi,
467 2526 601 2564 petiistis
620 2528 696 2565 quid
715 2528 755 2557 sit
777 2533 851 2559 tuuc
868 2531 905 2559 de
923 2531 1007 2561 dicta
1025 2537 1113 2570 parte
1129 2534 1220 2563 tertia
1236 2535 1323 2564 ordi-

318 2579 472 2607 nandum.
493 2579 558 2609 Nos
571 2585 676 2610 autem
695 2590 789 2620 super
801 2583 859 2613 hoc
874 2584 1076 2622 postulationi
1096 2591 1197 2616 vestre
1214 2587 1321 2626 hujus·

319 2631 403 2661 modi
419 2632 656 2670 respondentes,
670 2635 839 2672 predictam
853 2642 973 2675 partem
985 2639 1122 2677 tertiam,
1134 2640 1324 2671 officialibus

318 2684 540 2715 deficientibus
556 2687 756 2725 supradictis,
775 2688 889 2720 debere
906 2700 973 2721 esse
991 2692 1123 2723 ecclesie
1138 2696 1325 2726 auctoritate

319 2738 514 2775 presentium
534 2739 743 2770 declaramus.
763 2742 851 2772 Nulli
871 2753 955 2782 ergo,
975 2751 1047 2783 etc.‚
1068 2751 1174 2777 nostre
1192 2756 1324 2779 conces-

319 2790 432 2826 sionis,
451 2795 508 2820 etc.
528 2792 598 2821 Dat.
619 2794 701 2832 apud
722 2794 1000 2835 Urbemveterem,
1018 2808 1036 2827 v
1053 2807 1153 2829 nonas
1170 2801 1322 2839 octobris,

320 2852 404 2873 antio
422 2844 520 2874 tertio.
542 2853 556 2873 ›

392 2994 505 3022 3322)
842 3000 974 3034 Orvieto,
994 3003 1025 3029 10
1041 3004 1157 3031 octobre
1176 3006 1253 3033 1290.

360 3053 471 3082 Mandat
488 3062 517 3082 ut
538 3058 629 3084 lor-um
652 3060 769 3087 fratrum
796 3061 989 3091 Poenitcntiae
1009 3066 1080 3093 «Iesu
1101 3066 1207 3095 Christi
1230 3069 1326 3097 Acco-

1397 462 1515 481 nenscm
1544 453 1681 480 Ercinitis
1705 453 1814 479 ordinis
1839 452 1869 478 S.
1892 451 2051 486 Augustini
2076 450 2224 478 vendatur.
2250 451 2332 487 (Rea.
2357 453 2400 484 45,

1396 512 1422 530 c.
1439 503 1500 537 ³150,
1518 503 1536 529 f.
1554 503 1587 530 89
1604 508 1644 533 r⁰;
1664 502 1781 534 Purra„
1796 501 1905 534 934‘29.)

1440 627 1458 633 ..
1474 604 1650 642 patriarche
1663 604 1918 633 Jerosotimitano.

1439 670 1452 684 α
1471 657 1520 687 Ad
1538 658 1648 687 fratres
1667 656 1936 686 heremitarum...
1952 673 1992 679 —
2010 656 2080 686 Dat.
2096 656 2179 696 apud
2197 656 2403 688 Urbemvete-

1398 720 1477 745 rem,
1498 720 1527 740 vr
1545 710 1617 740 idus
1632 710 1779 746 octobris,
1796 718 1881 740 anno
1899 710 2001 741 tertio.
2023 721 2037 737 »

1470 868 1590 898 3:38⁰
1947 868 2073 900 Orvieto,
2091 869 2106 895 5
2123 869 2240 896 octobre
2258 869 2336 897 1290.

1437 932 1624 967 Privilegium
1639 931 1864 966 jurisdictionis.
1881 930 1965 965 (Res.
1983 932 2026 963 45,
2041 939 2068 958 c.
2085 931 2147 966 451,
2161 931 2179 958 f.
2198 932 2232 960 89
2246 933 2295 965 Ν.)

1440 1035 1606 1066 Ber-nardo.
1631 1035 1743 1071 abbati,
1769 1039 1795 1064 et
1819 1035 1983 1064 conventui
2008 1035 2188 1064 monasterii
2212 1035 2408 1071 cerasiensis,

1401 1089 1521 1117 ordinis
1536 1088 1568 1117 S.
1585 1089 1748 1124 Benedicti,
1765 1087 1932 1118 Batocensis
1945 1089 2080 1118 diocesis.
2094 1087 2223 1118 Inhibet
2236 1096 2277 1118 ne
2288 1087 2410 1128 priores

1401 1146 1431 1172 et
1446 1141 1598 1171 monachi
1616 1141 1878 1171 conventualium
1899 1145 1929 1170 et
1948 1140 2084 1171 aliorum
2101 1141 2302 1180 prioratuum
2319 1149 2410 1180 prae-

1401 1196 1476 1226 dicti
1495 1195 1680 1226 monasterii
1697 1204 1803 1225 coram
1820 1195 1958 1234 regibus,
1979 1195 2180 1235 principibus
2195 1200 2226 1226 et
2239 1194 2312 1226 aliis
2326 1195 2411 1234 judi·
2439 1228 2442 1234 ,
2474 1220 2477 1230 ,

1400 1250 1505 1287 cibus,
1521 1254 1583 1279 tam
1598 1249 1821 1279 ecclesiasticis
1832 1258 1928 1288 quam
1941 1248 2170 1285 saecularibus,
2182 1258 2277 1288 super
2288 1249 2410 1280 eisdem

1401 1303 1595 1343 prioratibus
1613 1306 1644 1332 et
1661 1311 1772 1333 eorum
1790 1303 1896 1339 honis,
1913 1303 2026 1332 abbate
2042 1311 2106 1332 uon
2122 1302 2289 1342 requisito,
2303 1310 2408 1340 agere,

1401 1356 1603 1396 respondere,
1617 1356 1650 1386 in
1662 1355 1823 1395 judicium
1839 1365 1906 1386 rem
1921 1355 2076 1386 deducere
2088 1356 2235 1395 bonaque
2245 1355 2284 1386 ad
2296 1363 2410 1386 census

1401 1410 1586 1447 concedere,
1604 1414 1785 1448 permutare
1802 1409 1851 1439 vel
1868 1409 2009 1439 alienare
2026 1409 2160 1448 possint.

1445 1478 1457 1490 «
1473 1463 1661 1494 Devotionis
1675 1466 1778 1493 vestre
1793 1463 2017 1493 inducimur...
2031 1479 2071 1485 —
2086 1463 2159 1492 Dat.
2176 1462 2260 1502 apud
2276 1462 2412 1494 Urbem·
2438 1468 2447 1475 ·

1401 1522 1554 1555 veterem,
1573 1526 1606 1547 111
1623 1525 1726 1547 nonas
1743 1517 1890 1554 octobris,
1907 1525 1993 1547 anno
2012 1516 2114 1546 tertio.
2134 1528 2147 1543 1>

1473 1677 1588 1707 3381
1951 1676 2078 1708 Orvieto,
2097 1676 2112 1703 5
2128 1675 2245 1703 octobre
2263 1675 2341 1703 1290.

1437 1741 1482 1768 Ne
1505 1741 1594 1768 abbas
1619 1740 1785 1767 monasterii
1809 1739 1989 1766 Cerasiensis
2012 1746 2116 1766 usuras
2141 1738 2242 1766 solvat.
2262 1738 2346 1774 (Rso.
2361 1738 2411 1770 45.

1402 1799 1429 1818 c.
1447 1790 1510 1824 452,
1529 1790 1547 1816 f.
1565 1790 1598 1817 89
1614 1790 1661 1823 τῦ.)

1445 1893 1614 1930 Bernardo,
1635 1893 1739 1922 abbati
1758 1892 1937 1920 monasterii
1956 1890 2154 1928 Cerasiensis,
2176 1891 2296 1921 ordinis
2311 1891 2342 1921 S.
2363 1890 2415 1920 Be-

1406 1947 1532 1982 nedicti,
1551 1946 1721 1975 Baiocensis
1740 1946 1875 1974 diocesis.
1898 1956 1910 1970 ‹
1928 1944 1996 1974 Tne
2011 1944 2190 1974 devotionis
2208 1943 2323 1974 merita
2340 1951 2415 1982 pro-

1405 2004 1571 2030 merentur
1589 2003 1624 2029 ut
1644 1999 1677 2028 in
1701 1998 1910 2038 petitionibus
1929 1998 1991 2028 tuis
2007 1998 2150 2028 honestis
2165 1997 2307 2028 favorem
2323 2005 2415 2037 apos-

1405 2053 1537 2083 tolicum
1564 2057 1592 2082 te
1620 2051 1760 2090 gaudeas
1786 2051 1962 2081 invenisse.
1990 2050 2074 2081 Sane
2102 2050 2213 2090 petitio
2242 2055 2295 2080 tua
2323 2049 2416 2080 nobie

1406 2109 1545 2140 exhibita
1560 2108 1743 2138 continebat
1759 2107 1845 2146 qnod
1861 2106 2011 2137 nonnulli
2030 2106 2103 2136 laici
2119 2105 2322 2136 diversarum
2336 2105 2415 2136 civi-

1407 2167 1507 2193 tatum
1517 2166 1548 2192 et
1558 2161 1735 2192 diocesium
1747 2170 1783 2191 ac
1795 2160 2047 2200 provinciarum,
2057 2159 2133 2199 quia
2140 2158 2417 2198 predecessoribus

1407 2217 1471 2248 tuis
1496 2215 1639 2255 ejusdem
1659 2214 1847 2245 monasterii
1875 2214 1920 2244 tui
1942 2213 2111 2244 abbatibus
2134 2213 2190 2253 qui
2211 2213 2341 2244 fuerunt
2361 2220 2417 2252 pro

1407 2274 1548 2309 tempore
1573 2268 1675 2298 multa
1702 2272 1904 2298 extorserunt
1932 2276 1986 2305 per
2012 2267 2192 2297 usurariam
2217 2266 2415 2306 pravitatem,

1407 2327 1585 2353 asserentes
1602 2326 1629 2352 te
1641 2330 1677 2351 ac
1691 2321 1818 2351 eosdem
1836 2320 2074 2359 predecessores
2087 2321 2120 2350 in
2136 2319 2304 2351 nonnullis
2319 2327 2416 2359 pecu-

1408 2378 1538 2408 niarum
1569 2376 1704 2406 summis
1735 2375 1836 2405 teneri
1869 2374 2008 2411 eisdem,
2043 2379 2072 2404 te
2105 2383 2200 2414 super
2231 2372 2418 2414 hujusmodi

1407 2431 1551 2471 pecuniis
1569 2429 1788 2468 multipliciter
1806 2429 1999 2468 inquietant.
2019 2428 2125 2465 Quare
2142 2427 2234 2459 nobis
2249 2426 2418 2458 humiliter
2458 2436 2466 2443 ·

1408 2483 1595 2523 supplicasti
1617 2487 1650 2513 ut
1673 2482 1839 2522 providere
1866 2482 1921 2512 tibi
1943 2486 1974 2512 et
1992 2481 2096 2511 eidem
2114 2481 2308 2512 monasterio
2324 2488 2418 2520 super

1408 2538 1467 2568 hoc
1484 2536 1734 2567 misericorditer
1750 2544 1947 2566 curaremus.
1969 2535 2036 2565 Nos
2052 2534 2159 2574 itaque
2179 2534 2242 2564 tuis
2259 2533 2416 2574 supplica-

1409 2591 1550 2622 tionibus
1569 2589 1736 2627 inclinati,
1759 2589 1946 2619 auctoritate
1968 2588 2025 2619 tibi
2049 2588 2246 2628 presentium
2268 2587 2418 2627 indulge-

1408 2655 1481 2676 mus
1503 2649 1535 2675 ut
1564 2645 1601 2675 de
1631 2643 1816 2682 hujusmodi
1841 2642 2051 2682 pecuniarum
2087 2641 2224 2672 summis
2250 2641 2284 2671 in
2304 2640 2419 2680 quihus

1408 2700 1487 2730 forte
1511 2698 1627 2728 teneris
1653 2697 1774 2727 eisdem
1800 2696 1958 2726 deducere
1976 2694 2082 2725 valeas
2103 2694 2149 2725 sic
2173 2697 2314 2732 extorta,
2338 2697 2369 2724 et
2382 2700 2420 2723 ea

1409 2753 1482 2782 dicti
1497 2751 1572 2781 laici
1588 2755 1770 2790 computare
1785 2753 1954 2779 teneantur
1971 2748 2004 2778 in
2020 2752 2150 2784 sortem,
2164 2747 2306 2786 ipsisque
2321 2744 2419 2786 possis

1410 2814 1523 2836 usuras
1539 2804 1697 2842 denegare
1712 2807 1742 2833 et
1758 2807 1901 2842 repetere
1918 2802 1944 2832 si
1957 2810 2036 2841 quas
2047 2801 2093 2831 eis
2105 2799 2342 2839 predecessores
2352 2806 2418 2838 pre-

1410 2859 1484 2889 dicti
1501 2858 1674 2894 solverunt‚
1691 2857 1786 2886 etiam
1805 2856 1831 2886 si
1847 2856 1885 2886 de
1900 2854 2052 2886 solvendo
2067 2853 2190 2884 eisdem
2201 2852 2292 2883 laicis
2309 2859 2419 2883 usuras

1410 2912 1494 2951 ipsas
1513 2910 1563 2941 vel
1579 2910 1687 2949 aliqua
1700 2910 1761 2940 alia
1776 2911 1808 2939 in
1826 2908 1971 2939 fraudem
1989 2916 2101 2938 earum
2114 2911 2144 2937 et
2160 2914 2224 2937 non
2241 2903 2419 2946 repetendis

1410 2965 1530 2994 eisdem
1545 2965 1590 2994 eis
1601 2964 1675 2994 dicti
1687 2963 1925 3002 predecessores
1939 2970 2011 2991 suas
2025 2960 2073 2991 vel
2087 2959 2268 2999 aliquorum
2282 2957 2420 2989 aliorum

1409 3017 1533 3047 litteras
1552 3017 1601 3047 vel
1618 3017 1833 3047 instrumenta
1851 3015 1980 3054 publica
1994 3016 2232 3050 concesserunt,
2253 3015 2284 3042 et
2299 3018 2419 3042 renun-

1411 3071 1571 3101 tiaverunt
1589 3080 1683 3110 super
1699 3069 1758 3100 hoc
1773 3069 1923 3100 omuibus
1940 3067 2056 3098 litteris
2072 3065 2251 3106 apostolicis
2267 3068 2298 3095 et
2310 3061 2419 3094 indul-
