2342 3652
921 352 1175 399 QUATROEME
1197 352 1354 392 ΑΝΝΕΕ.
2122 364 2177 394 661

93 426 260 456 humiliter
268 426 488 465 supplicarunt
497 431 530 457 ut
539 428 717 466 predictum
727 429 922 466 Johannem,
935 429 1096 468 quondam

93 477 242 515 electum,
267 487 285 508 a
305 479 506 508 restitutione
528 479 689 510 fructuum
713 485 931 520 perceptorum
948 482 985 511 de
1006 482 1097 511 bonis

93 531 244 570 predictis
260 531 424 561 absolvere
438 531 477 561 de
494 532 693 570 benignitate
709 534 882 572 apostolica
899 543 1095 565 curaremus,

93 585 160 614 Nos
186 585 303 624 itaque,
332 585 474 615 volentes
500 590 532 616 ut
557 587 715 625 predictus
738 588 915 625 Johannes,
936 588 1097 627 quondam

94 636 224 674 electus,
248 646 285 667 eo
307 639 409 676 magis
434 639 498 669 Deo
522 643 552 668 et
579 639 710 670 ecclesie
732 641 879 671 exhibeat
899 650 930 670 se
949 641 1097 670 devotum

93 699 157 729 quo
175 691 330 729 majorem
351 700 369 721 a
385 692 476 721 uobis
494 692 590 722 suerit
607 693 743 731 gratiam
760 699 962 730 consecutus,
980 694 1098 723 discre-

93 743 176 773 tioni
194 748 297 774 vestre
320 753 375 783 per
397 745 569 783 apostolica
585 747 701 785 scripta
717 747 908 777 mandamus
928 752 1097 786 quatenus,

94 800 261 836 postquam
285 797 353 836 ipse
378 798 557 835 civitatem,
583 800 713 838 oppida,
742 804 857 837 castra,
885 800 1098 836 munitiones,

95 853 204 887 terras,
229 849 298 880 loca
320 857 351 881 et
373 851 437 881 alia
460 852 542 882 bona
567 853 706 891 predicta
726 853 839 883 dilecto
862 853 928 883 filio
947 853 1100 891 magistro

94 903 238 934 Johanni
258 904 297 933 de
315 904 452 943 Syrkes,
473 905 572 935 electo
590 906 801 944 Trajectensi,
825 915 937 944 quem,
954 910 1030 935 tunc
1049 915 1099 935 ca—

93 956 260 995 pellanum
276 961 441 993 nostrum,
460 957 594 988 ecclesie
612 959 808 997 Trajectensi
824 959 958 998 prefate,
974 959 1101 988 vacanti

93 1019 151 1049 per
165 1010 417 1048 resignationem
440 1012 631 1050 predictam,
655 1012 690 1041 in
712 1013 894 1051 episcopum
910 1012 1100 1050 prefecimus

94 1067 126 1094 et
142 1068 311 1103 pastorem,
329 1064 395 1094 sive
410 1065 665 1103 procuratoribus
681 1065 730 1095 vel
749 1065 873 1094 nuntiis
888 1065 970 1100 suis,
988 1064 1097 1101 libere,

93 1117 178 1147 infra
194 1118 407 1156 predictorum
429 1118 565 1148 duorum
585 1119 745 1148 mensium
767 1118 922 1156 spatium,
944 1122 1036 1156 prout
1054 1122 1101 1147 est

95 1179 279 1209 expressum
304 1171 464 1209 superius,
490 1171 680 1207 restituerit,
706 1180 761 1200 vos
786 1171 970 1200 auctoritate
992 1175 1101 1200 nostra

93 1224 273 1254 concedatis
306 1225 410 1254 eidem
442 1229 476 1254 ut
510 1225 667 1263 predictos
695 1224 817 1253 fructus
848 1223 934 1253 licite
963 1224 1101 1253 retinere

92 1277 214 1314 valeat,
237 1282 267 1307 et
283 1278 323 1307 ad
341 1278 576 1308 restitutionem
597 1277 694 1307 aliam
711 1277 888 1307 faciendam
906 1278 944 1307 de
959 1277 1025 1306 illis
1044 1278 1100 1306 mi-

93 1331 182 1360 nime
198 1334 354 1360 teneatur.
373 1331 529 1360 Volumus
544 1336 649 1360 autem
667 1331 762 1369 quod,
779 1331 819 1360 ad
835 1331 1004 1361 arbitrium
1024 1331 1100 1360 boni

92 1383 175 1421 virik
185 1383 329 1422 aliquam
347 1392 524 1421 congruam
545 1384 722 1423 portionem
740 1384 779 1414 de
795 1384 950 1414 fructibus
967 1384 1010 1414 sic
1028 1393 1098 1422 per-

92 1437 191 1475 ceptis
206 1437 241 1466 in
255 1436 437 1467 evidentem
450 1436 621 1467 utilitatem
634 1437 716 1467 dicte
732 1437 863 1467 ecclesie
879 1437 964 1466 idem
980 1437 1099 1466 ι1011311-

92 1499 161 1528 nes,
189 1490 352 1529 quondam
377 1489 506 1526 electus,
525 1495 711 1520 convertere
738 1495 892 1520 teneatur.
920 1490 990 1519 Dat.
1016 1489 1100 1529 apud

95 1545 372 1581 Urbemveterem,
391 1553 426 1573 111
442 1544 514 1574 idus
528 1544 648 1580 martii,
667 1553 752 1574 anno
771 1548 893 1583 quarto.
914 1556 926 1571 n

165 1730 285 1760 45'23

133 1793 286 1820 Absolutio
305 1793 339 1819 ab
355 1793 661 1819 excommunicationis
677 1793 830 1819 sententia.
847 1792 930 1825 (Rau.
948 1793 995 1827 46,
1012 1801 1037 1819 c.
1056 1793 1101 1823 58.

95 1843 115 1870 f.
133 1844 163 1870 11
180 1845 229 1876 ro.)

664 1730 793 1761 Orvieto,
814 1729 845 1756 13
861 1737 937 1756 mars
953 1730 1030 1757 1291.

136 1946 257 1975 Eisdem
275 1944 407 1974 mandat
423 1948 472 1980 ut,
498 1956 512 1970 «
530 1952 603 1973 cum
621 1943 780 1982 predictus
797 1943 981 1981 Johannes,
1001 1953 1103 1983 quon-

96 1997 170 2028 dam
186 1997 314 2035 electus,
333 2005 388 2036 pro
403 2006 440 2027 eo
456 1997 541 2036 quod
558 1996 770 2035 personaliter
785 1998 886 2026 extitit
902 1998 937 2026 in
953 1998 1103 2028 conflictu

95 2052 129 2081 in
148 2059 211 2090 quo
228 2051 310 2081 bone
331 2051 487 2081 memorie
510 2051 737 2088 Engelbertus,
757 2050 957 2080 Coloniensis
980 2052 1103 2082 archie-

96 2105 255 2144 piscopus,
279 2109 388 2144 captus
410 2104 511 2134 extitit
535 2108 565 2133 et
590 2105 684 2133 etiam
707 2105 898 2142 captivatus,
923 2110 953 2134 et
977 2105 1015 2134 ad
1045 2106 1104 2136 hoc

97 2158 184 2188 dedit
207 2157 366 2188 auxilium
394 2162 424 2187 et
448 2158 600 2192 favorem,
630 2166 756 2187 necnon
779 2157 858 2186 latas
884 2157 917 2186 in
939 2158 1045 2197 ipsum
1065 2159 1103 2189 de

95 2211 248 2241 mandato
271 2211 355 2241 sedis
378 2210 559 2249 apostolice,
584 2219 641 2249 pro
661 2219 697 2240 eo
721 2211 805 2249 quod
829 2211 987 2240 decimam
1008 2212 1119 2242 Terre

97 2264 212 2295 Sancte
237 2264 379 2294 subsidio
402 2264 585 2303 deputatam
611 2268 642 2293 et
664 2264 697 2294 in
718 2263 785 2294 loco
806 2264 941 2294 fratrum
964 2265 1104 2303 predica-

97 2322 203 2349 torum
226 2318 422 2356 Trajectensi
444 2317 619 2356 depositam
642 2318 679 2347 de
698 2317 767 2348 loco
785 2319 956 2356 asportavit
974 2318 1083 2348 eodem
1095 2341 1103 2354 ,

97 2370 450 2408 excommunicationis,
471 2371 692 2409 suspensionis
708 2375 738 2400 et
753 2371 915 2401 interdicti
931 2372 1105 2401 sententias

97 2425 273 2455 incurrisse
295 2428 456 2460 noscatur,
483 2435 496 2450 1>
521 2432 594 2453 eum
614 2423 799 2460 absolvant;
820 2428 850 2453 et
865 2433 938 2454 cum
959 2432 995 2454 eo
1011 2433 1106 2463 super

98 2477 334 2516 irregularitate
346 2485 443 2515 quam
457 2476 502 2506 sic
514 2476 642 2514 ligatus,
658 2485 763 2506 sacros
778 2477 906 2506 ordines
922 2477 1105 2516 recipiendo

98 2534 129 2561 et
143 2530 263 2560 divinis
279 2538 312 2560 se
327 2529 550 2564 immiscendo,
565 2530 721 2559 contraxit
736 2530 931 2569 dispensent.

139 2595 153 2610 «
171 2583 252 2613 Cum
268 2582 376 2612 dilecti
393 2582 493 2612 filii...
513 2599 551 2604 —
568 2583 638 2612 Dat.
658 2587 690 2612 ut
709 2592 814 2622 supra.
837 2595 850 2609 »ι

168 2760 287 2788 45ἵ4

135 2822 320 2858 Dispensatio
337 2831 424 2858 super
439 2823 599 2858 pluralitate
615 2823 829 2851 beneficiorum.
848 2825 931 2858 (Rea.
950 2825 1000 2858 46,
1017 2833 1042 2851 0.
1061 2825 1105 2858 59,

99 2872 119 2899 f.
137 2872 167 2898 11
184 2873 237 2905 v0.)

684 2761 815 2797 Orvieto,
832 2762 847 2789 6
864 2771 940 2789 mars
956 2762 1034 2790 1291.

140 2973 283 3011 Magistro
298 2973 458 3004 Guiltetmo
474 2975 508 3004 de
523 2975 710 3012 Mandaqoto,
731 2976 852 3004 notario
869 2979 983 3011 nostro,
999 2984 1107 3014 prepo-

100 3027 158 3056 sito
170 3027 288 3057 ecclesie
302 3027 473 3064 Tholosane,
489 3028 608 3057 ordinis
618 3028 648 3058 S.
664 3029 839 3066 Augustini,
856 3029 1106 3067 praeposituram

1179 428 1328 459 ecclesiae
1344 428 1553 465 Tholosanae,
1571 438 1625 468 per
1643 429 1764 459 obitum
1781 428 1894 459 Vitalis
1910 434 2085 465 vacantem,
2102 439 2178 461 con-

1178 481 1253 517 fert,
1271 486 1301 511 et
1318 490 1391 511 cum
1409 491 1445 511 eo
1464 482 1628 520 dispensat
1644 486 1677 512 ut
1694 491 1762 512 eam
1782 491 1855 512 cum
1876 483 2062 513 canonicatu
2082 488 2112 513 et
2129 492 2179 513 ar-

1179 533 1402 565 chidiaconatu
1420 535 1571 565 ecclesiae
1593 536 1770 572 Uticensis,
1787 544 1868 574 quae
1887 536 2024 572 obtinet,
2043 537 2180 567 retinere

1179 587 1287 625 possit.

1221 653 1235 667 α
1252 640 1347 670 Recte
1358 650 1451 679 agere
1464 641 1660 672 credimus...
1674 658 1710 663 —
1722 642 1794 672 Dat.
1807 642 1889 681 apud
1904 643 2178 680 Urbemveterem,

1180 705 1201 724 11
1218 704 1318 725 nonas
1334 696 1455 733 martii,
1470 705 1556 726 anno
1572 701 1692 735 quarto.
1714 710 1726 724 n

1250 855 1370 884 4525

1217 916 1401 951 Dispensatio
1416 926 1465 952 pro
1480 918 1592 944 clericis
1607 926 1680 951 quos
1697 918 1838 952 promovit
1850 921 1899 943 aut
1914 917 1948 943 de
1963 917 2110 944 beneficiis
2121 925 2185 952 pro-

1182 965 1252 992 vidit
1267 966 1357 992 bonae
1374 966 1528 992 memoriae
1538 966 1675 996 JacobuS.
1689 966 1828 992 ecclesiae
1840 965 1961 992 Oscensi
1972 966 2114 1000 quondam
2127 974 2183 992 non

1181 1014 1316 1041 canonice
1333 1015 1504 1048 praefectus.
1521 1014 1603 1047 (Rae.
1622 1014 1664 1047 46,
1683 1023 1708 1040 0.
1725 1014 1768 1047 60,
1786 1014 1803 1040 f.
1823 1015 1852 1040 ι11
1871 1015 1923 1045 νο.)

1747 855 1873 886 Orviet0‚
1892 856 1923 882 15
1940 863 2015 882 mars
2032 855 2109 883 1291.

1229 1117 1392 1145 Venerabili
1410 1117 1505 1152 fratri
1524 1138 1544 1146 ..
1562 1117 1728 1152 Adeniaro,
1751 1117 1882 1153 episcopo
1904 1116 2030 1145 Oscensi.
2057 1127 2070 1142 α
2092 1115 2185 1145 Lecta

1181 1177 1287 1199 coram
1308 1169 1398 1198 nobis
1415 1173 1467 1198 tua
1486 1169 1593 1206 petitio
1610 1169 1792 1199 continebat
1810 1169 1893 1207 quod
1910 1168 2004 1206 olim,
2020 1169 2101 1199 bone
2118 1177 2185 1198 me-

1181 1222 1282 1252 morie
1315 1222 1438 1257 Garsia,
1472 1221 1606 1252 Oscensi
1635 1221 1744 1257 electo,
1778 1222 1861 1260 apud
1891 1222 2052 1252 civitatem
2078 1222 2185 1252 Viter-

1181 1275 1326 1304 biensem
1350 1275 1433 1303 viam
1461 1275 1609 1304 universe
1631 1275 1736 1304 carnis
1755 1275 1911 1312 ingresso,
1934 1279 1963 1304 et
1986 1298 2006 1304 ..
2030 1275 2187 1314 preposito

1182 1328 1313 1357 ecclesie
1327 1327 1476 1357 Oscensis
1489 1336 1546 1357 suo
1561 1332 1591 1357 et
1605 1328 1733 1365 capituli
1748 1328 1891 1366 ejusdem
1908 1328 2039 1358 ecclesie
2054 1328 2186 1358 nomine

1181 1381 1232 1420 pie
1259 1382 1412 1410 memorie
1442 1381 1596 1418 Gregorio
1626 1389 1704 1420 pape
1733 1381 1789 1417 X0,
1820 1381 2033 1419 predecessori
2063 1384 2183 1417 nostro,

1182 1433 1350 1464 humiliter
1363 1434 1563 1473 supplicante
1578 1438 1613 1463 ut
1626 1434 1812 1473 providendi
1830 1443 1883 1472 per
1896 1433 2081 1464 electionem
2095 1443 2188 1464 cano-

1184 1488 1291 1517 nicam
1317 1487 1366 1516 vel
1392 1487 1637 1525 postulationem
1658 1487 1844 1517 concordem
1869 1487 1973 1517 eidem
1996 1487 2126 1517 ecclesie
2149 1488 2187 1517 de

1184 1545 1306 1580 pastore
1326 1540 1406 1579 ipsis
1422 1541 1585 1570 licentiam
1605 1541 1777 1571 concedere
1795 1541 1997 1579 dignaretur,
2017 1541 2102 1571 idem
2119 1550 2187 1579 pre-

1184 1594 1339 1630 decessor,
1363 1594 1407 1623 eis
1429 1593 1617 1631 postulatam
1641 1594 1819 1624 concedens
1841 1593 2016 1631 licentiam,
2038 1594 2138 1624 voluit
2152 1597 2189 1624 ut

1184 1648 1223 1677 de
1248 1646 1385 1677 consilio
1408 1650 1437 1676 et
1462 1655 1592 1676 assensu
1622 1647 1784 1686 quondam
1807 1647 1914 1676 fratris
1938 1647 2124 1686 Baymundi
2150 1647 2188 1677 de

1185 1700 1382 1736 Pennasorffl,
1401 1700 1524 1729 ordinis
1541 1700 1786 1738 predicatorum,
1808 1701 2024 1739 penitentiarii
2039 1705 2069 1730 et
2084 1700 2186 1739 capel-

1186 1753 1253 1783 lani
1270 1753 1346 1783 dicti
1363 1753 1595 1791 predecessoris
1609 1778 1615 1791 ,
1633 1754 1693 1783 sibi
1709 1758 1910 1783 assumerent
1928 1763 2094 1793 personam
2109 1754 2186 1793 ydo-

1186 1816 1280 1836 neam
1294 1806 1326 1836 in
1344 1811 1513 1845 pastorem,
1527 1807 1552 1835 si
1567 1816 1656 1836 secus
1670 1807 1820 1844 facerent,
1833 1807 1959 1837 irritum
1976 1808 2186 1838 decernendo.

1185 1860 1306 1890 Verum
1325 1859 1410 1888 idem
1431 1861 1605 1898 prepositus
1626 1865 1656 1890 et
1676 1860 1851 1899 capitulum
1870 1861 1990 1899 absque
2007 1861 2142 1891 consilio
2159 1865 2190 1891 et

1186 1922 1317 1942 assensu
1344 1913 1419 1942 dicti
1445 1913 1550 1942 fratris
1577 1913 1615 1942 ad
1641 1913 1827 1943 electionem
1858 1914 2056 1952 postmodum
2079 1923 2188 1953 proce-

1186 1967 1312 2001 dentes,
1332 1966 1414 1996 bone
1431 1967 1584 1996 memorie
1601 1967 1772 2002 Jacobum,
1793 1968 1975 2006 episcopum
1993 1967 2185 2004 Oscensem,

1185 2020 1220 2049 in
1237 2028 1330 2049 suum
1352 2019 1518 2057 elegerunt
1534 2019 1716 2058 episcopum
1733 2023 1763 2049 et
1779 2024 1953 2058 pastorem,
1972 2020 2045 2058 qui,
2064 2024 2189 2059 recepto

1185 2072 1431 2103 consecrationis
1445 2081 1590 2110 munere,
1606 2072 1711 2111 plures
1723 2072 1852 2102 clericos
1866 2073 2022 2111 promovit
2035 2073 2074 2102 ad
2086 2082 2190 2104 sacros

1185 2126 1314 2156 ordines
1335 2130 1365 2155 et
1388 2125 1532 2164 pluribus
1551 2126 1689 2164 providit
1710 2126 1749 2155 de
1765 2126 1927 2156 beneficiis
1949 2126 2187 2161 ecclesiasticiS,

1186 2179 1282 2209 etiam
1303 2187 1412 2209 curam
1429 2179 1620 2208 habentibus
1637 2179 1831 2209 animarum.
1850 2179 1930 2209 Cum
1949 2184 2055 2209 autem
2072 2189 2090 2209 a
2106 2188 2189 2210 non-

1186 2231 1285 2262 nullis
1307 2232 1389 2270 juris
1416 2232 1526 2270 peritis
1554 2232 1690 2262 firmiter
1715 2236 1874 2262 asseratur
1901 2233 2088 2263 electionem
2115 2233 2191 2263 dicti

1186 2285 1297 2315 Jacobi
1322 2289 1447 2324 propter
1467 2285 1622 2324 premissa
1644 2286 1753 2315 minus
1774 2286 1962 2315 canonicam
1980 2286 2134 2321 extitisse,
2155 2295 2191 2316 ac

1188 2347 1242 2377 per
1264 2347 1464 2376 consequens
1484 2347 1520 2367 ea
1547 2348 1608 2377 que
1631 2339 1663 2367 in
1686 2339 1743 2368 hac
1763 2343 1848 2376 parte
1867 2348 1923 2377 per
1939 2339 2045 2377 ipsum
2061 2339 2191 2368 fuerunt

1187 2392 1295 2421 habita
1314 2390 1353 2420 de
1368 2391 1440 2429 jure
1459 2391 1583 2420 nullam
1605 2392 1750 2421 obtinent
1770 2392 1973 2428 firmitatem,
1994 2392 2033 2422 de
2048 2393 2191 2430 ipsorum

1187 2444 1377 2474 clericorum
1398 2444 1499 2474 salute
1523 2444 1695 2481 sollicitus,
1716 2445 1807 2475 nobis
1822 2445 1989 2475 humiliter
2005 2445 2191 2484 supplicasti

1188 2502 1223 2528 ut
1237 2497 1405 2536 providere
1421 2497 1498 2535 ipsis
1515 2506 1608 2536 super
1626 2498 1685 2528 hoc
1699 2522 1705 2534 ,
1724 2500 1863 2528 maxime
1877 2507 1950 2528 cum
1966 2499 2135 2528 multitudo
2151 2499 2191 2528 sit

1187 2551 1221 2580 in
1231 2559 1337 2587 causa,
1349 2550 1387 2580 de
1398 2550 1596 2588 benignitate
1606 2550 1774 2588 apostolica
1785 2560 1982 2581 curaremus.
1994 2552 2058 2581 Nos
2070 2552 2189 2590 itaque,

1187 2603 1226 2633 de
1240 2603 1523 2642 circumspectione
1536 2607 1588 2633 tua
1601 2608 1746 2641 gerentes
1759 2604 1949 2634 inDomino
1964 2604 2111 2634 fidutiam
2128 2605 2191 2644 ple—

1188 2657 1324 2693 niorem,
1342 2657 1549 2695 dispensandi
1565 2666 1637 2686 cum
1655 2658 1802 2696 predictis
1818 2657 1940 2687 clericis
1956 2659 2009 2696 qui
2025 2659 2065 2688 ab
2080 2658 2191 2688 eodem

1187 2710 1306 2740 Jacobo
1316 2709 1419 2739 taliter
1432 2709 1561 2739 ordines
1572 2719 1627 2740 seu
1642 2711 1797 2740 beneficia
1808 2715 2004 2749 receperunt,
2017 2711 2190 2742 dummodo

1188 2763 1252 2793 sint
1268 2762 1385 2801 ydonei
1400 2766 1429 2791 et
1439 2761 1527 2792 aliud
1541 2763 1730 2792 canonicum
1745 2771 1809 2792 non
1822 2763 1960 2800 obsistat,
1979 2763 2063 2801 quod
2080 2772 2191 2794 eorum

1189 2815 1324 2854 quilibet
1341 2815 1438 2853 possit
1457 2815 1492 2844 in
1510 2816 1663 2854 susceptis
1681 2816 1848 2845 ordinibus
1866 2816 2065 2852 ministrare,
2085 2825 2121 2846 ac
2136 2817 2191 2847 be-

1188 2867 1338 2897 neficium
1356 2867 1401 2897 sic
1414 2871 1575 2906 receptum
1588 2877 1660 2897 cum
1670 2868 1825 2897 fructibus
1836 2877 1871 2898 ex
1888 2877 1924 2898 eo
1939 2869 2090 2907 perceptis
2106 2869 2191 2900 licite

1188 2921 1338 2957 retinere,
1363 2929 1417 2950 seu
1439 2920 1479 2950 de
1502 2929 1584 2951 novo
1602 2921 1680 2959 ipsis
1701 2921 1856 2951 beneficia
1878 2921 2060 2960 hujusmodi
2083 2923 2191 2953 confe-

1188 2974 1296 3011 rendi,
1315 2978 1406 3012 prout
1431 2974 1611 3004 animarum
1633 2983 1742 3004 eorum
1766 2974 1860 3004 saluti
1884 2975 2001 3004 videris
2027 2976 2190 3014 expedire,

1187 3027 1352 3066 premissis
1378 3028 1460 3057 veris
1485 3028 1710 3064 existentibus,
1741 3028 1873 3058 liberam
1902 3029 1958 3058 tibi
1986 3029 2192 3060 concedimus
