2342 3652
886 366 1107 406 PREMIF'JRE
1128 367 1286 405 ANNEE.
2095 379 2130 407 47

44 447 252 477 servationem
268 447 368 485 ipsius
383 446 490 475 statuti
503 470 510 483 ,
530 444 760 476 consuetudine
772 443 912 482 predicta
926 450 1043 480 nequa-

44 509 139 538 quam
160 500 323 536 obstante,
342 509 396 538 per
419 507 587 529 censuram
609 497 850 528 ecclesiasticam
877 498 1041 525 coartaret.

43 554 117 584 Post
133 553 192 583 nec
206 553 289 583 bone
306 553 461 582 memorie
481 552 654 590 Gregorius
671 559 750 589 papa
770 550 819 585 X,
841 548 1044 587 predecessor

43 611 168 643 noster,
190 611 297 636 sancte
319 606 547 639 recordationis
562 605 705 635 Adriano
718 611 807 642 pape,
829 601 1044 640 predecessori

44 664 166 696 nostro,
185 664 260 689 tunc
275 659 305 689 S.
326 659 461 689 Adriani
479 659 611 688 diacono
628 655 799 691 cardinali,
817 663 926 684 curam
941 658 971 683 et
988 654 1043 683 de-

44 713 218 742 fensionem
241 713 337 742 vestri
359 712 483 742 ordinis
498 720 534 741 ac
549 711 695 741 omnium
710 709 878 738 domorum
894 711 925 736 et
942 716 1042 737 mem-

43 765 171 795 brorum
193 769 371 795 vestrorum
398 770 460 795 tam
488 763 693 803 spiritualiter
712 770 808 800 quam
831 760 1044 799 temporaliter

44 827 98 856 per
114 818 233 848 litteras
256 827 328 848 suas
349 818 522 854 commisit,
540 822 575 847 ut
594 816 640 846 ibi
654 815 832 850 ordinaret,
850 817 1000 843 statueret
1015 816 1046 842 et

43 872 157 902 faceret
189 872 296 901 omnia
322 881 376 910 per
403 881 434 901 se
461 871 510 901 vel
532 879 587 909 per
611 869 711 899 alium
734 873 789 898 aut
813 867 891 897 alios
918 875 979 906 que
1004 867 1043 896 ad

42 925 286 962 correctionem,
315 925 573 955 reformationem
598 932 634 952 ac
656 921 827 952 utilitatem
850 925 987 950 vestram
1015 923 1045 950 et

41 978 208 1008 domorum
223 987 258 1008 ac
274 979 491 1008 membrorum
507 977 720 1016 predictorum
737 975 884 1013 expedire
901 973 1043 1010 videret,

42 1031 253 1061 confirmandi
274 1031 452 1070 specialiter
470 1029 655 1060 electionem
681 1028 826 1066 magistri
849 1028 1044 1066 supradicto-

43 1093 114 1114 rum
129 1084 278 1114 ordinum
293 1083 536 1114 humiliatorum
560 1082 621 1111 sibi
639 1082 678 1111 ab
694 1090 730 1111 eo
746 1090 894 1111 concessa
909 1080 1045 1111 nichilo-

42 1135 150 1166 minus
173 1139 341 1174 potestate,
359 1136 413 1174 qui
437 1135 567 1164 demum
584 1133 771 1172 hujusmodi
789 1133 887 1162 fretus
907 1133 1044 1162 auctori-

45 1192 118 1228 tate,
141 1188 217 1227 quia
242 1189 328 1217 idem
354 1188 451 1217 frater
478 1188 592 1216 Petrus
618 1191 694 1216 tunc
720 1186 872 1224 magister
894 1185 1044 1223 regimini

44 1241 218 1279 magisterii
229 1241 306 1270 dicti
320 1240 416 1270 vestri
430 1240 554 1270 ordinis
566 1244 677 1278 sponte
694 1241 787 1269 cessit
803 1244 833 1269 et
850 1239 1047 1269 renuntiavit

44 1302 201 1332 expresse,
221 1299 268 1331 te,
292 1293 339 1323 fili
356 1294 524 1331 magister,
551 1297 625 1322 tunc
650 1293 845 1331 prepositum
872 1292 985 1322 domus
1008 1292 1046 1321 de

46 1346 207 1383 Mirasole,
227 1347 282 1386 qui
299 1356 355 1385 per
370 1346 558 1376 concordem
586 1346 775 1376 electionem
798 1347 893 1375 vestri
916 1345 1046 1384 capituli

45 1400 199 1439 generalis
215 1399 332 1430 electus
348 1400 453 1430 fueras
474 1400 507 1428 in
534 1400 738 1437 magistrum,
758 1400 910 1429 canonice
928 1399 1045 1429 confir—

46 1455 151 1490 mavit,
168 1463 202 1484 ac
218 1458 324 1492 postea
340 1454 420 1483 hone
434 1454 588 1483 memorie
602 1454 764 1483 Honorius
777 1463 867 1492 papa,
885 1453 1046 1491 predeces-

48 1516 97 1537 sor
111 1512 226 1542 noster,
254 1507 341 1537 vobis
360 1516 415 1546 per
430 1507 549 1536 litteras
566 1516 638 1536 suas
654 1507 808 1536 concessit
828 1506 912 1545 quod
927 1507 1046 1544 magis-

49 1565 94 1590 ter
108 1565 217 1597 vester,
233 1569 305 1590 cum
325 1561 521 1590 unanimiter
539 1565 568 1590 et
583 1560 781 1590 concorditer
798 1560 915 1589 electus
929 1560 1045 1596 fuerit,

48 1612 144 1643 libere
159 1613 367 1650 administret,
388 1614 487 1644 donec
502 1603 631 1652 petendi
647 1618 677 1643 et
691 1614 859 1643 obtinendi
877 1614 1046 1643 confirma-

50 1666 164 1696 tionem
187 1675 205 1696 a
229 1667 302 1697 sede
321 1666 508 1705 apostolica,
540 1666 589 1696 vel
611 1668 650 1697 ab
667 1667 729 1696 alio
750 1667 798 1697 cui
822 1668 880 1696 hoc
896 1670 977 1696 esset
992 1675 1047 1704 per

51 1728 118 1749 eam
135 1713 336 1750 commissum
351 1720 498 1750 habuerit
524 1720 706 1750 facultatem
723 1732 729 1757 ς
749 1725 841 1759 prout
856 1720 915 1750 hec
939 1720 1048 1750 omnia

52 1776 112 1802 tam
128 1773 160 1802 in
173 1774 317 1811 regestris
330 1782 425 1812 quam
441 1774 475 1803 in
488 1774 601 1803 litteris
617 1774 774 1804 dictorum
790 1774 1046 1812 predecessorum

52 1824 173 1863 plenius
189 1827 399 1856 continentur.
416 1827 535 1856 Verum
554 1827 638 1856 inter
657 1836 709 1856 vos
724 1831 754 1856 et
769 1827 967 1857 venerabiles
983 1827 1046 1856 fra-

54 1882 114 1907 tres
144 1883 262 1909 nostros
295 1902 314 1909 ..
346 1880 621 1919 archiepiscopum
654 1880 927 1910 Mediolanensem
959 1889 994 1910 ac
1026 1904 1044 1910 ..

56 1930 259 1969 Brixiensem,
279 1957 297 1963 ..
314 1933 493 1963 Cumanum
511 1939 541 1963 et
556 1934 711 1973 quosdam
727 1934 806 1964 alios
823 1935 994 1973 episcopos,
1011 1934 1046 1964 in

54 1992 187 2021 quorum
212 1986 385 2016 civitatibus
408 1991 438 2016 et
464 1987 641 2018 diocesibus
669 1988 778 2018 domos
806 1988 901 2017 vestri
925 1988 1046 2018 ordinis

54 2036 158 2074 plures
173 2037 303 2076 hahetiS,
315 2048 406 2078 super
422 2049 457 2070 eo
472 2041 555 2079 quod
571 2046 718 2070 asserunt
731 2050 795 2077 vos,
809 2041 918 2071 domos
935 2045 964 2071 et
979 2041 1047 2071 loca

54 2091 120 2128 ipsa
143 2090 187 2120 eis
210 2090 274 2121 fore
297 2093 442 2131 subjecta,
470 2098 498 2123 et
517 2103 611 2132 super
627 2095 822 2133 subjectione
847 2103 883 2124 ac
903 2095 1046 2124 libertate

54 2142 254 2181 hujusmodi,
273 2153 391 2175 necnon
407 2147 605 2185 visitatione,
629 2148 825 2178 correctione
842 2157 877 2177 ac
897 2156 1045 2186 procura—

55 2196 192 2226 tionibus
216 2205 292 2234 quas
310 2198 403 2228 iidem
429 2200 582 2230 ordinarii
602 2210 634 2230 se
653 2201 767 2231 debere
791 2203 825 2230 in
850 2201 996 2231 domibus
1017 2206 1048 2231 et

54 2248 128 2278 locis
145 2249 288 2287 predictis
304 2250 416 2282 habere
429 2254 635 2291 contendunt,
653 2259 682 2284 et
697 2255 889 2293 quibusdam
905 2254 977 2284 aliis
992 2263 1045 2284 ar·

54 2301 172 2337 ticuliS‚
198 2302 319 2333 diverse
343 2306 540 2343 questionum
557 2313 587 2338 et
601 2309 896 2338 controversiarum·
915 2308 1047 2338 materie

53 2359 127 2383 sunt
154 2359 277 2391 exorte,
303 2365 435 2394 quarum
458 2361 618 2391 occasione
640 2361 715 2392 ordo
742 2362 901 2401 predictus
923 2366 1045 2398 vester,

52 2408 107 2446 qui
125 2407 202 2437 Olim
224 2408 335 2438 florere
356 2410 389 2439 iu
411 2412 624 2450 spiritualibus
649 2420 679 2445 et
699 2415 886 2445 habundare
910 2416 942 2444 in
968 2420 1047 2444 tem-

52 2461 211 2500 poralibus
227 2464 402 2500 consuevit,
419 2467 524 2502 gravia
538 2468 634 2498 subiit
648 2477 746 2499 onera
762 2478 973 2508 expensarum
987 2493 993 2506 ,
1013 2469 1047 2498 in

52 2522 89 2544 eo
104 2514 198 2544 etiam
220 2515 314 2553 periit
330 2516 526 2548 observantia
545 2521 700 2559 regularis
721 2526 750 2552 et
774 2523 907 2560 antiqua
929 2522 1048 2552 elemo-

53 2567 139 2604 sina,
159 2576 220 2606 que
238 2568 401 2598 affluenter
417 2572 599 2608 erogabatur
616 2576 818 2614 pauperibus,
836 2575 962 2614 aliaque
978 2575 1048 2614 pie-

54 2621 123 2650 tatis
142 2629 237 2660 opera
259 2622 292 2651 in
314 2622 423 2652 eodem
439 2627 555 2656 servari
569 2628 678 2659 ordine
699 2633 849 2660 consueta
861 2653 868 2666 ,
886 2633 961 2659 sunt
983 2637 1047 2659 non

54 2673 213 2704 modicum
231 2674 400 2712 diminuta,
415 2676 521 2715 sicque
537 2683 603 2710 tum
618 2687 741 2721 propter
756 2683 826 2719 hoc,
841 2687 908 2712 tum
921 2686 1049 2721 propter

51 2726 130 2756 alias
153 2728 372 2765 oppressiones
398 2734 427 2758 et
452 2731 641 2763 turbationes
657 2736 776 2773 varias,
804 2736 945 2774 prefatus
972 2735 1048 2765 ordo

50 2778 128 2809 adeo
145 2779 179 2809 iu
195 2781 414 2818 spiritualibus
429 2788 459 2812 et
475 2786 697 2823 temporalibus
713 2793 759 2818 est
771 2789 927 2828 collapsus
938 2812 945 2824 ,
964 2788 1048 2827 quod

53 2831 115 2861 uisi
128 2841 182 2870 per
198 2833 297 2872 ipsius
310 2834 395 2864 sedis
409 2836 637 2873 providentiam
652 2846 852 2871 succurratur
867 2841 982 2878 eidem,
996 2841 1048 2870 vix

52 2884 176 2915 adicere
189 2887 303 2924 poterit
319 2892 352 2917 ut
367 2894 521 2926 resurgat.
540 2890 620 2921 Cum
634 2893 730 2930 igitur
745 2904 781 2924 ex
799 2895 948 2933 predictis
963 2895 1047 2924 litte-

53 2937 98 2967 ris
120 2942 150 2967 et
170 2940 448 2970 commissionibus
474 2942 630 2973 dictorum
649 2947 904 2983 predecessorum
925 2952 1049 2978 nostro-

54 2999 124 3019 rum
156 2991 262 3029 colligi
298 2994 393 3031 possit
435 2995 518 3032 quod
552 2996 612 3034 ipsi
644 2998 876 3035 predecessores
906 3009 962 3030 vos
994 3008 1049 3039 pro

52 3044 206 3082 exemptis
227 3045 381 3076 hactenus
405 3047 600 3085 habuerunt,
623 3058 679 3080 nos
695 3051 792 3089 quieti
814 3057 916 3083 vestre
934 3053 970 3082 in
990 3053 1049 3083 hac

1126 445 1214 479 parte
1240 445 1394 481 oportuno
1419 441 1560 472 remedio
1576 441 1740 480 providere
1759 441 1917 478 volentes,
1942 451 1978 472 ac
2001 451 2132 474 omnem

1126 494 1354 531 dubitationis,
1371 495 1586 532 ambiguitatis
1606 499 1636 524 et
1653 494 1782 533 querele
1803 496 1969 525 materiam
1987 496 2132 527 l‘unditus

1125 552 1292 587 amputare
1304 571 1312 585 ,
1329 553 1359 578 et
1375 548 1608 578 nichilominus
1630 549 1767 586 gratiam
1788 549 1875 578 vobis
1893 549 1995 579 facere
2011 551 2131 588 specia-

1126 599 1202 637 lem,
1220 609 1274 630 vos
1292 610 1328 630 00
1342 609 1538 631 successores
1558 605 1678 631 vestros
1694 601 1727 630 in
1746 601 1858 630 ordine
1874 606 1977 631 vestro
1995 602 2133 633 Domino

1127 654 1298 683 servituros
1314 659 1344 683 et
1359 654 1535 692 predictum
1551 654 1697 684 ordinem
1714 659 1871 690 vestrum,
1893 654 2002 684 domos
2019 659 2048 684 et
2065 655 2134 685 loca

1126 710 1251 741 vestra,
1274 715 1346 735 cum
1367 707 1517 736 omnibus
1539 707 1631 737 bonis
1653 716 1714 745 que
1739 707 2020 745 impresentiarum
2037 709 2133 738 ratio-

1126 759 1276 788 nabiliter
1304 760 1470 797 possidetis
1505 764 1560 789 aut
1589 760 1622 788 in
1646 760 1789 790 futurum
1815 765 1972 799 prestante
1996 761 2135 792 Domino

1129 813 1267 851 poteritis
1288 813 1438 851 adipisci,
1456 813 1695 849 controversiis,
1713 815 1932 852 questionibus
1949 823 2003 844 seu
2022 814 2133 853 litigiis

1126 866 1382 905 quibuscumque
1398 875 1492 904 super
1509 866 1568 896 hoc
1590 866 1743 895 hactenus
1765 867 1940 902 suscitatis,
1963 872 1992 896 et
2009 877 2133 906 proces-

1127 920 1226 956 sibus,
1243 925 1305 949 tam
1320 920 1355 949 in
1372 920 1476 949 causis
1492 920 1756 955 conventionum,
1772 920 1820 949 vel
1839 921 2132 958 reconventionum⁷

1127 982 1183 1003 seu
1208 973 1279 1002 aliis
1304 973 1560 1011 quibuscumque
1585 981 1691 1002 coram
1718 973 1874 1010 quibusve
1893 973 2055 1011 judicibus
2079 984 2135 1004 seu

1126 1026 1339 1062 auditoribus,
1357 1025 1543 1064 hujusmodi
1564 1026 1728 1055 occasione
1746 1026 1835 1055 factis
1854 1025 1903 1055 vel
1925 1026 2059 1064 habitis,
2078 1036 2136 1057 ne-

1127 1088 1289 1118 quaquam
1304 1079 1512 1116 obstantibus,
1524 1079 1564 1108 ab
1577 1079 1900 1117 archiepiscoporum,
1915 1080 2135 1118 episcoporum

1128 1137 1159 1163 et
1169 1133 1306 1163 aliorum
1315 1141 1591 1171 quorumcumque
1598 1132 1851 1171 ordinariorumj
1858 1132 2063 1163 urisdictione
2071 1142 2136 1163 om-

1130 1187 1260 1217 nimoda
1269 1195 1398 1225 prorsus
1409 1186 1581 1216 eximimus
1593 1185 1632 1215 de
1643 1185 1812 1224 apostolice
1825 1185 2025 1224 plenitudine
2036 1191 2137 1225 potes-

1130 1241 1212 1270 10115.
1231 1241 1448 1270 Decernentes
1463 1248 1515 1269 vos
1532 1243 1562 1268 et
1577 1247 1773 1268 successores
1786 1239 1940 1277 predictos
1954 1244 1984 1268 et
1999 1240 2137 1269 eundem

1129 1293 1276 1323 ordinem
1299 1297 1457 1328 vestrum,
1477 1292 1607 1328 domos,
1631 1292 1698 1322 loca
1717 1296 1746 1321 et
1766 1292 1848 1321 bona
1872 1296 1975 1321 vestra
1999 1292 2138 1330 predicta

1130 1348 1188 1378 soli
1217 1347 1380 1376 dumtaxat
1406 1346 1591 1375 immediate
1621 1354 1753 1375 romano
1778 1346 1920 1383 pontifici
1951 1350 1980 1375 et
2006 1355 2137 1376 romane

1130 1400 1261 1430 ecclesie
1280 1400 1462 1438 subjacere3
1484 1408 1519 1428 ac
1537 1399 1713 1428 districtius
1729 1398 1912 1427 inhibentes
1931 1407 1971 1428 ne
1987 1399 2057 1437 quis
2074 1399 2136 1429 dio-

1130 1462 1264 1483 cesanus
1280 1453 1329 1482 vel
1342 1452 1524 1482 ordinarius
1538 1461 1632 1490 super
1646 1452 1835 1488 visitatione,
1853 1452 2053 1485 correctione,
2071 1461 2138 1490 pro-

1131 1507 1349 1537 curationibus
1366 1511 1420 1535 aut
1438 1514 1549 1535 earum
1564 1506 1737 1541 exactione,
1755 1505 1820 1534 sive
1836 1505 2055 1543 aliisjuribus,
2072 1514 2136 1541 vos,

1132 1568 1327 1590 successores
1353 1562 1472 1588 vestros
1494 1563 1549 1588 aut
1570 1566 1719 1597 personas
1737 1559 1832 1587 vestri
1848 1558 1969 1588 ordinis
1987 1559 2136 1596 predicti,

1131 1614 1361 1652 cujuscumque
1386 1611 1549 1649 dignitatis
1575 1611 1625 1640 vel
1645 1611 1838 1641 conditionis
1863 1616 1916 1641 aut
1942 1621 2034 1640 sexus
2055 1612 2138 1641 exis-

1133 1671 1215 1703 tant,
1242 1666 1369 1695 turbare
1386 1665 1434 1694 vel
1458 1665 1642 1702 molestare,
1661 1665 1727 1694 sive
1752 1665 1786 1694 in
1811 1673 1865 1694 vos
1889 1669 1919 1694 et
1944 1674 2138 1695 successores

1130 1720 1215 1758 ipsos
1236 1724 1288 1748 aut
1316 1719 1424 1748 domos
1441 1718 1550 1748 011000
1566 1722 1596 1747 et
1612 1726 1721 1747 eorum
1738 1726 1887 1756 personas
1904 1717 2046 1756 aliquam
2064 1727 2139 1747 0011-

1131 1782 1240 1803 suram
1264 1772 1509 1802 ecclesiasticam
1531 1780 1676 1801 exercere
1700 1779 1828 1809 quoquo
1854 1771 2136 1810 modopresumat.

1131 1826 1196 1856 Nos
1214 1826 1300 1855 enim
1318 1834 1429 1855 omnes
1449 1824 1829 1860 excommunicationum,
1848 1825 2095 1863 suspensionum
2109 1829 2139 1854 et

1130 1879 1291 1909 interdicti
1310 1878 1484 1908 sententias
1503 1887 1580 1916 quas
1597 1883 1706 1907 contra
1723 1882 1866 1907 tenorem
1883 1878 2092 1916 exemptionis
2110 1882 2139 1906 et

1130 1933 1359 1962 inhibitionem
1381 1931 1566 1970 hujusmodi
1590 1931 1786 1969 promulgari
1813 1935 1842 1960 et
1860 1940 2023 1969 processus
2042 1940 2137 1969 quos-

1130 1986 1208 2016 libet
1230 1995 1308 2025 quos
1327 1995 1382 2024 per
1402 1994 1620 2024 quoscumque
1638 1985 1706 2013 fieri
1724 1989 1755 2014 et
1769 1985 1880 2014 haberi
1896 1985 2080 2022 contigerit,
2101 1994 2137 2014 ex

1131 2048 1218 2068 nnnc
1231 2039 1434 2068 decernimus
1451 2038 1557 2068 irritos
1573 2043 1602 2067 et
1619 2038 1731 2067 inanes
1748 2042 1777 2067 et
1794 2037 1914 2067 nullius
1931 2038 2064 2067 existere
2080 2038 2136 2066 fir-

1131 2093 1261 2122 mitatis.
1280 2092 1331 2122 Ad
1351 2092 1509 2121 indicium
1528 2097 1634 2121 autem
1653 2091 1838 2130 hujusmodi
1861 2096 2005 2130 percepte
2024 2101 2042 2121 a
2064 2091 2139 2120 sede

1131 2145 1300 2185 apostolica
1324 2145 1477 2174 libertatis
1496 2145 1587 2174 nobis
1610 2149 1639 2174 01
1661 2145 1894 2174 successoribus
1920 2145 2036 2174 nostris
2060 2145 2138 2173 duas

1130 2199 1229 2229 libras
1255 2199 1325 2228 auri
1351 2199 1445 2228 annis
1471 2198 1606 2236 singulis
1630 2197 1825 2236 persolvetis.
1852 2198 2007 2227 Volumus
2032 2204 2136 2227 tamen

1131 2253 1216 2292 quod
1236 2253 1271 2282 in
1296 2252 1516 2291 questionibus
1539 2256 1568 2281 et
1592 2252 1704 2289 litigiis
1727 2251 1884 2290 preteritis
1905 2252 1971 2289 jam
1988 2252 2136 2289 inceptis,

1132 2311 1195 2336 tam
1216 2307 1293 2345 ipsis
1310 2306 1486 2336 diocesanis
1507 2314 1562 2335 seu
1584 2305 1757 2334 ordinariis
1774 2314 1870 2343 qnam
1887 2305 1993 2341 vobis,
2016 2305 2138 2334 ratione

1131 2360 1344 2399 dampnorum
1370 2363 1400 2388 et
1424 2367 1635 2398 expensarum
1663 2368 1717 2388 seu
1745 2367 1946 2396 quacumque
1966 2358 2029 2387 alia
2051 2366 2139 2387 occa-

1131 2414 1235 2451 sione,
1254 2414 1280 2443 si
1296 2422 1332 2443 ea
1347 2412 1494 2451 prosequi
1511 2411 1686 2448 volueritis,
1700 2412 1752 2449 jus
1769 2411 1883 2449 agendi
1900 2415 1930 2440 et
1945 2411 2138 2440 defendendi

1131 2467 1253 2497 ratione
1277 2466 1419 2505 preteriti
1444 2465 1593 2504 temporis
1618 2469 1816 2504 reservetur-3
1841 2465 2057 2503 exemptione,
2082 2464 2136 2493 de-

1131 2525 1215 2550 creto
1231 2524 1260 2550 et
1275 2519 1468 2549 inhibitione
1484 2518 1670 2557 hujusmodi
1688 2527 1723 2548 ex
1738 2527 1824 2548 nunc
1842 2519 1876 2547 in
1892 2526 2020 2547 omnem
2038 2526 2136 2547 even-

1131 2578 1199 2603 tum
1219 2573 1415 2612 judiciorum
1437 2572 1667 2602 nichilominus
1690 2572 1724 2601 in
1746 2576 1934 2610 perpetuum
1955 2571 1989 2600 in
2009 2579 2065 2600 suo
2086 2580 2137 2601 ro-

1130 2628 1206 2657 bore
1223 2626 1403 2661 duraturis;
1423 2630 1452 2655 et
1467 2625 1494 2655 si
1510 2625 1586 2655 dicti
1603 2625 1757 2655 ordinarii
1774 2634 1828 2661 seu
1845 2625 1920 2661 0111,
1948 2629 2002 2654 aut
2017 2628 2137 2654 vestra-

1130 2689 1203 2709 rum
1229 2679 1397 2709 domorum
1423 2688 1478 2708 seu
1504 2678 1646 2708 locorum
1664 2678 1848 2708 fundatores
1875 2678 1941 2707 sive
1969 2677 2137 2707 donatores

1129 2736 1185 2762 aut
1200 2732 1416 2762 benefactores
1432 2732 1528 2761 vestri
1543 2740 1676 2760 censum
1689 2730 1830 2768 aliquem
1843 2739 1898 2760 sen
1914 2739 2069 2760 canonem
2084 2734 2138 2760 aut

1131 2786 1229 2816 aliam
1247 2785 1472 2824 prestationem
1487 2808 1493 2821 ,
1510 2790 1565 2814 aut
1576 2785 1629 2821 jus
1648 2788 1831 2823 patronatus
1847 2793 1902 2813 seu
1920 2784 2137 2814 confirmatio-

1131 2839 1182 2868 nis
1206 2842 1261 2868 aut
1284 2837 1498 2867 institutionis
1514 2837 1686 2875 presentati
1708 2837 1742 2866 in
1766 2836 1898 2867 ecclesia
1920 2845 1975 2866 seu
1997 2836 2137 2867 ecclesiis

1132 2892 1220 2921 vobis
1242 2891 1383 2927 donatis,
1409 2894 1439 2919 et
1460 2890 1495 2918 in
1520 2890 1637 2928 quibus
1655 2890 1709 2928 jus
1729 2891 1913 2928 patronatus
1936 2889 2057 2919 habetis
2081 2899 2136 2919 seu

1132 2944 1299 2980 habebitis,
1318 2944 1384 2973 sive
1401 2942 1564 2982 quodlibet
1581 2942 1669 2972 aliud
1681 2944 1734 2982 jus
1750 2943 1784 2972 in
1799 2943 1962 2979 domibus,
1979 2942 2065 2979 locis,
2083 2948 2137 2972 aut

1131 2998 1204 3028 aliis
1219 2997 1311 3027 bonis
1328 2996 1415 3026 vobis
1432 2996 1485 3034 pia
1507 2996 1676 3033 largitione
1691 2996 1848 3026 concessis
1861 3019 1868 3032 ,
1887 2996 1947 3025 sibi
1963 2996 2135 3025 concessio-

1132 3052 1202 3088 nis,
1222 3049 1419 3080 fundationis
1436 3052 1465 3079 et
1481 3049 1664 3079 donationis
1682 3053 1822 3088 tempore
1841 3053 2055 3085 reservarunt,
2075 3057 2136 3087 quo
