2477 3637
217 351 275 381 466
964 349 1202 380 REGISTRES
1224 350 1279 381 DE
1302 349 1486 381 NICOLAS
1509 351 1565 382 IV.

216 419 369 456 capellano
387 422 506 454 nostro,
526 419 729 456 personatum
754 415 802 445 vel
822 415 1013 454 dignitatem
1031 417 1065 446 in
1081 416 1224 448 Xancto-

218 471 312 502 nensi
330 471 463 501 ecclesia
480 474 644 500 vacantem
660 470 782 499 confert
798 470 847 499 vel
867 475 1051 500 vacaturum
1068 476 1223 508 reservat,

215 524 442 562 dispensatque
460 531 532 553 cum
549 531 585 552 8ο
602 527 635 551 ut
652 522 710 552 hoc
727 522 921 552 beneficium
938 532 1002 553 una
1017 533 1090 553 curn
1105 524 1139 553 in
1158 524 1225 554 Pic-

217 577 341 607 tavensi
359 576 562 615 capiceriam,
580 576 613 604 in
632 575 754 611 eadem,
773 576 940 614 Remensi,
960 577 1180 608 Lemoviceusi
1196 582 1227 608 et

216 629 404 660 Caturceusi
421 627 564 659 ecclesiis
580 629 819 659 canonicatibus
835 634 865 659 et
881 631 1080 669 praebendis,
1098 636 1128 661 et
1145 631 1227 670 prio—

218 688 286 712 ratu
304 682 344 712 de
361 681 476 712 Sancto
495 682 666 718 Frontone,
683 682 888 720 Agenuensis
906 683 1069 721 dioecesis,
1087 684 1226 715 retinere

216 735 326 774 possit.

257 799 271 814 ι
296 787 355 818 1110
379 791 463 818 recte
485 789 656 819 rationis...
679 805 717 810 -—
740 789 812 821 Dat.
835 790 919 829 apud
942 791 1224 829 Urbemveterem,

215 850 270 870 vm
288 840 442 871 kalendas
455 841 544 880 julii,
560 851 646 872 anno
662 842 763 872 tertio.
780 852 796 872 1

258 895 294 924 In
313 903 340 924 e.
361 903 404 924 m.
426 919 444 924 ..
463 895 698 935 archiepiscopo
717 896 921 934 Bituricensi,
941 921 960 928 ..
981 899 1085 928 abbati
1101 908 1227 929 monas-

220 948 291 978 terii
319 947 575 986 Nobiliacensis,
597 949 796 979 pictavensis
817 950 990 988 dioecesis,
1015 957 1045 981 et
1067 953 1226 984 Matthaeo

215 1000 526 1040 protonobilissimo,
539 1003 658 1032 cantori
672 1003 822 1032 ecclesiae
833 1003 1049 1041 (ἴω-1101811515,
1063 1005 1227 1044 capellano

213 1063 271 1084 suo
285 1077 294 1091 ‚
314 1055 446 1084 mandat
464 1061 623 1093 quatenus
641 1056 781 1086 Gnidoni
802 1057 841 1086 de
860 1057 1001 1088 Noalhas
1022 1064 1225 1097 personatum

214 1107 264 1138 vel
281 1108 473 1146 dignitatem
489 1109 521 1138 111
538 1109 761 1139 Xanctonensi
779 1110 912 1141 ecclesia
928 1112 1085 1150 assignari
1101 1118 1224 1144 curent.

286 1281 405 1310 2802
803 1283 930 1315 Orvieto,
948 1285 980 1311 30
993 1286 1056 1320 juin
1075 1286 1152 1314 1290.

251 1342 437 1378 Dispensatio
466 1352 554 1379 super
580 1345 692 1372 defectu
724 1346 870 1373 natalium.
905 1346 986 1379 (Rau.
1018 1349 1069 1381 45,
1098 1357 1122 1376 0.
1152 1349 1224 1385 235,

214 1393 232 1419 f.
253 1392 286 1419 43
304 1395 350 1424 r0.)

254 1496 385 1524 Martino
403 1496 438 1524 de
458 1496 608 1533 Maleyno,
625 1498 731 1526 clerico
752 1497 919 1528 Brioeienst's
936 1500 1071 1529 diocesis.
1093 1512 1106 1527 (1
1126 1501 1225 1530 Meri-

216 1547 254 1576 tis
275 1553 326 1577 tue
349 1548 565 1580 devotionis...
588 1549 629 1578 Ex
650 1554 735 1588 parte
755 1550 914 1589 siquidem
935 1557 985 1582 tua
1002 1553 1062 1583 fuit
1079 1555 1224 1592 proposi-

215 1605 283 1631 tum
311 1610 418 1631 coram
440 1602 532 1632 nobis
557 1603 640 1642 quod
664 1604 786 1634 dudum
815 1605 1008 1643 Margarita,
1031 1612 1131 1637 mater
1151 1613 1223 1646 tua,

212 1655 346 1684 credens
364 1655 448 1694 quod
467 1656 668 1687 Lanfraucus
683 1681 689 1693 ,
707 1657 826 1694 laicus,
850 1659 898 1688 vir
915 1660 995 1698 ejus,
1013 1669 1068 1699 pro
1087 1669 1123 1691 eo
1141 1662 1225 1700 quod

213 1707 300 1737 idem
319 1708 353 1737 L.
375 1714 462 1738 extra
481 1710 646 1747 regionem
665 1720 754 1740 suam
771 1721 826 1750 per
849 1717 968 1750 septem
989 1722 1093 1744 annos
1110 1719 1140 1744 et
1156 1724 1225 1745 am-

213 1761 299 1800 plius
313 1762 426 1798 fuerat,
439 1762 582 1799 obiisset,
597 1764 636 1793 de
650 1772 806 1794 consensu
823 1771 990 1805 parentum
1005 1773 1033 1797 et
1047 1769 1224 1799 amicorum

214 1823 358 1851 suorum,
375 1816 536 1846 Ardezoni
553 1817 592 1847 de
609 1817 766 1856 Malegno,
786 1818 876 1855 laico,
895 1829 927 1849 se
944 1821 1225 1853 matrimonialiter

214 1867 390 1906 copulavit,
408 1873 438 1898 et
456 1874 519 1899 tam
542 1870 626 1899 idem
643 1871 830 1902 Ardezonus
850 1882 946 1911 quam
964 1875 1132 1912 Margarita
1151 1886 1223 1915 pre-

212 1921 276 1950 fata
294 1925 339 1957 te,
358 1923 543 1961 priusquam
568 1924 606 1954 de
628 1925 693 1954 vita
711 1925 813 1964 ipsius
829 1926 1000 1957 Lanfranci
1018 1929 1064 1958 eis
1080 1929 1224 1961 innotes-

215 1979 312 2012 ceret,
331 1983 548 2013 procrearunt.
567 1978 672 2014 Quare
689 1979 780 2009 nobis
796 1980 962 2011 humiliter
978 1983 1161 2022 supplicasti
1178 1989 1224 2022 ut,

214 2036 287 2057 cum
303 2033 371 2068 post
385 2030 582 2060 nativitatem
598 2036 684 2061 tuam
698 2033 736 2062 de
749 2033 850 2071 ipsius
866 2035 1036 2065 Lanfranci
1051 2037 1114 2066 vita
1130 2046 1222 2068 cons-

214 2087 311 2119 taret,
329 2088 433 2114 tecum
454 2086 553 2124 qnod,
571 2095 637 2117 non
652 2088 795 2118 obstante
810 2089 933 2120 defectu
954 2092 1111 2123 natalium
1128 2104 1222 2132 quem

215 2137 332 2175 pateris
345 2137 384 2167 de
399 2143 499 2169 matre
515 2141 696 2179 conjugata,
712 2146 745 2171 ut
760 2144 965 2181 premittitur,
983 2147 1111 2184 genitus
1128 2153 1157 2178 et
1173 2159 1221 2180 so-

213 2189 300 2226 luto,
320 2191 504 2230 dispensare
523 2194 772 2225 misericorditer
789 2196 1035 2234 dignaremun..
1049 2201 1120 2231 Dat.
1139 2204 1222 2242 apud

215 2243 490 2282 Urbemveterem‚
511 2256 531 2275 11
551 2246 705 2277 kalendas
718 2248 805 2287 julii,
822 2258 907 2280 anno
925 2253 1026 2283 tertio.
1047 2266 1059 2281 n

284 2430 401 2460 2803
766 2435 892 2471 Orvieto‚
912 2439 950 2464 μ’
961 2440 1056 2474 juillet
1073 2441 1150 2469 1290.

253 2491 293 2518 De
315 2495 499 2521 contentione
519 2495 593 2522 inter
608 2499 814 2526 monasterium
833 2499 1019 2536 Croylandiae
1039 2508 1067 2531 et
1090 2504 1223 2534 Francis-

213 2548 278 2567 cum
296 2542 330 2568 (18
351 2541 486 2578 Foliano,
505 2546 612 2572 ratione
633 2547 772 2574 ecclesiae
792 2548 827 2575 de
847 2549 1041 2586 Quappelade.
1064 2554 1146 2588 (Rae.
1170 2556 1221 2588 45,

215 2597 239 2614 c.
257 2590 318 2624 236,
337 2591 356 2617 s.
374 2592 406 2619 43
422 2599 470 2626 ro.)

255 2692 362 2723 Dilecto
377 2694 442 2731 lilio
458 2696 504 2732 13„
522 2699 675 2734 capellano
693 2706 805 2737 nostro,
817 2702 929 2740 abbati,
944 2710 970 2734 et
985 2708 1147 2737 conventui
1161 2717 1222 2738 mo-

215 2748 343 2775 nasterii
358 2747 550 2786 Croylandie,
567 2753 686 2782 ordinis
697 2754 726 2783 S.
744 2755 905 2793 Benedicti,
922 2758 1143 2791 Lincolniensis
1158 2762 1222 2792 dio-

215 2800 299 2828 cesis.
329 2812 342 2826 «
369 2801 486 2832 Fervor
508 2804 677 2843 religionis
699 2809 837 2847 exposcit
862 2815 891 2840 et
914 2811 1094 2845 devotionis
1120 2819 1223 2847 vestre

217 2852 331 2907 merita
347 2862 404 2883 nos
425 2856 583 2888 inducunt
600 2864 633 2889 ut
651 2869 705 2890 vos
724 2861 779 2891 illa
796 2872 1028 2903 prosequamur
1043 2868 1146 2905 gratia
1161 2878 1222 2909 que

215 2902 311 2940 digne
336 2915 390 2935 vos
417 2910 515 2946 possit
541 2921 558 2940 a
581 2912 759 2951 dispendiis
785 2924 978 2954 preservare.
1005 2920 1090 2952 Sane
1111 2925 1222 2962 petitio

216 2961 319 2986 vestra
343 2960 431 2989 nobis
449 2963 591 2995 exhibita
606 2967 789 2998 continebat
807 2970 892 3009 quod
909 2972 1031 3004 dudum
1048 2976 1132 3008 inter
1148 2988 1221 3019 vos,

216 3016 252 3037 ex
273 3015 357 3048 parte
374 3022 448 3050 una,
468 3021 497 3045 et
512 3019 673 3055 quondam
692 3022 895 3055 Franciscum
913 3027 951 3057 de
969 3028 1112 3068 Foliano,
1128 3041 1223 3065 cano-

1310 417 1418 448 nicum
1437 418 1616 456 Reginum,
1637 426 1731 457 super
1751 416 1943 456 parrochiali
1962 418 2095 448 ecclesia
2113 418 2152 450 de
2167 419 2313 460 Quappe-

1309 471 1398 508 lade,
1418 471 1655 502 Liucolniensis
1677 472 1810 502 diocesis
1822 495 1830 509 ,
1846 471 1936 502 vobis
1955 471 1990 501 in
2008 481 2083 502 usus
2100 473 2243 512 proprios
2262 482 2314 506 ca-

1310 525 1424 554 nonice
1440 524 1603 563 deputata,
1616 533 1712 564 quam
1724 524 1828 555 dictus
1844 525 2018 555 canonicus
2030 526 2216 557 auctoritate
2226 536 2316 567 apos*-

1310 578 1403 608 tolica
1428 578 1487 607 sibi
1512 577 1659 608 collatam
1683 585 1752 608 8558
1768 577 1908 614 dicebat,
1926 587 1963 607 ex
1985 577 2085 608 altera
2097 602 2105 616 ‚
2122 583 2189 609 orta
2205 579 2315 612 fuisset

1308 631 1442 661 materia
1457 631 1644 670 questionis,
1657 635 1688 662 et
1698 631 1770 670 (ms.
1783 631 1832 670 in)
1844 639 1941 661 causa
1950 631 2139 671 hujusmodi
2153 632 2192 662 ad
2207 632 2315 665 sedem

1307 685 1513 724 apostolicam
1531 684 1695 722 devoluta,
1717 685 1845 715 tandem
1864 685 1950 715 inter
1969 693 2021 716 vos
2036 690 2067 715 et
2081 683 2203 716 dictu'm
2217 694 2314 718 cano·
2334 714 2340 719 .

1310 739 1420 769 nicum
1438 738 1509 769 talis
1524 738 1710 777 compositio
1730 747 1915 777 quanquam
1932 738 2111 769 amicabilis
2128 739 2312 778 intervenit,
2340 745 2352 751 “

1309 793 1458 823 videlicet
1479 793 1563 832 quod
1584 801 1640 822 vos
1662 801 1698 822 ex
1724 797 1800 823 1888
1822 792 1939 823 dictam
1963 792 2148 830 ecclesiam,
2167 797 2262 832 prout
2275 793 2316 826 ad
2334 807 2337 812 ·

1310 856 1362 877 vos
1379 846 1548 886 spectabat,
1563 847 1696 884 possetis
1709 846 1742 875 in
1758 855 1834 877 usus
1848 845 2035 885 hujusmodi
2051 845 2152 876 libere
2165 847 2314 888 retinere,

1307 900 1476 939 dictusque
1497 899 1689 936 canonicus,
1709 898 1814 937 quoad
1832 899 1970 935 viveret,
1990 899 2151 937 octoginta
2171 899 2316 933 marchas

1308 953 1537 991 sterlingorum
1561 952 1725 992 pensionis
1747 952 1880 982 80181118
1900 951 1939 982 (18
1960 952 2061 991 ipsius
2084 951 2263 985 redditibus
2285 957 2317 986 et

1310 1006 1516 1046 proventibus
1541 1006 1717 1045 perciperet
1737 1005 1918 1036 annuatim.
1948 1005 2089 1042 Verum,
2115 1005 2189 1044 quia
2214 999 2334 1038 dietus'

1308 1060 1483 1090 canonicus
1506 1059 1590 1098 apud
1613 1059 1721 1089 sedem
1742 1058 1945 1098 apostolicam
1967 1059 2053 1089 diem
2076 1058 2192 1090 clausit
2213 1064 2320 1091 extr&⁴
2336 1084 2337 1087 ,

1308 1122 1416 1150 mum,
1437 1122 1490 1143 vos
1506 1113 1544 1143 de
1563 1114 1744 1152 provisione
1764 1113 1803 1143 (18
1823 1113 2008 1151 hujusmodi
2026 1113 2179 1152 pensione
2195 1122 2251 1153 per
2265 1122 2314 1145 118-

1309 1167 1381 1197 dem
1398 1167 1499 1206 ipsam
1516 1166 1613 1197 alicui
1629 1167 1776 1197 facienda
1794 1167 1913 1197 turbari
1934 1171 1989 1197 aut
2006 1166 2151 1205 gravari,
2169 1167 2251 1198 sicut
2263 1176 2316 1199 as-

1309 1221 1429 1257 seritis,
1448 1220 1642 1256 formidatiS,
1661 1229 1756 1259 super
1773 1228 1836 1259 quo
1857 1219 2019 1258 provideri
2038 1219 2127 1251 vobis
2145 1229 2200 1260 per
2214 1220 2315 1260 ipsius
2331 1239 2335 1243 ·

1309 1273 1394 1303 sedis
1419 1273 1554 1312 gratiam
1579 1273 1747 1303 humiliter
1769 1273 1936 1312 petivistis.
1960 1273 2026 1304 Nos
2049 1273 2178 1313 itaque,
2204 1273 2316 1306 vestris

1309 1327 1593 1366 supplicationibus
1609 1326 1757 1357 inclinati
1771 1352 1777 1364 ,
1796 1327 1995 1366 presentium
2011 1327 2197 1358 auctoritate
2211 1327 2316 1359 decer-

1309 1375 1419 1411 nimus
1438 1381 1519 1411 nulli
1540 1381 1607 1411 fore
1627 1381 1666 1410 de
1682 1380 1867 1419 huJ'usmodi
1889 1380 2042 1420 pensione
2057 1379 2193 1412 ulterius
2208 1384 2316 1412 aucto-

1309 1435 1401 1464 ritate
1418 1434 1588 1474 apostolica
1612 1434 1842 1473 providendum
1866 1438 1896 1464 et
1915 1434 1955 1464 ad
1977 1433 2067 1463 illins
2090 1434 2316 1472 prestationem

1308 1487 1343 1517 in
1362 1491 1522 1526 posterum
1538 1495 1592 1517 vos
1609 1487 1773 1516 reddimus
1788 1486 1959 1517 absolutos.
1973 1485 2064 1517 Nulli
2078 1495 2154 1525 ergo
2165 1490 2224 1517 818.
2239 1495 2315 1518 805-

1308 1544 1355 1571 tre
1372 1541 1611 1572 constitutionis
1627 1545 1684 1570 etc.
1700 1541 1769 1571 Dat.
1783 1540 1866 1580 apud
1879 1540 2156 1577 Urbemveterem,
2169 1538 2315 1571 kalendis

1305 1593 1397 1632 julii,
1414 1603 1500 1624 anno
1518 1595 1619 1623 tertio.
1643 1606 1655 1620 n

1381 1782 1501 1812 2804
1892 1780 2020 1814 Orvieto,
2036 1780 2072 1807 25
2083 1780 2149 1815 iuin
2165 1779 2244 1808 1290.

1343 1844 1529 1880 Dispensatio
1543 1852 1575 1871 su
1582 1852 1630 1879 per
1647 1844 1806 1878 pluralitate
1822 1843 2040 1869 beneficiorum.
2055 1841 2137 1878 (Rae.
2155 1842 2198 1876 45,
2213 1850 2240 1870 c.
2252 1841 2312 1876 23⁷,

1308 1895 1326 1921 f.
1344 1894 1377 1921 43
1394 1894 1440 1927 ro.)

1348 1998 1484 2026 ,ΙοΙιαηηῖ
1497 2020 1504 2034 ,
1520 1997 1642 2026 cantori
1659 1996 1774 2025 ecclesie
1795 1996 2017 2031 Zwerinensis,
2034 1994 2091 2034 qui
2112 1993 2190 2025 olim
2209 1993 2320 2026 archi--

1307 2050 1513 2080 diaconatum
1527 2048 1746 2084 Tridentinae,
1766 2048 1881 2087 primo,
1899 2052 1930 2077 et
1945 2048 2121 2078 cantoriam
2136 2037 2320 2079 Zwerinen·'

1307 2104 1351 2133 sis
1367 2103 1592 2138 ecclesiarum,
1612 2101 1830 2141 postmodum,
1848 2101 1966 2140 recepit
1987 2105 2019 2131 et
2035 2109 2087 2131 eos
2107 2100 2243 2131 insimul
2258 2092 2317 2148 81·ίὲ

1307 2157 1450 2196 quandiu
1466 2156 1536 2185 sine
1550 2155 1788 2194 dispensatione
1803 2154 1975 2193 apostolica
1986 2154 2126 2184 detinuit
2140 2154 2262 2185 fructus
2282 2168 2289 2180 ·-
2316 2159 2318 2164 ·

1307 2212 1352 2241 815
1376 2210 1574 2249 percipiens,
1597 2209 1744 2246 indulget
1769 2213 1824 2245 ut,
1847 2208 2110 2238 archidiaconatu
2134 2208 2314 2247 resignato,

1306 2264 1498 2299 cantoriam,
1516 2263 1721 2293 canonicatus
1743 2265 1772 2292 et
1799 2262 2014 2301 praebendas,
2037 2270 2117 2301 quos
2134 2261 2169 2292 in
2194 2260 2298 2292 Zweri
2318 2270 2334 2299 ς’

1307 2319 1400 2348 88851
1415 2321 1444 2347 81
1459 2316 1567 2347 Sancti
1584 2315 1775 2354 Sebastiani,
1790 2315 2087 2354 Magdeburgensis,
2106 2313 2318 2360 Buczowenfli
2342 2313 2347 2316 ’
2399 2306 2401 2321 ”

1307 2375 1337 2401 81
1352 2369 1566 2405 Cezwicensi,
1586 2369 1887 2407 Brandeburgensis
1903 2373 1933 2399 81
1947 2368 2166 2399 Zwerinensis
2186 2368 2258 2399 dioe
2300 2406 2302 2410 .
2320 2394 2323 2399 .

1307 2424 1403 2460 sium,
1419 2423 1560 2453 ecclesiis
1574 2423 1722 2462 possidet,
1741 2431 1814 2452 8818
1832 2422 1988 2452 fructibus
2005 2431 2043 2452 ex
2054 2422 2302 2454 archidiaconat·
2316 2420 2322 2430 ’“

1307 2481 1337 2507 81
1354 2477 1497 2506 cantoria
1514 2475 1683 2515 praedictis
1700 2475 1809 2505 illicite
1825 2475 1990 2515 perceptis,
2008 2475 2149 2506 retinere
2162 2474 2270 2515 possit.
2308 2499 2311 2502 .
2330 2475 2331 2478 ’

1349 2541 1362 2556 α
1386 2529 1533 2567 Benigno
1557 2529 1613 2558 tibi
1638 2533 1749 2559 sunt...
1771 2545 1810 2550 —
1834 2527 1903 2559 Dat.
1921 2528 2005 2568 apud
2027 2529 2317 2567 Urbemveterem„

1306 2592 1350 2612 vn
1366 2583 1519 2613 kalendas
1533 2582 1629 2622 julii,
1645 2590 1730 2613 anno
1748 2582 1849 2613 tertio.
1869 2594 1884 2609 »

1378 2769 1497 2798 281)ss
1858 2769 1984 2801 Orvieto,
2002 2769 2147 2804 1⁸¹1uillet
2162 2767 2239 2798 ¹290.

1341 2832 1388 2859 Ad
1407 2832 1582 2859 solutionem
1598 2832 1759 2859 debitorum
1781 2831 1980 2858 Verdunensie
1996 2831 2146 2859 ecclesiae.
2167 2830 2249 2866 (Rau.
2264 2829 2319 2875 Δῦή

1306 2890 1332 2910 8.
1347 2881 1410 2913 238,
1427 2882 1448 2908 f.
1466 2881 1497 2909 43
1516 2882 1567 2914 vo.)

1352 2984 1520 3014 Venerabili
1537 2985 1633 3022 fratri
1647 2983 1773 3021 Jacobo,
1794 2985 1928 3022 episcopo
1954 2984 2146 3014 Virdunensi.
2169 2994 2184 3012 ι
2207 2979 2326 3031 ΙῐιῐΘΙε-ᾒ,4

1307 3036 1389 3068 18810
1405 3037 1530 3076 pridem
1550 3037 1634 3077 quod
1651 3037 1782 3068 ecclesia
1802 3037 2018 3068 Virduneusis
2039 3036 2167 3076 magnis
2189 3034 2306 3077 premi-
2330 3053 2333 3058 ·
2384 3030 2389 3042 ¹
