2477 3637
224 379 281 408 2⁶20
972 369 1210 400 REGISTRES
1232 369 1286 399 DE
1309 367 1494 398 NICOLAS
1514 367 1557 397 IV

1313 435 1352 464 ad
1368 435 1399 464 id
1415 433 1568 464 obtulerit
1586 442 1618 463 se
1638 432 1770 463 facultas
1783 455 1791 468 ‚
1807 441 1844 462 ac
1862 431 2036 462 inducendi
2057 432 2212 471 predictos
2227 432 2322 463 cleri-

1313 496 1366 518 cos
1382 488 1413 517 in
1431 486 1625 526 corporalem
1640 485 1875 525 prebendarum
1891 486 2033 525 ipsarum
2047 486 2319 525 possessionem...

1314 541 1385 571 Dat.
1407 541 1517 576 Reate,
1537 539 1684 569 kalendis
1697 539 1786 579 julii,
1804 547 1890 569 anno
1906 538 2057 569 secundo.
2077 550 2089 566 ι

224 445 413 475 mandamus
437 442 587 481 quatinus
613 440 644 469 iu
673 446 909 477 quamcumque
939 445 1107 475 personam
1133 436 1232 466 eccle-

224 498 381 529 siasticam
401 496 491 533 regni
510 493 652 528 Fraucie,
670 491 915 531 provintiarum,
935 490 1101 520 civitatum
1118 494 1149 519 et
1163 490 1229 520 dio-

224 551 344 582 cesium
362 549 574 588 predictarum
588 570 596 584 ‚
620 546 852 585 cujuscumque
875 543 1086 580 conditionis,
1107 543 1231 574 ordinis

224 603 272 634 vel
298 602 463 639 diguitatis
482 600 613 633 existat,
636 607 697 638 que
718 597 877 627 decimam
900 598 1000 636 ipsam
1029 596 1117 626 nullo
1138 595 1231 626 modo

223 656 271 686 vel
297 665 358 685 non
385 655 527 692 integre,
545 653 699 688 scienter,
718 655 772 681 aut
795 650 971 680 secundum
990 649 1231 679 extimationem

223 708 476 748 deputandarum
495 716 549 745 per
568 714 623 736 vos
642 705 680 735 ad
703 704 761 735 hoc
781 712 1009 743 personarum,
1029 703 1096 732 sive
1113 710 1177 732 non
1196 703 1231 731 in

224 761 371 792 terminis
388 760 566 790 constitutis
584 758 777 794 exhibuerit,
796 766 850 786 seu
873 757 906 786 in
925 756 1012 786 illius
1035 755 1231 785 exhibitione

223 816 378 846 malitiam
408 813 590 843 adhibuerit
607 813 674 842 sive
692 811 847 848 fraudem,
879 818 1003 840 necnon
1021 810 1053 839 in
1073 817 1184 839 omnes
1202 811 1232 837 et

223 869 368 908 singulos
385 869 439 907 qui
456 867 592 897 scienter
610 865 875 904 impedimentum
892 863 1098 902 prestiterint,
1113 862 1231 891 directe

223 922 273 953 vel
289 922 456 957 indirecte,
473 919 595 959 publice
613 918 662 948 vel
675 918 813 953 occulte,
833 917 1007 956 quominus
1025 915 1163 955 predicta
1175 914 1231 944 de-

223 976 306 1007 cima
319 974 526 1014 persolvatur,
544 971 884 1003 excommunicationis
899 979 954 1000 sen
962 969 1105 1005 tentiam,
1125 971 1232 998 aucto-

224 1029 317 1058 ritate
336 1031 454 1063 nostra,
474 1025 676 1065 promulgare
691 1024 820 1060 curetis,
838 1032 972 1062 eamque
988 1022 1020 1051 in
1039 1020 1232 1052 cathedrali-

224 1083 282 1112 bus
316 1087 345 1111 et
373 1081 444 1110 aliis
472 1079 648 1117 collegiatis
678 1077 818 1107 ecclesiis
832 1099 839 1113 ‚
871 1076 908 1105 de
940 1075 1057 1114 quibus
1084 1073 1232 1112 expedire

225 1135 386 1171 videbitis,
406 1133 559 1164 studeatis
576 1142 630 1172 per
644 1141 699 1162 vos
711 1140 747 1161 ac
762 1130 842 1161 alios
857 1129 1026 1169 publicare.
1041 1129 1163 1159 Omnes
1178 1136 1231 1156 au-

227 1194 288 1219 tem
312 1193 342 1219 et
364 1186 510 1225 singulos
535 1194 613 1225 quos
638 1185 811 1224 predictam
837 1183 1030 1213 sententiam
1053 1179 1234 1212 constiterit

224 1241 408 1274 incurrisse,
426 1250 480 1279 per
499 1248 552 1269 vos
575 1243 605 1268 et
624 1238 713 1274 alios,
732 1236 869 1274 singulis
888 1236 1000 1266 diebus
1017 1233 1186 1264 dominicis
1202 1236 1233 1262 et

224 1295 356 1331 festivis,
375 1293 505 1332 pulsatis
521 1292 686 1330 campanis
703 1295 733 1320 et
748 1290 891 1321 candelis
907 1289 1061 1324 accensis,
1076 1295 1177 1326 usque
1193 1286 1233 1316 ad

224 1348 473 1378 satisfactionem
486 1346 691 1382 condignam,
707 1342 997 1374 excommunicatos
1011 1341 1138 1380 publice
1152 1348 1232 1370 nun-

225 1401 331 1437 cietis‚
352 1405 381 1429 et
396 1409 451 1438 per
468 1408 539 1435 vos,
561 1407 614 1428 sen
633 1398 732 1427 alium
750 1397 799 1427 vel
815 1397 909 1433 alios,
930 1395 1055 1426 faciatis
1071 1395 1111 1424 ab
1128 1393 1234 1424 omni-

225 1454 282 1484 bus
297 1454 397 1493 artius
410 1453 534 1487 evitari,
546 1451 748 1489 aggravaturi
766 1450 844 1479 alias
863 1458 976 1478 manus
988 1452 1108 1478 vestras
1124 1451 1234 1478 contra

225 1509 319 1546 ipsos,
351 1511 443 1545 prout
468 1514 578 1535 corum
610 1504 800 1543 proterviam
828 1502 1065 1534 contumaciam
1089 1501 1234 1531 videritis

224 1560 411 1599 promereri.
432 1558 523 1594 Quod
542 1558 569 1587 si
586 1558 766 1587 satisfacere
781 1566 876 1595 super
892 1556 956 1586 hiis
973 1555 1148 1591 voluerint,
1166 1559 1236 1594 post

225 1613 354 1652 plenam
374 1618 403 1642 et
425 1613 583 1651 integram
603 1611 850 1641 satisfactionem
872 1611 911 1640 ab
938 1610 1018 1649 ipsis
1040 1610 1233 1648 impensam,

226 1667 265 1697 ab
294 1666 479 1706 hujusmodi
508 1665 848 1696 excommunicationis
867 1664 1042 1700 sententia,
1064 1664 1155 1703 juxta
1176 1663 1236 1693 sor·
2341 1610 2376 1870 ί

1388 686 1469 715 101
1480 686 1645 716 1-1012

1348 750 1476 777 Licentia
1493 748 1673 783 ingrediendi
1689 747 1872 775 monasteria.
1894 747 1976 780 (Ru-zo.
1995 747 2042 781 44,
2060 755 2085 774 c.
2103 747 2166 781 268,
2183 747 2202 774 f.
2220 732 2320 783 167ἶος

1313 799 1379 826 Lxx).
1399 808 1433 826 nu
1449 799 1548 829 Tnetn,
1566 797 1606 829 11;
1628 797 1743 827 ΡοττΗ..
1761 796 1872 830 952989.)

1938 684 2029 716 Rieu,
2048 684 2080 711 30
2093 685 2157 718 juin
2175 684 2253 712 1239.

1353 888 1454 918 Nobili
1472 888 1598 917 mulieri
1617 887 1734 922 Aelidi,
1753 886 1873 916 domine
1893 885 1926 914 de
1947 885 2108 923 Pereuves,
2125 885 2323 915 Cameracen-

1312 943 1354 971 sis
1369 941 1504 971 diocesis.
1525 953 1538 968 α
1559 941 1600 970 Ex
1626 945 1677 970 tue
1697 940 1874 970 devotionis
1891 939 2051 968 meritis...
2075 938 2160 968 Hinc
2177 942 2226 968 est
2239 933 2363 981 quorl'r'V
2396 932 2398 942 '

1314 1048 1454 1078 sentium
1466 1047 1674 1085 indulgemus
1689 1051 1721 1077 ut
1738 1046 1930 1077 monasteria
1944 1045 2176 1076 Cisterciensis
2190 1044 2323 1082 ordinis,
2351 1049 2367 1078 ¹.-
2398 1060 2399 1082 ς

1314 1110 1388 1131 cum
1405 1101 1508 1132 tribus
1527 1101 1671 1131 honestis
1688 1101 1844 1131 matronis
1856 1123 1864 1137 ,
1882 1104 1913 1130 et
1934 1100 1968 1129 in
1996 1099 2105 1130 habitu
2126 1098 2325 1137 condecenti,
2353 1086 2366 1106 ‘³

1315 1154 1494 1185 devotionis
1511 1163 1618 1191 causa,
1635 1155 1686 1185 bis
1711 1154 1745 1184 in
1762 1162 1848 1184 anno
1870 1152 1999 1192 ingredi
2017 1152 2139 1189 valeas,
2155 1151 2327 1184 dummodo
2339 1142 2364 1185 ἢ

1316 1212 1349 1238 tu
1375 1212 1406 1237 et
1425 1207 1537 1238 eedem
1557 1212 1704 1237 matrone
1728 1208 1762 1237 in
1789 1206 1993 1237 monasteriis
2019 1205 2098 1245 ipsis
2121 1194 2370 1259 nequaquam]
2398 1210 2401 1248 ζ
2421 1221 2424 1228 =

1317 1261 1416 1291 edatis
1442 1261 1493 1291 vel
1515 1261 1724 1300 aliquatenus
1744 1260 1973 1299 pernoctetis...
1998 1259 2068 1289 Dat.
2094 1259 2208 1296 Reate,
2228 1267 2250 1288 11
2270 1257 2327 1289 ka·
2356 1262 2362 1275 ¹
2398 1272 2399 1276 =

1316 1317 1428 1347 lendas
1443 1316 1534 1355 julii,
1551 1325 1637 1347 anno
1654 1316 1806 1347 secundo.
1829 1329 1840 1341 u
2365 1309 2374 1322 '

1359 1382 1372 1397 α
1388 1370 1434 1399 Ἰη
1465 1379 1491 1399 e.
1520 1379 1564 1399 m.
1593 1370 1697 1399 eidem
1719 1375 1777 1399 etc.
1800 1378 1902 1408 usque
1923 1368 2131 1406 indulgemus
2152 1371 2185 1398 ut
2205 1367 2347 1398 monia-.

1316 1423 1399 1453 lium
1423 1422 1602 1454 secundum
1626 1422 1861 1461 predicatorum
1881 1427 1913 1451 et
1934 1421 2100 1451 minorum
2119 1420 2256 1450 fratrum
2278 1420 2328 1450 in-

1317 1477 1428 1506 stituta
1453 1476 1631 1506 viventium
1657 1475 1854 1505 monasteria
1877 1475 1944 1505 sive
1966 1475 2096 1510 domos,
2127 1482 2201 1504 cum
2228 1473 2329 1504 tribus

1318 1531 1474 1561 matronis
1495 1529 1658 1566 honestis,
1680 1529 1715 1559 in
1739 1529 1850 1559 habitu
1875 1528 2065 1559 condecenti
2081 1531 2140 1558 etc.
2159 1530 2192 1557 ut
2215 1534 2326 1566 supra,

1319 1593 1419 1622 usque
1435 1584 1468 1613 in
1487 1583 1564 1613 fine.
1584 1594 1598 1610 n
2349 1551 2367 1602 ς

2349 2009 2368 2046 ³

227 1729 313 1750 mam
330 1720 480 1755 ecclesie,
500 1719 669 1748 absolvatis
692 1718 818 1748 eosdem
839 1723 869 1747 et
888 1717 1079 1756 dispensetis
1097 1726 1171 1747 cum
1190 1716 1236 1746 eis
1393 1729 1511 1758 ¹0¹3
1906 1726 1997 1758 meti,
2014 1726 2045 1753 521
2063 1727 2160 1761 juillet
2180 1725 2259 1754 1289,

228 1781 322 1812 super
342 1772 577 1810 irregfflarnaoe
598 1771 638 1801 ab
657 1771 736 1810 iPSiS
762 1775 938 1807 Gonu-‘ww’
963 1771 990 1800 Si
1014 1770 1118 1800 taliter
1140 1770 1237 1808 legati
1355 1792 1500 1819 Heni-icus
1520 1791 1555 1818 de
1575 1790 1668 1818 Biblio
1684 1791 1718 1817 ab
1735 1789 2043 1817 excommunicationis
2066 1789 2211 1816 sententia
2235 1787 2331 1816 absol⁴

229 1835 292 1856 non
316 1825 531 1855 abstinuerint
552 1835 570 1854 a
597 1825 730 1861 divinis,
751 1825 897 1863 injuncto
923 1826 968 1854 eis
993 1824 1076 1863 quod
1106 1824 1143 1854 de
1164 1825 1237 1864 jure
1319 1842 1405 1868 vim„-
1423 1841 1506 1875 (Rue.
1525 1841 1573 1874 44,
1590 1849 1614 1867 c·
1635 1840 1699 1871 259¹
1719 1840 1738 1866 f.
1759 1840 1805 1866 ¹57
1823 1839 1869 1873 ro.)

229 1880 326 1911 fuerit
352 1880 602 1919 injungendum.
633 1879 702 1909 Dat.
726 1880 842 1916 Reate,
861 1879 954 1908 nonis
971 1878 1057 1918 julii,
1082 1887 1167 1909 anno
1188 1888 1237 1909 se-

230 1933 344 1964 cundo.
363 1946 376 1960 »

1362 1931 1470 1960 Dilecto
1488 1930 1552 1968 filio
1570 1930 1699 1959 Hem-ico
1717 1929 1750 1957 de
1768 1927 1873 1963 Biblio,
1892 1927 2108 1957 archidiacono
2125 1925 2292 1957 Nicosiensi
2304 1929 2331 1957 et

1319 1985 1408 2022 reym'
1426 1984 1520 2022 Cypri
1541 1984 1736 2013 cancellario.
1755 1982 1834 2018 Hic,
1853 1986 1978 2012 mortuo
2000 1979 2196 2020 Raynulpho
2208 2003 2217 2018 ,
2233 1979 2330 2012 Nico-

1322 2038 1422 2069 siensi
1444 2037 1697 2076 archiepiscopo,
1719 2036 1978 2075 archiepiscopus
1999 2044 2018 2065 a
2040 2034 2189 2074 capitulo,
2214 2057 2235 2065 ..
2260 2043 2370 2065 can-‚v-

1324 2096 1389 2122 tore-
1404 2091 1568 2121 dumtaxat
1583 2093 1723 2129 excepto,
1736 2090 1790 2128 qui
1807 2088 1907 2118 alium
1919 2089 1952 2118 in
1964 2087 2120 2119 scrutinio
2137 2087 2365 2125 nominarat,

1324 2145 1442 2176 electus
1463 2148 1526 2181 est,
1548 2143 1602 2173 sed
1628 2144 1662 2172 in
1687 2142 1900 2182 appellatione
1925 2142 1965 2171 ab
1991 2142 2058 2180 ipso
2082 2145 2210 2171 cantore
2232 2141 2365 2178 [αἲ-8,.»
2406 2173 2408 2179 s

1324 2200 1481 2237 objectum
1503 2197 1649 2236 estquod
1672 2201 1812 2235 tempore
1829 2195 2004 2233 electionis,
2022 2195 2190 2226 occasione
2211 2195 2331 2225 discor·
2352 2210 2368 2230 ς

1325 2253 1397 2283 diae
1413 2253 1498 2282 inter
1510 2249 1746 2289 Rayuulphum
1757 2254 1788 2280 et
1798 2249 2004 2279 Nicosienses
2015 2249 2185 2279 canonicos
2197 2237 2367 2295 exortam}

1326 2307 1486 2336 Heni-icus
1514 2303 1860 2335 excommunicationis
1885 2302 2046 2334 sententia
2061 2301 2234 2333 innodatus
2254 2303 2339 2332 erat:
2358 2302 2362 2309 ’

1326 2360 1388 2390 Hic
1404 2367 1478 2389 vero
1494 2357 1658 2397 respondit
1673 2357 1962 2395 archiepiscopum,
1979 2365 2079 2396 quum
2101 2356 2186 2386 hanc
2207 2363 2357 2386 excom-¹2

1326 2411 1558 2443 municationis
1581 2411 1774 2441 sententiam
1803 2409 2034 2449 promulgavit,
2055 2409 2186 2449 majoris
2207 2408 2370 2452 excom—{2

305 2093 426 2123 1010

266 2156 393 2183 Licentia
419 2155 584 2182 conferendi
610 2155 758 2182 beneficia.
782 2155 864 2188 (Rue.
883 2155 930 2186 lili,
948 2164 973 2183 c.
992 2156 1060 2187 207,
1079 2156 1098 2182 f.
1119 2156 1166 2183 166
1190 2163 1238 2190 v⁰;

231 2205 298 2232 LAP.
315 2214 349 2232 nc
365 2204 527 2238 Tucin,11,
551 2205 618 2237 149.)

819 2091 911 2124 Rieu,
930 2092 1071 2126 terjuillet
1090 2092 1166 2119 ηεξ).

274 2331 294 2337 ..
312 2308 420 2337 decano
441 2308 558 2337 ecclesie
574 2308 768 2337 Parisicnsis.
794 2319 808 2334 «
833 2307 972 2337 Grandis
990 2308 1121 2338 affectus
1144 2317 1240 2347 quem

231 2361 265 2390 in
282 2360 466 2390 sinceritate
481 2360 620 2389 caritatis
638 2361 677 2389 ad
694 2370 863 2399 personam
881 2361 1045 2392 carissime
1061 2362 1095 2390 in
1115 2361 1241 2392 Christo

233 2413 299 2443 filie
314 2418 419 2443 nostre
431 2413 542 2449 Mai-ie,
556 2414 668 2451 regine
677 2414 809 2443 Francie
821 2413 966 2451 illustris,
978 2415 1120 2452 gerimus
1128 2415 1241 2446 merito

234 2474 292 2497 nos
311 2466 437 2495 inducit
452 2471 487 2495 ut
501 2466 631 2496 obtentu
652 2467 699 2496 sui
717 2467 755 2496 ad
776 2466 848 2497 illos
865 2467 920 2506 qui
940 2468 998 2497 sibi
1019 2468 1242 2507 obsequuntur

234 2519 375 2549 favorem
392 2520 598 2558 apostolicum
614 2520 834 2550 extendamus.
849 2521 932 2550 Hinc
949 2525 994 2550 est
1009 2521 1094 2560 quod
1105 2530 1174 2560 nos,
1192 2522 1242 2561 ip-

234 2573 301 2603 sius
318 2573 428 2611 regine
440 2573 560 2603 devotis
575 2574 721 2612 precibus
732 2573 890 2611 inclinati,
906 2574 1046 2604 faciendi
1060 2575 1158 2614 recipi
1170 2584 1242 2606 auc-

235 2627 356 2655 toritate
376 2632 494 2662 nostra,
512 2637 567 2667 per
583 2632 611 2657 tc
631 2627 679 2657 vel
697 2637 751 2666 per
765 2627 863 2657 alium
876 2633 930 2658 aut
944 2628 1035 2666 alios,
1048 2629 1082 2658 in
1100 2629 1138 2659 de
1152 2630 1240 2660 Cam-

237 2679 325 2718 pellis
342 2680 375 2709 in
395 2681 468 2710 Bria
481 2686 510 2710 et
523 2681 555 2710 in
570 2681 677 2711 Sancti
693 2681 872 2719 Clodoaidi,
892 2683 1083 2713 Parisiensis
1096 2684 1241 2721 diocesis,

236 2737 265 2762 et
284 2733 318 2762 in
340 2734 448 2763 Sancti
469 2734 622 2764 Germani
648 2735 923 2765 Autisiodorensis
946 2736 1121 2765 Parisiensi
1142 2736 1241 2766 eccle-

237 2786 310 2822 siis,
328 2786 361 2815 in
380 2788 518 2825 singulis
536 2798 645 2818 earum
662 2788 808 2819 videlicet
830 2789 974 2827 singulos
991 2790 1124 2821 clericos
1139 2791 1243 2829 ipsius

238 2839 368 2876 regine,
395 2850 472 2879 quos
496 2841 606 2871 eadem
632 2842 744 2880 regina
766 2843 805 2872 ad
827 2843 886 2873 hoc
907 2844 1035 2874 duxerit
1057 2844 1241 2882 eligendos,

238 2892 410 2921 dummodo
427 2893 499 2930 vita,
519 2894 651 2925 scientia
671 2900 700 2925 et
723 2896 865 2926 moribus
884 2897 1020 2926 existant
1037 2897 1175 2936 ydonei,
1194 2907 1243 2927 su-

239 2954 292 2983 per
309 2954 370 2983 quo
388 2950 474 2975 tuam
498 2948 698 2978 intendimus
716 2958 850 2979 onerare
870 2950 1101 2980 conscientiam
1113 2973 1121 2987 ‚
1139 2951 1172 2980 in
1192 2959 1242 2980 ca-

240 2998 371 3027 nonicos
396 3003 424 3027 et
448 2999 481 3027 in
507 3000 634 3038 fratres,
654 3007 684 3032 et
707 3002 895 3041 providendi
918 3002 1048 3033 cuilibet
1072 3011 1181 3033 eorum
1205 3003 1243 3033 de

240 3051 399 3089 prebenda
414 3075 419 3087 ,
437 3052 462 3081 si
482 3058 568 3083 vacat
583 3054 702 3085 ibidem
720 3056 758 3085 ad
776 3065 918 3094 presens,
938 3056 987 3086 vel
1002 3057 1242 3096 quamprimum

1326 2465 1557 2497 mnnicatiouis
1579 2468 1609 2495 et
1626 2464 1847 2503 suspensionis
1862 2463 2022 2493 sententia
2040 2462 2232 2493 innodatum
2249 2465 2358 2514 (εεεεφἱ

1326 2528 1422 2559 seque
1437 2519 1471 2548 in
1485 2517 1620 2548 articulo
1635 2518 1744 2547 mortis
1762 2517 1961 2547 laborantem
1979 2525 2033 2555 per
2044 2515 2250 2553 Quintinum,
2265 2522 2346 2545 ma·-

1326 2574 1462 2612 gistrum
1478 2570 1681 2611 capellanum
1701 2570 1852 2600 ecclesiae
1873 2569 2083 2606 Nicosiensis‚
2098 2569 2138 2599 ab
2154 2560 2354 2612 excommu-IA

1327 2625 1496 2656 nicationis
1508 2625 1677 2661 sententia,
1689 2625 1714 2653 si
1729 2633 1791 2663 qua
1802 2624 1950 2654 astrictus
1964 2627 2138 2660 teneretur,
2151 2622 2346 2666 absolutum·.

1327 2680 1440 2716 fuisse,
1465 2678 1693 2716 confessusque
1717 2679 1763 2708 est
1790 2686 1840 2714 se,
1865 2676 1943 2707 dum
1966 2676 2224 2716 archiepiscopus
2247 2678 2332 2709 extra
2354 2675 2358 2680 '

1326 2733 1497 2764 dioecesim
1524 2732 1722 2768 morabatur,
1749 2740 1767 2761 a
1793 2731 1932 2770 capitulo
1960 2730 2184 2762 Nichosiensis
2210 2728 2343 2768 archia-f

1327 2788 1506 2827 piscopatus
1522 2785 1678 2815 vicarium
1695 2784 1831 2815 electum
1851 2784 1962 2819 fuisse,
1981 2788 2011 2814 et
2026 2784 2087 2814 hoc
2103 2783 2244 2814 officium
2259 2791 2350 2822 ges-¹

1327 2841 1415 2870 sisse.
1439 2839 1519 2869 Eum
1540 2847 1626 2868 nunc
1644 2847 1722 2877 papa
1739 2847 1793 2876 per
1814 2837 2024 2874 Matthaeum‚
2043 2837 2152 2868 Sancti
2168 2833 2346 2867 Laurentii>

1326 2895 1360 2924 in
1389 2894 1525 2923 Damaso
1554 2892 1738 2931 presbyterii
1746 2901 1774 2921 m
1804 2891 2018 2928 cardinalem,
2050 2889 2332 2931 poenitentiarium

1327 2956 1433 2983 suum,
1448 2945 1613 2976 absolvere
1630 2945 1716 2976 facit.
1837 2985 1840 2988 Ι

1369 3014 1381 3028 «ι
1404 3000 1518 3030 Petitio
1545 3004 1596 3029 tua
1620 2998 1750 3029 nobis...
1769 3015 1807 3019 —
1824 2998 1894 3028 Dat.
1913 2998 2029 3034 Reate,
2048 3006 2089 3026 xii
2108 2996 2260 3027 kalendas
2273 3003 2331 3025 au·-

1326 3055 1422 3094 gusti‚
1440 3062 1525 3083 anuo
1539 3052 1690 3082 secundo.
1717 3064 1730 3078 ι)
