2477 3637
328 406 365 436 96
1075 398 1309 429 REGISTRES
1331 399 1385 429 DE
1408 397 1591 428 NICOLAS
1615 398 1670 427 IV.

369 485 381 499 a
408 473 446 502 In
463 471 625 501 mentibus
644 469 826 499 fidelium..
849 485 886 488 —
907 467 976 495 Dat.
1003 466 1102 496 Rome
1125 466 1207 505 apud
1231 465 1330 495 Sanc·
1416 465 1557 494 tinentiis
1584 463 1751 500 omnihus,
1789 472 1869 501 quas
1897 463 2084 493 dicebantur
2113 465 2288 494 Auximaui
2317 466 2416 504 possi·

329 530 392 556 tam
410 525 545 555 Mariam
565 524 735 561 Majorem,
760 521 866 550 idibus
889 519 1055 555 februarii,
1072 527 1158 549 anuo
1175 519 1288 557 primo.
1317 530 1329 545 »

396 711 482 739 5¹3
658 705 1015 740 Sainte-Marie-Majcure.
1029 706 1044 732 5
1060 706 1163 732 sevricr
1180 705 1258 732 1289.

362 772 402 798 I)e
428 771 599 805 quibusdam
631 769 868 805 possessionibus
895 768 1060 794 monasterii
1091 767 1276 793 Sublacensis
1303 767 1328 793 in

325 820 533 856 emphyteosim
551 819 754 847 concedendis.
773 818 855 851 (Rae.
874 818 917 849 44,
935 826 959 844 c.
978 817 1038 849 332,
1056 817 1074 842 s.
1092 817 1123 842 74
1140 817 1191 848 vo.)

367 924 535 953 Venerabili
555 924 650 959 fratri
674 945 693 952 ..
718 923 848 959 episi-opo
864 921 1025 957 Anagnino
1049 925 1075 948 et
1099 920 1203 949 dilecto
1223 920 1287 956 filio
1307 942 1326 947 ..

322 978 576 1014 archipresbytero
597 976 714 1005 ecclesie
735 975 838 1004 Sancti
853 975 968 1003 Andree
984 974 1017 1002 de
1034 974 1162 1003 Sublacu
1177 995 1184 1008 ‚
1213 974 1328 1009 Tybur-

325 1032 385 1060 line
402 1031 537 1065 diocesis,
554 1029 685 1058 mandat
710 1032 744 1057 ut
759 1028 797 1056 de
813 1027 1047 1066 opportunitate
1066 1026 1231 1064 inquirant
1250 1025 1327 1063 peti-

323 1083 419 1113 tionis
436 1092 497 1121 qua
516 1106 534 1112 ..
553 1082 649 1112 abbas
665 1082 849 1111 monasterii
866 1080 1088 1115 Sublacensis,
1103 1079 1142 1108 ad
1160 1086 1327 1107 romanam

323 1136 488 1166 ecclesiam
508 1135 596 1165 nullo
612 1135 718 1164 medio
735 1134 923 1173 pertinentis
937 1158 943 1169 ,
960 1133 1083 1163 ordinis
1099 1132 1205 1162 Sancti
1225 1132 1327 1161 Bene-

322 1189 410 1225 dicti,
432 1190 594 1219 licentiam
613 1189 712 1227 poscit
728 1187 865 1217 faciendi
882 1186 976 1216 silvas
989 1191 1018 1215 et
1034 1186 1100 1216 loca
1113 1185 1177 1214 alia
1193 1184 1325 1220 inculta,

321 1243 360 1272 ad
382 1242 611 1272 monasterium
628 1241 747 1271 dictuui
762 1240 948 1279 spectantia,
967 1239 1069 1277 redigi
1087 1238 1126 1268 ad
1145 1238 1304 1268 culturam
1320 1261 1326 1274 ,

320 1297 466 1335 hancque
485 1295 678 1325 concedendi
698 1294 730 1322 in
751 1293 985 1332 emphyteosim
1003 1301 1058 1322 seu
1077 1292 1110 1320 iu
1130 1291 1260 1321 seudum
1278 1290 1327 1320 vel

319 1350 382 1379 alio
399 1349 503 1379 modo.

361 1416 373 1429 t<
399 1402 515 1432 Petitio
540 1401 647 1431 dilecti
666 1400 763 1430 filii...
785 1417 825 1422 —
850 1400 920 1429 Dat.
946 1401 1047 1429 Rome
1070 1399 1153 1438 apud
1177 1400 1327 1428 Sanctam

319 1456 454 1486 Mariam
472 1455 638 1493 Majorem,
656 1455 751 1484 nonis
769 1453 936 1489 februarii,
953 1461 1039 1482 anno
1056 1452 1169 1490 primo.
1191 1464 1204 1478 >v

387 1644 475 1671 514
635 1639 996 1673 Sainte-Marie-Nlajeure,
1010 1639 1043 1665 ςΞΟ
1058 1639 1161 1665 fe'vricr
1176 1638 1252 1665 1280.

351 1705 526 1732 Auximanis
541 1704 637 1730 omnia
653 1703 800 1738 privilegia
815 1705 843 1728 et
858 1702 1004 1728 libertates
1021 1702 1222 1732 restituuntur,
1239 1709 1323 1735 quae,

315 1753 477 1780 adherendo
493 1751 650 1783 Mauri-edo,
668 1751 790 1786 principi
805 1751 969 1783 Tarentino,
982 1750 1173 1785 perdiderant.
1185 1749 1268 1782 (Rae.
1279 1749 1322 1783 44,

316 1811 342 1830 c.
360 1802 424 1833 333,
442 1802 460 1828 s.
480 1802 512 1827 75
530 1808 568 1834 r⁰;
587 1800 704 1833 POTTu„
718 1799 826 1828 22882.)

356 1906 476 1934 Dilectis
491 1903 564 1941 filiis
581 1926 602 1932 ..
624 1904 796 1940 capitaneo,
818 1898 944 1931 censitio
960 1907 985 1930 et
1002 1903 1157 1931 communi
1171 1903 1323 1931 Aua-ima-

316 1960 377 1996 nis,
394 1958 433 1988 ad
449 1958 551 1987 instar
565 1956 690 1987 Urbani
707 1956 786 1992 IIII,
806 1955 975 1986 confirmat
992 1954 1144 1994 quicquid
1160 1954 1322 1994 quondam

316 2013 375 2049 M„
402 2011 596 2042 Veronensis
616 2010 746 2047 electus,
768 2014 842 2039 tunc
860 2009 994 2039 ducatus
1012 2008 1174 2047 Spoletani
1189 2012 1217 2038 et
1238 2017 1321 2038 mar-

317 2065 409 2096 chiae
429 2064 651 2094 Anconitanae
678 2067 800 2101 rector,
828 2063 873 2092 eis
902 2062 1068 2099 concessit,
1098 2062 1267 2101 privilegia
1294 2066 1324 2092 et

317 2119 479 2149 libertates
501 2126 599 2157 quae,
627 2116 811 2147 adherendo
833 2115 1015 2152 Manfredo,
1038 2116 1177 2154 principi
1199 2116 1322 2145 Taren-

318 2172 402 2208 tino,
420 2171 639 2210 perdiderant,
657 2169 864 2199 restituendo.
883 2185 923 2191 —
944 2169 1129 2198 Praedictus
1152 2172 1255 2199 rector
1271 2177 1323 2199 eo-

317 2236 391 2256 rum
408 2230 524 2255 terram
541 2229 571 2254 et
588 2232 738 2263 personas
755 2223 814 2253 snb
829 2222 1017 2262 apostolicae
1031 2223 1114 2252 sedis
1130 2223 1323 2261 protectione

319 2280 479 2318 suscepit3
502 2287 612 2309 omnes
636 2278 771 2317 injurias
796 2282 826 2307 et
849 2277 1005 2313 offensas,
1028 2285 1124 2315 quas,
1147 2276 1324 2306 assistendo

319 2332 439 2363 eisdem
468 2332 650 2368 Mansredo,
681 2331 923 2366 commiserant,
953 2329 1112 2368 stipendia
1138 2338 1265 2368 quoque
1295 2333 1325 2359 et

319 2385 450 2422 salaria,
475 2385 503 2414 si
527 2393 590 2422 qua
617 2392 726 2414 eorum
745 2383 845 2422 aliqui
873 2383 912 2412 ab
928 2382 1090 2421 aliquibus
1105 2383 1249 2421 personis
1269 2391 1324 2413 seu

318 2438 414 2475 locis,
443 2438 521 2468 dum
548 2442 653 2468 essent
682 2437 740 2467 sub
768 2437 912 2475 ejusdem
935 2436 1145 2476 persecutoris
1162 2436 1322 2473 dominio,

319 2493 429 2522 minus
444 2491 531 2521 licite
547 2491 754 2529 recepissent,
771 2490 827 2520 illa
843 2489 993 2520 videlicet
1008 2498 1145 2528 quorum
1167 2489 1326 2519 restitutio

319 2546 447 2577 deberet
464 2545 524 2585 ipsi
544 2544 694 2575 ecclesiae
715 2544 902 2583 provenire,
922 2544 969 2573 eis
996 2543 1140 2580 remisit3
1170 2551 1188 2572 a
1213 2543 1325 2582 poenis

320 2605 350 2631 et
365 2600 481 2630 bannis
494 2598 700 2638 quibuslibet,
714 2602 838 2638 propter
851 2598 1035 2637 impensum
1050 2597 1189 2627 favorem
1205 2597 1327 2627 eisdem

320 2653 511 2694 persecutori
521 2657 551 2683 et
564 2653 739 2683 fautoribus
751 2652 790 2682 ab
805 2651 884 2691 ipsis
898 2651 1024 2688 debitis,
1037 2655 1095 2681 eta
1106 2659 1207 2689 poena
1219 2651 1326 2687 etiam,

321 2708 347 2737 si
368 2716 431 2746 qua
452 2711 578 2745 propter
602 2706 742 2744 dampna
760 2709 791 2735 et
807 2705 943 2744 injurias
968 2705 1105 2742 irrogata
1125 2704 1158 2733 in
1184 2704 1328 2743 personis

322 2765 352 2790 et
366 2760 462 2790 rebus
478 2759 639 2798 quondam
659 2758 789 2789 Octonis
805 2758 843 2788 de
859 2758 982 2788 Palatio
999 2762 1029 2787 et
1050 2757 1239 2788 officialium
1255 2765 1327 2787 suo-

321 2823 393 2843 rum
419 2813 497 2843 foret
530 2814 574 2842 eis
599 2822 653 2852 per
683 2812 790 2842 sedem
815 2811 1021 2851 apostolicam
1052 2810 1248 2849 infligenda,
1275 2818 1328 2840 eos

322 2866 475 2903 absolvit,
501 2866 635 2895 liberam
663 2866 708 2895 eis
733 2865 927 2901 facultatem,
957 2873 1031 2895 cum
1062 2863 1247 2903 expedierit,
1269 2862 1327 2893 ali-

324 2929 419 2959 quem
447 2919 573 2949 fidelem
591 2928 627 2949 ac
652 2920 800 2950 devotum
830 2918 982 2949 ecclesiae
1003 2918 1042 2948 ad
1061 2923 1162 2948 terrae
1185 2917 1327 2956 ipsorum

323 2973 468 3011 regimen
486 2972 641 3011 eligendi,
662 2973 826 3003 concessit.
845 2972 996 3002 Ceterum
1014 2975 1208 3001 memoratus
1225 2974 1328 3000 rector

324 3025 537 3056 Montisazani
555 3048 562 3060 ‚
587 3025 729 3055 Casaroli
744 3049 751 3063 ‚
780 3025 1043 3055 Montisfiliorum
1058 3048 1066 3062 ,
1082 3023 1247 3063 Optrami,
1264 3022 1327 3053 Ca-

325 3087 431 3109 sarnm
446 3101 453 3114 ,
479 3077 664 3108 Montissani
693 3082 722 3107 et
745 3077 893 3116 Cerlongi
913 3077 1015 3114 villas,
1037 3086 1110 3107 cum
1129 3085 1239 3107 earum
1256 3084 1326 3115 per-

1414 518 1505 553 dere,
1543 518 1588 546 eis
1619 516 1794 552 concessit3
1817 520 1907 554 pacta
1937 520 1967 546 et
1996 518 2223 548 conventiones
2252 518 2335 548 inter
2365 527 2417 549 eos

1415 575 1441 601 et
1472 570 1657 601 earumdem
1690 569 1838 600 villarum
1878 570 2025 600 homines
2057 570 2164 601 habita
2202 571 2415 602 confirmavit.

1414 624 1580 653 Praeterea
1601 627 1702 653 castra
1727 623 1895 653 comitatus
1921 632 2029 653 eorum
2053 623 2086 652 in
2112 624 2241 662 quibus,
2273 633 2309 654 eo
2338 629 2417 655 tem-

1415 686 1488 716 pore
1528 686 1590 716 qno
1618 676 1845 707 Anchonitana
1887 676 2032 706 marchia
2061 686 2115 715 per
2146 677 2339 716 praedictam
2369 686 2418 708 ec-

1413 731 1543 761 clesiam
1563 731 1750 769 regebatur,
1769 730 2006 769 parlamentum
2028 735 2057 760 et
2077 731 2251 761 exercitum
2268 731 2418 762 habuisse

1413 785 1582 820 dicuntur,
1615 785 1647 813 in
1678 793 1714 813 ea
1748 784 1838 823 quasi
1864 784 2062 822 possessione
2086 793 2150 822 qua
2167 783 2222 813 illa
2246 785 2314 822 ipso
2340 788 2417 814 tem-

1414 846 1488 876 pore
1528 838 1709 873 habebant,
1749 838 1793 867 eis
1826 837 1925 867 voluit
1951 837 2144 867 conservari.
2173 837 2222 866 Ad
2252 837 2330 867 haec
2362 845 2418 868 no-

1413 891 1554 920 minatus
1581 895 1697 927 rector,
1722 889 1907 928 privilegia,
1935 890 2157 920 concessiones
2179 894 2209 920 et
2231 890 2418 922 donationes

1413 952 1634 982 quaecumque
1663 944 1817 973 hactenus
1843 952 1899 982 per
1925 943 2044 973 dictum
2072 947 2324 982 persecutorem,
2353 944 2419 976 sive

1412 1005 1631 1035 quoscumque
1661 997 1824 1026 invasores
1853 1001 1883 1026 et
1903 1000 2105 1035 occupatores
2134 996 2311 1036 praedictae
2335 1005 2418 1027 mar-

1411 1050 1501 1079 chiae
1517 1050 1556 1080 de
1574 1051 1685 1080 castris
1707 1060 1761 1080 seu
1782 1050 1866 1079 villis
1884 1050 2014 1089 praefati
2031 1050 2215 1088 comitatus,
2232 1051 2419 1089 praesertim

1411 1103 1449 1133 de
1462 1108 1563 1134 castro
1577 1103 1710 1141 Stass'ali,
1723 1104 1886 1134 communi
1901 1104 1996 1134 Esino
2009 1109 2064 1133 aut
2075 1103 2208 1134 cuilibet
2219 1103 2278 1134 alii·
2291 1104 2420 1134 univer-

1411 1157 1495 1186 sitati
1518 1157 1567 1187 vel
1594 1157 1670 1187 locis
1693 1158 1761 1187 sive
1783 1158 1926 1195 personis
1949 1157 2110 1196 aliquibus
2132 1158 2212 1187 sacta
2239 1166 2368 1188 cassans
2391 1162 2421 1188 et

1412 1210 1554 1247 irritans,
1574 1211 1802 1250 promissiones
1827 1215 1857 1240 et
1881 1215 1970 1250 pacta
1996 1211 2080 1240 inter
2101 1218 2272 1241 commune
2292 1211 2358 1241 Esii
2381 1221 2418 1242 ex

1411 1267 1498 1301 parte
1516 1272 1579 1293 una
1603 1268 1632 1293 et
1648 1264 1778 1302 quosvis
1794 1264 1832 1294 de
1848 1264 2000 1293 comitatu
2017 1273 2073 1293 seu
2092 1263 2178 1293 villis
2196 1264 2366 1302 praedictis
2381 1273 2418 1295 ex

1411 1316 1509 1346 altera
1535 1317 1614 1346 inita
1640 1326 1735 1356 super
1759 1318 1904 1356 juribus,
1928 1318 2226 1357 jurisdictionibus,
2247 1317 2417 1355 dominiis,

1411 1369 1549 1399 servitiis
1569 1370 1602 1399 in
1624 1369 1745 1400 eisdem
1762 1371 1914 1400 comitatu
1933 1375 1963 1400 et
1985 1370 2073 1400 villis
2088 1370 2204 1400 debitis
2219 1370 2361 1401 decrevit
2374 1370 2418 1401 si-

1411 1422 1532 1452 militer
1554 1431 1622 1452 esse
1648 1432 1746 1453 cassa.
1776 1424 1903 1453 Primas
1932 1424 2064 1462 insuper
2087 1432 2199 1454 causas
2224 1427 2286 1454 tam
2307 1423 2420 1455 civiles

1411 1484 1508 1514 quam
1524 1475 1745 1506 communales
1762 1476 1796 1505 in
1810 1477 1898 1506 curia
1909 1477 2087 1507 Auximani
2101 1477 2285 1507 communis
2300 1477 2419 1508 exami-
2434 1503 2437 1523 3

1411 1530 1482 1559 nari
1499 1533 1529 1559 et
1542 1529 1658 1565 decidi,
1673 1538 1708 1560 ac
1725 1534 1840 1560 statuta
1853 1530 2009 1569 quaedam
2026 1540 2082 1570 per
2094 1531 2295 1561 Auximanos
2309 1535 2418 1561 contra

1411 1583 1576 1613 usurarios
1592 1583 1691 1620 edita,
1712 1587 1805 1622 prout
1830 1583 1900 1613 sine
1918 1584 2072 1622 pravitate
2095 1588 2171 1615 sunt
2193 1584 2292 1622 facta,
2308 1584 2419 1615 ohser-

1410 1636 1515 1666 vanda
1531 1637 1651 1673 statuit,
1669 1637 1752 1667 sicut
1766 1637 1800 1666 in
1817 1637 1970 1676 praedicti
1983 1638 2113 1668 rectoris
2125 1637 2240 1668 litteris
2257 1637 2334 1668 inde
2348 1646 2420 1669 con·
2475 1631 2477 1634 ⁴

1410 1690 1499 1720 fectis
1515 1690 1643 1729 plenius
1661 1690 1855 1721 continetur.

1453 1756 1466 1771 «
1484 1744 1633 1774 Exhibita
1649 1744 1740 1774 nobis
1755 1749 1896 1774 vestra...
1915 1762 1952 1767 —-
1964 1745 2035 1775 Dat.
2054 1745 2156 1776 Rome
2171 1745 2255 1784 apud
2270 1732 2436 1776 Sanctam*
2466 1759 2469 1771 ι

1412 1798 1549 1828 Mariam
1565 1798 1721 1836 Majorem
1735 1821 1742 1834 ,
1759 1807 1777 1827 x
1792 1797 1947 1828 kalendas
1963 1799 2091 1835 martii,
2107 1807 2194 1829 anno
2208 1798 2324 1838 primo.
2345 1810 2358 1826 n

1482 1999 1570 2026 515

1448 2058 1592 2091 Quasdam
1619 2060 1822 2095 possessiones
1847 2042 2013 2087 monasterii
2039 2060 2137 2088 Sancti
2162 2061 2289 2088 Victoris
2313 2060 2420 2088 Massi-

1412 2108 1512 2134 liensis
1537 2108 1687 2135 confirmat
1708 2112 1736 2136 et
1759 2117 1857 2136 earum
1880 2110 2043 2137 habitantes
2062 2111 2090 2137 in
2107 2119 2160 2137 sua
2175 2110 2354 2146 protectione
2368 2109 2420 2137 ad-

1412 2156 1509 2183 mittit.
1527 2156 1608 2191 (Rsc.
1627 2157 1670 2191 44,
1689 2166 1714 2184 c.
1733 2156 1792 2188 334,
1811 2158 1830 2184 s.
1848 2159 1880 2184 75
1897 2165 1942 2189 νος
1959 2157 2025 2185 Lm».
2041 2167 2075 2186 nn
2090 2158 2190 2192 Tnfflb,
2206 2159 2274 2191 ¹45.)

1739 1997 2102 2032 Sainte-Marie-Majeure,
2120 1999 2136 2026 9
2152 1999 2256 2025 fevi-ier
2270 1998 2348 2026 1289.

1452 2272 1570 2302 Dilectis
1594 2273 1669 2309 filiis
1698 2296 1716 2302 ..
1741 2274 1843 2303 abbati
1870 2279 1896 2302 et
1922 2276 2084 2303 conventui
2110 2275 2290 2304 monasterii
2315 2273 2420 2305 Sancti

1418 2327 1542 2355 Victoris
1564 2326 1773 2363 Massiliensis,
1793 2328 1833 2356 ad
1849 2336 2011 2357 romanam
2037 2329 2190 2357 ecclesiam
2215 2329 2302 2358 nullo
2321 2328 2417 2358 medio

1408 2380 1602 2417 pertinentis,
1626 2380 1744 2409 ordinis
1768 2382 1866 2410 sancti
1891 2382 2052 2411 Benedicti.
2077 2392 2090 2407 (ι
2116 2381 2218 2411 Justis
2242 2374 2431 2420 petentium¹
2460 2398 2463 2403 ·

1410 2433 1617 2463 desideriis...
1648 2433 1798 2470 Portum,
1830 2434 1914 2472 ripas
1942 2439 1972 2464 et
1999 2439 2098 2465 terras
2122 2435 2227 2465 eidem
2240 2434 2356 2477 ‚portui
2380 2441 2418 2465 ex

1410 2491 1497 2525 parte
1513 2486 1610 2516 vestri
1627 2487 1813 2516 monasterii
1829 2488 2022 2526 adjacentes,
2041 2497 2142 2527 usque
2157 2488 2197 2518 ad
2213 2479 2422 2527 columpnam'
2454 2485 2455 2489 ’

1410 2540 1506 2570 fixam
1528 2540 1562 2569 in
1578 2540 1629 2569 via
1649 2548 1710 2579 que
1728 2544 1856 2571 vocatur
1871 2541 1992 2579 Calata,
2008 2543 2090 2572 sicut
2106 2551 2142 2572 ea
2159 2542 2268 2572 omnia
2279 2543 2366 2581 juste
2381 2549 2418 2573 ac

1410 2592 1541 2631 pacifice
1566 2593 1748 2631 possidetis,
1773 2594 1864 2624 vobis
1883 2600 1913 2624 et
1940 2604 1994 2634 per
2020 2604 2074 2626 vos
2096 2595 2200 2626 eidem
2225 2595 2417 2627 monasterio

1410 2651 1532 2683 vestro,
1549 2646 1587 2676 ad
1604 2647 1708 2676 instar
1723 2646 1826 2677 felicis
1849 2649 2079 2679 recordationis
2102 2649 2240 2680 Honorii
2259 2658 2339 2689 pape
2354 2648 2415 2688 111,

1411 2699 1644 2739 predecessoris
1665 2701 1776 2736 nostri,
1795 2702 1982 2732 auctoritate
1999 2694 2171 2742 apostolica
2186 2703 2416 2734 confirmamus

1411 2756 1441 2782 et
1456 2753 1613 2791 presentis
1636 2753 1746 2791 scripti
1765 2754 1943 2792 patrocinio
1961 2756 2216 2792 communimus,
2236 2756 2416 2788 habitantes

1411 2806 1643 2836 nichilominus
1668 2810 1699 2836 et
1724 2807 1921 2839 habitaturos
1947 2810 1982 2839 in
2008 2810 2055 2840 eis
2080 2810 2140 2841 sub
2162 2811 2246 2841 beati
2270 2810 2359 2840 Petri
2383 2811 2413 2840 et

1411 2865 1518 2890 nostra
1541 2861 1736 2899 protectione
1753 2863 1933 2900 specialiter
1950 2863 2166 2894 admittentes.
2192 2863 2244 2894 Ad
2261 2863 2414 2894 inditium

1410 2917 1516 2943 autem
1536 2913 1723 2952 hujusmodi
1744 2916 2000 2947 confirmationis
2016 2922 2047 2947 et
2062 2917 2268 2956 protectionis
2285 2925 2304 2948 a
2323 2912 2414 2948 nohis'
2455 2924 2477 2939 ‘⁴

1410 2971 1566 3006 percepte,
1589 2967 1716 3005 singule
1740 2968 1954 3000 habitationes
1979 2969 2124 3001 locorum
2150 2971 2293 3010 ipsorum
2315 2969 2414 3000 deua-

1409 3020 1495 3050 1·ium
1518 3028 1619 3050 unum
1646 3029 1762 3052 census
1780 3023 1923 3061 nomine,
1939 3027 2032 3063 prout
2055 3032 2111 3054 vos
2131 3023 2309 3054 liberaliter
2322 3022 2412 3054 obtu-

1410 3072 1505 3111 listis,
1521 3075 1689 3104 annuatim
1702 3075 1834 3107 ecclesie
1850 3085 1982 3107 romane
1992 3076 2210 3116 persolvent...
2225 3076 2297 3106 Dat.
2312 3075 2412 3107 Rome
