2477 3637
215 393 272 424 39ss
525 376 530 381 .
964 387 1198 418 REGISTRES
1221 387 1275 417 DE
1297 386 1482 417 NICOLAS
1504 386 1561 416 IV.

215 468 290 490 nem
306 457 474 488 solutionis
490 455 605 494 viginti
623 458 758 493 quatuor
775 453 877 484 millia
894 453 1064 483 unciarum
1080 453 1162 489 auri,
1180 452 1220 483 ad

213 511 363 551 generale
377 509 499 549 pondus
516 507 609 545 regui
625 506 766 543 Siciliae,
779 514 835 545 pro
849 506 949 536 tribus
959 506 1055 536 annis
1071 506 1220 546 praeteri-

214 566 264 602 tis,
281 565 320 594 ab
336 572 372 593 eo
388 562 539 593 ecclesiae
556 568 718 596 romanae,
736 568 791 598 pro
807 568 904 590 ceusu
921 561 1023 598 regni,
1040 559 1220 599 persolven-

213 618 342 652 darum,
363 624 464 655 usque
479 614 519 644 ad
536 614 652 644 festum
667 613 751 643 beati
769 613 857 643 Petri
876 613 1017 644 secundo
1034 617 1218 650 venturum,

213 669 297 709 quod
323 669 382 698 erit
406 675 492 697 anno
521 666 645 697 domiui
672 674 869 702 M.cc.Lxxxx,
895 665 1049 696 concedit.
1071 682 1109 687 -
1132 677 1146 693 α
1174 664 1220 696 De

212 723 336 753 duobus
363 729 436 751 vero
467 719 542 750 aliis
570 719 667 749 annis
696 720 854 758 preteritis
883 723 929 750 est
955 719 1060 749 eidem
1087 718 1220 750 ecclesie

212 776 250 806 de
274 775 392 815 prefato
416 782 513 804 censu
535 782 591 812 per
613 778 641 802 te
662 772 756 812 plene
776 781 812 803 ac
834 773 958 811 integre
979 772 1174 802 satisfactum
1192 776 1222 802 et

213 828 446 859 nichilominus
469 835 525 866 pro
550 826 662 857 eodem
685 835 782 857 censu
802 826 908 856 debito
924 835 979 865 per
997 830 1027 856 te
1042 826 1081 856 de
1097 825 1221 856 duobus

212 882 442 922 premissorum
464 881 562 911 trium
580 889 740 911 annorum
764 889 819 920 per
835 880 1021 910 Johannem
1042 880 1080 909 de
1107 880 1218 919 Haya,

211 939 447 976 procuratorem
466 935 500 964 in
519 934 664 964 Romana
682 933 789 970 curia,
808 937 837 963 et
861 933 965 963 Adam
987 933 1026 963 de
1047 933 1219 970 Dussiaco,

216 988 451 1019 thesaurarium
475 991 505 1017 et
527 987 657 1017 clericos
676 991 744 1017 tuos
761 1011 767 1024 ,
784 997 820 1017 ex
840 991 989 1026 potestate
1009 987 1054 1017 eis
1071 986 1186 1016 tradita
1203 995 1221 1016 a

214 1042 391 1073 venerabili
409 1042 504 1072 fratre
517 1046 624 1071 nostro
637 1041 688 1078 G„
703 1041 847 1080 episcopo
863 1040 1046 1079 Sabinensi,
1061 1044 1091 1071 et
1105 1039 1220 1071 dilecto

213 1096 280 1126 filio
299 1095 400 1126 nobili
420 1095 488 1124 viro
505 1094 558 1131 R„
577 1094 692 1124 comite
711 1094 924 1131 Atrebatensi,
943 1098 1018 1123 tunc
1036 1093 1127 1132 regni
1149 1101 1218 1132 pre-

213 1149 291 1179 dicti
314 1147 431 1187 bajulis
447 1171 453 1184 ,
474 1147 609 1186 pretiosa
626 1146 740 1186 j0calia
756 1151 831 1176 sunt
847 1147 881 1176 in
898 1147 1031 1186 pignore
1047 1146 1151 1177 eidem
1168 1155 1218 1176 ec-

212 1202 307 1233 clesie
323 1202 495 1239 assignata.
511 1200 680 1230 Adicimus
695 1204 803 1230 autem
819 1199 902 1239 quod
922 1208 976 1238 per
993 1199 1177 1239 petitionem
1191 1202 1222 1229 et

213 1255 450 1286 concessionem
482 1253 715 1292 prorogationis
747 1252 935 1290 hujusmodi
963 1253 1164 1283 conditiones
1192 1256 1222 1282 et

212 1295 441 1340 conventiones
456 1307 564 1337 habite
580 1307 664 1336 inter
680 1315 845 1336 romanam
862 1306 1040 1340 ecclesiam,
1058 1306 1142 1336 clare
1157 1314 1218 1336 me

211 1361 312 1391 morie
331 1360 480 1391 Carnium
495 1384 501 1396 ,
519 1368 628 1397 regem
645 1358 774 1396 Sicilie,
792 1363 913 1398 patrem
933 1364 1036 1396 tuum,
1053 1363 1083 1389 et
1098 1363 1128 1389 te
1145 1357 1220 1388 nul-

210 1414 275 1444 lam
296 1422 424 1453 prorsus
448 1412 669 1443 innovationis
691 1413 901 1443 variationem
919 1413 1059 1442 sentiant
1079 1421 1138 1443 nec
1158 1413 1221 1442 im-

211 1468 396 1498 mutationis
412 1467 616 1506 dispendium
632 1467 805 1506 patiantur‚
823 1467 876 1497 sed
892 1476 1018 1506 semper
1030 1467 1064 1496 in
1081 1476 1138 1497 sua
1153 1476 1221 1506 per-

210 1526 363 1552 maneant
382 1521 543 1552 firmitate.
565 1533 578 1548 n
1178 1546 1181 1549 .

255 1587 268 1602 ιι
289 1575 370 1604 Vive
395 1576 479 1605 vocis
496 1574 662 1605 oraculo...
683 1591 723 1596 —
745 1574 816 1605 Dat.
844 1574 952 1611 Reate,
978 1583 1045 1604 x1111
1068 1574 1223 1605 kalendas

209 1628 296 1668 julii,
314 1637 400 1659 anno
416 1628 566 1658 secundo.
587 1640 600 1655 ι)

285 1816 399 1846 2251
729 1815 821 1848 Rieti,
840 1816 879 1842 10¹·
893 1816 1056 1850 septembre
1073 1816 1150 1844 1289.

249 1878 295 1905 Ad
311 1877 551 1912 praedicationem
568 1877 674 1904 crucis.
691 1877 773 1912 (Rae.
793 1878 836 1909 44,
848 1886 874 1905 c.
892 1877 935 1912 64,
949 1879 967 1906 f.
982 1878 1032 1906 316
1048 1885 1088 1910 ro:
1102 1878 1221 1911 Po‘r'ra..

213 1926 324 1960 23064.)

260 2030 427 2059 Venerabili
441 2031 538 2066 fratri
559 2053 578 2059 ..
596 2031 729 2068 episcopo
749 2028 936 2068 Tripolitana
952 2023 1222 2069 praedicationem

213 2082 318 2112 crucis
332 2083 366 2112 in
381 2081 553 2112 Sclavonia
567 2087 596 2113 et
612 2083 756 2113 marchia
772 2083 951 2121 Tervisina,
966 2084 999 2114 in
1014 2084 1222 2114 Venetiarum

214 2139 245 2166 et
260 2136 461 2166 Ferrariensi
477 2136 660 2167 civitatibus
677 2141 706 2167 et
725 2145 834 2167 earum
852 2140 882 2167 et
900 2137 1063 2167 marchiae
1079 2138 1224 2169 Anconi-

214 2192 307 2219 tanae
332 2192 362 2219 et
387 2189 597 2220 Romaniolae
624 2190 751 2229 ripariis
783 2194 892 2220 contra
915 2189 1108 2221 Sarracenos
1135 2199 1223 2222 com-

213 2241 324 2272 mittit.

256 2307 271 2323 «
289 2295 442 2334 Egressus
457 2296 497 2326 de
514 2297 693 2335 partibus...
713 2314 751 2319 -—
769 2297 839 2327 Dat.
858 2298 969 2335 Reate,
987 2297 1134 2328 kalendis
1151 2307 1222 2337 sep-

214 2349 357 2386 tembris,
375 2358 460 2380 anno
477 2350 629 2380 secundo.
649 2362 662 2377 n

286 2536 535 2566 aasz-225¹?
735 2537 827 2570 Rieu,
846 2537 877 2565 13
893 2538 1056 2573 septembre
1075 2538 1150 2566 1289.

253 2598 361 2633 Viginti
382 2599 478 2633 galeas
497 2599 532 2626 ad
555 2599 673 2626 Terram
694 2599 828 2628 Sanctam
852 2602 948 2628 mittit.
968 2601 1050 2635 (Rae.
1065 2602 1114 2633 44,
1131 2610 1156 2629 c.
1174 2602 1222 2634 65,

214 2647 233 2673 f.
251 2647 301 2674 316
318 2649 372 2680 vo.)

261 2749 427 2779 Venerabili
446 2751 541 2787 fratri
559 2773 579 2782 ..
596 2752 773 2789 patriarche
788 2753 1033 2783 Jerosotimitano
1048 2752 1176 2783 nuntiat
1191 2761 1224 2783 se

216 2802 329 2839 viginti
352 2802 458 2840 galeas
475 2812 555 2842 quas
572 2804 639 2843 ipse
655 2813 710 2843 per
730 2804 878 2843 Ugonem
896 2810 925 2836 et
940 2805 1124 2836 Johannem
1139 2829 1145 2841 ,
1163 2805 1225 2835 fra-

218 2858 279 2884 tres
295 2856 418 2885 ordinis
434 2857 706 2903 praedicatorum,
723 2855 913 2896 Artaldun'i,
932 2858 1069 2889 militiae
1084 2858 1223 2898 Templi,

218 2911 247 2936 et
276 2908 422 2945 Petrum,
452 2909 622 2949 hospitalis
648 2910 759 2941 Sancti
784 2911 945 2942 Johanuis
969 2912 1225 2943 Jerosolimitani

216 2960 346 2995 ἰωὴ-ες,
365 2962 464 2999 petiit,
491 2963 678 3002 instructas,
701 2973 800 3004 usque
825 2965 863 2994 ad
887 2974 1032 3003 annum,
1055 2965 1096 2995 ad
1121 2969 1225 3005 partes

219 3014 446 3044 transmarinas
469 3016 595 3046 mittere
621 3018 679 3047 sub
704 3026 780 3047 cura
805 3041 825 3049 ..
855 3018 992 3057 episcopi
1017 3019 1224 3058 Tripolitani,

219 3064 275 3094 hoc
295 3070 323 3094 et
346 3066 413 3104 ipso
432 3069 623 3106 patriarcha,
645 3070 859 3110 Johanneque
875 3071 914 3100 dc
931 3070 1043 3108 Grilli,
1061 3071 1224 3110 capitaneo

1302 453 1406 491 gentis
1424 451 1577 491 Philippi,
1595 451 1680 490 regis
1696 451 1905 490 Francorum,
1923 452 1957 482 in
1974 452 2102 483 civitate
2117 454 2308 493 Accouensi,

1302 514 1397 544 super
1412 505 1644 544 gubernatione
1659 505 1847 535 earumdem
1864 505 2030 544 galearum
2045 507 2240 539 constitutis.

1344 570 1358 585 (ε
1383 558 1525 588 Nesaudi
1543 557 1660 588 furoris
1679 558 1904 589 immanitas...
1924 574 1964 581 -
1979 558 2052 588 Dat.
2071 559 2185 597 Reate,
2202 560 2310 593 idibus
2350 549 2366 581 ⁸⁶

1303 611 1502 651 septembris,
1518 619 1604 641 anno
1620 611 1771 641 secundo.
1795 622 1808 638 n

1343 666 1392 695 In.
1408 675 1436 696 e.
1453 674 1496 695 m.
1517 664 1617 696 nobili
1633 665 1701 695 viro
1716 665 1860 696 Johanni
1875 665 1914 695 de
1930 665 2039 696 Grilli.

1827 745 1915 780 Rieti,
1931 745 1965 773 20
1981 747 2144 782 septembre
2161 747 2240 775 1289.

1344 808 1381 838 In
1404 817 1431 837 e.
1449 816 1492 837 m.
1511 830 1532 838 ..
1550 807 1616 846 regi
1632 806 1742 847 Cypri.
1761 807 1833 837 Dat.
1853 807 1950 838 Reate
1963 830 1971 846 ,
1987 817 2030 838 xn
2053 807 2208 839 kalendas
2227 813 2317 854 octo--

1303 861 1381 898 bris,
1398 870 1484 891 anuo
1501 860 1652 891 secundo.
2287 867 2290 869 ’

1344 915 1381 944 Iu
1399 924 1427 945 e.
1447 923 1491 944 m.
1511 913 1626 953 populo
1643 913 1758 945 etaliis
1775 913 1925 945 fidelibus
1940 914 1974 944 in
1990 915 2117 945 civitate
2132 903 2321 948 Aoconensi

1303 967 1514 998 morantibus.
2272 1000 2278 1003 ἡ

1826 1020 1918 1054 Rieu,
1936 1021 1967 1048 ¹7
1983 1021 2147 1057 septembre
2163 1021 2240 1050 1289.
2283 1009 2289 1014 ⁸
2328 1023 2330 1029 '

1344 1085 1382 1114 Iu
1399 1094 1426 1114 e.
1444 1093 1487 1114 m.
1508 1107 1528 1114 ..
1546 1084 1700 1122 magistro
1715 1088 1746 1114 et
1767 1084 1919 1114 fratribus
1942 1084 2108 1124 hospitalis
2125 1084 2235 1116 Sancti
2254 1085 2316 1118 Jo-·

1304 1137 1423 1167 hannis
1437 1137 1456 1167 J
1460 1137 1702 1168 erosolimitani.
1724 1137 1796 1167 Dat.
1816 1138 1926 1173 Reate,
1938 1147 1978 1168 xv
1993 1137 2149 1168 kalendas
2163 1138 2312 1178 octobris,

1303 1199 1390 1221 anno
1406 1191 1556 1222 secundo.

1344 1244 1380 1274 Iu
1396 1253 1424 1274 e.
1443 1253 1484 1274 m.
1503 1267 1521 1274 ..
1537 1244 1689 1283 magistro
1702 1249 1732 1275 et
1744 1244 1895 1275 fratribus
1908 1245 2022 1276 domus
2038 1238 2176 1276 militiae
2190 1245 2290 1287 Temp
2303 1246 2311 1253 “

1303 1297 1566 1328 Jerosolimitani.

1376 1457 1494 1486 2258
1822 1457 1914 1489 Rieu,
1934 1458 1964 1484 17
1982 1458 2147 1492 septembre
2163 1439 2244 1487 2289.

1340 1519 1383 1546 De
1398 1519 1499 1547 eodem
1515 1520 1640 1555 negotio.
1657 1519 1741 1554 (Rso.
1759 1521 1802 1552 44,
1819 1529 1846 1548 c.
1861 1520 1904 1552 66,
1921 1521 1940 1547 f.
1959 1520 2008 1548 317
2025 1521 2074 1554 r0.)

1344 1623 1488 1653 Nicotaus
1503 1627 1556 1653 etc.
1580 1623 1802 1653 Veoterabilz'bus
1819 1623 1970 1660 fratribus
1995 1645 2016 1654 ..
2035 1624 2214 1662 patriarche
2229 1604 2332 1655 hro-1⁸·

1304 1676 1478 1706 solimitano
1497 1681 1523 1705 et
1541 1698 1561 1705 ..
1587 1676 1774 1714 Tripolitana
1794 1677 1926 1714 episcopo
1948 1685 1983 1707 ac
2007 1677 2112 1708 dilecto
2130 1677 2195 1715 filio
2216 1677 2288 1708 nobi
2304 1686 2312 1714 j

1305 1730 1373 1760 viro
1384 1730 1520 1759 Johanm‘
1532 1730 1568 1759 de
1584 1730 1686 1767 Grati,
1699 1732 1857 1768 capitaneo
1869 1731 1969 1768 yemis
1981 1732 2135 1761 carissimi
2149 1732 2184 1761 in
2197 1724 2285 1762 Gaviis
2303 1744 2307 1756 ι

1304 1784 1365 1821 ficti
1378 1785 1476 1813 nostri
1492 1784 1646 1822 Phylt'ppi‚
1656 1785 1736 1821 reqis
1747 1785 1874 1813 Francia
1884 1785 2028 1821 illustris,
2045 1786 2080 1815 in
2094 1786 2214 1816 civitate
2228 1786 2309 1816 Λαν-
2348 1821 2350 1825 .

1304 1838 1403 1874 mensi,
1419 1838 1562 1866 salutem.
1580 1849 1594 1863 «
1615 1836 1664 1866 Ad
1681 1837 1857 1867 custodiam
1875 1841 1906 1867 et
1922 1837 2092 1868 tuitionem
2103 1838 2240 1869 civitatis
2258 1839 2301 1870 A
2316 1856 2319 1858 -

1305 1890 1453 1920 nonensis
1468 1893 1497 1920 et
1514 1889 1651 1920 aliarum
1670 1887 1826 1920 terrarum
1841 1899 1878 1920 ac
1892 1889 2035 1921 locorum
2051 1899 2114 1930 que
2129 1900 2148 1921 a
2166 1891 2252 1922 chris
2269 1889 2315 1925 'm

1306 1944 1358 1974 nis
1381 1948 1530 1974 tenentur
1549 1944 1585 1973 in
1611 1944 1754 1983 partibus
1777 1944 2022 1981 transmarinis,
2047 1949 2139 1984 prout
2160 1953 2273 1984 presen
2288 1944 2318 1980 ἶ,

1307 1997 1458 2037 temporis
1473 1997 1609 2036 qualitas
1623 1997 1731 2036 exigit,
1749 1997 1896 2028 sollicitis
1912 1997 2027 2028 studiis
2042 1998 2258 2036 intendentes,

1306 2051 1389 2090 giuti
1403 2050 1509 2089 galeas
1525 2055 1619 2089 geute
1635 2059 1670 2080 ac
1687 2050 1760 2080 aliis
1779 2051 1968 2081 necessariis
1985 2051 2126 2082 munitas
2142 2055 2177 2082 ut
2192 2047 2314 2091 εκρειΓῙ

1307 2108 1337 2134 et
1351 2104 1522 2134 instructas
1538 2103 1577 2134 ad
1593 2104 1754 2134 civitatem
1770 2104 1874 2143 ipsam
1887 2104 1946 2134 sub
1962 2108 2028 2142 tuo,
2043 2103 2142 2135 frater
2157 2105 2316 2145 episcop

1306 2157 1422 2188 ducatu
1449 2165 1589 2196 curaque
1616 2155 1754 2187 sollicita
1782 2156 1969 2187 fidutialiter
1994 2157 2208 2188 destinamus.
2233 2156 2280 2189 Cu
2290 2146 2314 2183 1¹⁴-

1305 2211 1412 2250 itaque
1433 2211 1471 2241 de
1487 2210 1640 2250 probitate
1661 2214 1765 2240 vestra
1785 2209 2014 2241 confidentiam
2032 2219 2182 2249 geramus
2196 2211 2232 2241 iu
2249 2207 2287 2242 D

1306 2266 1396 2295 mino
1411 2264 1588 2303 spetialem,
1603 2263 1693 2294 vobis
1709 2272 1832 2301 curam,
1848 2263 2099 2294 sollicitudinem
2114 2268 2145 2295 et
2159 2264 2275 2304 guber
2289 2278 2310 2289 τ’

1307 2319 1427 2349 tionem
1447 2317 1613 2357 galearum
1635 2317 1850 2356 predictarum
1875 2326 1912 2348 ac
1937 2325 2150 2357 personarum
2177 2318 2316 2350 existere*
2338 2325 2340 2327 ’

1308 2373 1387 2403 tium
1411 2372 1445 2402 in
1474 2371 1592 2402 eisdem
1606 2394 1615 2408 ,
1636 2370 1737 2400 donec
1760 2379 1855 2410 super
1877 2371 1936 2401 hoc
1959 2380 2014 2410 per
2037 2370 2211 2410 apostolice
2231 2369 2315 2402 sed'·

1306 2424 1539 2464 providentiam
1549 2423 1635 2454 aliud
1647 2423 1789 2453 ordinari
1802 2424 1981 2462 contigerit,
1996 2429 2104 2454 tenore
2116 2423 2313 2463 presentiu

1306 2479 1456 2509 duximus
1471 2478 1715 2509 committendas
1729 2501 1735 2514 ‚
1755 2481 1789 2507 ut
1808 2477 1847 2508 de
1868 2477 1948 2516 ipsis
1963 2481 2056 2517 prout
2070 2476 2204 2508 utilitati
2218 2477 2262 2508 Te
2309 2508 2311 2510 ,

1307 2532 1422 2562 Sancte
1444 2541 1479 2562 ac
1501 2531 1610 2570 populi
1627 2531 1796 2561 christiani
1812 2530 1957 2569 degentis
1971 2531 2005 2561 in
2023 2539 2059 2561 ea
2075 2529 2314 2570 circumspect'

1306 2590 1411 2616 vestra
1429 2584 1629 2616 commodius
1649 2589 1680 2614 et
1703 2584 1819 2614 melius
1841 2583 1988 2623 expedire
2003 2583 2187 2622 cognoverit
2208 2583 2300 2614 dis-1

1308 2639 1401 2670 natis.
1427 2639 1492 2670 Nos
1513 2639 1600 2669 euim
1627 2637 1859 2668 nichilominus
1882 2637 1969 2668 vobis
1986 2637 2191 2677 injungimus
2208 2645 2272 2676 qua
2290 2658 2305 2664 --

1307 2701 1368 2723 nus
1387 2693 1421 2722 in
1439 2691 1497 2721 hac
1514 2695 1599 2731 parte
1615 2691 1660 2721 sic
1675 2691 1849 2730 prudenter
1865 2695 1895 2721 et
1910 2690 2043 2721 sollicite
2058 2698 2113 2721 vos
2127 2689 2246 2721 habere
2285 2704 2307 2719 ς

1307 2746 1382 2776 retis
1398 2749 1431 2775 ut
1442 2745 1557 2775 exinde
1569 2745 1608 2775 ab
1621 2745 1769 2775 omnium
1784 2744 1974 2774 retributore
1985 2744 2144 2789 bonorum
2155 2742 2264 2777 condi,
2284 2743 2298 2746 ”

1307 2800 1428 2840 premia
1459 2799 1610 2838 consequi
1637 2798 1767 2828 valeatis
1801 2807 1922 2837 nosque
1948 2801 2050 2828 vestre
2085 2796 2241 2829 sollieitu
2252 2795 2260 2803 ⁶
2278 2795 2281 2798 ⁴
2294 2792 2306 2833 {J

1307 2853 1449 2884 studium
1468 2861 1530 2883 nou
1544 2852 1706 2882 immerito
1721 2851 1996 2882 commendemus.
2017 2850 2109 2888 Quod
2125 2850 2152 2881 si
2171 2858 2237 2881 non
2248 2857 2300 2895 og,

1307 2916 1364 2937 nes
1389 2906 1451 2936 hiis
1475 2905 1668 2945 exequendis
1688 2905 1855 2944 potueritis
1875 2905 2050 2941 interesse,
2072 2903 2136 2935 duo
2160 2902 2210 2934 vel

1307 2965 1446 2991 vestrum
1460 2969 1496 2989 ea
1509 2958 1742 2989 nichilominus
1754 2961 1937 2998 exequatur.
1957 2957 2054 2988 Vobis
2069 2960 2188 2992 autem.
2204 2955 2251 2987 fra
2295 2958 2303 2969 ”

1308 3013 1487 3054 patriarcha
1501 3017 1530 3043 et
1546 3013 1701 3052 episcope,
1714 3021 1750 3042 ac
1766 3015 1906 3042 vestrum
1922 3010 2053 3041 cuilibet
2068 3009 2313 3041 contradictor

2386 3030 2387 3047 l

1307 3072 1337 3099 et
1368 3066 1502 3097 rebelles
1531 3075 1585 3105 per
1613 3074 1782 3096 censuram
1811 3063 2078 3100 ecclesiasticam,
2104 3060 2307 3103 appellatior-
2381 3062 2387 3116 ἶ

2379 3133 2386 3161 l
