2342 3652
926 373 1158 413 TnolsmME
1178 374 1336 413 ANNiin.
2121 386 2174 416 491

635 449 766 481 Orvieto,
784 449 812 475 31
829 449 925 483 juillet
942 449 1019 475 1290.

127 515 163 544 In
177 522 204 543 e.
221 521 262 542 m.
281 511 450 542 Universis
463 516 521 541 etc.
538 511 682 540 Eandem
696 510 934 548 indulgentiam
949 511 1093 540 concedit

88 567 133 598 eis
158 565 213 605 qui
238 565 402 595 ecclesiam
424 564 558 593 Sanctae
581 563 750 593 Trinitatis
774 563 813 592 de
837 563 1036 593 Bellomonte
1058 564 1092 592 in

88 620 192 658 Algia,
213 617 417 648 Lexoviensis
433 617 599 651 dioecesis,
621 617 656 645 in
673 616 934 652 Purificationis‚
952 618 1093 646 Annun-

91 672 242 709 nationis,
260 670 443 701 Nativitatis
460 675 490 700 et
505 669 743 709 Assumptionis
761 670 870 699 beatae
888 670 1008 698 Mariae
1027 670 1092 698 vir-

90 727 173 766 ginis
193 730 223 755 et
242 725 343 754 sancti
362 723 448 754 Clari
471 723 713 759 festivitatibus,
732 723 835 761 prima
857 722 908 752 die
934 723 1095 752 dominica

89 785 159 821 post
174 779 381 808 Pentecosten
402 782 431 807 et
448 787 504 816 per
521 782 589 807 octo
607 777 675 807 dies
693 781 862 815 sequentes
881 776 1093 806 visitaverint.

91 833 162 863 Dat.
191 831 274 871 apud
299 831 583 866 Urbemveterem,
610 840 632 860 11
660 830 814 860 kalendas
841 831 987 868 augusti.
1009 839 1095 860 anno

90 886 180 916 tertio
193 884 308 923 (Ibid.).

684 944 811 978 Orviet0‚
829 945 843 970 ἵ)
859 946 927 970 aont
944 944 1021 971 1290.

129 1009 167 1038 In
181 1017 207 1038 e.
224 1017 268 1037 m.
281 1007 450 1038 Universis
465 1011 521 1037 etc.
540 1007 684 1037 Eandem
700 1007 938 1044 indulgentiam
952 1007 1096 1036 concedit

91 1063 135 1093 eis
149 1062 203 1101 qui
219 1061 385 1091 ecclesiam
399 1060 509 1090 Sancti
526 1061 639 1090 Fursei
654 1060 884 1096 Peronensem,
902 1061 1095 1090 Noviomen-

91 1115 133 1145 sis
143 1115 306 1151 dioecesis,
323 1114 356 1143 in
370 1114 619 1150 PurificatiouiS,
640 1113 919 1150 Annuntiationis,
938 1115 1095 1152 Assump-

91 1167 184 1199 tionis
213 1171 243 1197 et
265 1167 448 1196 Nativitatis
477 1167 586 1196 beatae
617 1167 736 1195 Mariae
768 1167 902 1204 virginis
935 1172 964 1196 et
993 1167 1096 1196 sancti

93 1221 202 1252 Fursei
217 1221 441 1251 festivitatibus
460 1225 490 1250 et
507 1230 563 1259 per
585 1227 654 1250 octo
673 1220 740 1250 dies
761 1224 930 1258 sequentes
948 1221 1095 1250 visitave-

90 1274 165 1304 rint.
187 1274 258 1305 Dat.
275 1274 358 1312 apud
374 1274 652 1309 Urbemveterem,
669 1274 762 1303 nonis
778 1274 916 1311 augusti⁷
934 1282 1020 1304 anno
1039 1279 1097 1304 ter-

90 1327 132 1358 tio
145 1326 260 1367 (naid).

643 1387 771 1418 OrvietO,
787 1388 820 1414 ‘27
834 1388 929 1422 juillet
946 1388 1023 1415 1290.

131 1451 167 1480 In
186 1459 213 1480 e.
231 1459 274 1480 m.
293 1450 466 1481 Uuiversis
481 1455 539 1480 etc.
562 1450 704 1479 Eandem
727 1450 965 1488 indulgentiam
984 1459 1097 1481 conce-

93 1504 138 1534 dit
156 1505 202 1534 eis
223 1503 280 1542 qui
300 1503 466 1533 ecclesiam
485 1504 593 1533 Sancti
614 1504 743 1533 Martini
768 1505 805 1533 de
823 1504 1006 1541 Loberghe,
1028 1505 1097 1534 Mo-

92 1558 231 1588 rinensis
262 1557 431 1593 dioecesis,
462 1557 496 1586 in
521 1556 776 1593 Purificationis,
808 1557 1096 1594 Annuntiationis‚

92 1611 331 1649 Assumptionis
358 1615 388 1639 et
416 1610 603 1640 Nativitatis
630 1610 739 1639 beatae
767 1610 888 1639 Mariae
910 1610 1045 1648 virginis
1070 1614 1099 1640 et

91 1663 123 1695 S.
147 1664 279 1694 Martini
302 1663 548 1699 festivitatibus,
567 1672 622 1702 per
646 1667 714 1693 octo
734 1663 800 1692 dies
826 1668 993 1702 sequentes
1016 1668 1045 1692 et
1065 1664 1099 1693 in

91 1717 310 1747 anniversario
333 1717 385 1746 die
410 1716 623 1746 dedicationis
648 1716 793 1755 ejusdem
817 1717 969 1746 ecclesiae
994 1717 1097 1746 visita-

91 1770 203 1800 verint.
224 1770 296 1800 Dat.
314 1769 397 1809 apud
414 1770 678 1800 Urbemveterem
694 1793 700 1804 ‚
725 1780 754 1799 vx
777 1770 930 1799 kalendas
948 1771 1074 1808 augusti
1091 1794 1097 1807 ‚

91 1831 175 1854 anno
193 1824 284 1854 tertio
298 1823 415 1863 (laid).

646 1883 774 1915 Orvieto,
791 1884 822 1910 Ξῖ
838 1884 933 1917 juillet
951 1884 1026 1910 1290.

130 1948 168 1978 In
187 1957 216 1978 e.
235 1957 278 1978 m.
299 1947 473 1978 Universis
491 1950 549 1977 etc.
571 1947 714 1977 Eandem
731 1946 967 1985 indulgentiam
985 1956 1097 1977 conce-

91 2000 138 2030 dit
164 2001 210 2032 eis
239 2001 296 2040 qui
316 2001 548 2040 parrochialem
577 2001 742 2031 ecclesiam
780 2001 894 2030 Beatae
919 2001 1037 2030 Mariae
1061 2002 1098 2030 de

91 2054 353 2094 Draguynhano,
381 2054 614 2093 Forojuliensis
641 2054 810 2090 dioecesis,
838 2054 871 2082 in
896 2054 1096 2090 Nativitatis,

90 2107 370 2143 Annuntiationis,
393 2107 638 2137 Purificationis
666 2111 696 2136 et
718 2107 961 2145 Assumptionis
988 2107 1097 2136 beatae

91 2160 209 2190 Mariae
227 2161 362 2199 virginis
381 2165 412 2191 et
432 2165 615 2191 sanctorum
639 2161 801 2190 Johannis
820 2161 977 2199 Baptistae
997 2165 1028 2190 et
1041 2161 1097 2190 Jo-

90 2213 206 2244 hannis
224 2214 445 2253 Evangelistae
470 2214 696 2244 festivitatibus
725 2218 756 2243 et
784 2223 840 2253 per
865 2218 932 2244 octo
956 2214 1022 2243 dies
1049 2223 1096 2243 se·
1120 2230 1122 2233 ν

89 2272 220 2308 quentes
235 2269 448 2298 visitaverint.
467 2269 537 2298 Dat.
557 2273 592 2298 ut
607 2277 702 2307 supra
716 2268 834 2307 (Ibida.

159 2456 414 2485 2382-2983

124 2517 351 2546 Controversiam
369 2519 442 2544 inter
453 2518 659 2544 monasterium
673 2517 771 2544 Sancti
783 2517 939 2544 Salvatoris
950 2518 984 2543 de
1001 2517 1097 2544 Monte

647 2454 773 2486 Orvieto,
791 2455 823 2481 ‘27
837 2455 931 2488 juillet
950 2455 1025 2481 1290.

91 2571 174 2594 acuto
197 2572 225 2594 et
247 2568 404 2603 capitulum
424 2567 559 2593 basilicae
583 2567 722 2601 principis
742 2567 935 2602 apostolorum
952 2565 986 2592 de
1002 2565 1096 2597 Urbe,

92 2623 128 2643 ex
141 2625 197 2644 una
219 2620 316 2652 parte,
333 2620 362 2643 et
384 2617 590 2643 monasterium
609 2615 757 2647 Cistercii,
776 2624 809 2642 ex
832 2616 932 2646 altera,
953 2616 1096 2642 terminat.

91 2663 170 2700 (Rau.
188 2666 232 2700 ⁴5,
250 2673 275 2692 c.
294 2665 358 2697 306,
377 2666 395 2693 f.
414 2665 446 2692 58
464 2673 510 2697 v⁰;
530 2665 652 2698 Por-ru„
669 2665 779 2698 23340.)

129 2782 173 2810 Ad
186 2786 361 2819 perpetuam
380 2782 425 2810 rei
436 2782 626 2810 memoriam.

133 2846 148 2861 «
164 2833 254 2864 Circa
266 2833 464 2864 dirimendas
476 2833 632 2863 lites...-
642 2834 712 2863 Dat.
726 2834 808 2872 apud
821 2834 1096 2870 Urbemveterem‚

92 2896 122 2917 w
137 2887 288 2918 kalendas
305 2887 448 2925 augusti,
466 2895 551 2917 anno
568 2887 670 2917 tertio.
690 2900 703 2913 »

129 2940 168 2969 In
184 2949 209 2970 e.
229 2949 273 2970 m.
293 2963 313 2971 .,
333 2941 437 2970 abbati
454 2940 645 2970 monasterii
664 2939 771 2970 Sancti
794 2941 878 2970 Petri
896 2941 1046 2970 Perusini
1062 2950 1098 2970 ac

94 2993 257 3032 Ugutioni‚
274 2993 453 3024 marchioni
470 2994 508 3023 de
525 2994 635 3023 Monte
652 2994 791 3032 Mejano,
808 2994 961 3024 canonico
977 2994 1096 3023 Retho-

92 3048 252 3085 magensi‚
269 3047 433 3087 capellano
448 3054 523 3083 suo,
540 3046 673 3077 mandat
692 3050 726 3076 ut
746 3047 892 3076 abbatem
910 3051 939 3076 et
957 3055 1094 3076 conven-

1177 452 1242 478 tum
1255 449 1481 480 Cistercienses
1496 451 1543 480 vel
1561 456 1793 490 procuratorem
1806 459 1915 480 eorum
1933 451 1966 480 in
1981 451 2176 490 corporalem

1174 503 1406 540 possessionem
1422 504 1503 541 juris
1520 504 1670 542 praedicti
1689 504 1852 533 reducant.

1217 567 1228 581 (ι
1249 555 1479 593 Significarunt
1493 557 1584 586 nobis
1601 557 1747 587 dilecti...
1766 574 1804 579 —
1823 557 1893 586 Dat.
1917 561 1949 586 ut
1966 566 2073 596 supra.
2095 569 2108 583 »

1249 728 1366 756 2964

1213 789 1253 816 Ut
1277 778 1443 816 restituatur
1463 793 1592 824 apostata
1617 790 1788 815 monasterio
1815 797 1878 815 suo.
1896 789 1979 822 (Rea.
2002 790 2050 820 45,
2072 798 2097 816 c.
2119 789 2179 821 307,

1176 838 1195 864 f.
1213 838 1246 864 59
1263 845 1303 870 1‘03
1324 837 1439 867 Poma„
1456 838 1563 867 23323.)

1732 727 1858 760 Orvieto,
1880 728 1909 754 15
1922 727 2015 761 juillet
2033 727 2108 754 ¹290.

1220 963 1239 969 ..
1266 940 1488 976 archiepiscopo
1515 939 1686 967 Coloniensi
1712 938 1839 967 mandat
1870 943 1904 967 ut
1928 939 2040 968 fratres
2069 940 2182 969 domus

1178 993 1342 1031 hospitalis
1359 992 1466 1022 Sancti
1481 991 1640 1021 „lobannis
1651 991 1902 1020 Jerosolimitani
1920 991 2094 1029 provintiae
2108 991 2183 1020 Ala-

1177 1047 1305 1075 maniae
1327 1050 1415 1083 cogat
1437 1045 1477 1074 ad
1503 1044 1734 1073 restituendum
1759 1044 1934 1081 guardiano
1957 1049 1987 1073 et
2011 1045 2183 1073 conventui

1176 1099 1313 1128 fratrum
1330 1098 1493 1127 minorum
1512 1097 1550 1126 de
1566 1096 1816 1131 Grimenberch,
1836 1097 2043 1134 Maguntinae
2059 1097 2184 1126 dioece—

1178 1152 1238 1189 sis,
1257 1151 1435 1181 Henricum
1452 1150 1490 1180 de
1510 1149 1748 1179 Bacceinburch
1763 1173 1769 1185 ,
1787 1152 1960 1188 apostatam
1977 1149 2100 1179 ordinis
2124 1149 2184 1178 mi-

1178 1213 1306 1235 norum.

1220 1270 1233 1285 (t
1252 1258 1367 1287 Dilecti
1384 1257 1443 1286 filii
1464 1280 1483 1286 ..
1501 1257 1687 1286 minister...
1711 1273 1749 1277 —-
1771 1257 1840 1285 Dat.
1866 1255 1949 1294 apud
1976 1255 2185 1285 Urbemvete—

1179 1321 1266 1348 rem,
1280 1311 1387 1340 idibus
1401 1310 1494 1349 julii,
1515 1319 1600 1340 anno
1624 1310 1724 1339 tertio.
1746 1321 1758 1335 n

1250 1485 1367 1513 2965

1215 1547 1348 1574 Facultas
1363 1546 1529 1573 absolvendi
1545 1554 1560 1571 a
1576 1545 1721 1571 canonicis
1740 1545 1901 1571 sententiis.
1922 1544 2001 1574 (Rae.
2020 1545 2062 1574 45,
2080 1552 2106 1571 c,
2124 1544 2184 1578 308,

1179 1597 1198 1624 f.
1221 1597 1253 1623 59
1269 1603 1313 1629 1¹0;
1332 1596 1448 1628 Pom-Tu„
1466 1595 1574 1627 23328.)

1735 1482 1862 1513 Orvieto,
1880 1481 1911 1508 ⁶23
1924 1482 2019 1515 juillet
2036 1481 2111 1508 1290.

1222 1722 1241 1728 ..
1260 1700 1403 1728 ministro
1419 1698 1603 1735 provinciali
1619 1697 1737 1725 ordinis
1750 1697 1884 1732 fratrum
1896 1697 2055 1724 ‘minorum
2070 1695 2102 1724 in
2113 1697 2186 1724 Ara-

1179 1754 1271 1791 qonia
1283 1752 1463 1782 facultatem
1481 1750 1624 1780 concedit
1641 1749 1827 1779 absolvendi
1842 1749 1955 1778 fratres
1968 1748 2090 1778 ordinis
2104 1749 2186 1787 ejus-

1180 1807 1252 1836 dem
1283 1806 1322 1835 ab
1350 1803 1694 1835 excommunicationis
1723 1803 1881 1832 sententia
1910 1811 2006 1840 quam
2035 1801 2187 1831 interdic-

1181 1864 1248 1889 tum
1270 1860 1304 1888 in
1327 1863 1409 1888 terra
1433 1857 1596 1896 quondam
1614 1857 1699 1886 Petri
1720 1856 1758 1885 de
1775 1856 1938 1893 Aragonia
1961 1855 2097 1893 positum
2123 1863 2187 1885 non

1181 1918 1344 1943 servantes
1359 1916 1413 1942 aut
1428 1912 1521 1941 Petro
1533 1911 1637 1940 eidem
1650 1910 1792 1939 faventes
1806 1909 2002 1938 incurrerint
2016 1913 2044 1938 et
2056 1908 2185 1946 dispen-

1181 1967 1273 1996 sandi
1298 1975 1371 1995 cum
1393 1966 1438 1994 eis
1459 1973 1553 2002 super
1573 1963 1860 2001 irregularitatibus
1879 1963 1905 1991 si
1928 1971 2006 2000 quas
2029 1962 2072 1991 sic
2096 1961 2188 1999 ligati

1181 2018 1410 2049 contraxerint.

1223 2084 1235 2099 (ι
1257 2073 1307 2101 Ad
1323 2077 1464 2101 nostram
1483 2071 1646 2100 noveris...
1666 2086 1705 2092 —
1721 2069 1792 2099 Dat.
1810 2069 1893 2107 apud
1910 2069 2186 2104 Urbemveterem‚

1180 2135 1198 2155 x
1213 2125 1366 2155 kalendas
1383 2124 1525 2162 augusti,
1543 2132 1629 2153 anno
1648 2124 1749 2152 tertio.
1773 2134 1786 2148 n

1251 2298 1368 2326 296ss

1217 2361 1295 2387 Bona
1311 2360 1477 2386 monasterii
1493 2359 1590 2385 Sancti
1607 2357 1734 2385 Gerontii
1747 2357 1887 2383 Callensis
1904 2357 1977 2382 inter
1992 2355 2147 2389 capitulum
2161 2357 2189 2380 et

1734 2295 1862 2328 Orvieto,
1881 2295 1909 2320 11
1924 2294 2021 2328 juillet
2038 2293 2115 2320 1290.

1179 2411 1347 2445 episcopum
1363 2408 1509 2435 Callenses
1524 2408 1696 2442 partiuntur.
1714 2406 1796 2440 (Rus.
1815 2406 1856 2436 45,
1871 2413 1895 2432 c.
1909 2405 1969 2435 309,
1987 2405 2006 2431 f.
2019 2405 2052 2431 59
2068 2405 2117 2435 vo.)

1226 2512 1393 2542 Venerabili
1410 2512 1505 2547 fratri
1525 2532 1544 2539 ..
1562 2510 1693 2546 episcopo
1717 2513 1743 2537 et
1764 2509 1869 2537 dilecto
1886 2508 1951 2544 filio
1973 2506 2106 2543 capitulo
2123 2505 2188 2534 Cal-

1181 2567 1323 2596 lensibus.
1344 2564 1472 2593 Dudum
1488 2562 1719 2592 monasterium
1739 2561 1848 2591 Sancti
1867 2559 2012 2589 Gerontii
2029 2558 2187 2594 Callense‚

1179 2618 1302 2649 ordinis
1321 2617 1353 2647 S.
1376 2616 1560 2651 Benedicti,
1580 2624 1695 2644 vacans
1719 2613 1914 2652 episcopatui
1931 2611 2071 2642 Callensi
2088 2611 2189 2640 adne-

1180 2673 1244 2709 xit,
1265 2672 1319 2701 sed
1336 2680 1434 2707 nunc,
1453 2670 1492 2699 de
1508 2670 1602 2707 hujus
1620 2668 1806 2698 monasterii
1829 2666 1922 2696 bonis
1940 2675 1986 2695 cei
1997 2666 2054 2694 tior
2070 2665 2187 2700 sactus,

1180 2726 1305 2755 tertiam
1333 2729 1454 2762 partem
1481 2731 1613 2758 eorum,
1642 2734 1656 2748 «
1684 2721 1833 2750 videlicet
1860 2720 1938 2749 duos
1963 2726 2108 2757 campos⁷
2133 2717 2188 2756 qui

1179 2780 1310 2809 fuerunt
1328 2777 1488 2816 quondam
1507 2776 1678 2809 Manentis,
1696 2775 1815 2813 positos
1834 2774 1867 2802 in
1887 2773 2050 2811 Aquaviva
2065 2771 2188 2801 ‹Iohan-

1180 2833 1244 2868 nis,
1263 2840 1298 2860 ac
1321 2839 1469 2868 campum
1488 2829 1526 2858 de
1542 2829 1673 2857 Masano
1695 2831 1725 2856 et
1746 2835 1894 2864 campum
1919 2825 1957 2854 de
1974 2824 2074 2854 Plano
2096 2824 2189 2853 abba-

1181 2888 1236 2919 tis.
1257 2885 1393 2924 positum
1410 2884 1445 2913 in
1460 2882 1666 2918 Falconario⁷
1690 2889 1815 2910 necnon
1838 2888 1939 2909 unum
1961 2878 2188 2908 molendinum

1179 2939 1318 2978 positum
1331 2939 1420 2976 Juxta
1436 2940 1564 2975 pontem
1577 2934 1729 2965 Stasulini
1743 2938 1773 2964 et
1786 2937 1907 2972 partem
1924 2931 2187 2962 molendinorum

1178 2992 1217 3022 de
1249 2991 1377 3028 Polegio
1403 2999 1439 3019 ac
1466 2994 1587 3028 partem
1619 2987 1878 3017 molendinorum
1904 2990 1934 3015 et
1960 2984 2188 3023 engualcherie

1178 3044 1421 3075 consistentium
1435 3043 1470 3072 in
1487 3042 1554 3072 loco
1570 3041 1608 3071 de
1625 3039 1834 3075 Fontanellis,
1850 3047 1885 3068 ac
1902 3038 2104 3068 medietatem
2121 3044 2188 3066 mo-
