2342 3652
915 371 1142 410 DEUXIEME
1163 369 1320 409 ANNnn.
2101 383 2158 414 359

141 446 261 478 2009

100 510 204 536 Contra
219 508 418 534 alienationem
439 508 579 533 bonorum
598 507 766 533 monasterii
783 506 972 534 cerasiensis.
991 506 1073 539 (Rae.

65 560 107 591 44,
122 566 147 585 c.
165 558 225 586 773.
243 557 263 583 f.
281 556 332 584 283
349 563 390 587 r⁰;
408 556 476 583 [ΛΡ.
492 564 528 582 nn
543 555 643 586 Tam,
662 555 700 586 Il,
718 555 790 587 373.)

370 445 738 479 Sainte-Marie—Majtzure,
756 446 786 472 19
799 446 911 480 Janvier
927 446 1005 473 1‘290.

104 683 124 690 ..
151 661 250 690 abbati
281 664 306 688 et
336 659 500 687 conventui
526 659 708 686 monasterii
732 656 926 693 Certzsiensis,
958 657 1076 700 ordinis

65 714 95 744 S.
110 713 272 747 Benedicti,
288 711 459 748 Bajocensis
473 710 606 740 diocesis.
627 722 641 736 α
661 710 850 739 Devotionis
866 714 969 739 vestre
982 709 1077 738 indu-

65 766 168 797 cimur
186 765 322 804 puritate
341 769 375 794 ut
392 765 467 802 jura
483 763 670 793 monasterii
688 763 803 799 vestri,
829 768 986 800 quantum
1003 771 1077 792 cnm

64 820 130 850 Deo
146 827 332 857 possumus,
352 817 441 847 vobis
462 817 588 854 integra
604 824 845 845 conservemus.
865 815 1015 844 Exhibita
1034 815 1076 843 si-

69 871 194 911 quidem
219 870 309 899 nobis
337 874 441 899 vestra
466 870 574 907 petitio
605 868 788 898 continebat.
809 867 895 906 quod
925 865 1076 897 nonnulli

65 925 184 964 priores
197 928 228 952 et
242 922 393 953 monachi
406 921 669 952 conventualium
685 927 715 950 et
725 920 864 950 aliorum
878 921 1075 959 prioratuum

63 976 246 1008 monasterii
257 976 353 1005 vestri
367 984 473 1005 coram
488 975 628 1012 regibus,
642 974 854 1012 principibus,
869 974 1075 1012 potestatibus

65 1035 96 1062 et
115 1029 188 1060 aliis
205 1028 384 1066 judicibus,
410 1031 474 1057 tam
491 1027 714 1057 ecclesiasticis
742 1036 839 1065 qnam
858 1026 1074 1062 secularibus,

65 1091 157 1122 super
178 1081 298 1112 eisdem
316 1081 520 1120 prioratibus,
542 1081 672 1119 juribus
695 1084 724 1110 et
746 1080 839 1110 bouis
862 1080 900 1109 ad
917 1080 1075 1118 prioratus

63 1136 148 1175 ipsos
165 1134 379 1174 spectantibus
391 1157 399 1171 ,
415 1134 528 1163 abbate
546 1133 647 1172 ipsius
667 1133 854 1163 monasterii
878 1133 933 1171 qui
957 1137 1003 1162 est
1020 1141 1075 1170 pro

65 1193 201 1227 tempore
212 1188 407 1226 irrequisito,
420 1196 526 1225 agere,
541 1187 746 1226 respondere,
760 1187 886 1224 litigare
897 1187 975 1216 acin
990 1187 1075 1225 judi-

66 1243 149 1273 cium
167 1250 234 1271 rem
251 1241 406 1271 deducere
418 1265 425 1277 ,
445 1249 572 1271 necnon
588 1240 629 1270 ad
646 1249 761 1270 census
777 1240 912 1270 diversis
932 1240 1074 1278 personis

65 1295 246 1331 concedere,
265 1298 458 1333 permutare,
477 1294 636 1331 obligare,
656 1293 834 1322 distrahere
849 1302 885 1322 ae
900 1293 978 1322 alias
994 1292 1073 1322 alie-

63 1348 141 1379 nare
154 1348 237 1378 bona
254 1348 411 1378 dictorum
429 1347 631 1386 prioratuum
649 1356 685 1376 ac
705 1351 854 1376 mutuum
873 1346 1072 1381 contrahere,

65 1407 97 1434 et
108 1401 170 1432 alia
185 1401 284 1431 etiam
299 1405 486 1439 attemptare
508 1401 636 1439 propria
661 1400 839 1429 temeritate
862 1403 1071 1438 presumunt,

63 1455 97 1485 in
110 1454 324 1494 predictorum
350 1455 548 1493 prioratuum
563 1477 570 1490 ‚
595 1453 720 1483 abbatis
742 1458 772 1482 et
796 1453 985 1483 monasterii
1008 1461 1073 1482 non

63 1508 218 1539 modicam
232 1507 401 1543 lesionem,
419 1517 513 1546 super
529 1516 592 1545 qno
605 1516 624 1536 a
637 1507 729 1536 nobis
746 1505 883 1536 salutare
895 1506 1074 1536 remedium

63 1561 209 1592 adhiberi
225 1560 393 1590 humiliter
406 1559 615 1598 implorastis.
635 1560 701 1589 Nos
719 1560 844 1598 itaque,
866 1559 980 1589 vestris
1003 1568 1073 1598 sup-

64 1613 284 1654 plicationibus
300 1613 464 1649 inclinati,
489 1613 717 1652 indempnitati
733 1613 921 1642 monasterii
941 1613 1075 1651 predicti

64 1675 228 1708 precavere
245 1666 403 1702 volentes,
426 1675 466 1696 ne
487 1666 524 1696 de
547 1670 650 1696 cetero
668 1666 707 1695 ab
727 1666 848 1695 eisdem
867 1666 1026 1704 prioribus
1042 1670 1074 1695 et

65 1720 231 1750 monachis
254 1719 326 1749 talia
347 1719 397 1749 vel
415 1719 533 1754 similia
555 1723 781 1758 presumantur
801 1720 984 1749 auctoritate
1002 1728 1071 1758 pre—

65 1774 202 1804 sentium
226 1774 400 1804 districtius
426 1773 624 1803 inhibemus.
650 1773 867 1803 Decernentes
890 1773 1018 1802 irritum
1042 1778 1072 1802 et

59 1826 158 1857 inane
170 1828 196 1856 si
209 1835 299 1857 secus
311 1836 366 1866 per
382 1836 434 1857 eos
449 1827 548 1857 fuerit
563 1831 796 1865 attemptatum.
813 1826 906 1856 Nulli
920 1834 994 1864 ergo
1010 1831 1067 1856 etc.

61 1883 165 1910 nostre
183 1880 388 1910 inhibitionis
407 1884 467 1910 etc.
491 1880 565 1910 Dat.
588 1880 707 1916 Rome,
730 1879 815 1918 apud
834 1880 983 1909 Sanctam
1001 1880 1068 1909 Ma-

60 1933 140 1963 riam
155 1933 321 1973 Majorem,
339 1943 407 1963 xi111
423 1933 578 1963 kalendas
595 1933 763 1969 februarii,
782 1942 867 1963 anno
883 1933 1032 1963 secundo.
1054 1946 1066 1959 n
1106 1956 1110 2002 Ι

132 2120 254 2150 2010

97 2181 228 2209 Facultas
252 2183 455 2209 reconciliandi
481 2191 530 2218 per
557 2183 642 2209 alium
668 2183 807 2210 eeclesias
832 2188 860 2209 et
887 2183 1067 2210 coemeteria.

64 2229 142 2266 (Rso.
158 2231 199 2263 44,
217 2239 242 2258 c.
261 2232 322 2264 774,
340 2232 359 2258 f.
376 2231 427 2258 233
444 2239 486 2260 1⁸⁰:
504 2231 571 2258 Lar.
590 2240 625 2258 nu
641 2231 738 2262 Tuan„
755 2231 791 2262 ΙΙ,
811 2232 886 2264 374.)

355 2120 724 2155 Sainte-Marie-Majeure,
746 2120 776 2147 19
788 2121 902 2154 janvier
920 2120 995 2147 1290.

103 2333 223 2362 Roberto
236 2355 244 2369 ,
263 2334 363 2362 abbati
381 2334 562 2362 monasterii
579 2333 762 2363 Cerasiensis
773 2358 780 2370 ,
798 2334 915 2363 ordinis
931 2334 961 2363 S.
980 2334 1067 2364 Bene-

67 2385 151 2422 dicti,
169 2387 338 2424 Baj00ensis
352 2386 485 2416 diocesis.

106 2450 121 2466 «
139 2439 260 2469 Meritis
276 2444 327 2470 tue
344 2440 560 2471 devotionis...
577 2457 616 2461 —
629 2441 699 2470 Dat.
719 2445 752 2470 ut
768 2449 873 2479 supra.
895 2453 908 2467 »

136 2623 222 2653 201
234 2625 254 2653 1

102 2685 235 2714 Facultas
260 2687 447 2714 benedicendi
473 2696 554 2715 sacra
579 2693 754 2715 ornamenta.
781 2689 862 2722 (Rae.
886 2690 933 2721 44,
954 2698 980 2716 c.
1006 2691 1071 2722 775,

70 2732 90 2760 f.
104 2733 155 2762 ‘283
169 2735 215 2770 ro.)

362 2625 730 2660 Sainte-Marie-Majeure,
748 2627 905 2662 31Janvie1·
924 2627 999 2655 1290.

108 2836 264 2876 liudulpho
276 2862 283 2875 ‚
300 2839 401 2867 abban·
417 2840 597 2868 monasterii
613 2840 648 2868 cle
661 2840 777 2877 ScloIp,
801 2841 919 2869 ordinis
936 2840 966 2869 S.
984 2841 1073 2870 Bene-

73 2888 154 2926 dicti,
171 2890 359 2920 Caminensis
375 2891 510 2929 diocesis,
526 2892 673 2922 concedit
687 2897 721 2922 ut
736 2892 944 2923 sacerdotales
961 2898 1072 2929 vestes,

71 2940 178 2972 altaris
211 2943 310 2982 pallas
341 2949 372 2973 et
401 2945 576 2983 corporalia
601 2946 785 2975 monasterii
813 2946 859 2975 sui
887 2946 1075 2976 benedicere

72 2993 184 3025 valeat.

114 3059 127 3074 ι
148 3047 191 3078 Ut
205 3049 373 3087 apostolice
392 3050 497 3081 sedi...
523 3068 559 3071 —
584 3051 655 3080 Dat.
685 3051 805 3087 Rome,
828 3053 910 3090 apud
927 3052 1074 3082 Sanctam

1159 446 1294 475 Mariam
1331 447 1509 485 Majorem,
1543 457 1562 476 11
1595 447 1748 478 kalendas
1783 448 1955 484 februarii,
1989 458 2073 479 auno
2107 458 2159 478 se-

1157 498 1271 527 eundo.
1296 512 1306 523 »ι

1229 668 1351 699 2012

1195 730 1377 765 Dispensatio
1398 733 1579 759 matrimonii.
1599 733 1679 766 (Rae.
1699 734 1739 764 44,
1758 742 1783 759 c.
1800 734 1860 764 776,
1877 734 1896 760 f.
1916 733 1965 760 283
1981 739 2021 765 r⁰;
2040 733 2105 759 Lim.
2124 741 2160 759 nu

1158 778 1256 812 Tflain,
1274 779 1310 811 ΙΙ,
1328 781 1398 811 377.)
1720 780 1723 781 ’

1690 672 1781 704 Rieti,
1799 673 1813 698 4
1831 672 1992 707 septembre
2012 671 2086 698 1289.

1206 882 1369 911 Venerabili
1384 884 1477 918 fratri
1495 904 1512 911 ..
1531 884 1663 920 episcopo
1679 883 1877 912 Xanctonensi
1894 883 2064 912 committit
2081 891 2158 921 qua·-

1161 926 1251 963 tenns
1280 943 1351 963 cum
1378 934 1455 964 Eblo
1478 935 1516 964 de
1541 935 1724 973 Rupel'orti,
1750 935 1871 971 milite,
1894 940 1924 965 et
1944 935 2060 971 Alitia⁷
2086 939 2161 964 nata

1159 987 1318 1025 qnondam
1329 987 1464 1016 Goffridi
1476 987 1514 1016 de
1526 987 1673 1025 Thamy,
1687 987 1812 1023 militis,
1827 988 2060 1017 Xanetonensis
2077 987 2162 1017 dioe-

1158 1040 1254 1075 cesis,
1270 1039 1430 1077 dispenset
1446 1041 1526 1068 utin
1543 1040 1750 1069 matrimonio
1765 1041 1849 1078 quod
1865 1040 1958 1074 olim,
1976 1041 2160 1077 ignorantes

1157 1092 1345 1121 affinitatem
1364 1094 1447 1121 inter
1464 1101 1496 1121 se
1512 1101 1591 1127 esse,
1609 1097 2011 1122 contraxeruntremanere
2024 1093 2159 1130 valeant,

1157 1145 1230 1174 licet
1243 1145 1405 1183 quondam
1419 1145 1594 1183 Aynordis,
1608 1150 1681 1174 nata
1697 1145 1871 1175 Theobaldi
1888 1145 2059 1183 Cbamilot,
2074 1145 2161 1184 prior

1158 1207 1236 1228 uxor
1245 1199 1327 1235 Ebli,
1338 1199 1390 1228 Ali
1398 1200 1456 1228 tiae
1469 1204 1580 1237 quarto
1590 1199 1878 1237 consanguinitatis
1888 1199 1988 1237 gradu
1999 1201 2159 1228 attineret.

1200 1265 1213 1278 a
1231 1252 1295 1282 Sua
1310 1252 1403 1282 nobis
1418 1252 1590 1282 dilectus...
1606 1268 1646 1274 —
1663 1252 1733 1282 Dat.
1752 1253 1860 1288 Reate,
1876 1262 1897 1281 11
1911 1260 2011 1282 nonas
2027 1256 2160 1290 septem-

1156 1306 1222 1335 bris
1233 1329 1240 1342 ,
1258 1315 1344 1336 anno
1360 1306 1509 1336 secundo.
1532 1318 1545 1332 n

1227 1477 1346 1506 2013

1191 1539 1376 1574 Dispensatio
1392 1548 1480 1574 super
1494 1540 1653 1574 pluralitate
1668 1541 1884 1567 beneficiorum.
1896 1541 1977 1574 (Rae.
1994 1543 2036 1573 44,
2052 1550 2076 1569 c.
2096 1543 2158 1577 777,

1155 1590 1174 1616 f.
1191 1589 1240 1616 ‘233
1256 1591 1308 1622 νῦ.)

1473 1478 1836 1513 Sainte-Marie-Majeui-e‚
1854 1480 1867 1504 7
1880 1480 1993 1513 janvier
2009 1480 2088 1507 1290.

1194 1692 1334 1729 Jchqistro
1352 1692 1479 1720 Hem-ico
1495 1715 1500 1727 ,
1524 1692 1633 1721 decano
1649 1693 1765 1721 ecclesie
1784 1693 1991 1728 Brixinensis,
2010 1694 2116 1723 clerico
2133 1699 2160 1723 et

1155 1746 1263 1774 nuntio
1279 1744 1379 1774 dilecti
1397 1744 1456 1781 filii
1471 1746 1581 1774 nobilis
1599 1747 1661 1775 viri
1678 1747 1801 1781 Alberh,
1819 1747 1903 1775 ducis
1917 1747 2045 1782 Austrie‚
2063 1749 2159 1776 caris-

1152 1800 1224 1827 simi
1244 1800 1276 1827 in
1293 1798 1409 1828 Christo
1425 1799 1486 1835 filii
1509 1800 1604 1828 nostri
1619 1800 1666 1836 R„
1684 1800 1891 1828 Romanorum
1906 1801 1985 1837 reqis
2006 1801 2135 1830 illustris
2148 1824 2155 1837 ‚

1148 1852 1359 1888 primoyeniti.
1381 1851 1459 1880 Eum
1473 1857 1585 1890 purgat
1600 1852 1639 1881 ab
1654 1852 1742 1881 omni
1757 1852 1880 1882 macula
1896 1862 1932 1882 ex
1946 1862 1981 1883 eo
1996 1858 2154 1884 contracta

1151 1904 1234 1942 quod
1246 1904 1316 1933 sine
1332 1904 1569 1943 dispensatione
1585 1905 1772 1935 decanatum
1786 1905 1936 1936 ecclesiae
1954 1907 2154 1938 Brixinensis

1149 1966 1215 1986 una
1232 1966 1303 1987 curn
1324 1957 1456 1987 ecclesia
1473 1959 1664 1997 parrochiali
1683 1959 1716 1988 in
1732 1959 1930 1998 Espenstorf,
1956 1960 2153 1991 Pataviensis

1150 2011 1320 2048 dioecesis,
1343 2016 1373 2041 et
1399 2012 1591 2050 parrochiali
1615 2012 1748 2043 ecclesia
1765 2013 1801 2042 in
1826 2014 1960 2052 Matray,
1987 2013 2155 2044 Salzebur-

1150 2065 1257 2102 gensis
1273 2064 1425 2094 dioecesis
1437 2088 1445 2100 ‚
1466 2065 1614 2101 retinuit,
1633 2065 1857 2105 dispensatqne
1873 2075 1945 2095 cum
1962 2075 1997 2097 eo
2014 2071 2049 2096 ut
2063 2076 2154 2106 prae-

1150 2117 1271 2147 dictum
1289 2118 1525 2155 canonicatum,
1541 2119 1765 2158 cnjusfproven
1773 2123 1820 2149 tus
1836 2119 1975 2150 valorem
1987 2120 2155 2151 duodecim

1151 2170 1357 2200 marcharum
1372 2172 1496 2209 argenti
1514 2180 1577 2201 non
1603 2172 1779 2209 excedunt,
1802 2177 1831 2202 et
1846 2173 2010 2203 ecclesiam
2030 2174 2063 2203 in
2086 2174 2154 2204 Ma-

1122 2233 1124 2235 *
1151 2227 1220 2262 tray
1238 2224 1390 2261 retineat,
1406 2224 1539 2254 dimissa
1557 2224 1691 2255 ecclesia
1706 2225 1741 2254 in
1758 2225 1954 2264 Espenstors.

1196 2289 1209 2304 ι
1230 2277 1300 2306 Vite
1318 2277 1488 2307 laudabilis
1509 2282 1576 2308 et...
1600 2295 1638 2299 —
1657 2279 1728 2308 Dat.
1756 2279 1874 2316 Rome,
1899 2281 1982 2318 apud
2006 2280 2155 2310 Sanctam

1153 2331 1288 2360 Mariam
1306 2331 1460 2370 Majorem
1475 2355 1481 2368 ‚
1498 2341 1542 2361 vn
1558 2331 1628 2361 idus
1640 2333 1801 2371 januarii,
1823 2342 1908 2363 anno
1926 2334 2074 2364 secundo.
2095 2347 2107 2361 ι

1224 2518 1347 2546 2014

1190 2580 1322 2607 Facultas
1338 2580 1538 2606 reconciliandi
1555 2581 1616 2607 loca
1631 2581 1743 2607 violata.
1753 2580 1833 2613 (Rea.
1847 2581 1888 2612 44,
1902 2589 1927 2607 c,
1941 2566 2001 2612 77⁴8,
2013 2581 2031 2607 f.
2044 2581 2094 2608 ‘283
2103 2582 2154 2615 νο.)

1455 2518 1817 2553 83ἰῃῐθ-Μῑιι·ἰε-Ὴᾶ]εὲυι·θ,
1834 2519 1863 2546 21
1877 2521 1990 2553 janvier
2006 2519 2083 2547 1290.

1194 2682 1354 2719 Stephano,
1371 2683 1470 2710 abbati
1486 2683 1665 2710 monasterii
1680 2682 1923 2719 illontismajwis,
1940 2683 1979 2711 ad
1994 2691 2157 2712 romanam

1155 2736 1307 2764 ecclesiam
1322 2735 1407 2763 nullo
1422 2735 1518 2763 medio
1528 2735 1719 2771 pertinentis,
1734 2735 1852 2763 ordinis
1866 2735 1896 2764 S.
1915 2735 2074 2773 Benedicti,
2087 2737 2158 2766 Are-

1158 2787 1278 2817 lazensis
1296 2788 1428 2816 diocesis.
1450 2798 1463 2814 «
1485 2787 1602 2816 Mei-uit
1625 2788 1748 2816 sincera
1765 2787 1926 2817 devotio...
1947 2787 2157 2825 Indulgemus

1158 2845 1201 2875 ut,
1225 2840 1253 2868 si
1271 2840 1424 2877 majorem
1444 2840 1625 2869 monasterii
1652 2840 1717 2877 tui,
1744 2840 1839 2870 Beate
1861 2841 1978 2877 Marie‚
2001 2841 2158 2871 Omnium

1158 2895 1360 2927 Sanctorum,
1382 2892 1494 2921 Sancte
1517 2892 1627 2922 Crucis
1648 2898 1677 2922 et
1700 2894 1807 2922 Sancti
1836 2894 1938 2929 Petri,
1965 2894 2050 2923 infra
2072 2899 2159 2934 septa

1157 2946 1255 2984 ipsius
1272 2945 1454 2974 monasterii
1477 2946 1680 2981 constitutas,
1707 2951 1737 2976 et
1760 2946 1869 2976 Sancti
1885 2947 2038 2984 Antonii,
2056 2948 2159 2978 Vien—

1158 2999 1266 3027 nensis
1282 2998 1428 3035 diocesis,
1446 2999 1639 3028 monasterio
1655 2999 1794 3037 predicto
1810 3000 1993 3037 subjectam,
2011 3000 2159 3030 ecclesias

1159 3057 1187 3082 et
1203 3061 1313 3082 earum
1329 3051 1485 3081 cimiteria
1504 3061 1558 3090 per
1574 3052 1761 3082 eflusionem
1778 3054 1945 3091 sanguinis
1959 3053 2009 3083 vel
2025 3054 2159 3084 seminis
