2342 3652
944 372 1176 413 TROISIEME
1199 371 1356 411 ANNEE.
2138 375 2196 406 535

586 451 711 483 Orvieto,
732 452 760 478 11
780 450 943 485 septembre
959 449 1036 476 1290,

143 516 181 546 In
194 525 220 545 e.
236 523 279 544 m.
294 514 427 549 eisdem,
443 522 498 552 pro
511 513 643 543 ecclesia
657 513 767 543 Sancti
780 513 930 552 Maybodi
946 512 984 542 de
1000 512 1109 541 Monte

55 575 58 578 ’
107 568 286 606 Biligardo,
314 567 505 597 Bisuntinae
528 567 693 597 dioecesis.
725 567 796 597 Dat.
821 566 903 604 apud
931 565 1110 596 Urbemve-

106 627 216 658 terem,
235 630 267 650 111
284 620 356 650 idus
373 620 573 659 septembris,
591 628 676 650 anno
696 621 796 650 tertio.
814 619 920 658 (losa.)

590 713 717 747 Orvieto,
734 712 767 740 <29
783 712 945 747 septembre
962 712 1040 738 1290.

146 777 184 806 In
199 785 227 806 e.
245 784 289 805 m.
307 775 444 810 eisdem,
469 783 523 814 pro
544 774 676 804 ecclesia
699 798 718 804 ..
738 775 907 812 guardiani
928 778 958 804 et
978 774 1114 803 fratrum

107 830 270 861 minorum
301 828 464 867 Vegleusi.
498 828 571 858 Dat.
603 838 636 858 111
664 828 816 858 kalendas
844 827 999 864 octobris,
1029 834 1114 856 anno

109 883 210 914 tertio.
227 882 330 922 (Ibid.)

639 960 766 992 Orvieto,
786 961 818 986 15
833 960 950 986 octobre
967 959 1044 987 1290.

149 1026 187 1056 In
200 1033 228 1055 e.
244 1033 286 1054 m.
305 1024 438 1062 eisdem,
450 1032 506 1063 pro
522 1023 657 1054 ecclesia
673 1046 690 1053 ..
707 1024 820 1062 prioris
832 1028 861 1052 et
877 1024 1012 1053 fratrum
1029 1031 1116 1062 prae-

109 1079 287 1109 dicatorum
299 1077 526 1107 Nemausensi.
541 1077 613 1106 Dat.
626 1076 709 1115 apud
722 1077 997 1112 Urbemveterem,
1009 1076 1117 1106 idibus

108 1132 256 1169 octobris,
274 1139 360 1161 anuo
377 1131 478 1160 tertio.
497 1129 598 1169 (Ibid.)

180 1305 429 1335 3434-3435
645 1303 772 1336 Orvieto,
791 1303 818 1328 ¹1
835 1302 951 1328 octobre
971 1302 1045 1328 1200.

145 1368 264 1396 Collatio
279 1368 422 1395 beneficii.
440 1367 525 1401 (Rea.
546 1367 590 1398 45,
607 1374 632 1393 c.
650 1366 700 1392 458
717 1367 765 1396 hir,
782 1366 802 1392 f.
819 1365 851 1392 92
867 1366 919 1398 v0.)

150 1470 329 1510 Raymundo
359 1470 394 1499 de
426 1469 554 1498 Vadabla
566 1491 574 1506 ‚
607 1469 751 1497 canonico
782 1468 898 1496 ecclesie
925 1468 1119 1504 Ayalhensz‘s,

111 1523 367 1555 consideratione
384 1523 421 1552 B.
434 1545 443 1559 ,
461 1522 598 1561 episcopi
616 1520 821 1557 Poituensis,
841 1521 932 1559 cujus
950 1520 1001 1550 hic
1017 1520 1121 1559 capei-

112 1578 206 1608 lanus
218 1575 427 1607 etfamiliaris
444 1579 501 1612 est,
519 1574 708 1613 dignitatem
725 1583 779 1604 seu
792 1578 995 1612 personatum
1009 1582 1122 1603 vacan-

115 1635 179 1662 tem
191 1631 242 1660 vel
256 1630 359 1669 primo
372 1633 556 1659 vacaturum
574 1628 608 1657 in
623 1627 756 1657 ecclesia
774 1627 954 1664 Agathensi
971 1631 1120 1656 reservat.

157 1697 170 1712 α
186 1685 290 1723 Digne
302 1692 394 1721 agere
407 1683 604 1713 credimus...
615 1697 656 1704 —
666 1681 736 1710 Dat.
751 1680 835 1719 apud
846 1680 1121 1716 Urbemveteieni,

115 1749 136 1768 v
150 1738 222 1768 idus
238 1737 386 1773 octobris,
402 1745 487 1766 anno
504 1735 606 1765 tertio.
629 1746 643 1761 r>

157 1793 195 1822 In
212 1800 239 1822 e.
257 1800 300 1822 m.
320 1813 339 1820 ..
359 1789 544 1820 Mimatensi
562 1793 591 1818 et
611 1811 630 1818 ..
651 1787 864 1818 Nemausensi
882 1786 1037 1825 episcopis
1056 1790 1085 1815 et
1103 1808 1122 1815 ..

117 1845 294 1886 praeposito
311 1843 462 1874 ecclesiae
476 1842 707 1873 Nemausensis
721 1841 852 1871 mandat
868 1844 1024 1879 quatenus
1039 1848 1125 1878 prae-

119 1900 221 1930 fatum
248 1897 482 1937 Raymundum
510 1897 560 1926 vel
584 1899 819 1935 procuratorem
846 1895 915 1932 ejus
940 1894 974 1922 in
1004 1902 1124 1932 posses-

118 1952 241 1984 sionem
269 1950 456 1990 huJ'usmodi
481 1949 646 1987 dignitatis
672 1948 722 1978 vel
746 1952 932 1986 personatus
959 1946 1123 1976 inducant.

119 2006 189 2036 Dat.
210 2010 245 2035 ut
264 2013 368 2044 supra.

189 2178 306 2207 343ss

154 2240 199 2267 Ad
231 2239 437 2266 monasterium
466 2238 500 2264 de
527 2237 687 2264 Avirbrech
718 2235 939 2263 reformandum.
967 2235 1048 2269 (Rus.
1075 2235 1126 2266 45,

119 2297 145 2316 c.
162 2289 212 2316 459
229 2289 276 2319 bis,
295 2289 314 2315 f.
330 2288 364 2316 92
381 2288 432 2320 vo.)

663 2175 790 2205 Orvieto,
808 2175 821 2200 7
840 2173 956 2200 octobre
977 2173 1054 2200 1290.

167 2392 333 2422 Venerabili
347 2391 443 2428 fratri
461 2412 480 2419 ..
499 2391 630 2427 episcopo
646 2389 749 2418 Sancti
764 2388 880 2417 Andree
895 2387 1025 2416 mandat
1040 2391 1074 2415 ut
1091 2386 1130 2416 de

122 2445 278 2485 perversis
294 2444 372 2474 actis
388 2443 530 2478 Heni-ici,
549 2442 672 2472 abbatis
687 2441 873 2471 monasterii
887 2440 925 2470 de
941 2439 1128 2476 Avirbrech,

122 2499 265 2538 inquirat
282 2497 581 2534 monasteriumque
596 2496 758 2525 reformet.

164 2565 179 2580 (ι
194 2551 368 2582 Pastoralis
380 2550 479 2581 officii
491 2559 606 2579 cura...
620 2566 658 2571 —
672 2549 744 2578 Dat.
758 2548 841 2587 apud
854 2547 1130 2584 Urbemveterem,

123 2606 216 2640 nonis
232 2604 379 2641 octobris,
398 2611 484 2633 anno
498 2602 602 2633 tertio.
622 2614 634 2629 a

195 2779 310 2807 343¹?
650 2774 782 2808 Orviet0‚
802 2775 831 2800 11
849 2773 965 2800 octobre
982 2773 1060 2800 1290.

161 2839 345 2876 Dispensatio
362 2837 545 2866 matrimonii.
563 2837 648 2871 (Res.
664 2837 708 2867 45,
724 2845 750 2863 c.
769 2836 828 2868 460,
845 2836 863 2862 f.
882 2835 915 2862 93
930 2837 979 2868 ΓΟ.)

172 2942 337 2973 Venerabili
365 2942 459 2979 sralrt'
485 2964 505 2972 ..
529 2940 675 2970 Ilerdensi
702 2945 727 2969 et
751 2939 868 2969 Oscensi
894 2939 1023 2976 episcopo
1049 2945 1133 2967 com-

128 2995 227 3026 mittit
237 2999 394 3035 quatenus
407 3003 481 3023 cum
491 2992 591 3023 nobili
601 2992 670 3022 viro
682 2991 824 3030 Symone
836 2991 873 3020 de
887 2990 1135 3020 Montecuthano

129 3052 159 3079 et
181 3048 282 3079 nobili
307 3047 443 3078 muliere
465 3045 679 3084 Berengaria,
702 3048 776 3074 nata
798 3043 959 3082 quondam
980 3043 1135 3073 Rei-nardi

1194 447 1232 476 de
1260 446 1449 485 Augularia,
1478 445 1651 476 Ilerdensis
1680 444 1844 480 dioecesis,
1872 443 2035 482 dispenset
2062 446 2105 478 ut,
2132 451 2196 472 non

1193 500 1337 530 obstante
1349 504 1459 538 quarta
1473 498 1760 536 consanguinitatis
1769 497 1854 527 linea
1865 505 1927 535 qua
1937 496 2099 535 conjuncti
2111 500 2196 531 sunt,

1194 553 1436 582 matrimonium
1455 552 1640 582 contrahere
1659 551 1796 581 valeant.

1237 617 1250 632 ιι
1282 606 1325 635 Ex
1353 610 1439 644 parte
1468 605 1614 635 dilecti...
1645 621 1683 626 —
1709 604 1781 633 Dat.
1807 603 1890 642 apud
1920 602 2196 637 Urbemveterem,

1195 668 1214 688 v
1229 659 1300 689 idus
1316 659 1463 695 octobris,
1481 667 1566 688 anno
1583 658 1684 688 tertio.
1708 670 1721 684 »

1268 823 1385 851 3438

1233 885 1279 911 Ad
1306 885 1477 920 Veglensem
1503 886 1653 911 ecclesiam
1676 884 1908 911 construendam.
1927 883 2009 916 (Res.
2028 883 2077 914 45,
2094 890 2119 908 c.
2137 882 2200 912 461,

1198 934 1218 960 f.
1235 934 1268 961 93
1285 936 1332 967 rw)

1673 822 1805 853 Orvieto,
1822 822 1854 849 30
1871 821 2033 857 septembre
2050 820 2129 848 1290.

1243 1036 1396 1065 Unicersis
1412 1036 1526 1065 Christi·
1541 1035 1676 1072 fidelibus
1688 1044 1743 1072 per
1762 1034 1962 1064 Aasarensem
1973 1055 1982 1070 ‚
1999 1034 2158 1062 Arbensem
2179 1037 2203 1060 et

1200 1089 1389 1127 Seqnlensem
1415 1089 1546 1118 civitates
1569 1093 1595 1117 et
1616 1089 1740 1117 dioceses
1766 1089 1948 1117 constitutis.
1967 1085 2205 1123 Indulgentiani

1201 1142 1299 1172 unius
1317 1142 1396 1171 anni
1419 1146 1448 1171 et
1468 1150 1505 1171 XL
1520 1141 1642 1171 dierum
1664 1141 1809 1170 concedit
1828 1140 1979 1170 omnibus
2002 1148 2074 1168 vere
2096 1139 2206 1177 poeni-

1201 1195 1340 1225 tentibus
1364 1198 1393 1225 et
1410 1194 1561 1224 confessis
1580 1195 1634 1233 qui
1653 1203 1786 1223 manum
1803 1193 1992 1232 adjutricem
2011 1191 2207 1231 porrexerint

1202 1249 1382 1285 Lamberto,
1403 1249 1546 1287 episcopo
1562 1247 1727 1287 Vegleusi,
1745 1248 1799 1286 qui
1813 1246 2027 1276 cathedralem
2043 1245 2207 1275 ecclesiam

1202 1314 1307 1340 suam,
1329 1305 1393 1343 iam
1420 1304 1473 1333 diu
1501 1304 1535 1333 in
1564 1304 1717 1333 honorem
1744 1303 1852 1332 beatae
1873 1302 1993 1331 Mariae
2020 1301 2155 1339 virginis
2180 1305 2210 1330 et

1203 1361 1330 1387 sanctae
1345 1357 1533 1386 Anastasiae
1548 1357 1719 1395 inceptam,
1735 1355 1885 1394 perficere
1900 1354 2048 1384 intendit.

1244 1423 1258 1438 α
1287 1411 1446 1447 Quoniam
1477 1415 1512 1439 ut
1537 1410 1618 1440 ait...
1653 1427 1690 1431 —
1719 1409 1791 1439 Dat.
1821 1408 1904 1447 apud
1936 1408 2209 1443 Urbemvetereni,

1205 1474 1226 1494 11
1242 1464 1396 1494 kalendas
1410 1464 1557 1499 octobris,
1575 1472 1660 1493 auno
1678 1465 1778 1492 tertio.
1798 1474 1811 1489 n

1276 1636 1526 1665 3439-3443
1740 1634 1866 1664 Orvieto.
1882 1634 1897 1660 8
1913 1633 2028 1660 octobre
2045 1633 2122 1660 1290.

1242 1700 1450 1734 Indulgentiae.
1467 1699 1550 1733 (Rae.
1568 1699 1609 1729 45,
1628 1706 1653 1725 e.
1669 1698 1740 1729 4612,
1759 1698 1779 1724 f.
1797 1697 1829 1724 93
1846 1698 1893 1729 r0.)

1251 1803 1402 1832 Universts
1420 1801 1533 1831 Christi
1554 1800 1691 1838 fidelibus
1709 1805 1860 1837 presentes
1881 1799 1997 1829 litteras
2019 1799 2208 1836 inspecturis.

1208 1855 1448 1893 Indulgentiam
1466 1854 1561 1884 unius
1577 1853 1655 1883 anni
1669 1856 1699 1882 et
1711 1862 1748 1882 xx,
1763 1852 1888 1882 dierum
1903 1852 2048 1882 concedit
2062 1852 2212 1881 omuibus

1208 1918 1282 1938 vere
1300 1907 1539 1946 poenitentibus
1554 1911 1584 1936 et
1598 1907 1750 1936 confessis
1767 1907 1822 1944 qui
1839 1906 2004 1936 ecclesiam
2021 1906 2129 1935 Sancti
2147 1907 2213 1935 An-

1209 1962 1303 1991 dreae
1325 1961 1360 1990 in
1378 1961 1480 1991 Scotia
1502 1960 1537 1989 in
1554 1960 1585 1990 S.
1604 1959 1752 1989 Andreae
1768 1964 1798 1989 et
1812 1959 1921 1989 heatae
1937 1959 2057 1989 Mariae
2078 1959 2213 1996 virginis

1208 2014 1448 2050 festivitatibus,
1466 2022 1520 2052 per
1537 2017 1606 2043 octo
1621 2012 1690 2042 dies
1705 2017 1873 2051 sequentes
1891 2016 1921 2041 et
1940 2013 1974 2041 in
1993 2011 2213 2041 anniversario

1209 2068 1261 2098 die
1277 2067 1485 2097 dedicationis
1504 2066 1601 2105 hujus
1617 2065 1768 2096 ecciesiae
1783 2065 1994 2095 visitaverint.

1255 2133 1267 2146 ι
1284 2120 1356 2150 Vite
1372 2120 1522 2158 perennis
1540 2119 1680 2156 gloria...
1694 2135 1735 2142 —
1750 2119 1822 2148 Dat.
1840 2118 1922 2157 apud
1941 2119 2213 2153 Urbemveterem,

1210 2184 1267 2204 vm
1282 2174 1354 2203 idus
1368 2174 1515 2210 octobris,
1532 2181 1618 2203 auno
1636 2173 1738 2203 tertio.
1758 2184 1772 2199 υ

1697 2252 1822 2284 Orvieto,
1839 2252 1872 2279 ‘27
1888 2252 2050 2287 septembre
2068 2252 2145 2279 1290.

1252 2317 1291 2346 In
1308 2326 1335 2346 e.
1354 2325 1396 2345 m.
1415 2315 1550 2352 eisdem,
1569 2324 1624 2354 pro
1642 2315 1773 2345 ecclesia
1791 2315 1949 2354 prioratus
1968 2315 2057 2344 Beati
2076 2315 2161 2344 Petri
2178 2314 2216 2344 de

1212 2370 1434 2405 Calvomonte‚
1452 2369 1575 2399 ordinis
1592 2369 1623 2398 S.
1643 2368 1825 2405 Benedicti,
1846 2367 2111 2406 Rothomagensis
2127 2367 2216 2397 dioe-

1213 2423 1303 2452 cesis.
1327 2423 1398 2451 Dat.
1425 2422 1508 2460 apud
1533 2422 1817 2458 Uibemveterem,
1840 2431 1859 2450 v
1883 2421 2036 2451 kalendas
2060 2421 2216 2458 octobris,

1214 2485 1299 2506 anno
1315 2476 1418 2505 tertio.
1438 2487 1451 2501 1>

1253 2529 1292 2558 In
1311 2537 1338 2558 e.
1363 2537 1406 2558 m.
1425 2528 1555 2565 eisdem,
1574 2537 1629 2567 pro
1646 2527 1778 2558 ecclesia
1793 2527 1949 2566 prioratus
1966 2527 2081 2556 Beatae
2098 2526 2219 2556 Mariae

1214 2583 1252 2612 de
1268 2581 1465 2621 Argentolio,
1478 2582 1600 2612 ordinis
1615 2582 1646 2611 S.
1662 2581 1838 2620 Benedicti,
1850 2580 2042 2610 Parisiensis
2055 2580 2217 2616 dioecesis,

1214 2635 1249 2664 in
1270 2644 1333 2674 qua
1349 2638 1474 2664 sauctae
1490 2634 1672 2664 Christinae
1692 2634 1842 2673 martyris
1858 2642 1970 2672 corpus
1986 2638 2016 2663 et
2031 2633 2062 2663 S.
2082 2633 2220 2671 Eugeuii

1215 2687 1368 2726 reliquiae
1384 2687 1600 2726 requiescunt,
1618 2688 1687 2717 Dat.
1706 2692 1741 2717 ut
1756 2696 1861 2725 supra.

1255 2742 1292 2770 In
1306 2750 1333 2771 e.
1349 2750 1392 2770 m.
1407 2741 1539 2777 eisdem,
1555 2750 1610 2779 pro
1624 2740 1757 2770 ecclesia
1769 2741 1878 2770 beatae
1889 2740 2010 2770 Mariae
2023 2740 2060 2770 de
2071 2739 2219 2776 Calcello,

1215 2794 1482 2832 Botliomagensis
1500 2793 1664 2823 dioecesis.
1684 2794 1753 2823 Dat.
1775 2798 1808 2823 ut
1823 2802 1927 2832 supra.

1747 2872 1874 2907 Orvieto,
1892 2873 1923 2900 15
1940 2873 2055 2900 octobre
2073 2872 2150 2900 1290.

1257 2937 1296 2966 In
1312 2945 1341 2966 e.
1361 2945 1405 2965 m.
1424 2936 1559 2973 eisdem,
1579 2945 1635 2975 pro
1652 2935 1784 2966 ecclesia
1800 2935 1907 2965 Sancti
1929 2935 2165 2965 Bartholomaei
2185 2935 2223 2965 de

1218 2989 1365 3026 Staiano‚
1385 2989 1560 3019 Januensis
1576 2989 1738 3019 dioecesis.
1758 2988 1828 3018 Dat.
1847 2988 1929 3027 apud
1947 2988 2221 3025 Urbemveterem‚

1217 3042 1323 3072 idibus
1339 3041 1485 3078 octobris,
1503 3050 1588 3071 anno
1605 3041 1704 3071 tertio.
1721 3040 1781 3080 (Εη
1796 3040 1925 3080 marae.)
