2477 3637
231 370 288 401 314
520 372 522 374 ’
977 362 1213 394 REGISTRES
1236 362 1290 392 DE
1313 360 1496 391 NICOLAS
1519 360 1576 390 IV.

231 436 336 467 eidem
355 435 397 464 M.
418 435 451 463 in
467 434 525 463 hac
542 436 627 470 parte
643 430 883 466 adherentibus,
902 429 1136 460 confirmationi
1154 428 1236 458 dicte

232 488 395 524 electionis
414 491 443 517 et
463 490 570 516 contra
588 484 760 523 predictam
775 482 901 512 Falcam
919 482 1058 512 crimina
1073 490 1235 520 opponen-

232 543 315 573 tibus
331 546 361 571 et
377 540 528 575 desectus,
543 542 609 568 orta
626 545 751 575 quoque
767 537 852 566 inter
866 536 1078 573 Margaretam
1095 539 1125 564 et
1139 534 1235 564 adhe-

231 600 338 625 rentes
351 595 420 631 ejus
436 591 608 631 predictas,
625 599 659 619 ex
678 593 764 628 parte
784 597 863 624 una,
880 593 910 618 et
924 588 1050 618 Falcam
1069 592 1098 618 et
1113 587 1236 617 electri-

231 656 283 678 ces
305 645 447 684 ejusdem
464 644 497 674 F.
516 652 610 682 super
626 642 697 678 hoc,
715 651 749 672 ex
769 641 880 676 altera,
897 641 1031 670 materia
1049 640 1235 680 questionis,

232 710 268 731 ac
285 700 340 729 lite
356 700 387 728 in
406 706 499 728 causa
516 698 583 736 ipsa
599 705 704 726 coram
725 695 810 725 dicto
828 695 931 733 legato
949 695 1091 732 legitime
1113 699 1236 724 contes-

232 759 309 786 tata,
328 753 412 782 idem
437 751 559 789 legatus
576 752 704 781 tandem
721 758 876 788 expensas
891 758 953 788 que
969 749 1003 778 in
1022 748 1238 787 prosecutione

231 807 312 837 dicte
335 815 428 836 cause
454 804 597 834 faciende
623 803 804 833 iminebant
827 803 953 841 utrique
979 802 1059 840 parti
1084 802 1122 831 de
1147 801 1239 831 bonis

232 861 332 899 ipsius
360 858 561 889 monasterii.
587 858 733 895 exigente
759 857 895 896 justitia,
921 855 1148 885 ministrandas
1175 855 1239 885 sore

232 913 384 949 decrevit,
409 912 544 950 illasque
568 910 695 949 utrique
718 909 856 949 partium
882 908 1069 939 carumdem
1094 909 1127 938 in
1153 912 1239 937 certa

232 975 359 996 summa
384 965 517 1004 pecunie
543 973 597 1003 pro
623 963 674 993 die
701 963 841 1001 qualibet
866 962 994 1001 provida
1020 961 1238 992 moderatione

234 1020 361 1050 taxavit.
379 1018 484 1054 Quare
504 1018 643 1056 predicta
660 1017 837 1053 Margareta
860 1016 949 1045 nobis
972 1015 1139 1045 humiliter
1164 1023 1239 1052 sup-

232 1072 362 1112 plicavit
378 1076 427 1106 ut,
446 1080 518 1100 cum
537 1070 642 1100 eidem
662 1070 838 1107 Margarete
856 1069 894 1099 de
909 1069 1056 1107 expensis
1072 1077 1150 1106 quas
1167 1068 1240 1097 fecit

233 1127 264 1156 in
284 1125 502 1165 prosecutione
517 1125 600 1155 dicte
616 1133 725 1159 cause,
744 1132 805 1162 que
822 1132 876 1161 per
898 1131 1013 1153 novem
1035 1130 1137 1152 annos
1157 1121 1238 1150 dici-

234 1185 285 1209 tur
310 1179 492 1210 duravisse,
518 1186 580 1207 non
609 1178 704 1207 fuerit
730 1176 943 1211 satisfactum,
967 1184 1002 1205 ac
1030 1179 1155 1213 propter
1182 1174 1240 1203 hoc

233 1237 339 1263 coacta
363 1232 459 1261 suerit
481 1231 668 1261 contrahere
694 1230 829 1268 grandia
850 1238 947 1260 onera
972 1228 1168 1263 debitorum,
1187 1235 1241 1266 pro

233 1286 350 1326 quibus
382 1294 414 1315 se
446 1285 549 1314 adbuc
581 1284 753 1321 obligatam
789 1283 854 1312 sore
887 1281 1065 1321 pretendit,
1094 1281 1241 1318 dictaque

234 1339 342 1375 Falca,
362 1347 457 1367 causa
479 1337 547 1375 ipsa
571 1336 744 1375 pendente,
765 1334 946 1370 decederet,
965 1342 1002 1363 ac
1022 1333 1060 1363 de
1085 1333 1242 1362 abbatissa

232 1392 293 1430 ipsi
313 1390 505 1421 monasterio
525 1390 566 1418 sit
584 1389 764 1427 provisum,
781 1387 950 1426 providere
966 1387 1026 1416 sibi
1044 1391 1073 1415 et
1089 1386 1157 1425 ejus
1173 1394 1242 1415 cre-

233 1444 387 1474 ditoribus
404 1443 436 1472 in
453 1443 512 1472 hac
532 1446 619 1481 parte
635 1442 673 1471 de
690 1441 888 1478 benignitate
904 1439 1075 1478 apostolica
1090 1439 1242 1476 dignare-

233 1507 318 1528 mur.
332 1497 398 1526 Nos
414 1497 532 1534 itaque,
549 1495 684 1533 dignum
701 1496 884 1533 reputantes
903 1498 933 1523 et
948 1502 1066 1532 equum
1083 1496 1117 1522 ut
1132 1492 1243 1522 eadem

234 1551 413 1589 Margareta
429 1554 458 1579 et
474 1559 528 1588 per
544 1556 742 1587 consequens
760 1547 931 1577 creditores
947 1546 1048 1585 ipsius
1064 1546 1102 1576 de
1118 1546 1242 1584 predic-

235 1605 275 1634 tis
292 1603 418 1639 debitis,
435 1612 495 1642 que
512 1602 651 1641 predicta
668 1602 859 1638 Margareta,
875 1609 1003 1630 causam
1019 1600 1122 1638 ipsam
1136 1603 1166 1628 et
1183 1599 1242 1628 uti-

235 1658 355 1688 litatem
386 1657 461 1686 dicti
495 1656 681 1686 monasterii
713 1655 833 1684 utiliter
858 1653 1096 1693 prosequendo,
1126 1653 1243 1683 dicitur

235 1711 339 1741 taliter
354 1710 564 1746 contraxisse,
581 1712 749 1738 serventur
765 1707 973 1746 indempnes,
989 1706 1174 1736 discretioni
1191 1710 1243 1736 tue

234 1773 290 1803 per
307 1763 475 1803 apostolica
491 1763 607 1801 scripta
624 1762 815 1791 mandamus
831 1761 1049 1799 quatenus‚·si
1072 1764 1118 1790 est
1139 1759 1199 1795 ita,
1221 1783 1240 1788 ..

235 1818 427 1848 abbatissam
448 1821 478 1846 et
497 1820 688 1846 conventum
713 1815 789 1845 dicti
812 1814 998 1844 monasterii
1016 1814 1098 1853 quod
1118 1813 1242 1852 predic-

236 1876 283 1902 tas
307 1880 460 1909 expensas
485 1870 589 1900 eidem
609 1870 802 1907 Margarete,
823 1877 878 1907 pro
899 1869 1077 1898 debitorum
1101 1868 1242 1906 ipsorum

236 1925 331 1955 ctiam
357 1924 570 1953 satisfactione
594 1923 779 1961 prestanda,
796 1923 886 1961 juxta
905 1922 1090 1960 hujusmodi
1111 1922 1242 1951 taxatio-

236 1988 327 2014 nem,
346 1978 383 2007 de
406 1977 497 2007 bonis
517 1977 591 2006 dicti
612 1976 816 2012 monasterii,
836 1980 869 2005 ut
885 1973 1050 2013 tenentur,
1069 1984 1142 2004 cum
1158 1975 1242 2004 inte-

235 2032 348 2069 gritate
374 2030 569 2069 persolvant,
595 2030 772 2059 monitione
798 2029 969 2068 premissa,
995 2037 1049 2067 per
1073 2037 1242 2057 censuram

235 2083 478 2114 ecclesiasticam
491 2106 499 2120 ,
533 2083 744 2122 appellatione
779 2087 918 2118 remota,
952 2081 1134 2120 compellas.
1169 2082 1241 2111 Nou

234 2139 378 2169 obstante
399 2138 422 2167 si
447 2138 566 2167 eisdem
588 2137 745 2166 abbatisse
762 2141 791 2165 et
809 2136 980 2166 conventui
995 2144 1013 2164 a
1029 2135 1102 2165 sede
1119 2139 1243 2174 aposto-

236 2191 296 2222 lica
312 2192 352 2221 sit
367 2191 528 2221 indultum
548 2191 631 2230 quod
647 2190 687 2220 ad
704 2190 898 2220 solutionem
918 2189 1101 2228 aliquorum
1122 2189 1243 2219 debito-

236 2255 308 2275 rum
343 2245 476 2274 minime
509 2248 676 2274 teneantur
709 2249 739 2274 et
768 2244 805 2273 ad
838 2243 870 2272 id
902 2243 1068 2282 compelli,
1095 2243 1245 2282 quodque

237 2299 400 2330 interdici.
418 2299 567 2336 suspendi
592 2298 640 2328 vel
659 2299 927 2329 excommunicari
950 2307 1013 2327 non
1037 2299 1170 2336 possint,
1189 2307 1244 2336 per

236 2353 359 2382 litteras
375 2352 560 2391 apostolicas
575 2362 635 2382 non
653 2353 803 2381 facientes
821 2352 946 2390 plenam
964 2356 993 2381 et
1009 2360 1188 2390 expressam
1206 2351 1244 2379 de

236 2406 361 2436 indulto
387 2407 569 2443 hujusmodi
597 2406 805 2436 mentionem.
827 2406 896 2435 Dat.
917 2406 1030 2442 Reate,
1051 2416 1069 2435 v
1092 2405 1244 2435 kalendas

237 2460 387 2491 octobris,
405 2469 490 2488 anuo
508 2460 657 2489 secundo.
682 2473 692 2485 n

277 2654 527 2683 ¹ss5z-1655
554 2653 913 2687 Sainto-Maric-Majeurc,
933 2654 947 2679 ἶ)
964 2654 1117 2680 novembre
1133 2654 1210 2681 1289.

275 2715 316 2741 Dc
342 2715 513 2750 quibusdam
539 2715 711 2749 prioratibus
734 2715 934 2741 Cluniacensis
964 2716 1074 2742 ordinis
1102 2716 1247 2751 prioribus

240 2765 435 2791 restituendis.
449 2764 531 2797 (lise.
547 2765 589 2798 lii,
602 2772 627 2790 c.
645 2764 706 2797 605,
724 2765 741 2790 f.
761 2764 811 2790 '⁵250
828 2768 873 2794 ro.)

281 2880 442 2907 Carissimo
466 2881 494 2908 [11
514 2881 630 2909 ‘liti-isto
649 2881 712 2916 lilio
731 2881 776 2916 E„
804 2881 867 2916 rossi
887 2881 993 2917 Anytie
1013 2881 1140 2910 illustri.
1166 2880 1247 2910 Eum

244 2937 329 2969 rogat
359 2938 391 2961 ut
412 2934 583 2970 prioratum
606 2933 644 2962 de
671 2934 830 2970 hentona,
857 2934 1080 2964 Cluniacensis
1103 2935 1246 2971 ordinis,

243 2985 449 3015 Eboracensis
473 2987 637 3023 dioecesis,
658 2988 751 3017 Petro
769 2988 807 3017 de
831 2988 1001 3024 Suvriaco,
1024 2989 1090 3025 cui,
1116 2998 1189 3018 cum
1211 2989 1249 3018 de

243 3047 279 3068 eo
299 3040 380 3077 quod
401 3040 554 3069 nonnulla
574 3046 704 3078 statuta,
723 3051 740 3070 a
756 3041 909 3079 Gregorio
927 3042 973 3071 IX
991 3042 1094 3079 edita,
1119 3043 1150 3071 in
1175 3042 1247 3072 Clu-

1321 426 1462 456 niacensi
1479 425 1592 455 ordine
1613 434 1675 455 uon
1688 425 1932 455 observarentur
1945 425 1985 455 ad
1997 426 2105 456 sedem
2115 427 2321 466 apostolicam

1319 479 1523 519 appellasset,
1548 479 1645 509 abbas
1669 478 1892 508 Cluniacensis
1912 479 2097 509 monasterii
2120 484 2150 510 et
2169 479 2323 513 diffinito-

1320 543 1369 563 res
1387 531 1516 571 capituli
1535 531 1694 570 generalis
1712 531 1915 565 Renaudum.
1932 532 2138 569 monachum,
2153 533 2323 566 substitue-

1320 593 1407 626 runt,
1425 587 1550 617 restitui
1567 587 1670 616 faciat.

1361 653 1373 669 «
1392 641 1441 670 Ad
1460 645 1558 677 tuam,
1571 640 1656 670 fili...
1671 657 1709 661 —
1723 639 1792 670 Dat.
1809 640 1920 677 Rome,
1932 640 2015 679 apud
2025 640 2176 671 Sanctam
2191 641 2325 674 Mariam

1321 695 1493 733 Majorem,
1518 694 1613 724 nonis
1634 693 1835 728 novembris,
1857 702 1942 724 anno
1960 695 2110 725 secundo.
2130 706 2144 721 ν)

1360 748 1396 777 ln
1410 757 1436 777 e.
1450 756 1492 776 m.
1508 747 1672 785 Philippo,
1686 747 1752 785 regi
1769 746 1938 782 Franciae,
1953 755 2007 786 pro
2023 746 2202 786 Stephano,
2222 748 2324 788 priore

1320 802 1358 831 de
1388 801 1559 840 Crispeyo‚
1591 799 1840 830 silvanectensis
1861 800 2034 836 dioecesis,
2063 801 2132 837 cui,
2153 801 2265 832 eadem
2287 801 2327 837 de
2352 831 2362 842 ,

1320 864 1427 891 causa,
1441 854 1588 891 Pontius,
1603 853 1800 893 praepositus
1812 853 1964 884 ecclesiae
1979 853 2091 884 Sancti
2101 854 2189 885 Petri
2200 854 2240 886 de
2249 854 2326 886 For·
2354 854 2369 892 ζ,

1321 908 1422 945 tiano,
1440 908 1660 938 Gerundensis
1678 907 1839 943 dioecesis,
1854 907 2044 938 substitutus
2060 912 2117 938 est.
2356 899 2371 934 ’ὁ

1362 962 1399 991 In
1424 970 1450 990 e.
1478 970 1520 990 m.
1550 960 1653 990 eidem
1677 960 1763 998 regi,
1792 968 1847 998 pro
1867 959 2059 998 Gufflelmo,
2086 961 2192 1000 priore
2218 960 2328 997 Sancti
2360 963 2370 1005 ᾗ

1321 1014 1496 1045 Theobaldi
1527 1014 1565 1044 de
1588 1014 1747 1050 Vitriaco‚
1773 1012 2043 1043 cathalaunensis
2068 1013 2224 1045 dioecesis
2239 1037 2247 1051 ‚
2275 1010 2328 1046 eui
2366 1028 2375 1042 v.

1321 1067 1498 1097 Anselmus
1513 1068 1551 1097 de
1569 1069 1713 1103 Brestes,
1730 1067 1907 1097 monachus
1919 1090 1926 1104 ‚
1944 1067 2133 1098 substitutus
2151 1071 2210 1099 est.
2360 1045 2376 1082 ἢ

1363 1121 1400 1150 In
1418 1129 1444 1150 e.
1465 1129 1506 1149 m.
1526 1120 1630 1150 eidem
1648 1120 1726 1157 regi,
1742 1128 1797 1158 pro
1812 1119 1960 1149 Guidone
1973 1119 2011 1149 de
2028 1119 2138 1150 Perais
2153 1119 2210 1159 (1),
2227 1119 2330 1159 priore
2351 1099 2370 1149 1

1323 1173 1362 1203 de
1380 1173 1496 1203 Sancto
1510 1173 1648 1210 Gelasio,
1667 1172 1867 1203 Pictavensis
1885 1172 2047 1208 dioecesis,
2067 1172 2120 1202 cui
2137 1171 2330 1205 Guillelmufl
2375 1180 2379 1187 ·

1323 1226 1361 1256 de
1378 1226 1578 1262 Pieri-asine,
1597 1227 1790 1262 monachus,
1809 1226 1999 1256 substitutus
2012 1229 2069 1256 est.

1364 1379 1613 1414 1658-1e5v
1635 1384 2001 1420 Sainte-Marie-MaJ'eure,
2019 1386 2034 1412 5
2046 1384 2202 1412 novembre
2217 1383 2296 1411 ¹289.

1361 1448 1403 1474 De
1419 1447 1519 1474 eodem
1534 1448 1658 1482 negotio.
1675 1447 1756 1481 (Rae.
1773 1448 1816 1478 44,
1834 1456 1859 1474 c.
1876 1447 1937 1482 606,
1956 1447 1975 1473 f.
1993 1446 2045 1474 ‘250
2059 1447 2111 1479 v⁰.)

1366 1550 1483 1580 Dilectis
1493 1551 1568 1588 filiis
1581 1573 1601 1579 ..
1615 1551 1714 1579 abbati
1732 1550 1871 1580 Cluniaci
1886 1550 2008 1588 ejusque
2021 1548 2223 1586 coabbatibus,
2236 1553 2262 1579 et
2276 1548 2334 1587 dif-

1324 1604 1497 1642 finitoribus
1517 1604 1645 1641 capitali
1662 1604 1831 1641 yeneralis,
1855 1612 1890 1633 ac
1907 1625 1928 1632 ..
1947 1604 2064 1641 majori
2084 1607 2111 1632 et
2131 1625 2150 1632 ..
2173 1601 2334 1633 claustrali

1321 1659 1498 1696 prioribus,
1519 1666 1633 1687 necnon
1646 1647 1681 1686 vet
1706 1657 1838 1686 dominis
1858 1658 1890 1686 in
1908 1657 2014 1686 ordine
2034 1657 2228 1687 Cluniacensi
2243 1663 2333 1686 man-

1325 1711 1379 1741 dat
1393 1715 1550 1750 quatenus
1567 1710 1738 1749 Stephano,
1752 1710 1790 1740 de
1805 1710 1971 1749 Crispeyo,
1985 1709 2142 1747 Petro,de
2151 1699 2343 1747 Lenthonas

1326 1765 1475 1800 Roberto,
1494 1764 1569 1795 olim
1587 1764 1626 1794 de
1645 1763 1986 1802 Nongento,Guidoni‚
2004 1763 2043 1793 de
2061 1763 2177 1794 Sancto
2192 1762 2331 1801 Gelasio,

1325 1818 1511 1854 Guillelm0‚
1523 1817 1562 1848 de
1571 1817 1686 1848 Sancto
1695 1817 1888 1854 Theobatdo‚
1902 1822 1931 1847 et
1941 1816 2136 1854 Guichardo‚
2147 1816 2186 1847 de
2197 1808 2347 1856 Flabeyo'
2391 1812 2393 1815 ’

1325 1872 1524 1911 prioratuum
1549 1871 1724 1910 prioribus,
1748 1870 1930 1901 *Jocerando
1956 1870 1995 1900 de
2023 1869 2122 1909 Says,
2150 1867 2335 1900 hostellario

1326 1930 1356 1955 et
1371 1924 1619 1955 hebdomadario
1632 1925 1762 1963 majoris
1775 1924 1899 1959 missae,
1915 1929 1945 1953 et
1961 1923 2122 1963 Stephano
2132 1922 2171 1953 de
2184 1910 2330 1961 Brueria,

1326 1978 1549 2009 Cluniacensis
1565 1977 1750 2007 monasterii
1764 1977 1941 2013 monachis,
1953 1975 2335 2018 prioratusffidministraf
2377 1978 2387 1984 ”

1327 2032 1429 2062 tiones
1445 2035 1475 2061 et
1490 2031 1689 2067 mansiones,
1710 2031 1846 2061 Roberto
1866 2035 1994 2070 excepto
2007 2053 2014 2067 ,
2033 2029 2214 2060 restituant.
2323 2019 2325 2022 ¹

1368 2097 1381 2111 α
1408 2084 1536 2114 Pridem
1557 2083 1743 2122 diligentius
1773 2083 2012 2113 attendentes...
2044 2099 2084 2106 —-
2115 2083 2188 2113 Dat.
2213 2083 2332 2120 Rome,

1326 2138 1409 2177 apud
1425 2138 1573 2168 Sanctam
1590 2137 1726 2167 Mariam
1744 2138 1910 2176 Majorem,
1926 2138 2019 2167 nonis
2035 2137 2232 2174 novembris,
2249 2142 2335 2166 anno

1327 2191 1478 2222 secundo.
1501 2203 1512 2217 n

1369 2246 1406 2275 ln
1425 2255 1452 2274 e.
1471 2254 1514 2275 m.
1535 2268 1554 2274 ..
1572 2245 1717 2284 episcopo
1736 2245 1939 2275 Cabilouensi
1956 2249 1986 2274 et
2005 2268 2024 2275 ..
2042 2245 2082 2275 de
2097 2244 2215 2275 Sancto
2234 2243 2332 2283 Lupo,

1329 2299 1531 2329 Belvacensis
1545 2322 1552 2336 ‚
1571 2303 1601 2328 et
1625 2321 1645 2329 ..
1666 2299 1704 2328 de
1722 2298 1927 2336 Longavilla,
1949 2298 2215 2336 Rothomagensis
2227 2322 2234 2336 ‚
2250 2296 2334 2336 prio-

1327 2353 1434 2390 ribus,
1451 2361 1487 2381 ac
1505 2374 1526 2381 ..
1552 2352 1672 2382 decano
1688 2352 1839 2382 ecclesiae
1857 2351 2028 2382 Belnensis
2040 2373 2048 2388 ,
2069 2350 2226 2381 Edueusis
2243 2349 2339 2381 dioe-.

1328 2407 1465 2442 casium,
1492 2405 1622 2435 mandat
1646 2410 1680 2435 ut
1703 2405 1877 2444 praedictos
1906 2405 2027 2444 priores
2048 2409 2078 2435 et
2101 2403 2276 2435 monachos
2298 2403 2335 2434 iu

1327 2458 1522 2498 corporalem
1540 2458 1771 2497 possessionem
1788 2459 1998 2497 prioratuum,
2017 2457 2334 2488 administrationum
2370 2458 2380 2501 Ἃ,

1329 2517 1359 2542 et
1374 2511 1580 2541 mansionum
1595 2519 1704 2540 eorum
1721 2510 1872 2541 reducere
1888 2510 2016 2540 saciant.

1404 2671 1423 2698 1
1431 2670 1518 2698 658

1366 2733 1524 2759 Transi-atio
1551 2733 1605 2758 loci
1630 2733 1749 2759 fratrum
1775 2733 1918 2759 minorum
1937 2731 1971 2757 de
2001 2730 2156 2758 Placentia.
2181 2731 2263 2766 (Rsso.
2290 2729 2341 2766 44..

1331 2791 1355 2808 c.
1373 2782 1435 2815 607,
1450 2782 1468 2808 s.
1487 2782 1537 2808 250
1555 2787 1599 2813 v0;
1620 2781 1734 2816 Po’rffl„
1751 2781 1864 2816 23116.)

1587 2669 1944 2704 Sainte-Marie-Majeure.
1965 2668 1996 2696 13
2014 2668 2168 2696 novembre
2185 2668 2264 2696 1289.

1371 2885 1492 2913 Ditectis
1507 2884 1580 2920 filsss
1599 2905 1618 2912 ..
1640 2885 1782 2913 ministro
1795 2884 1981 2920 provinciali
1997 2883 2149 2921 provintie
2165 2882 2341 2912 Bononiam-

1332 2939 1372 2968 sis
1387 2947 1421 2967 ac
1438 2960 1458 2966 ..
1471 2938 1644 2974 quardiano
1659 2943 1685 2966 et
1701 2938 1851 2974 fratribus
1865 2937 1974 2966 domus
1989 2937 2107 2966 ordinis
2129 2938 2266 2972 fratrum
2280 2934 2355 2972 mit-3

1364 3051 1395 3081 (1)
1414 3050 1526 3074 Pcrais'?
