2342 3652
641 315 860 355 PREMIERE
882 314 1037 354 ANNEE.
1062 340 1099 344 —-
1122 322 1307 352 LETTRES
1330 321 1555 353 CURIALES.
2092 320 2139 348 121

63 405 94 430 et
112 400 195 438 ipsos
211 406 265 426 seu
283 395 375 425 etiam
393 393 481 429 alios,
501 392 641 422 converti
657 391 695 420 ad
716 391 867 420 unitatem
885 389 1059 419 christiane

63 452 135 484 fidei
156 450 329 489 cupientes,
347 447 497 485 recipere,
515 445 672 483 baptizare
690 448 719 473 et
739 452 911 480 aggregare
928 441 1059 471 ecclesie

63 505 137 536 filiis
151 501 297 537 valeatis3
316 503 345 529 et
360 498 535 538 presbyteri
550 507 585 527 ex
597 497 684 526 vobis
696 496 780 534 ipsos
796 499 980 532 aggregatos
992 502 1060 533 pos-

64 559 127 589 sint
149 555 304 592 insignire
329 557 485 582 caractere
510 550 648 580 clericali
671 553 701 578 et
725 549 809 586 ipsos
834 547 874 576 ad
896 547 1059 576 acolitatus

63 610 205 642 ordinem
221 614 414 646 promovere.
440 605 546 634 Liceat
569 603 662 632 etiam
681 601 768 630 vobis
784 600 902 629 ibidem
920 600 1060 628 redeun-

65 663 147 694 tibus
169 661 207 690 ad
227 659 442 690 obedientiam
465 657 548 686 sedis
570 654 736 694 apostolice
762 654 816 691 qui
839 658 913 682 sunt
934 662 1060 682 excom-

63 715 276 747 municatione
291 712 381 749 ligati
397 710 606 740 absolutionis
619 707 811 737 beneficium
823 707 912 743 juxta
926 706 1060 735 formam

65 768 192 800 ecclesie
210 764 383 803 impertiri,
405 768 434 793 et
456 771 549 800 snper
565 770 600 791 eo
616 760 799 798 dispensare
818 768 890 787 cnm
913 758 989 796 ipsis
1006 759 1060 796 qui

65 829 165 853 sacros
188 822 375 856 receperunt
397 817 526 846 ordines
550 819 579 844 et
603 813 713 842 divina
733 812 934 841 celebrarunt
958 811 1060 840 officia

64 875 110 906 sic
123 872 222 910 ligati.
242 872 308 901 Hoc
324 871 428 909 ipsum
445 868 534 898 vobis
553 867 593 896 sit
610 867 733 896 licitum
750 866 831 894 circa
848 864 918 894 illos
940 865 977 893 de
999 869 1060 894 ter-

65 927 108 959 ris
129 925 245 956 eisdem
267 923 321 962 qui
348 921 540 960 temporibus
565 919 715 949 indebitis
730 943 736 953 ‚
765 918 812 946 vel
836 918 919 947 infra
946 922 1060 947 elatem

65 979 235 1018 legitimam
250 1000 258 1013 ‚
277 980 332 1005 aut
355 975 410 1013 qui
435 982 546 1003 omnes
569 972 678 1002 eadem
704 971 770 1007 die,
795 971 845 1000 vel
864 971 1058 1010 superiores,

66 1030 270 1074 pretermissis
294 1027 498 1058 inferioribus
514 1050 520 1062 ,
537 1025 679 1055 conferre
702 1033 756 1054 sen
774 1026 912 1062 recipere
933 1024 1061 1053 ordines

65 1086 340 1127 presumpserunt3
359 1081 385 1110 si
403 1085 506 1109 tamen
523 1079 556 1108 in
579 1078 639 1109 hoc
657 1082 779 1108 servata
802 1077 871 1107 talis
888 1078 988 1106 forma
1007 1086 1058 1106 ex-

67 1139 169 1174 titerit,
185 1146 240 1177 per
253 1144 348 1174 quam
364 1134 492 1164 ordines
509 1133 711 1171 recepissent.
727 1131 823 1161 Vobis
840 1134 981 1169 preterea
999 1130 1061 1159 dis-

66 1200 194 1232 pensare
213 1190 304 1219 liceat
326 1193 361 1218 ut
386 1187 433 1217 illi
459 1196 495 1216 ex
522 1185 703 1215 nationibus
727 1189 829 1214 vestre
849 1184 1058 1223 predicationi

66 1243 238 1276 commissis
256 1241 311 1280 qui
331 1241 363 1270 in
386 1239 536 1278 gradibus
560 1243 590 1269 et
611 1239 736 1268 casibus
757 1247 775 1267 a
796 1237 906 1266 divina
924 1236 1061 1266 minime

65 1297 132 1339 lege
151 1295 316 1336 prohibitis
332 1293 538 1323 matrimonia
558 1295 798 1328 contraxerunt,
822 1295 1009 1320 remaneant
1026 1290 1061 1319 in

66 1349 203 1385 eisdem;
225 1353 255 1378 et
271 1347 319 1377 hii
334 1347 390 1385 qui
409 1346 448 1375 ad
467 1346 597 1376 ecclesie
613 1344 766 1375 catholice
782 1344 936 1373 redierint
954 1344 1059 1373 unita-

66 1408 138 1438 tem,
148 1407 182 1432 ut
194 1403 278 1432 inter
293 1408 365 1430 suos
377 1400 523 1430 habitent
534 1399 642 1437 eisque
657 1398 915 1433 communicent;
934 1406 1060 1427 necnon

65 1456 147 1496 quod
162 1455 266 1486 clerici
287 1454 452 1484 nationum
473 1453 616 1491 ipsarum
637 1452 763 1491 publice
787 1451 825 1480 ad
844 1451 1060 1480 obedientiam

67 1509 148 1540 sedis
165 1507 331 1547 apostolice
351 1507 521 1537 redeuntes
539 1506 700 1544 gaudeant
723 1504 889 1544 privilegio
909 1503 1059 1533 clericali.

42 1556 45 1560 ’
67 1563 110 1594 Sit
125 1562 218 1592 etiam
237 1561 327 1591 vobis
342 1560 465 1590 licitum
487 1559 635 1590 omnium
659 1558 802 1588 fidelium
825 1559 859 1587 in
882 1558 971 1587 terris
988 1566 1061 1595 pre-

66 1615 155 1646 dictis
171 1615 383 1645 confessiones
399 1613 520 1649 audire,
538 1621 574 1642 ac
588 1612 666 1651 ipsis
682 1612 853 1650 injungere
869 1610 1061 1649 penitentias

67 1669 232 1705 salutares,
250 1672 280 1709 et
297 1667 588 1697 excommunicatos
607 1674 624 1694 a
641 1674 762 1695 canone
787 1665 835 1694 vel
861 1665 922 1694 alio
948 1664 1058 1700 inodo,

65 1723 151 1762 iuxta
164 1722 295 1752 sormam
311 1720 453 1756 ecclesie,
471 1719 650 1755 absolvere3
671 1718 844 1748 dummodo
860 1717 1014 1756 injuriam
1031 1721 1061 1746 et

68 1776 200 1814 dampna
217 1775 314 1814 passis
335 1773 531 1803 satisfaciant
553 1776 777 1811 competenter.
803 1771 883 1801 Cum
906 1770 1062 1809 irregula-

67 1829 151 1860 ribus
165 1832 269 1858 autem
285 1827 423 1866 partium
440 1835 565 1863 earum,
583 1826 617 1855 in
637 1825 761 1855 casibus
778 1826 811 1854 in
827 1825 944 1864 quibus
960 1824 1062 1855 solent

67 1881 157 1921 legati
176 1881 257 1911 sedis
272 1880 439 1920 apostolice
456 1880 656 1918 dispensare,
673 1888 708 1908 ac
729 1879 824 1908 etiam
843 1887 916 1907 cum
939 1877 1061 1907 clericis

66 1935 188 1966 illarum
211 1934 350 1974 partium
372 1933 565 1973 patientibus
590 1933 747 1963 defectum
769 1932 944 1967 natalium,
968 1931 1060 1960 dum-

66 1988 156 2021 modo
172 1996 234 2019 uon
254 1988 317 2017 sint
332 1987 370 2017 de
386 1986 541 2017 adulterio
564 1986 613 2016 vel
636 1986 760 2015 incestu
779 1990 833 2015 aut
849 1985 886 2015 de
904 1984 1060 2023 regulari-

65 2041 122 2072 bus
135 2041 303 2080 procreati,
324 2041 364 2069 sit
378 2040 466 2070 vobis
487 2039 693 2078 dispensandi
712 2038 842 2068 facultas
862 2047 958 2077 quam
976 2038 1062 2067 circa

65 2093 134 2125 illos
148 2093 294 2123 similiter
311 2093 453 2123 habeatis
475 2093 530 2132 qui
553 2092 591 2121 ab
615 2092 736 2122 unitate
756 2091 888 2122 ecclesie
907 2091 1060 2121 catholice

67 2154 117 2176 seu
133 2145 284 2184 religione
301 2145 349 2176 vel
365 2145 503 2175 clericali
520 2145 633 2175 ordine
648 2145 880 2180 discesserunt,
905 2144 932 2173 si
953 2144 1059 2173 humi-

65 2197 136 2228 liter
151 2198 253 2229 redire
270 2199 441 2236 voluerint,
456 2203 486 2228 et
498 2199 594 2237 digne
610 2199 790 2229 satisfacere
807 2198 846 2227 de
862 2197 1057 2234 commissis;

65 2251 108 2282 ita
115 2251 196 2291 quod
206 2252 266 2291 ipsi
277 2252 416 2290 religiosi
427 2252 466 2281 ad
480 2261 536 2282 sua
549 2252 629 2289 loca,
645 2251 731 2281 salva
744 2251 912 2290 disciplina
925 2250 1059 2286 ordinis,

65 2309 276 2342 resumantur3
292 2304 404 2335 etillos
417 2314 452 2335 ex
464 2306 530 2345 jam
545 2306 637 2335 dictis
652 2306 707 2344 qui
719 2303 1061 2335 excommunicationis

64 2357 188 2388 vinculo
209 2363 282 2388 sunt
301 2359 440 2396 astricti,
463 2360 552 2398 juxta
576 2359 765 2398 premissam
785 2359 921 2389 formam
941 2361 971 2387 et
990 2365 1060 2396 pre-

65 2408 144 2441 dicte
167 2411 388 2442 satisfactionis
412 2412 563 2450 modum⁷
589 2411 752 2442 absolvere
775 2411 919 2448 valeatis,
941 2415 1061 2441 etcum

66 2461 306 2502 irregularibus,
321 2465 402 2495 sicut
418 2469 464 2495 est
478 2475 663 2505 expressum
679 2466 842 2504 superius,
860 2465 1059 2503 dispensare.

65 2515 114 2546 Ad
127 2516 184 2547 hec
196 2517 236 2548 sit
250 2517 338 2548 vobis
353 2518 537 2549 absolvendi
553 2519 684 2549 facultas
697 2520 850 2549 occisores
867 2518 1059 2548 clericorum

65 2573 94 2600 et
109 2569 328 2610 religiosarum
346 2580 554 2609 personarum
568 2573 603 2602 in
619 2572 767 2612 predictis
781 2572 922 2611 partibus
940 2571 1058 2601 consti-

66 2625 161 2659 tutos;
177 2623 333 2653 fundandi
350 2624 387 2653 de
403 2633 483 2655 novo
493 2625 613 2655 ibidem
626 2625 773 2656 ecclesias
788 2630 817 2654 et
829 2623 1060 2654 reconciliandi

65 2674 145 2714 ipsas
159 2685 220 2716 que
235 2681 310 2706 sunt
330 2685 402 2707 casu
417 2677 524 2716 aliquo
540 2679 752 2717 prophanam,
772 2688 808 2709 ac
828 2679 866 2709 de
884 2687 965 2708 novo
988 2678 1061 2707 fun-

66 2725 142 2758 datis
156 2733 290 2760 rectores
308 2730 447 2769 ydoneos
465 2731 671 2770 providendi3
689 2737 718 2763 et
732 2732 796 2762 illis
819 2732 873 2771 qui
896 2732 934 2762 de
955 2731 1058 2769 genti-

65 2779 122 2810 hus
143 2781 193 2812 vel
212 2782 426 2812 schismaticis
443 2784 565 2813 noviter
584 2789 658 2814 sunt
677 2786 822 2816 conversi
845 2785 942 2815 dandi
958 2784 1060 2814 licen-

66 2831 139 2862 tiam
153 2837 186 2864 ut
203 2843 313 2865 uxores
329 2845 412 2872 suas,
432 2844 503 2866 cum
520 2837 634 2875 quibus
649 2838 682 2867 in
699 2838 849 2876 gradibus
864 2838 933 2876 lege
950 2837 1060 2867 divina

64 2892 128 2916 non
149 2887 316 2925 prohibitis
330 2893 565 2926 contraxerunt,
583 2890 708 2920 valeant
728 2891 882 2928 retinere3
898 2891 937 2921 de
952 2891 1057 2920 causis

63 2938 351 2975 matrimonialibus
364 2943 488 2980 quasin
498 2943 639 2981 partibus
648 2943 711 2973 illis
727 2944 765 2974 ad
776 2944 972 2974 audientiam
988 2952 1059 2973 ves-

65 2993 144 3020 tram
158 2991 273 3022 deferri
297 2995 464 3033 contigerit
478 2994 619 3034 legitime
634 2996 863 3035 cognoscendi;
880 3006 916 3027 ac
939 2997 1059 3026 discor-

202 3057 272 3085 Rse.
294 3058 416 3087 Niconas
436 3061 488 3088 IV.

1140 388 1251 417 dantes
1268 389 1350 417 inter
1366 397 1398 418 se
1414 388 1605 423 adinvicem,
1620 386 1702 425 quod
1714 385 1754 415 ad
1769 394 1878 423 pacem
1896 389 1926 414 et
1941 385 2144 414 concordiam

1141 440 1280 477 redeant,
1299 450 1423 471 necnon
1441 440 1525 479 quod
1541 440 1723 470 inordinate
1741 439 1883 467 viventes
1903 437 1941 466 de
1958 437 2024 466 suis
2040 446 2146 467 exces-

1142 494 1244 528 sibus,
1270 494 1350 524 sicut
1373 495 1496 533 justum
1526 493 1642 530 fuerit,
1672 492 1921 523 satisfactionem
1951 490 2143 527 exhibeant,

1142 546 1353 585 compellendi
1382 556 1435 585 per
1462 555 1630 576 censuram
1656 545 1903 575 ecclesiasticam
1933 544 2021 573 vobis
2045 543 2145 573 libera

1143 600 1183 628 sit
1211 599 1352 629 facultas.
1380 600 1515 638 Insuper
1540 600 1573 628 in
1602 599 1678 628 locis
1708 599 1743 627 in
1767 597 1883 636 quibus
1913 606 1967 626 vos
1991 596 2146 635 hospitari

1143 653 1319 690 contigerit,
1341 653 1389 681 vel
1406 653 1440 681 in
1463 652 1538 682 locis
1553 652 1690 690 partium
1707 650 1892 680 earumdem
1909 651 1941 679 in
1958 650 2075 688 quibus
2095 658 2146 678 re-

1143 705 1313 735 sidentiam
1339 706 1475 742 facietis,
1506 706 1637 734 missam
1665 709 1693 733 et
1718 709 1820 733 cetera
1837 703 1958 732 'divina
1985 702 2147 732 celebrare

1143 758 1256 791 officia,
1279 763 1309 787 et
1329 758 1363 786 in
1385 759 1504 787 eisdem
1527 757 1669 796 partibus
1686 756 1855 786 cemeteria
1877 756 2083 792 benedicere,
2111 764 2146 785 ac

1145 811 1218 841 dare
1234 811 1473 848 indulgentias,
1500 814 1695 840 commutare
1718 814 1807 843 vota,
1830 808 2037 838 ultramarine
2057 817 2146 847 pere-

1144 865 1348 902 grinationis,
1362 864 1559 893 continentie
1573 868 1603 893 et
1618 863 1782 900 religionis
1794 862 1874 892 votis
1886 862 2031 900 exceptis,
2050 861 2147 891 facul-

1145 922 1239 947 tatem
1263 922 1292 946 et
1308 917 1470 946 licentiam
1492 916 1644 946 habeatis.
1665 915 1815 944 Ceterum
1831 915 1920 944 vobis
1942 914 2146 944 concedimus

1143 970 1227 1009 quod
1250 979 1268 999 a
1290 968 1452 999 catholicis
1475 968 1683 1007 patriarchis,
1706 967 1970 1005 archiepiscopis,
1991 967 2146 1005 episcopis

1143 1024 1268 1063 possitis
1276 1023 1404 1053 ordines
1417 1027 1447 1053 et
1464 1022 1527 1052 alia
1540 1021 1750 1052 ecclesiastica
1764 1025 1961 1050 sacramenta
1972 1020 2145 1058 suscipere,

1143 1082 1173 1106 et
1188 1075 1300 1106 altaria
1317 1075 1489 1114 portatilia,
1507 1083 1595 1105 more
1614 1075 1772 1113 ipsorum,
1794 1083 1812 1103 a
1828 1074 1896 1112 Jam
1914 1073 2043 1111 prefatis
2064 1073 2145 1111 epis-

1142 1131 1227 1169 copis
1243 1129 1418 1163 benedicta,
1434 1129 1550 1158 habere
1566 1132 1596 1157 et
1609 1128 1654 1157 eis
1671 1127 1728 1164 uti⁷
1745 1127 1773 1156 si
1789 1126 1953 1164 contingat
1969 1134 2022 1156 vos
2037 1125 2147 1164 aliquo

1143 1192 1216 1213 casu
1236 1187 1337 1213 vestra
1355 1182 1501 1212 altariola
1517 1190 1579 1211 uon
1598 1181 1714 1211 habere
1730 1192 1737 1217 3
1754 1189 1790 1210 ac
1807 1185 1909 1210 vestes
1925 1179 2145 1216 sacerdotales,

1142 1236 1251 1266 altaris
1276 1236 1374 1274 pallas
1400 1239 1430 1265 et
1450 1234 1626 1273 corporalia
1660 1243 1715 1273 per
1741 1242 1792 1263 eos
1817 1233 1873 1271 qui
1899 1242 1935 1262 ex
1964 1232 2050 1262 vobis
2074 1237 2149 1262 sunt

1142 1289 1338 1329 presbyteri,
1363 1298 1436 1319 cum
1459 1297 1588 1318 necesse
1613 1288 1701 1317 vobis
1724 1287 1838 1321 fuerit,
1861 1285 2147 1322 benedicere,·ubi

1143 1343 1374 1373 catholicorum
1401 1343 1620 1381 episcoporum
1646 1341 1734 1379 copia
1758 1349 1821 1370 uon
1844 1339 1996 1375 habetur,
2020 1347 2146 1369 necnon

1143 1397 1206 1426 alia
1233 1398 1354 1433 facere,
1381 1405 1443 1434 que
1469 1396 1508 1425 ad
1530 1399 1741 1432 augmentum
1766 1393 1922 1423 dominici
1951 1393 2090 1423 nominis
2118 1397 2148 1422 et

1144 1450 1383 1489 ampliationem
1402 1449 1556 1479 catholice
1571 1448 1645 1478 fidei
1668 1457 1704 1478 ac
1726 1447 1980 1486 reprobationem
1998 1451 2028 1476 et
2042 1447 2147 1476 irrita-

1145 1504 1263 1533 tionem
1290 1502 1420 1533 illorum
1447 1502 1502 1541 qui
1530 1501 1627 1531 sacris
1652 1500 1876 1530 traditionibus
1902 1500 2144 1536 contradicunt,

1145 1558 1225 1586 sicut
1264 1565 1319 1595 pro
1355 1555 1422 1585 loco
1456 1559 1486 1584 et
1522 1559 1661 1592 tempore
1695 1553 1842 1583 videbitis
1877 1552 2034 1591 expedire.
2073 1552 2144 1582 Dat.

1145 1611 1257 1649 Reate,
1275 1619 1310 1638 111
1326 1617 1427 1639 nonas
1444 1607 1650 1647 septembris,
1668 1615 1752 1636 anno
1771 1606 1885 1645 primo.
1904 1618 1917 1632 ιι

1214 1770 1300 1798 612
1755 1765 1842 1798 Rieti,
1860 1765 1874 1791 4
1886 1764 1981 1799 juillet
2000 1764 2075 1790 1288.

1179 1831 1329 1858 Contentio
1350 1830 1384 1857 de
1402 1829 1603 1864 Wigorniensi
1622 1827 1863 1855 archidiaconatu.
1886 1827 1969 1860 (Reo.
1990 1827 2038 1858 44,
2058 1834 2083 1853 c.
2103 1827 2146 1858 45,

1143 1881 1161 1907 f.
1183 1880 1215 1907 95
1233 1882 1282 1913 v0.)

1191 1983 1354 2013 Venerabili
1373 1982 1469 2018 fratri
1495 1981 1717 2018 archiepiscopo
1740 1979 1957 2008 Carntuariensi
1981 1983 2008 2007 et
2032 1978 2148 2007 dilectis

1143 2038 1217 2074 filiis
1235 2037 1382 2073 magistro
1401 2034 1527 2071 Giffrz'do
1549 2034 1583 2062 de
1612 2033 1740 2068 Vezano,
1766 2040 1881 2061 camere
1904 2036 2003 2060 nostre
2020 2031 2125 2060 clerico
2138 2053 2145 2066 ‚

1145 2089 1379 2123 Cameracensis,
1396 2096 1430 2116 ac
1444 2087 1560 2116 Andree
1574 2086 1608 2115 de
1624 2085 1794 2121 Carrdalfis,
1810 2084 2041 2114 Aurelianensis
2057 2083 2147 2113 eccle—

1143 2144 1263 2172 siarum
1283 2142 1449 2170 canonici&
1467 2140 1659 2177 Quanquam
1685 2146 1764 2176 papa
1790 2137 2087 2167 archidiaconatum
2112 2136 2146 2165 in

1144 2195 1277 2226 ecclesia
1298 2193 1541 2232 VVigorniensi,
1568 2196 1733 2222 vacantem
1758 2199 1814 2230 per
1841 2190 1961 2220 obitum
1986 2189 2040 2226 H.,
2064 2188 2146 2219 tituli

1145 2249 1254 2280 Sancti
1279 2247 1442 2278 Laurentii
1466 2246 1500 2276 in
1526 2245 1649 2275 Lucina
1670 2243 1848 2283 presbyteri
1876 2241 2066 2277 cardinalis,
2090 2241 2147 2280 qui

1143 2302 1226 2341 apud
1242 2301 1350 2331 sedem
1364 2299 1568 2339 apostolicam
1581 2302 1725 2328 mortuus
1738 2301 1794 2333 est,
1810 2296 1961 2334 magistro
1976 2295 2146 2324 Francisco

1145 2354 1354 2394 Nepoleonis,
1374 2352 1566 2383 subdiacono
1583 2356 1612 2380 et
1634 2349 1812 2389 capellano,
1830 2357 1918 2379 nunc
1934 2348 2060 2378 notario
2076 2355 2144 2383 suo,

1145 2407 1348 2443 contulisset,
1373 2411 1478 2436 tamen
1498 2405 1636 2435 eundem
1655 2403 1949 2433 archidiaconatum
1976 2424 1995 2431 ..
2013 2400 2145 2438 Wigor-

1145 2462 1266 2491 niensis
1279 2461 1443 2499 episcopus
1455 2458 1623 2497 Radulpho
1640 2457 1679 2487 de
1696 2456 1882 2494 Hungham,
1896 2455 2012 2485 clerico
2024 2453 2146 2483 Londo—

1144 2503 1274 2545 niensis⁶
1285 2513 1436 2544 dioecesis
1454 2511 1600 2547 contulit,
1616 2511 1672 2550 qui
1690 2519 1763 2541 eum
1779 2517 1866 2539 nunc
1880 2511 2021 2546 occupat.
2041 2507 2146 2543 Quare

1143 2578 1222 2608 papa
1245 2567 1413 2607 praedictis
1439 2565 1574 2596 Giffrido
1599 2569 1629 2594 et
1654 2563 1803 2593 Andreae
1829 2562 1960 2592 mandat
1987 2564 2146 2599 quatenus

1145 2621 1270 2652 eosdem
1281 2620 1464 2659 episcopum
1477 2622 1507 2648 et
1519 2617 1724 2655 Radulphum
1738 2615 1822 2645 infra
1834 2614 1932 2644 unius
1942 2613 2064 2643 mensis
2073 2621 2144 2651 spa-

1145 2675 1226 2705 tium
1239 2677 1352 2711 cogant
1362 2677 1396 2702 ut
1407 2671 1546 2702 eundem
1557 2669 1854 2700 archidiaconatum
1866 2667 1950 2697 infra
1961 2665 2145 2705 quindecim

1144 2728 1269 2757 dierum
1296 2726 1433 2765 spatium
1461 2724 1544 2754 dicto
1571 2722 1740 2753 Francisco
1770 2720 1905 2750 reddant
1936 2719 2078 2758 huicque
2107 2718 2146 2748 de

1144 2780 1291 2819 dampnis
1311 2778 1559 2809 satisfactionem
1582 2775 1789 2815 impendant;
1807 2773 1954 2812 alioquin
1975 2781 2027 2803 eos
2047 2772 2146 2802 citent

1145 2839 1179 2864 ut
1200 2841 1307 2864 coram
1330 2831 1403 2862 sede
1424 2830 1593 2870 apostolica
1616 2829 1701 2859 infra
1724 2832 1859 2867 quatuor
1884 2826 2049 2856 mensium
2072 2833 2145 2864 spa-

1145 2888 1241 2923 tium,
1272 2885 1370 2916 dictos
1399 2883 1583 2924 quindecim
1610 2883 1677 2912 dies
1706 2880 1892 2911 immediate
1923 2879 2143 2918 sequentium,

1144 2942 1347 2979 compareant
1363 2938 1422 2968 sub
1437 2945 1538 2976 poena
1553 2937 1588 2966 in
1609 2935 1746 2966 eundem
1761 2934 1945 2973 episcopum
1961 2932 2143 2971 suspensio-

1145 2994 1206 3030 nis,
1224 2993 1257 3022 in
1275 2992 1396 3022 dictum
1415 2998 1488 3020 vero
1506 2988 1713 3028 Radulphum
1730 2985 2082 3018 excommunicationis.

1973 3051 2003 3079 ¹6
