2477 3637
320 410 376 441 138

317 476 460 515 ejusdem
479 474 610 505 ecclesie
630 473 905 511 Petragoricensis
931 481 968 502 ac
989 473 1191 503 officinarum
1213 478 1243 504 et
1266 474 1323 504 do-

317 540 442 562 morum
462 531 562 570 ipsius
580 529 735 559 violenter
754 528 855 558 excidi
870 552 876 565 ‚
894 537 930 557 ac
947 528 986 557 de
1005 528 1184 565 frumento,
1203 529 1278 559 vino
1294 534 1324 559 et

316 585 390 615 aliis
407 585 499 614 bonis
516 584 549 613 in
566 582 713 612 domibus
729 581 871 610 inventis
892 580 1007 611 exinde
1022 581 1112 620 juxta
1133 590 1190 612 sue
1208 582 1322 612 volun-

317 638 390 668 tatis
417 637 545 666 libitum
571 636 687 665 fecerat
712 634 889 673 asportari,
915 638 945 663 et
971 634 1055 673 quod
1082 634 1165 664 dicte
1191 635 1323 665 ecclesie

315 696 410 729 atque
435 690 549 719 domus
574 697 629 727 per
649 688 755 726 plures
775 687 842 717 dies
866 687 985 726 absque
1004 687 1115 725 januis
1138 697 1323 726 permanse-

315 748 405 780 rant,
423 744 465 772 ita
481 742 564 781 quod
580 741 730 771 omnibus
750 741 789 770 ad
806 741 935 771 easdem
953 741 1102 771 ecclesias
1118 740 1217 770 libere
1237 746 1322 779 pate-

314 798 367 827 bat
381 804 539 829 accessus,
560 794 708 833 quodque
728 793 928 832 postmodum
948 794 986 823 de
1011 794 1206 832 quibusdam
1226 794 1323 831 lignis

314 854 497 887 sumptuose
513 847 652 878 collectis
671 851 766 886 atque
786 847 904 886 paratis
924 855 979 886 pro
998 847 1081 877 vasis
1099 847 1323 877 construendis

314 911 350 932 ex
369 902 414 931 eis
432 902 471 931 ad
497 902 610 931 vinum
630 901 710 930 inibi
733 900 960 940 deponendum
982 905 1077 939 atque
1102 901 1228 931 [rustris
1252 910 1323 939 pre-

313 956 471 986 dictarum
491 955 666 994 januarum
685 954 790 984 taliter
811 954 992 984 excisarum
1011 955 1085 984 fecit
1108 955 1192 993 ipsas
1206 954 1323 992 januas

313 1009 472 1048 reparari,
492 1018 608 1047 easque
625 1008 731 1038 claudi
747 1013 777 1038 et
793 1008 917 1038 clausas
935 1008 1054 1043 teneri,
1072 1012 1250 1047 cunctaque
1263 1008 1324 1037 vic-

314 1061 411 1092 tualia
427 1067 454 1091 et
473 1062 535 1091 alia
553 1062 634 1091 bona
651 1062 733 1091 dicte
752 1061 883 1091 ecclesie
901 1063 996 1091 sasita
1012 1061 1161 1097 detinuit,
1180 1061 1221 1090 ita
1240 1059 1322 1099 quod

314 1124 371 1145 ncc
391 1115 485 1145 etiam
509 1115 714 1154 stipendariis
738 1115 882 1153 ejusdem
901 1114 1032 1144 ecclesie
1050 1118 1170 1153 poterat
1193 1114 1230 1143 de
1254 1114 1323 1143 vic-

314 1168 452 1199 tualibus
480 1169 558 1207 ipsis
585 1168 678 1198 solita
707 1168 877 1198 subventio
909 1168 1112 1204 ministrari,
1140 1175 1197 1196 nec
1226 1167 1323 1196 etiam

311 1223 389 1261 ipsis
415 1221 462 1251 vel
489 1222 560 1251 aliis
580 1222 703 1260 patebat
726 1221 832 1251 aditus
855 1222 893 1250 ad
920 1221 1055 1251 candem
1080 1220 1246 1251 ecclesiam
1268 1229 1323 1258 pro

312 1276 429 1305 divinis
444 1275 557 1304 officiis
573 1275 774 1305 celebrandis
794 1279 822 1304 et
843 1274 1037 1312 recipiendis
1060 1274 1141 1304 inibi
1159 1274 1322 1303 ecclesias-

312 1329 380 1358 ticis
389 1328 606 1358 sacramentis.
622 1328 688 1357 Nos
697 1332 816 1363 autem,
828 1329 865 1356 ad
875 1328 1112 1365 suggestionem
1123 1327 1321 1365 hujusmodi,

310 1382 436 1411 dilectis
463 1380 539 1410 liliis
564 1404 583 1410 ..
610 1381 716 1410 abbati
741 1380 929 1410 monasterii
948 1380 987 1409 de
1013 1380 1128 1410 Sancto
1145 1380 1320 1417 Fermerio,

311 1435 494 1465 Vasatensis
511 1434 665 1469 diocesis,
687 1439 717 1462 et
737 1456 756 1463 ..
776 1433 897 1463 decano
917 1433 1049 1463 ecclesie
1069 1434 1177 1463 Sancti
1194 1433 1323 1472 Hylai-ii

311 1487 509 1517 Pictavensis
533 1487 617 1516 inter
640 1485 704 1515 alia
729 1487 845 1516 nostris
872 1486 1020 1516 dedimus
1043 1486 1159 1516 litteris
1186 1487 1219 1516 in
1248 1496 1320 1525 pre-

310 1540 408 1579 ceptis
425 1545 459 1569 ut
477 1540 537 1578 ipsi
558 1540 606 1570 vel
630 1548 740 1570 eorum
758 1539 850 1576 alter,
870 1549 925 1578 per
951 1549 983 1570 se
1006 1540 1056 1569 vel
1076 1549 1132 1578 per
1151 1539 1253 1569 alium
1269 1544 1323 1570 aut

309 1593 398 1627 alios,
426 1601 480 1622 vos
500 1602 534 1621 ex
553 1596 639 1630 parte
663 1596 772 1622 nostra
793 1593 1010 1630 peremptorie
1033 1592 1130 1622 citare
1151 1597 1320 1629 curarent,

310 1651 344 1675 ut
362 1646 447 1675 iufra
466 1646 602 1675 duorum
627 1646 789 1675 mensium
809 1645 946 1684 spatium
970 1649 1038 1684 post
1055 1646 1238 1676 citationem
1260 1646 1320 1675 hu-

307 1699 449 1738 jusmodi
482 1699 666 1728 immediate
700 1699 903 1737 sequentium
934 1699 1141 1737 personaliter
1167 1699 1322 1729 curaretis

311 1761 366 1782 vos
389 1752 559 1790 apostolico
587 1752 769 1791 conspectui
798 1756 996 1790 presentare7
1023 1752 1137 1782 facturi
1162 1757 1191 1782 et
1214 1761 1321 1791 recep-

311 1805 375 1835 turi
402 1814 497 1844 snper
524 1805 690 1843 premissis
719 1805 804 1844 quod
830 1805 907 1835 ordo
934 1805 1073 1843 exigeret
1101 1806 1256 1843 rationis,
1286 1815 1322 1836 ac

313 1858 546 1888 nichilominus
576 1859 774 1897 predicerent
798 1859 886 1902 vobis
913 1862 1019 1897 aperte
1043 1859 1143 1898 quod,
1164 1860 1191 1888 si
1210 1860 1321 1890 venire

312 1912 590 1950 contempneretiS,
614 1921 648 1941 ex
676 1917 748 1941 tunc
768 1921 836 1947 vos,
856 1921 919 1942 non
937 1912 1040 1943 solum
1059 1913 1319 1943 excommunica-

312 1965 410 1995 tionis
430 1966 621 1995 scntentiam
642 1966 828 2004 incurrere,
848 1976 959 1996 verum
979 1967 1075 1996 etiam
1096 1967 1247 1997 omnibus
1266 1967 1320 1997 be-

311 2019 435 2048 neficiis
452 2019 565 2048 vestris
583 2019 808 2050 ecclesiasticis
830 2021 967 2058 privatos
990 2030 1057 2050 esse
1074 2020 1235 2050 voluimus
1252 2021 1320 2059 ipso

311 2073 402 2103 facto.
420 2073 542 2103 Verum
560 2082 612 2103 vos
630 2073 843 2112 predictarum
858 2073 1037 2103 litterarum
1053 2078 1235 2104 nostrarum
1249 2083 1321 2104 auc-

311 2127 434 2156 toritate
450 2126 549 2162 citati,
576 2131 727 2165 tanquam
745 2127 926 2157 obedientie
945 2127 1021 2163 filii,
1039 2136 1144 2157 coram
1169 2128 1260 2158 nobis
1287 2128 1319 2157 in

310 2179 429 2218 prefixo
454 2179 544 2209 vobis
571 2179 707 2210 termino
732 2180 940 2218 personaliter
961 2189 1145 2219 comparere
1172 2181 1317 2211 curastis.

309 2232 457 2271 Cumque
489 2233 690 2271 postmodum
719 2233 753 2262 111
783 2238 890 2263 nostra
919 2238 949 2263 et
973 2234 1109 2264 fratrum
1138 2238 1320 2264 nostrorum

310 2286 469 2324 presentia
496 2286 652 2315 duxeritis
678 2287 923 2326 proponendum
949 2287 1035 2326 quod
1056 2287 1195 2326 predicte
1216 2288 1321 2318 littere

311 2343 416 2369 nostre
444 2348 498 2376 per
526 2339 593 2368 salsi
624 2340 865 2377 suggestionem
894 2345 924 2370 et
948 2341 1014 2370 veri
1042 2341 1319 2380 suppressionem,

310 2397 403 2430 prout
428 2393 517 2422 nobis
539 2393 698 2430 constitit,
724 2394 851 2423 fuerant
875 2393 1061 2433 impetrate,
1086 2398 1212 2433 propter
1237 2395 1321 2434 qnod

311 2446 414 2475 littere
431 2446 498 2484 ipse
515 2455 622 2476 carere
640 2447 797 2476 debebant
815 2448 926 2477 robore
943 2447 1103 2477 firmitatis
1120 2456 1178 2477 nec
1193 2448 1231 2477 ad
1249 2457 1321 2478 con-

309 2499 571 2538 dempnationem
594 2500 734 2539 aliquam
761 2505 870 2530 contra
894 2510 949 2531 vos
975 2501 1100 2540 procedi
1124 2505 1244 2539 poterat
1266 2511 1321 2540 per

309 2552 448 2588 easdem,
468 2561 524 2582 nos
541 2562 576 2582 ea
594 2562 656 2592 que
673 2557 736 2583 tam
754 2562 809 2584 vos
826 2563 922 2592 quam
948 2558 1166 2592 procuratores
1183 2554 1320 2593 episcopi

310 2608 339 2636 et
350 2605 479 2644 capituli
494 2614 616 2636 necnon
630 2607 745 2645 prioris
755 2612 785 2637 et
798 2612 974 2637 conventus
986 2607 1200 2646 predictorum
1213 2617 1320 2638 coram

310 2659 401 2688 nobis
419 2668 593 2697 proponere
612 2659 760 2689 voluistis
777 2660 879 2699 primo
897 2661 1081 2690 audivimus
1100 2661 1271 2699 diligenter
1290 2666 1321 2691 et

310 2712 512 2750 postmodum
530 2711 645 2742 dilecto
662 2712 729 2743 filio
749 2717 855 2743 nostro
870 2713 975 2751 Petro,
997 2713 1080 2743 tituli
1094 2714 1203 2744 Sancti
1221 2714 1319 2744 Marci

310 2764 493 2802 presbytero
502 2765 671 2804 cardinali,
682 2767 905 2796 commisimus
913 2766 1042 2797 oraculo
1051 2767 1123 2797 vive
1130 2768 1214 2797 vocis
1225 2772 1319 2797 utvos

310 2820 341 2846 et
357 2823 572 2854 procuratores
594 2819 752 2858 predictos
766 2820 893 2850 audiret
909 2829 984 2850 cum
1001 2820 1169 2858 diligentia
1186 2821 1298 2850 iterato
1309 2844 1316 2858 ‚

311 2873 342 2898 et
366 2879 427 2907 que
453 2877 705 2909 proponerentur
726 2881 834 2903 coram
860 2882 896 2903 eo
921 2873 1015 2903 nobis
1038 2873 1158 2903 referre
1181 2877 1317 2904 curaret.

311 2922 390 2951 Cum
415 2923 513 2959 igitur
536 2925 694 2962 predictus
720 2927 833 2956 Petrus
859 2926 1034 2956 cardinalis
1066 2935 1102 2957 ea
1126 2936 1188 2966 que
1213 2935 1318 2957 coram

312 2975 380 3013 ipso
396 2975 484 3005 suere
500 2979 657 3015 proposita
672 2978 749 3009 111110
764 2984 795 3009 et
810 2979 887 3009 iude
904 2980 1065 3010 audiverit
1079 2985 1109 3010 et
1128 2980 1252 3020 plenius
1267 2981 1319 3010 in-

311 3027 486 3065 tellexerit,
514 3030 645 3069 ipsaque
670 3032 762 3062 uobis
789 3037 819 3062 et
845 3033 995 3072 predictis
1024 3033 1177 3063 fratribus
1202 3033 1319 3064 nostris

312 3079 436 3110 duxerit
453 3081 637 3120 reserenda,
655 3092 711 3114 uos
726 3084 765 3114 de
781 3085 916 3115 fratrum
931 3085 1117 3116 eorumdem
1133 3085 1266 3117 consilio
1278 3085 1318 3116 ab

1068 407 1305 438 REGISTRES
1326 408 1379 438 DE
1402 406 1587 438 NICOLAS
1609 407 1666 437 lv.

1405 473 1591 512 hujusmodi
1607 472 1766 512 personali
1780 473 1930 503 citatione
1943 482 1996 504 vos
2016 475 2210 513 presentium
2226 477 2410 510 auctoritate

1404 527 1602 557 absolvimus
1626 530 1656 556 et
1679 535 1748 556 esse
1771 527 1974 557 decernimus
1999 527 2169 559 absolutos.
2188 528 2344 560 Volumus
2366 535 2410 562 ta-

1406 590 1479 611 men
1505 580 1588 620 quod
1613 589 1707 619 super
1734 582 1895 610 contentis
1922 581 1955 610 in
1982 581 2131 620 predictis
2157 581 2274 612 litteris
2299 585 2412 616 nostris

1405 639 1641 672 procuratorem
1668 642 1722 663 seu
1747 638 1967 671 procuratores
1995 634 2135 673 ydoneos
2157 636 2355 666 constituatis
2373 637 2413 669 ad
2435 665 2440 671 ,

1406 686 1665 725 respondendum
1689 695 1743 724 pro
1761 686 1849 716 vobis
1872 687 1905 715 in
1930 695 2062 716 romana
2085 687 2175 717 curia
2192 693 2349 727 quantum
2365 693 2410 721 te-

1407 741 1530 770 nemini
1554 745 1584 770 et
1609 740 1646 769 de
1669 741 1741 778 jure
1757 740 1854 769 fuerit
1872 740 2066 770 faciendum.
2096 741 2166 771 Dat.
2195 742 2308 780 Rome,
2331 743 2412 782 apud

1406 794 1555 823 Sanctam
1585 793 1722 823 Mariam
1751 794 1922 832 Maj0rem,
1951 803 1969 822 v
1997 794 2069 823 idus
2095 795 2220 831 martii,
2253 803 2340 825 anno
2363 804 2411 827 se-

1406 847 1521 877 cundo.
1542 859 1554 873 n

1478 992 1560 1020 3⁶21

1443 1053 1575 1081 Facultas
1595 1055 1760 1082 conferendi
1783 1054 1969 1090 praebendas.
1995 1054 2078 1089 (Rau.
2097 1055 2139 1086 44,
2158 1063 2184 1082 e.
2202 1055 2245 1087 15,
2264 1055 2284 1083 f.
2302 1055 2354 1083 110
2369 1062 2409 1090 τος

1406 1102 1472 1130 Lm.
1492 1112 1526 1130 nu
1541 1103 1638 1135 Tuam,
1656 1104 1694 1138 II,
1712 1105 1749 1138 ὃ.)

1745 992 2109 1027 Sainte-Marie-Majeure,
2129 993 2160 1020 15
2173 1000 2249 1021 mars
2261 992 2339 1021 1289.

1453 1192 1618 1222 Venerabili
1632 1194 1727 1230 fratri
1743 1194 1788 1230 G.‚
1808 1195 1941 1231 episcopo
1958 1194 2141 1223 Pz'ctavensi.
2162 1205 2174 1220 ι
2190 1193 2292 1224 Tuam
2307 1193 2413 1224 volen-

1408 1248 1452 1274 tes
1474 1244 1631 1275 honorare
1653 1255 1819 1285 personam
1840 1251 1869 1276 et
1894 1256 1947 1285 per
1973 1247 2129 1276 honorem
2154 1246 2209 1277 tibi
2234 1246 2424 1279 exhibitum⁴

1406 1297 1479 1327 aliis
1491 1298 1660 1337 provideri,
1672 1299 1822 1336 faciendi,
1836 1300 2011 1339 recipiendi
2027 1299 2215 1330 auctoritate
2228 1302 2350 1337 nostra,'
2360 1308 2413 1340 per
2444 1298 2445 1301 ’

1407 1353 1435 1379 te
1452 1350 1502 1379 vel
1523 1359 1578 1388 per
1593 1350 1691 1380 alium
1715 1355 1768 1381 ant
1787 1351 1877 1385 alios,
1905 1352 1936 1380 in
1960 1352 2074 1389 maiori
2091 1355 2120 1381 et
2138 1351 2244 1381 Sancti
2264 1350 2412 1390 Hylarii,

1406 1404 1628 1444 asli-omanam
1646 1404 1812 1434 ecclesiam
1831 1404 1920 1434 1111110
1936 1405 2043 1434 medio
2058 1405 2261 1443 pertinentiS,
2281 1404 2334 1435 uhi
2349 1412 2413 1436 non

1406 1461 1453 1486 est
1471 1462 1576 1487 certus
1595 1458 1823 1488 canonicorum
1844 1468 1999 1488 numerus
2019 1467 2076 1488 1180
2097 1459 2257 1489 distinctio
2279 1458 2414 1498 prehen-

1405 1509 1537 1545 darum,
1556 1519 1593 1540 ac
1613 1510 1727 1540 Sancte
1744 1511 1843 1541 Marie
1868 1512 1998 1550 Majoris
2021 1515 2050 1541 et
2072 1512 2188 1542 Sancte
2207 1511 2430 1550 Radegundis‘-

1405 1564 1654 1600 Pictavensium,
1671 1565 1749 1594 acin
1768 1564 1879 1594 Sancti
1895 1564 2028 1603 Georgii
2040 1565 2079 1595 de
2095 1565 2182 1604 Faya
2200 1565 2329 1603 Vinosa,
2342 1552 2440 1596 Pio-f

1405 1617 1544 1647 tavensis
1571 1617 1725 1654 diocesis,
1747 1617 1905 1654 ecclesiis,
1926 1618 1960 1647 in
1979 1618 2117 1656 singulis
2136 1627 2247 1649 earnm
2266 1598 2429 1650 videlicet?

1405 1670 1549 1707 singulos
1570 1670 1700 1700 clericos
1719 1671 1860 1709 ydoneos
1882 1672 1915 1700 in
1939 1672 2109 1702 canonicos
2131 1672 2211 1701 etin
2229 1672 2359 1709 fratres,
2376 1679 2412 1703 ac

1404 1723 1590 1761 providendi
1602 1723 1665 1753 illis
1680 1732 1759 1762 quos
1772 1723 1805 1753 in
1818 1716 1932 1753 Sancte
1946 1725 2046 1754 Marie
2066 1725 2208 1764 MajoriS,
2226 1725 2342 1755 Sancte
2352 1725 2422 1765 Ra-13

1404 1776 1563 1814 degundis
1573 1777 1719 1807 etSancti
1731 1777 1860 1813 Georgii
1875 1777 2019 1807 ecclesiis
2035 1778 2226 1816 supradictis
2242 1773 2431 1817 contigerit?

1404 1831 1514 1869 recipi,
1534 1830 1781 1861 cuilibeteorum
1791 1831 1957 1861 scilicetde
1974 1832 2146 1870 prebenda,
2157 1831 2183 1862 si
2193 1831 2313 1862 ibidem
2322 1834 2413 1863 vacat,

1403 1884 1442 1914 ad
1459 1893 1600 1923 presens,
1618 1884 1667 1914 vel
1682 1885 1923 1923 quamprimum
1938 1885 1976 1914 ad
1994 1885 2025 1914 id
2041 1885 2193 1916 obtulerit
2210 1894 2243 1915 se
2258 1885 2422 1924 facultas„

1403 1938 1536 1977 reliquis
1553 1946 1627 1968 vero
1646 1937 1789 1974 clericis,
1805 1937 1954 1967 alterutri
1973 1947 2084 1968 eorum
2103 1937 2252 1968 videlicet
2270 1938 2309 1969 de
2323 1947 2417 1969 com-¹

1403 1992 1556 2021 munibus
1578 1991 1782 2030 proventibus
1799 1991 1928 2030 majoris
1945 1995 1974 2021 et
1989 1991 2098 2021 Sancti
2116 1990 2245 2030 Hylarii
2260 1991 2410 2022 ecclesia-

1403 2054 1476 2075 rum
1499 2045 1773 2084 supradictarum,
1789 2045 1871 2074 sicut
1888 2045 1943 2074 uni
1969 2054 2005 2075 ex
2031 2044 2104 2074 aliis
2129 2045 2337 2075 ecclesiarum
2361 2036 2422 2084 ip-s-

1404 2108 1513 2129 sarum
1545 2098 1708 2128 canonicis
1739 2098 1916 2136 portionem
1950 2098 2110 2135 integram
2141 2098 2310 2137 assignari.
2340 2098 2422 2129 Nom-

1403 2154 1585 2185 obstante...
1604 2152 1674 2181 Dat.
1695 2152 1806 2188 Rome,
1823 2151 1908 2190 apud
1923 2151 2074 2182 Sanctam
2087 2151 2223 2182 Mariam
2240 2150 2421 2191 Maiorem,'„-

1403 2208 1512 2238 idibus
1527 2206 1652 2241 martii,
1670 2213 1756 2235 anno
1774 2204 1926 2235 secundo.
1946 2217 1960 2232 ι)

1473 2359 1560 2389 (3⁸22
1710 2357 2073 2392 Sainte-Marie-Majeure,
2090 2357 2124 2385 25
2139 2357 2244 2384 sevrier
2260 2356 2341 2385 1289.
2406 2350 2421 2379 ί

1439 2409 1565 2449 Arnaldo
1590 2421 1624 2447 de
1647 2420 1819 2446 Blancat'orti
1845 2420 1978 2446 concedit
2002 2423 2034 2446 ut
2055 2419 2244 2447 hereditatem
2268 2410 2424 2460 quondan&

1404 2471 1522 2498 Arnaldi
1538 2470 1572 2496 de
1585 2468 1767 2505 Blancasorti.
1785 2470 1877 2503 patrui
1896 2470 1970 2502 ejus.
1988 2469 2035 2496 cui
2052 2468 2119 2496 olim
2134 2468 2289 2496 haereseos
2303 2465 2421 2522 crimel't'x'*

1402 2521 1510 2548 illatum
1527 2523 1580 2550 est,
1600 2519 1727 2545 detinere
1739 2518 1839 2545 valeat.
1852 2518 1935 2551 (Rae.
1954 2518 1997 2550 44,
2014 2526 2042 2545 0.
2058 2517 2101 2552 16,
2119 2517 2139 2545 f.
2160 2518 2211 2545 110
2226 2523 2272 2550 νος
2288 2516 2356 2544 Lar.
2372 2514 2422 2560 ”¹²²2

1403 2569 1500 2599 Tuam.
1519 2568 1557 2600 ΙΙ,
1575 2569 1611 2599 7.)
2396 2568 2414 2594 ³1

1444 2659 1553 2687 Dilecto
1568 2656 1632 2695 filio
1651 2656 1802 2691 Ανηαίάο,
1819 2655 1975 2685 domicello
1987 2679 1994 2693 ,
2011 2656 2075 2693 filio
2091 2661 2118 2686 et
2136 2655 2240 2685 heredi
2258 2655 2421 2701 quondan&¹

1403 2711 1485 2740 Petri
1502 2710 1666 2739 Rei-tranat
1686 2710 1720 2738 de
1740 2709 1928 2746 Βίαησαῐονιί
1942 2733 1948 2746 ,
1965 2709 2076 2738 militis
2089 2732 2096 2746 ‚
2111 2709 2297 2746 Ayennensis
2315 2702 2414 2747 &⁰⁶⁶⁴ss

1401 2766 1454 2794 sis.
1474 2776 1487 2791 α
1510 2764 1549 2793 In
1575 2766 1682 2792 nostra
1707 2762 1897 2802 proposuisti
1927 2761 2088 2801 presentia
2113 2761 2305 2792 constitutus
2328 2751 2414 2800 quodi

1401 2818 1479 2849 olim
1506 2816 1700 2848 Guillelmus
1730 2815 1889 2846 Bernardi
1923 2815 2087 2855 Aquensis
2117 2818 2148 2846 et
2174 2815 2342 2846 Johannes
2373 2812 2413 2853 de„

1402 2870 1517 2901 Sancto
1541 2869 1731 2906 Benedicto,
1758 2869 1881 2900 ordinis
1900 2869 2036 2899 fratrum
2055 2868 2312 2908 predicatorum,
2336 2870 2413 2901 tunm

1401 2923 1609 2962 inquisitores
1633 2922 1774 2953 heretice
1800 2923 1964 2962 pravitatis
1987 2923 2020 2952 in
2046 2921 2250 2953 comitatibus
2268 2925 2299 2952 et
2321 2920 2415 2962 terrina

1401 2976 1563 3016 quondam
1578 2975 1704 3006 All'onsi
1722 2975 1921 3006 Pictavensis
1936 2980 1966 3005 et
1979 2974 2152 3006 Tholosani
2165 2974 2290 3005 comitis
2305 2982 2324 3004 a
2339 2971 2411 3005 sedo

1401 3028 1570 3069 apostolica
1585 3029 1740 3068 deputati,
1754 3033 1932 3061 asserentes
1948 3028 2032 3068 quod
2043 3027 2178 3058 inlibris
2194 3025 2409 3066 inquisitionis

1402 3083 1587 3114 auctoritate
1603 3081 1773 3122 apostolica
1788 3091 1883 3122 super
1897 3082 2046 3113 hereseos
2062 3081 2199 3113 crimine
2214 3081 2295 3112 facte
2311 3087 2407 3120 gene-
