2477 3637
207 343 263 374 332
956 333 1193 365 REGISTRES
1215 332 1270 363 DE
1292 331 1476 362 NICOLAS
1497 332 1539 361 IV

207 409 341 439 nitatem
359 408 389 437 iu
410 405 598 436 Ebur-acensi
621 403 753 433 ecelesia
771 406 911 431 reservat
931 409 1068 440 cumque
1092 409 1129 430 eo
1145 400 1212 429 dis-

206 465 317 501 pensat.
349 464 383 490 ut
418 459 447 489 id
478 457 669 488 beneficium
704 464 768 485 una
796 463 867 485 cum
906 454 944 483 de
979 454 1210 492 Waddington‚

206 512 454 544 Lincolniensis.
477 509 653 543 intitulata,
679 512 708 538 et
736 508 774 538 de
800 507 974 546 Creystok,
999 506 1213 538 Carleolensis

206 567 416 599 dioecesium,
433 562 673 598 commendata,
691 561 848 596 ecclesiis⁷
868 560 1057 590 canonicatu
1075 565 1105 589 et
1123 568 1214 599 prae-

207 619 309 650 benda
327 619 359 648 in
385 616 574 647 Eboracensi
595 619 625 645 et
641 614 832 645 canonicatu
851 614 884 643 in
910 612 1146 643 Lichefeldensi
1162 621 1213 642 ec-

206 672 313 703 clesiis
328 671 386 701 sub
410 669 627 708 expectatione
643 667 824 706 prebendae
844 671 951 696 tenere
969 666 1076 705 possit.

247 737 260 752 ι
280 724 383 754 Habet
404 722 641 759 fidedignorum
660 721 830 751 assertio...
846 737 884 741 —
904 720 973 750 Dat.
994 719 1114 755 Rome,
1131 719 1215 758 apud

206 778 353 808 Sanctam
378 775 512 805 Mariam
538 775 710 813 Maiorem,
739 773 887 803 kalendis
909 772 1104 812 decembris,
1130 779 1216 802 anno

208 830 358 861 secundo.
383 842 396 856 ι

246 884 284 913 In
300 893 327 914 e.
346 892 389 914 m.
411 905 430 912 ..
451 881 664 912 Bathoniensi
683 885 713 910 et
729 879 888 910 Wellensi
905 884 935 909 et
953 903 972 908 ..
991 878 1116 908 Eliensi
1139 879 1217 917 epis-

206 938 292 976 copis
307 941 338 966 et
357 958 378 965 ..
397 935 494 965 electo
519 933 724 973 Lugdunensi
743 933 872 963 mandat
887 937 1056 972 quatenus,
1074 931 1216 970 praedic-

208 995 270 1020 tam
296 989 545 1019 reservationem
570 988 609 1017 ad
635 987 882 1026 archiepiscopi,
904 986 1016 1016 decani
1035 990 1066 1015 et
1087 985 1217 1024 capituli

208 1045 456 1076 Eboracensium
476 1044 624 1073 notitiam
645 1042 866 1082 producentes,
882 1042 993 1072 eadem
1011 1046 1217 1080 personatum

208 1098 257 1129 vel
275 1098 465 1137 dignitatem
480 1097 621 1127 Gerardo
645 1100 807 1126 reservent
822 1100 877 1126 aut
897 1095 1076 1126 conferant.
1096 1095 1166 1124 Dat.
1185 1099 1219 1124 ut

208 1160 314 1190 supra.

247 1332 266 1358 1
277 1330 404 1359 7924
414 1330 500 1359 ¹⁷98
520 1328 872 1362 Sainte-Marie-MaJeure,
890 1328 928 1354 1⁶¹·
938 1327 1090 1354 decembre
1104 1327 1182 1354 1289.

244 1392 362 1418 Collatio
386 1391 517 1417 beneficii
535 1395 563 1417 et
582 1390 761 1425 dispensatio
777 1398 865 1424 super
882 1390 1042 1424 pluralitate
1063 1389 1219 1415 beneficio-

208 1449 280 1467 rum.
299 1441 381 1473 (lim.
400 1441 441 1470 lili,
464 1447 489 1466 c.
508 1439 581 1473 673²,
598 1438 616 1464 f.
635 1438 685 1465 ⁴262
704 1438 754 1472 νο.)

248 1543 409 1572 Gnillelmo
426 1543 460 1571 de
475 1542 642 1579 Estanayco
655 1564 663 1577 ,
680 1542 826 1570 canonico
842 1542 1047 1570 Lincolniensi
1061 1565 1066 1576 ,
1087 1541 1218 1570 canoni-

207 1601 314 1626 catum
331 1602 361 1625 et
377 1594 590 1634 praebendam
612 1595 644 1624 in
665 1594 886 1624 Lincolniensi
910 1593 1043 1624 ecclesia
1061 1598 1216 1630 reservat,

209 1658 348 1688 cumque
369 1657 405 1678 eo
425 1648 586 1686 dispensat
612 1652 646 1677 ut
666 1656 702 1677 ea
723 1656 796 1677 cum
815 1647 1056 1677 canonicatibus
1075 1652 1106 1677 et
1129 1656 1218 1686 prae-

208 1702 321 1732 bendis
341 1702 374 1730 in
402 1700 560 1730 Wellensi
588 1705 618 1730 et
643 1700 753 1731 Sancti
780 1701 924 1730 Mauritii
949 1701 988 1731 de
1012 1700 1218 1738 Lamkadok,

211 1754 416 1785 Menovensis
441 1754 607 1791 dioecesis,
626 1754 782 1791 ecclesiis,
801 1753 936 1784 ecclesia
952 1754 990 1784 de
1006 1754 1218 1791 Grenestede,

208 1808 414 1838 cicestrensis
430 1808 601 1843 dioecesis,
619 1811 650 1836 et
665 1807 798 1837 ecclesia
814 1807 1006 1846 parrochiali
1027 1808 1066 1838 de
1088 1808 1221 1847 Lampa-

209 1862 350 1898 danaur,
376 1861 577 1899 praebendae
608 1860 718 1891 Sancti
749 1861 890 1890 Mani-itii
918 1870 1061 1897 annexa,
1081 1862 1221 1892 retinere

212 1915 323 1944 valeat.

252 1979 265 1994 ι
285 1967 387 1997 Habet
404 1966 642 2004 fidedignornm
662 1967 833 1998 assertio...
861 1983 901 1990 —
926 1968 997 1997 Dat.
1023 1972 1057 1998 ut
1076 1977 1181 2007 snpra.
1205 1979 1219 1995 »

254 2021 287 2049 ln
308 2029 334 2050 e.
354 2029 396 2049 m.
416 2044 434 2049 ..
454 2019 666 2049 Bathoniensi
682 2024 712 2050 ct
727 2020 887 2050 Wellensi
903 2021 1066 2060 episcopo,
1087 2045 1105 2052 ..
1123 2021 1222 2052 electo

212 2073 421 2112 Lugdunensi
439 2078 468 2102 et
485 2095 505 2102 ..
522 2073 750 2103 archidiacono
767 2073 1024 2104 Itiehemundiae
1042 2074 1075 2104 in
1090 2074 1223 2105 ecclesia

212 2126 402 2156 Eboracensi
427 2126 558 2155 mandat
579 2130 611 2155 ut
630 2126 827 2165 praedictum
849 2127 1061 2157 Guillelmum
1085 2128 1119 2157 in
1146 2128 1222 2157 Lin-

210 2180 368 2210 colniensi
385 2179 516 2209 ecclesia
534 2179 634 2218 recipi
655 2180 771 2210 saciant
788 2181 821 2210 iu
837 2181 1029 2211 canonicum
1054 2185 1084 2211 et
1107 2182 1140 2211 in
1158 2181 1222 2211 fra-

213 2238 303 2263 trem.
324 2234 394 2263 Dat.
414 2239 447 2263 ut
468 2243 574 2273 supra.

252 2419 272 2446 Ι
282 2420 409 2448 ³299-ss
418 2420 506 2448 800
541 2420 887 2455 Sainte-Marie-Majeure,
899 2422 932 2448 ‘22
945 2422 1096 2448 decembre
1110 2422 1186 2451 1289.

248 2483 366 2510 Collatio
384 2484 515 2511 beneficii
531 2489 559 2511 et
575 2484 754 2520 dispensatio
776 2494 863 2521 super
884 2486 1043 2520 pluralitate
1066 2487 1223 2515 beneficio-

213 2541 286 2559 rum.
304 2532 387 2565 (Rea.
411 2534 453 2564 44,
471 2542 495 2560 c.
513 2534 574 2567 674,
592 2534 611 2560 f.
627 2534 680 2561 ‘263
697 2536 746 2567 νο.)

255 2635 381 2672 Radnlfo
407 2637 442 2665 de
465 2637 627 2672 Alamanc.
656 2638 800 2666 canonico
826 2637 998 2674 BaJocenst,
1028 2639 1141 2668 merito
1166 2639 1222 2676 P„

218 2688 399 2726 Bajocensis
434 2689 594 2727 episcopi,
626 2690 850 2720 canonicatum
880 2695 911 2721 et
941 2691 1155 2730 praebendam
1187 2692 1223 2722 in

221 2741 382 2778 Baioccnsi
400 2741 534 2771 ecclesia
557 2747 712 2779 reservat,
733 2752 870 2782 cumque
894 2752 931 2774 eo
950 2744 1114 2784 dispensat
1132 2750 1166 2775 ut
1187 2755 1224 2776 ea

219 2802 281 2822 una
296 2802 367 2822 cuni
391 2795 631 2824 canonicatibus
655 2800 686 2825 et
706 2796 895 2835 praebendis
918 2797 952 2826 in
981 2798 1179 2829 Lausanensi
1194 2804 1224 2830 et

217 2846 421 2876 Gebennensi
441 2848 599 2885 ecclesiis,
618 2848 750 2879 ecclesia
768 2850 806 2879 de
823 2850 1094 2891 Ystonacantelup
1111 2857 1141 2882 et
1164 2862 1222 2883 an-

219 2907 281 2927 nua
297 2900 448 2936 pensione
463 2901 495 2929 in
509 2901 641 2931 ecclesia
655 2902 693 2931 de
707 2902 891 2940 Wonsseus,
911 2904 1128 2935 Lausaneusis
1140 2906 1224 2937 dioe-

217 2951 309 2987 cesis,
330 2953 466 2983 retinere
484 2954 595 2985 valeat.

261 3016 272 3029 υ
304 3004 502 3035 Venerabilis
530 3008 623 3037 Frater
653 3014 793 3039 noster...
825 3027 861 3032 --
889 3011 957 3040 Dat.
989 3012 1107 3045 Rome.
1139 3013 1221 3052 apud

1295 399 1442 428 Sanctam
1466 398 1600 428 Mariam
1619 398 1791 437 Majorem,
1818 406 1846 426 xt
1864 396 2018 428 kalendas
2035 398 2196 437 Januarii,
2215 406 2300 429 anno

1295 450 1448 482 secundo.
1467 462 1480 477 ι

1335 505 1372 534 In
1386 514 1412 535 e.
1427 513 1470 534 m.
1490 526 1512 534 ..
1523 504 1621 534 electo
1631 507 1662 533 et
1680 503 1811 541 Hugoni
1826 502 1864 533 de
1880 501 2045 540 Cabilone,
2058 503 2210 534 canonico
2221 503 2303 542 Lug-

1296 557 1514 594 dunensibus,
1532 561 1562 587 et
1579 557 1732 595 magistro
1747 556 1891 587 Johanni
1913 556 1951 586 de
1972 556 2132 593 Reclusis,
2151 557 2303 588 canonico

1297 611 1448 642 ecclesiae
1464 610 1570 640 Sancti
1588 608 1729 649 Sepulcri
1747 609 1786 639 de
1804 608 1944 640 Cadomo
1959 633 1965 646 ,
1985 610 2167 649 Bajocensis
2183 610 2304 641 dioece-

1296 666 1352 703 sis,
1369 663 1498 694 mandat
1514 667 1547 694 ut
1563 662 1701 693 eundem
1718 662 1891 692 Radulsum
1909 663 1942 692 in
1960 662 2119 702 praedicta
2135 663 2303 702 Bajocensi

1297 718 1430 749 ecclesia
1453 717 1548 756 recipi
1574 717 1690 746 faciant
1713 716 1746 745 in
1773 716 1964 746 canonicum
1988 720 2018 746 et
2042 716 2071 746 ei
2091 706 2304 755 praebendam
2347 734 2355 756 3
2394 706 2395 712 ¹

1297 772 1464 803 conferant
1478 769 1528 801 vel
1545 773 1718 800 reservent.
1738 768 1809 798 Dat.
1828 773 1984 808 utsupra.
2347 766 2361 821 ’ἲ

2343 842 2365 964 ἦ
2417 816 2418 822 ψ

2347 966 2366 989 Q

1340 971 1359 998 ι
1368 969 1595 999 sol-1802
1607 968 1963 1004 Sainte-Marie-MaJeure.
1983 969 2014 996 13
2026 968 2181 996 decembre
2192 968 2274 997 ¹28⁹.

1336 1034 1455 1061 Collatio
1470 1033 1612 1060 beneficii.
1629 1032 1712 1067 (Rau.
1730 1032 1775 1064 44,
1791 1040 1817 1060 c.
1833 1032 1907 1064 6742.
1926 1032 1945 1058 t'.
1962 1031 2013 1059 263
2029 1033 2078 1065 Γᾶ.)

1342 1136 1439 1173 Petro,
1456 1141 1526 1165 ηαιο
1544 1135 1652 1165 nobilis
1669 1136 1730 1165 viri
1748 1135 1885 1164 Galcheri
1900 1134 1934 1163 de
1949 1134 2114 1171 Rupesorti,
2127 1134 2309 1164 vicecomitis

1302 1190 1509 1227 Garnolensz's,
1542 1190 1686 1219 canonico
1715 1189 1916 1226 Lz'nyonensi,
1949 1187 1988 1217 ad
2017 1187 2204 1217 instantiam
2244 1187 2308 1224 M..
2344 1215 2348 1218 .

1301 1243 1410 1273 Sancti
1436 1242 1600 1272 Laurentii
1629 1243 1662 1271 in
1690 1242 1827 1272 Damaso
1856 1240 2032 1280 presbyteri
2061 1240 2251 1278 cardinalis,
2280 1244 2311 1272 et
2340 1240 2342 1242 ’

1303 1295 1441 1331 Mariae,
1466 1295 1596 1325 relictae
1615 1295 1776 1334 quondam
1802 1294 1962 1333 Philippi,
1985 1294 2070 1332 regis
2092 1294 2309 1332 Francorum,

1301 1353 1504 1388 personatum
1523 1348 1574 1379 vel
1590 1349 1779 1387 dignitatem
1800 1349 1833 1378 in
1859 1348 2058 1386 Lingonensi
2082 1347 2216 1378 ecclesia
2235 1355 2310 1378 oon-

1301 1403 1403 1439 cedit,
1421 1411 1623 1442 quanquam,
1641 1403 1757 1441 viginti
1774 1411 1876 1433 annos
1896 1407 2001 1437 natus.
2019 1402 2164 1432 nondum
2180 1401 2220 1431 ad
2235 1401 2310 1440 legi-

1303 1457 1415 1486 timam
1433 1460 1570 1486 aetatem
1588 1455 1744 1494 pervenit.

1344 1523 1357 1537 «ι
1391 1510 1474 1546 Quia
1505 1509 1669 1539 nobilitate
1704 1510 1870 1547 generis...
1904 1525 1944 1532 ·-
1972 1509 2042 1538 Dat.
2075 1509 2197 1544 Rome,
2227 1501 2338 1548 apud'

1303 1564 1452 1594 Sanctam
1488 1563 1623 1592 Mariam
1656 1563 1805 1600 Majoretn
1819 1586 1826 1599 ,
1856 1562 1964 1592 idibus
1995 1561 2193 1598 decembris.
2225 1569 2311 1592 anno

1302 1617 1450 1647 secundo.
1471 1629 1484 1643 ι

1342 1671 1382 1700 In
1398 1679 1425 1700 e.
1443 1679 1488 1700 m.
1506 1693 1526 1699 ..
1549 1669 1668 1700 decano
1685 1669 1959 1707 Autisiodorensi,
1985 1693 2005 1699 ..
2029 1669 2184 1708 capicerio
2204 1668 2309 1699 Picta-

1304 1724 1394 1754 vensi
1422 1728 1453 1754 et
1484 1747 1502 1753 ..
1538 1723 1668 1754 officiali
1706 1722 1958 1753 Cathalaunensi
1990 1722 2122 1752 mandat
2153 1726 2311 1761 quatenus

1303 1777 1442 1807 eundem
1462 1778 1593 1807 Petrum
1610 1777 1644 1806 in
1663 1776 1857 1815 corporalem
1877 1776 2108 1815 possessionem
2126 1779 2312 1815 personatus
2343 1805 2345 1808 .

1304 1831 1354 1861 vel
1369 1831 1535 1869 dignitatis
1549 1830 1582 1860 in
1600 1829 1733 1860 ecclesia
1752 1828 1948 1867 Lingonensi
1966 1829 2130 1859 inducant.

1346 1895 1359 1910 ι
1377 1882 1459 1918 Quia
1471 1881 1606 1911 dilectus
1623 1880 1747 1911 filins...
1765 1896 1803 1902 —
1818 1880 1891 1910 Dat.
1911 1884 2066 1918 utsupra.
2085 1891 2098 1907 ι

2464 1613 2475 1633 Ξ
2464 1503 2477 1579 Ε.Ε
2465 1386 2477 1470 mst-

1346 2061 1597 2091 1803-1808
1630 2060 1990 2094 Sainte-Marie-Majeure‚
2003 2059 2018 2087 3
2030 2059 2182 2086 decembre
2196 2058 2276 2087 1289.
2302 2063 2307 2075 ¹
2337 2053 2342 2062 '

1341 2124 1548 2159 Indulgentiae.
1565 2124 1648 2157 (Rso.
1672 2124 1715 2152 44,
1732 2131 1758 2149 c.
1776 2123 1836 2156 675,
1853 2123 1872 2149 f.
1889 2122 1940 2149 263
1957 2128 2000 2156 r⁰;
2018 2121 2135 2153 ΡοττΗ..
2147 2121 2260 2154 23130.)

1349 2252 1368 2258 ..
1386 2229 1560 2266 quardiano
1579 2233 1604 2257 et
1621 2227 1771 2263 fratribus
1793 2226 1900 2255 domus
1918 2226 2037 2255 ordinis
2053 2227 2191 2262 fratrum
2211 2225 2312 2254 mino·
2332 2227 2336 2231 ’

1305 2290 1377 2311 rum
1398 2282 1433 2310 de
1463 2281 1688 2314 Valtamonita,
1717 2280 1884 2309 Brt'xiensis
1910 2277 2045 2309 diocesis.
2072 2276 2330 2316 Indulgentiam'

1305 2338 1403 2367 unius
1418 2335 1496 2365 anni
1512 2339 1542 2365 et
1554 2344 1591 2365 xi.
1607 2335 1731 2364 dierum
1745 2334 1891 2365 concedit
1906 2334 1952 2364 eis
1969 2334 2024 2373 qni
2041 2333 2208 2364 ecclesiam
2226 2338 2332 2372 prae-'¹

1305 2391 1406 2420 dictae
1421 2390 1535 2420 domus
1546 2389 1580 2418 in
1598 2393 1780 2418 sanctorum
1797 2387 1957 2417 Francisci
1973 2391 2002 2417 et
2018 2386 2171 2422 Antonii,
2186 2387 2326 2421 sanctae',

1305 2443 1416 2474 Clarae
1434 2446 1464 2473 et
1484 2441 1585 2472 sancti
1611 2441 1697 2471 Petri
1719 2440 1851 2479 apostoli
1877 2440 2104 2470 festivitatibus
2125 2443 2156 2470 et
2173 2446 2228 2479 per
2243 2441 2318 2470 octo*

1305 2496 1372 2526 dies
1388 2499 1557 2534 sequentes
1577 2494 1786 2524 visitaverint.
2270 2486 2273 2490 ’

1347 2561 1361 2577 «
1380 2550 1467 2579 Licet
1482 2549 1508 2578 is
1524 2548 1600 2579 de...
1624 2565 1662 2569 —
1680 2548 1751 2578 Dat.
1769 2548 1872 2578 Rome
1897 2550 1930 2577 ut
1947 2555 2043 2586 supra
2055 2570 2063 2584 ‚
2087 2555 2122 2576 111
2139 2553 2241 2576 nonas
2255 2544 2310 2576 de·
2334 2565 2339 2582 .

1305 2603 1460 2638 cembris‚
1478 2610 1564 2631 anno
1580 2601 1730 2631 secundo.
1751 2613 1764 2628 n

1346 2657 1383 2686 ln
1401 2665 1428 2685 e.
1446 2664 1490 2686 m.
1507 2677 1527 2685 ..
1545 2654 1721 2692 guardiano
1739 2657 1768 2684 et
1786 2653 1937 2683 fratribus
1951 2652 2077 2683 ordinis
2094 2652 2255 2682 minorum
2273 2649 2331 2693 (ἱείς

1306 2710 1478 2747 Gai-gnano
1493 2732 1501 2746 ‚
1524 2708 1699 2738 Brixiensis
1719 2707 1883 2738 dioecesis.
1910 2706 2053 2736 Eandem
2075 2704 2331 2744 indulgentiamff.

1305 2762 1449 2793 concedit
1463 2770 1518 2800 pro
1537 2761 1770 2800 praedictorum
1788 2760 1923 2789 fratrum
1943 2758 2088 2796 ecclesia,
2105 2759 2140 2788 in
2156 2758 2311 2789 honorem

1306 2816 1415 2847 Sancti
1431 2814 1592 2845 Francisci
1608 2817 1789 2844 constructa
1805 2812 1957 2852 (Pomm,
1976 2811 2099 2851 23129).
2332 2799 2333 2809 ¹

2319 2484 2326 2499 Ι

1566 2893 1929 2929 Sainte-Marie-Majenre,
1948 2894 1976 2920 1⁶2
1993 2893 2145 2920 decembre
2163 2891 2240 2919 ¹289.

1347 2960 1383 2991 In
1403 2969 1430 2989 e.
1448 2967 1492 2988 m.
1509 2981 1528 2987 ..
1547 2957 1692 2996 episcopo
1704 2961 1733 2987 et
1748 2955 1885 2995 capitulo
1901 2954 2152 2994 Agathensibus.
2168 2952 2308 2990 Eandem
2366 2963 2371 2972 ·

1306 3013 1472 3044 ecclesiam
1494 3011 1638 3042 concedit
1665 3019 1720 3049 pro
1745 3010 1922 3049 Agathensi
1942 3008 2088 3045 ecclesia,
2108 3007 2215 3038 Sancti
2241 3005 2321 3037 stem
2361 3023 2364 3026 -
