2342 3652
931 372 1163 410 TROISIEME
1185 367 1341 407 ANNE'E.
2124 371 2181 401 599

86 451 190 482 rensis
203 451 368 487 dioecesis,
384 450 516 479 mandat
529 455 563 479 ut
578 450 753 488 praedictas
767 449 857 479 mille
874 448 973 478 libras
989 446 1092 476 eidem

86 503 230 535 Johanni
248 503 372 540 integre
388 503 482 531 annis
499 502 638 540 singulis
657 503 802 532 exhiberi
821 502 948 532 faciant.

130 570 145 584 «
170 557 279 595 Nuper
299 555 406 585 dilecti
426 555 522 584 filii...
545 573 582 577 —
606 556 677 585 Dat.
704 556 787 594 apud
812 555 1092 589 Urbemveterem,

89 620 153 641 xvn
168 609 322 640 kalendas
337 609 494 647 januarii,
512 617 598 639 anno
618 609 720 639 tertio.
742 621 754 635 1,

159 768 278 797 4059

129 830 228 864 Petro,
245 829 343 856 Sancti
365 828 453 855 Marci
475 829 643 863 presbytero
664 829 811 860 cardinali,
830 837 927 855 curam
950 832 978 854 et
998 828 1098 854 desen-

92 879 202 906 sionem
227 878 309 913 primi
335 882 363 904 et
384 877 505 904 secundi
526 877 657 903 ordinum
684 877 906 904 Humiliatorum
933 876 1095 904 committit.

93 927 176 962 (ΗΕΘ.
193 927 236 961 45,
253 936 279 954 e.
295 927 357 961 681,
373 927 392 953 f.
411 926 461 953 139
477 932 517 959 1¹⁰3
536 925 653 955 porra,
671 926 780 958 23549.)

625 766 755 797 Orvieto,
774 766 803 792 31
818 767 930 800 janvier
946 765 1023 793 1291.

131 1030 230 1066 Petro,
244 1030 328 1059 tituli
342 1029 447 1059 Sancti
462 1028 556 1057 Marci
568 1028 738 1065 presbytero
752 1028 918 1057 cardinali.

135 1095 148 1110 α
168 1083 215 1112 De
236 1082 521 1121 circumspectione
543 1090 616 1110 ac...
639 1098 675 1103 —
697 1081 768 1110 Dat.
789 1081 872 1119 apud
891 1082 1099 1111 Urbemvete-

91 1144 173 1170 rem,
194 1145 215 1165 11
232 1135 385 1165 kalendas
401 1134 561 1169 februarii,
579 1142 665 1164 anno
682 1134 784 1164 tertio.
808 1146 820 1160 ι,

162 1294 285 1323 4060

129 1357 212 1384 Prior
227 1357 393 1384 monasterii
414 1356 512 1383 Sancti
533 1355 638 1381 Felicis
659 1355 882 1385 Guissellensis,
902 1354 1102 1381 Gerundensis

94 1406 246 1440 dioecesis,
264 1406 356 1433 eidem
372 1405 546 1432 monasterio
562 1405 651 1431 abbas
662 1404 835 1438 praeficitur.
850 1404 930 1434 (Rae.
946 1404 988 1434 45,
1001 1412 1026 1429 c.
1040 1403 1101 1433 68⁶2.

94 1455 114 1483 f.
133 1455 183 1483 139
198 1457 244 1488 r0.)

654 1293 781 1324 Orviet.o‚
798 1293 813 1318 2
830 1292 934 1318 fevrier
951 1293 1028 1319 1291.

141 1557 310 1587 Venerabili
323 1557 420 1593 fratri
435 1578 455 1585 ..
470 1556 602 1593 episcopo
619 1555 818 1584 Gerundensi.
833 1555 963 1584 Dudum
979 1562 1105 1584 monas-

98 1611 179 1642 terio
197 1610 306 1640 Sancti
328 1608 445 1639 Felicis
466 1607 696 1643 Guissellensi,
720 1607 843 1637 ordinis
864 1608 896 1637 S.
921 1607 1103 1643 Benedicti,

99 1663 320 1695 Gerundensis
343 1662 512 1698 dioecesis,
539 1671 595 1700 per
617 1661 739 1691 obitum
762 1660 934 1690 Girleberti
959 1665 1103 1698 vacante,

99 1717 187 1756 prior
199 1720 230 1746 et
244 1719 432 1753 conventus,
447 1717 515 1753 post
529 1714 690 1744 obtentam
708 1723 726 1744 a
739 1714 784 1750 J.,
803 1714 887 1743 tituli
905 1714 1037 1744 Sanctae
1051 1714 1107 1743 Ce-

100 1770 193 1801 ciliae
209 1769 395 1809 presbytero
414 1768 582 1805 cardinali,
601 1772 677 1797 tunc
693 1767 726 1796 in
744 1767 885 1806 partibus
901 1767 965 1796 illis
983 1771 1105 1805 aposto-

101 1823 180 1853 licae
203 1822 288 1852 sedis
311 1822 430 1860 legato,
457 1820 690 1851 absolutionem
715 1820 1056 1858 excommunicationis
1079 1824 1108 1849 et

102 1875 265 1906 interdicti
280 1875 355 1905 olim
373 1884 429 1913 per
444 1874 553 1904 sedem
566 1873 769 1913 apostolicam
784 1874 819 1902 in
834 1882 985 1912 personas
997 1878 1027 1902 et
1041 1873 1108 1903 loca

101 1930 260 1960 dictarum
276 1929 414 1968 partium
428 1927 714 1967 promulgatorum,
732 1927 937 1966 procedentes
954 1936 1008 1966 per
1024 1927 1109 1955 viam

102 1983 336 2022 compromissi,
353 1983 448 2012 Petro
464 1982 503 2011 de
522 1981 738 2018 Pontonibus,
756 1981 983 2011 archidiacono
1001 1980 1108 2009 Bisul-

102 2037 189 2066 duno
212 2036 246 2065 in
273 2036 405 2066 ecclesia
430 2035 649 2071 Gerundensi,
676 2039 860 2073 potestatem
886 2037 1111 2063 concesserunt

103 2089 292 2129 providendi
313 2089 373 2127 ipsi
399 2089 592 2119 monasterio
615 2088 653 2118 de
677 2088 801 2118 abbate.
827 2088 991 2117 Praefatus
1014 2088 1111 2124 igitur

103 2143 349 2173 archidiaconus
372 2143 570 2181 praedictum
588 2143 727 2181 priorem
748 2141 861 2179 elegit,
884 2141 1111 2179 episcopusque

103 2197 336 2234 Gerundensis,
354 2197 393 2226 ab
409 2196 530 2226 eisdem
548 2195 718 2226 sententiis
731 2196 902 2231 absolutus,
923 2195 1110 2224 electionem

104 2250 317 2280 confirmavit.
332 2250 413 2280 Cum
430 2258 504 2279 vero
522 2249 654 2289 praefati
670 2249 755 2288 prior
771 2253 800 2278 et
816 2253 992 2278 conventus
1006 2252 1112 2286 postea

103 2303 286 2334 audiverint
315 2303 424 2333 sedem
450 2303 655 2342 apostolicam
682 2303 880 2342 provisiones
905 2301 1112 2331 ecclesiarum

107 2361 138 2387 et
153 2357 421 2387 monasteriorum
438 2357 576 2395 partium
595 2356 827 2395 praedictarum
845 2355 906 2384 sibi
924 2364 1111 2391 reservasse,

107 2419 163 2449 per
177 2409 335 2439 Thomam
351 2410 390 2439 de
406 2410 511 2445 Serra,
530 2409 699 2448 prioralem
716 2408 932 2445 claustralem,
954 2407 1114 2447 supplica-

107 2466 224 2492 verunt
242 2466 276 2491 ut
301 2461 390 2491 sedes
414 2461 585 2500 apostolica
605 2470 699 2500 super
715 2461 774 2492 hoc
790 2461 982 2500 provideret.
1004 2460 1114 2498 ltaque

108 2524 188 2554 papa
199 2538 219 2545 ..
231 2515 375 2554 episcopo
385 2514 589 2545 Gerundensi
598 2515 729 2545 mandat
741 2519 774 2545 ut
785 2514 961 2554 praefatum
974 2514 1113 2552 priorem

109 2568 212 2598 eidem
230 2569 423 2598 monasterio
437 2568 610 2606 praeficiat.

150 2633 164 2649 α
188 2622 336 2661 Exposita
358 2621 449 2651 nobis
473 2620 701 2651 dilectorum...
722 2638 761 2643 —-
782 2621 854 2650 Dat.
878 2620 960 2658 apud
980 2619 1115 2650 Urbem-

109 2679 260 2711 veterem‚
278 2684 323 2704 1111
341 2683 442 2704 nonas
458 2674 622 2710 februarii,
639 2682 725 2704 anno
741 2674 841 2703 tertio.
862 2685 875 2700 r»

180 2834 269 2862 406
275 2834 294 2861 Ι

147 2895 298 2923 Guillelma
320 2896 354 2922 de
377 2896 513 2929 Queralto
536 2896 710 2923 monasterio
735 2895 832 2922 Sancti
859 2895 933 2921 Petri
960 2893 1119 2920 Barchino-

113 2945 195 2972 nensi
217 2945 388 2980 praeficitur.
405 2944 486 2979 (Rae.
504 2945 549 2979 45,
570 2953 595 2972 c.
613 2944 687 2976 682²,
704 2944 724 2970 f.
743 2944 792 2971 139
809 2951 838 2969 νο
853 2955 858 2975 ;
876 2943 992 2974 ΡοΤτΗ.,
1010 2941 1118 2974 23538.)

649 2833 775 2863 Orvieto,
793 2833 826 2859 ‘28
840 2833 953 2867 Janvicr
970 2832 1045 2858 1291.

158 3071 177 3077 ..
192 3049 292 3086 priori
310 3048 535 3087 predicatorum
553 3053 578 3077 ει
592 3070 610 3077 ..
624 3047 796 3084 ,quantiano
812 3046 970 3075 minorum
983 3046 1120 3080 fratrum

1178 445 1323 473 ordinum
1355 443 1648 473 Barchinonensibus
1678 441 1807 470 mandat
1841 444 1875 470 ut
1902 438 2108 469 Guillelmam
2142 437 2182 467 de

1177 497 1346 533 Queralto,
1368 497 1551 534 priorissam
1568 494 1753 525 monasterii
1772 494 1878 523 Sancti
1898 493 1983 522 Petri
2002 491 2179 522 Barchino-

1179 550 1305 587 nensis,
1323 550 1361 579 ad
1377 558 1544 579 romanam
1562 548 1728 578 ecclesiam
1746 547 1834 577 nullo
1851 546 1956 576 medio
1973 544 2181 584 pertinentis,

1177 603 1300 633 ordinis
1317 603 1348 633 S.
1366 602 1543 639 Benedicti,
1561 601 1665 631 eidem
1681 600 1874 630 monasterio
1887 599 2079 629 abbatissam
2096 606 2182 636 prae-

1178 657 1298 687 ficiant.

1221 723 1233 737 «
1255 710 1404 740 Exhibita
1426 710 1516 739 nobis
1539 708 1765 738 dilectarum...
1787 723 1827 730 —
1844 707 1916 736 Dat.
1938 706 2022 744 apud
2045 705 2183 736 Urbem-

1179 768 1330 799 veterem,
1347 772 1366 791 v
1383 762 1536 792 kalendas
1555 760 1720 797 februarii,
1741 768 1826 789 anno
1844 758 1946 789 tertio.
1967 771 1979 785 n

1250 939 1507 969 4062-4065

1216 1003 1406 1039 Raymundus
1438 1001 1611 1028 monasterio
1646 999 1857 1026 Pultheriarum
1891 999 1979 1024 abbas
2012 997 2185 1031 praeficitur.

1181 1053 1261 1088 (nm.
1279 1054 1322 1087 45,
1341 1061 1366 1079 c.
1383 1052 1444 1083 683,
1462 1052 1481 1077 f.
1499 1050 1548 1078 139
1564 1050 1616 1083 vu.)

1686 938 1815 968 Orvieto,
1833 937 1847 963 8
1864 936 2014 962 decembre
2035 935 2113 962 1290.

1220 1155 1410 1194 Raymundo,
1423 1154 1510 1182 electo
1522 1152 1702 1181 monasterii
1716 1151 1959 1185 Pultheressarmz,
1975 1150 2014 1177 ad
2026 1156 2188 1177 romanam

1181 1210 1330 1239 ecclesiam
1348 1207 1434 1236 nullo
1450 1206 1547 1235 medio
1560 1204 1751 1242 pertinentis,
1765 1204 1884 1231 ordinis
1899 1203 1928 1232 S.
1946 1202 2105 1237 Benedicti,
2122 1202 2189 1230 Lin-

1181 1261 1322 1300 yonensis
1343 1261 1477 1290 diocesis.
1498 1258 1629 1287 Dudum
1654 1256 1847 1286 monasterio
1869 1254 2109 1284 Pultheriarum
2134 1262 2189 1291 per

1183 1314 1341 1344 malitiam
1374 1313 1536 1351 quondam
1571 1310 1656 1340 Petri
1685 1309 1806 1339 abbatis
1840 1308 1993 1346 collapso,
2027 1307 2189 1337 Honorius
2206 1333 2208 1335 .

1185 1377 1263 1407 papa
1290 1367 1394 1396 IIII‘US
1421 1365 1589 1395 abhatibus
1616 1363 1725 1393 Sancti
1756 1362 1896 1399 Benigui
1927 1360 2132 1391 Divionensis
2160 1364 2190 1389 et

1186 1420 1374 1451 Reomensis
1392 1418 1662 1448 monasteriorum
1678 1416 1842 1445 mandavit
1859 1419 1892 1444 ut
1908 1414 2103 1453 praedic-tum
2124 1421 2188 1443 mo·

1185 1474 1361 1504 nasterium
1386 1472 1598 1510 corrigerent;
1619 1471 1717 1500 iidem
1741 1470 1839 1507 igitur
1861 1469 1987 1498 abbates
2013 1467 2189 1506 praefatum

1186 1528 1316 1557 Petrum
1330 1526 1369 1556 ab
1381 1526 1447 1564 ipso
1460 1524 1653 1554 monasterio
1666 1526 1856 1553 amoverunt
1869 1528 1898 1551 et
1911 1521 2082 1551 conventui
2095 1519 2190 1550 facul-

1188 1584 1283 1610 tatem
1304 1578 1444 1617 eligendi
1466 1577 1612 1607 abbatem
1638 1579 1873 1606 concesserunt.
1895 1575 1993 1605 Porro
2016 1577 2191 1604 conventus

1188 1633 1266 1671 ipse,
1280 1632 1313 1661 in
1329 1632 1413 1661 viam
1428 1629 1652 1668 compromissi
1666 1629 1855 1668 procedens,
1875 1627 2013 1657 Martino
2029 1626 2188 1662 sacristae,

1189 1685 1343 1716 Renaudo
1363 1685 1401 1714 de
1431 1684 1563 1722 Brione‚
1587 1682 1712 1712 Parisio
1735 1682 1773 1710 de
1799 1681 1904 1710 Jessia
1924 1685 1953 1709 et
1980 1680 2128 1709 Andreae
2154 1679 2192 1708 de

1189 1740 1304 1770 Sancto
1319 1738 1453 1773 Ciriaco,
1472 1736 1638 1766 monachis
1655 1735 1842 1765 monasterii
1860 1733 2118 1768 Pnhheriarum,
2138 1740 2190 1770 po-

1189 1797 1334 1822 testatem
1359 1789 1546 1830 providendi
1570 1789 1638 1828 ipso
1661 1787 1854 1818 monasterio
1876 1787 1913 1816 de
1933 1787 2044 1816 abbate
2062 1794 2194 1815 conces-

1190 1849 1311 1876 serunt.
1332 1844 1385 1874 Illi
1400 1846 1507 1874 autem
1527 1841 1799 1881 compromissarii
1818 1840 1974 1873 Tbomani
1995 1839 2033 1868 de
2049 1838 2173 1869 Vandis
2185 1862 2192 1875 ,

1191 1899 1334 1938 ejusdem
1351 1896 1538 1927 monasterii
1557 1895 1764 1930 monachum,
1783 1894 1959 1931 elegerunt,
1978 1892 2032 1922 sed
2048 1892 2196 1921 electioni

1192 1962 1224 1982 se
1240 1955 1417 1990 opponente
1434 1949 1594 1989 praedicto
1617 1949 1728 1985 Petro,
1750 1947 1934 1986 hujusmodi
1954 1946 2117 1983 negotium
2134 1945 2195 1974 Pe-

1192 2010 1250 2041 tro,
1268 2005 1377 2034 Sancti
1396 2003 1558 2033 Eustachii
1575 2002 1709 2031 diacono
1726 2001 1899 2032 cardinali,
1920 2009 1997 2037 papa
2015 1999 2194 2035 commisit3

1194 2058 1321 2088 tandem
1344 2061 1413 2095 post
1435 2056 1542 2094 plures
1562 2063 1750 2093 processus,
1773 2054 1932 2092 praefatus
1962 2053 2073 2081 Petrus
2093 2060 2195 2090 quon-

1192 2112 1265 2142 dam
1285 2111 1380 2140 abbas
1402 2110 1480 2140 obiit
1502 2114 1531 2139 et
1553 2109 1692 2138 Thomas
1715 2108 1861 2137 electioni
1880 2107 2055 2145 praedictae
2074 2114 2196 2134 renun-

1195 2164 1294 2194 tiavit.
1318 2164 1428 2201 Itaque
1451 2172 1529 2201 papa
1551 2162 1796 2199 Raymundum,
1816 2165 1891 2189 tnnc
1908 2160 2042 2197 priorem
2062 2158 2100 2187 de
2118 2157 2197 2187 Ala-

1194 2218 1302 2252 vardo,
1320 2216 1543 2246 Cluniacensis
1562 2215 1695 2251 ordinis,
1709 2213 2022 2251 Gratianopolitanae
2034 2211 2196 2247 dioecesis,

1194 2270 1388 2300 monasterio
1406 2269 1645 2298 Pultheriarnm
1665 2267 1819 2306 praeficit.

1237 2336 1249 2349 «
1274 2324 1360 2353 Licet
1379 2323 1418 2352 ad
1440 2323 1642 2351 universas...
1662 2339 1700 2343 —
1718 2321 1791 2350 Dat.
1809 2320 1892 2358 apud
1915 2320 2195 2354 Urbemveterem,

1195 2387 1226 2406 Vl
1248 2377 1320 2406 idus
1335 2375 1524 2411 decembris,
1541 2384 1626 2404 auno
1644 2375 1744 2404 tertio.
1762 2386 1774 2399 ι

1236 2432 1273 2460 111
1293 2439 1320 2460 e.
1338 2439 1381 2459 m.
1404 2429 1575 2459 conventui
1600 2428 1780 2458 monasterii
1808 2426 2047 2456 Pultheriarum
2069 2423 2200 2453 mandat

1197 2489 1231 2514 ut
1247 2483 1404 2522 praedicto
1422 2483 1519 2512 electo
1536 2482 1676 2511 debitam
1693 2481 1907 2510 obedientiam
1926 2479 2083 2517 praebeat.

1237 2538 1274 2567 In
1291 2546 1318 2567 e.
1340 2546 1382 2565 m.
1399 2536 1559 2565 universis
1579 2533 1723 2564 vassallis
1746 2533 1931 2563 monasterii
1947 2531 2198 2561 Pultheriarum.

1236 2590 1275 2619 In
1294 2599 1321 2619 e.
1340 2598 1384 2619 m.
1408 2611 1428 2619 ..
1448 2587 1683 2626 archiepiscopo
1702 2585 1883 2616 Senonensi
1903 2584 2033 2613 mandat
2057 2587 2089 2613 ut
2108 2591 2199 2621 prae-

1196 2644 1259 2673 fato
1275 2643 1372 2672 electo
1390 2650 1506 2671 munus
1522 2640 1767 2671 consecrationis
1784 2638 1960 2676 impendat.

1269 2821 1389 2850 4066

1236 2883 1419 2918 Dispensatio
1431 2890 1518 2916 super
1528 2881 1640 2907 defectu
1653 2880 1799 2907 natalium.
1812 2879 1895 2912 (Rae.
1906 2878 1948 2909 45,
1961 2878 2057 2908 eost,
2068 2877 2085 2903 f,
2098 2876 2145 2903 140
2155 2877 2203 2908 ro.)

1734 2817 1863 2847 Orvieto,
1883 2817 1914 2843 18
1927 2816 2037 2851 janvicr
2055 2814 2130 2842 1291.

1245 3010 1263 3015 ..
1287 2987 1419 3024 episcopo
1443 2984 1650 3014 Cameracensi
1676 2981 1807 3011 mandat
1833 2984 1867 3010 nt
1892 2989 1962 3010 cum
1990 2979 2139 3009 Johanne
2166 2978 2205 3008 de

1204 3040 1330 3075 Melim,
1355 3039 1554 3078 presbytero,
1584 3035 1823 3067 Cameracensis
1846 3033 2018 3069 dioecesis,
2043 3033 2207 3071 dispenset
