2477 3637
205 363 260 393 334
955 352 1191 384 REGISTRES
1214 353 1269 383 DE
1291 352 1474 383 NICOLAS
1499 353 1553 382 IV.

280 427 393 456 ¹8¹4
471 421 823 455 Saiiite-Marie-Majeure‚
841 420 872 446 *21
891 419 1043 447 decembre
1061 419 1137 447 1289.

242 489 426 525 Dispensatio
443 485 627 513 matrimonii.
646 484 729 516 (Rea.
749 484 791 512 44.
808 491 834 510 c.
851 483 918 515 680,
934 483 954 509 f.
970 482 1020 509 264
1037 483 1086 514 νῦ.)

254 591 417 620 Venerabili
430 589 526 625 fratri
547 609 566 616 ..
584 588 716 625 episcopo
732 586 891 615 sabinensi
906 585 1036 615 mandat
1054 589 1212 623 quatenus

205 654 277 674 cum
298 643 474 678 Autumno,
494 641 560 670 filio
584 639 705 670 Nicolai
721 638 902 674 Johannis,
922 642 953 667 et
972 636 1120 676 Philippa
1140 638 1210 667 An·-

207 697 268 735 geli
287 696 439 734 Dopuici,
459 694 583 723 civibus
602 693 766 727 Romanis,
787 692 948 730 dispenset
964 695 1008 725 ut,
1026 698 1210 730 quanquam

207 754 318 788 quarto
333 747 624 785 consanguinitatis
644 746 744 784 gradu
762 744 926 783 couJuucti
943 744 1026 780 sint,
1043 743 1080 773 ad
1097 743 1211 772 sedan-

206 802 261 832 das
277 801 462 831 iuimicitias
483 801 567 830 inter
585 799 801 838 progenitores
819 802 952 833 exortas,
970 796 1211 826 matrimonium

206 855 394 886 contrahere
412 854 547 884 valeant.

250 922 262 935 «ι
283 909 325 938 Ex
344 912 429 948 parte
443 907 586 938 dilecti...
606 906 728 936 ——Dat.
745 906 861 941 Rome,
875 904 958 943 apud
977 904 1125 934 Sanctam
1143 903 1211 932 Ma-

209 964 287 993 riam
314 963 484 1001 Majorem,
501 971 541 991 xu
561 960 714 991 kalendas
726 959 886 998 januarii,
905 966 991 987 anuo
1007 956 1156 987 secundo.
1177 966 1190 982 n

282 1123 400 1152 ¹815
487 1119 844 1153 Sainte-Marie-Majeure,
863 1118 877 1144 3
894 1116 1045 1144 decembre
1064 1115 1140 1142 1289.

244 1186 286 1212 De
310 1185 493 1212 contentione
518 1183 591 1209 inter
615 1182 803 1208 Leodiensem
829 1180 998 1215 episcopum
1023 1182 1051 1205 et
1074 1177 1212 1212 quasdam

208 1235 429 1261 communitates
446 1232 615 1259 Leodieusis
631 1230 784 1257 dioecesis,
797 1229 880 1262 (Res.
894 1229 936 1260 44,
950 1236 975 1254 c.
992 1228 1054 1257 681.
1071 1227 1090 1252 f.
1102 1226 1152 1252 264
1166 1226 1212 1258 νῦ.)

248 1337 366 1365 Πῐίεειίε
381 1336 456 1373 siliis
474 1356 492 1363 ..
511 1334 611 1363 abbati
622 1332 804 1361 monasterii
814 1331 920 1360 Sancte
935 1330 1076 1365 Genovefe
1086 1336 1120 1356 ac
1132 1350 1151 1357 ..
1166 1328 1213 1356 de-

207 1398 282 1419 cano
298 1395 322 1418 et
336 1411 355 1418 ..
373 1388 492 1417 cantori
508 1385 741 1416 Parisiensibus.
756 1396 769 1410 α
789 1383 906 1413 Dilecti
923 1382 981 1412 filii
993 1381 1129 1411 civitatis
1140 1381 1214 1410 Leo-

207 1442 327 1472 diensis
342 1446 373 1470 et
390 1439 566 1479 Hoyeusis,
588 1438 694 1468 Sancti
713 1437 873 1466 Trudonis
893 1440 923 1466 et
945 1433 1143 1472 Tungrensis
1161 1442 1213 1471 op-

208 1496 352 1535 pidorum
370 1504 424 1524 seu
444 1493 591 1523 villarum
611 1491 766 1529 magistri,
787 1490 922 1526 scabini,
937 1488 1046 1528 jurati,
1067 1486 1214 1518 consules

207 1555 237 1580 et
261 1548 506 1583 universitates,
534 1545 719 1576 Leodiensis
740 1543 896 1579 diocesis,
921 1542 1012 1572 nobis
1032 1540 1213 1579 significare

206 1607 360 1633 curarunt
382 1601 465 1641 quod
490 1599 684 1630 venerabilis
706 1598 803 1628 frater
829 1601 936 1627 noster
958 1596 1002 1631 J.,
1029 1593 1213 1625 Leodiensis

207 1642 382 1696 episcopus,
401 1657 454 1694 qui
472 1655 504 1684 iu
522 1654 648 1684 civitate
660 1661 697 1683 ac
713 1652 798 1682 villis
815 1651 943 1690 prefatis
955 1648 1213 1689 jurisdictionem

208 1710 414 1748 temporalem
433 1718 465 1738 se
482 1708 599 1738 habere
617 1705 792 1745 pretendit,
810 1705 848 1734 ad
869 1703 1056 1742 gravamina
1071 1702 1213 1741 ipsorum

206 1765 370 1803 aspirans,
395 1764 426 1792 in
447 1762 569 1801 syuodo
587 1769 684 1804 quam
703 1768 804 1798 nuper
828 1759 862 1788 in
889 1757 1057 1788 Leodiensi
1080 1755 1213 1786 ecclesia

177 1835 181 1837 λ
206 1818 381 1848 celebravit
396 1816 535 1855 quedam
557 1819 673 1844 statuta
687 1838 694 1850 ‚
711 1812 898 1843 auctoritate
914 1811 1058 1850 propria,
1075 1809 1114 1839 de
1131 1817 1212 1839 novo

206 1871 322 1907 edidit,
340 1880 394 1909 per
409 1878 470 1908 que
488 1868 667 1903 libertates,
684 1866 854 1901 srankitie,
871 1865 954 1903 jura,
974 1862 1152 1902 privilegia,
1170 1861 1214 1891 le-

205 1935 271 1963 ges,
290 1934 366 1954 usus
383 1928 413 1954 et
428 1921 675 1952 consuetudines
691 1918 874 1953 laudabilia,
889 1918 923 1947 in
937 1917 1062 1947 civitate
1078 1925 1114 1945 ac
1126 1915 1213 1954 oppi-

205 1980 253 2008 dis
270 1988 323 2007 seu
349 1977 434 2006 villis
456 1976 583 2015 prefatis
603 1975 685 2004 circa
704 1982 756 2003 eos
772 1977 926 2002 eteorum
948 1970 1087 2010 quelibet
1102 1969 1212 1999 obser-

206 2036 276 2060 vata
312 2029 575 2067 irrefragabiliter
607 2036 625 2057 a
657 2027 761 2063 longis
797 2025 960 2055 retroactis
997 2022 1190 2061 temporibus
1202 2044 1210 2058 ,

205 2086 418 2119 enervantur,
449 2082 588 2120 ipsisque
614 2079 807 2118 generaliter
829 2081 858 2108 et
887 2076 1093 2114 singulariter
1117 2083 1212 2113 grave

188 2136 409 2175 ‘dispendium
429 2136 542 2164 iminet
564 2138 593 2163 et
618 2132 830 2172 prejudicium
853 2135 1039 2168 generatur,
1064 2137 1122 2158 neo
1148 2127 1212 2157 hiis

205 2195 387 2226 contentus,
409 2190 442 2218 iu
459 2188 605 2223 civitate,
629 2186 754 2226 oppidis
770 2194 823 2215 seu
847 2183 932 2213 villis
958 2182 1085 2222 prefatis
1101 2185 1212 2211 contra

205 2244 365 2273 libertates
383 2247 412 2271 et
427 2241 489 2271 alia
507 2241 660 2279 premissa
676 2237 925 2269 consuetudines
943 2244 1038 2266 novas
1058 2235 1211 2264 iuducere

205 2303 233 2327 et
259 2297 303 2326 eis
326 2296 452 2326 diversa
467 2294 586 2324 inferre
605 2292 792 2331 gravamina
810 2300 865 2330 pro
886 2298 942 2319 sua
961 2289 1123 2319 voluntate
1140 2296 1211 2326 pre-

203 2351 312 2380 sumit.
330 2351 434 2386 Quare
453 2347 614 2385 magistri,
633 2345 771 2382 scabini,
791 2344 910 2383 jurati,
928 2341 1074 2373 eonsules
1090 2345 1120 2370 et
1136 2341 1210 2370 uni-

204 2405 368 2434 versitates
385 2401 517 2441 μειλίνη
542 2400 632 2430 nobis
650 2398 817 2429 humiliter
833 2396 1052 2436 supplicarunt
1069 2399 1119 2430 ut,
1137 2402 1210 2423 cum

203 2458 280 2496 ipsi,
301 2461 424 2496 propter
441 2454 613 2494 potentiam
632 2453 707 2482 dicti
727 2451 881 2490 episcopi,
901 2458 963 2479 nou
984 2448 1104 2487 possint
1120 2456 1210 2477 suam

203 2512 235 2540 iu
253 2511 316 2540 illis
336 2509 476 2548 partibus
492 2517 586 2546 super
607 2508 665 2536 hoc
681 2504 839 2544 justitiam
859 2503 1023 2538 obtinere,
1044 2500 1211 2540 providere

202 2565 278 2604 ipsis
294 2565 326 2593 iu
341 2563 399 2592 bac
415 2567 500 2601 parte
516 2561 553 2591 de
567 2559 766 2598 benignitate
783 2557 868 2587 sedis
883 2555 1053 2593 apostolice
1065 2554 1210 2591 dignare-

202 2627 274 2648 mur
289 2642 295 2653 ,
315 2617 466 2646 facientes
482 2615 527 2645 eis
544 2623 638 2652 super
660 2611 824 2651 premissis
841 2609 924 2649 apud
945 2608 1052 2638 sedem
1075 2606 1211 2637 eandem

201 2671 320 2710 justitie
340 2668 573 2708 plenitudinem
591 2666 747 2696 exhiberi.
767 2665 832 2695 Nos
849 2663 947 2702 igitur
960 2686 968 2699 ,
986 2661 1131 2692 nolentes
1149 2660 1210 2690 eis-

203 2726 273 2754 dem
293 2722 553 2753 universitatibus
567 2721 599 2750 iu
617 2728 674 2749 suo
686 2720 760 2758 jure
775 2718 897 2753 deesse,
911 2716 963 2754 qui
978 2723 1091 2745 sumus
1107 2714 1139 2743 iu
1154 2712 1210 2743 illo

203 2777 340 2814 siugulis
357 2776 511 2806 debitores
526 2798 532 2811 ,
551 2772 739 2803 discretioni
756 2775 878 2804 vestre,
898 2769 936 2798 de
955 2768 1122 2806 utriusque
1139 2775 1210 2804 par-

206 2832 244 2859 tis
261 2836 499 2868 procuratorum
516 2836 659 2859 assensu.
680 2834 736 2865 per
751 2823 922 2863 apostolica
937 2821 1052 2860 scripta
1068 2820 1210 2850 districte

205 2883 406 2922 precipiendo
428 2881 617 2910 mandamus
638 2884 818 2918 quatenus,
844 2875 986 2915 partibus
1004 2873 1088 2912 apud
1116 2872 1209 2902 Pari-

204 2945 269 2964 sius
290 2936 483 2967 convocatis,
501 2933 637 2963 audiatis
659 2940 786 2961 causam
804 2934 834 2959 et
850 2937 920 2959 eam
941 2927 1025 2957 iufra
1040 2935 1092 2955 sex
1118 2933 1210 2955 men-

204 2991 287 3019 sium
305 2989 440 3027 spatium
460 2992 526 3026 post
553 2986 766 3024 receptionem
784 2982 981 3022 presentium
999 2979 1120 3020 judicio
1140 2978 1207 3015 vel,

207 3043 233 3072 si
259 3042 296 3071 de
315 3042 450 3079 partium
470 3041 607 3078 ipsarum
625 3038 788 3068 voluntate
812 3034 1015 3075 processerit,
1041 3031 1210 3063 concordia

1291 419 1466 448 terminare
1478 419 1605 449 curetis.
1627 418 1791 448 Facientes
1803 418 1887 458 quod
1903 419 2108 450 decreveritis
2123 429 2177 460 per
2188 429 2298 451 ceusu-

1292 481 1360 502 ram
1378 471 1625 502 ecclesiasticam
1645 472 1780 502 firmiter
1796 472 1970 502 observari.
1988 473 2097 503 Testes
2114 479 2222 504 autem
2239 478 2296 505 etc.

1293 525 1365 556 Non
1381 525 1526 555 obstante
1538 525 1764 555 constitutione
1779 526 1818 555 de
1833 525 1957 556 duabus
1973 526 2068 556 dietis
2078 528 2162 557 edita
2177 528 2209 557 in
2227 536 2300 558 con-

1292 578 1367 609 cilio
1382 578 1536 617 generali.
1557 579 1711 618 Alioquin
1735 588 1863 609 causam
1881 580 1982 618 ipsam
2002 589 2036 610 ex
2059 587 2144 618 tuuc,
2165 581 2300 612 instruo-

1294 637 1357 662 tam
1369 632 1416 662 vel
1428 641 1489 662 uon
1502 633 1703 668 instructam,
1716 633 1883 662 remittatis
1894 634 1932 663 ad
1946 634 2044 672 ipsius
2057 634 2140 664 sedis
2153 643 2297 673 examen,

1294 687 1413 726 prefixo
1430 686 1548 715 eisdem
1568 686 1708 725 partibus
1725 686 1863 717 termino
1877 688 2090 726 peremptorio
2107 688 2300 727 competenti

1293 748 1367 779 quo,
1382 748 1453 769 cum
1471 739 1621 770 omnibus
1637 740 1725 775 actis,
1738 739 1866 778 juribus
1883 745 1913 769 et
1929 741 2142 771 munimentis
2157 741 2222 771 suis
2235 741 2300 772 dic·

1295 797 1357 822 tam
1374 802 1503 822 causam
1521 793 1804 831 contingentibus,
1824 802 1878 832 per
1896 803 1928 823 se
1947 794 1995 824 vel
2013 803 2069 833 per
2086 799 2300 833 procuratores

1293 846 1446 885 ydoneos,
1466 845 1636 885 apostolico
1651 855 1683 875 se
1697 847 1879 885 conspectui
1898 852 2125 885 representem,
2140 848 2259 878 facture
2271 852 2302 879 et

1295 904 1458 938 receptura
1479 908 1574 938 super
1598 899 1658 929 hoc
1675 899 1758 938 quod
1782 900 1908 938 justitia
1932 900 2087 930 suadebit.
2112 901 2205 931 Diem
2228 909 2302 933 vero

1295 952 1495 982 remissionis
1521 958 1551 981 et
1570 953 1752 991 prelixionis
1772 952 1957 991 hujusmodi
1981 958 2011 983 et
2037 953 2188 993 quicquid
2208 963 2302 994 supet·

1295 1005 1355 1035 hoo
1376 1005 1529 1034 duxeritis
1552 1005 1733 1034 faciendum
1763 1006 1855 1036 uobis
1882 1015 1935 1045 per
1961 1010 2080 1036 vestras
2103 1006 2223 1036 litteras
2247 1006 2302 1037 ha-

1295 1067 1366 1088 rum
1377 1058 1492 1088 seriem
1504 1058 1705 1088 continentes
1717 1059 1870 1088 studeatis
1885 1059 2022 1089 fideliter
2033 1059 2198 1090 intimare.
2210 1059 2302 1096 Quod

1295 1112 1321 1140 si
1345 1120 1409 1141 non
1429 1120 1541 1142 omnes
1562 1116 1620 1142 etc.
1641 1112 1704 1142 duo
1727 1116 1867 1142 vestrum
1893 1117 1951 1142 etc.
1976 1113 2047 1142 Dat,
2074 1110 2191 1150 tt'ome,
2219 1113 2302 1152 apud

1295 1164 1445 1194 Sanctam
1464 1165 1598 1194 Mariam
1624 1165 1796 1204 Majorem,
1823 1174 1855 1194 ιιι
1881 1174 1980 1195 nouas
1998 1165 2194 1202 decembris,
2217 1173 2302 1196 anuo

1295 1218 1445 1249 secundo.
1465 1230 1479 1245 »

1370 1376 1486 1405 {818

1331 1438 1374 1465 De
1400 1440 1467 1474 jure
1493 1440 1667 1467 visitationis
1690 1440 1718 1467 in
1744 1441 1911 1467 monialium
1930 1441 2125 1468 monasteriis.
2151 1441 2235 1476 (Rea.
2257 1440 2302 1475 44,

1295 1497 1320 1515 c.
1343 1487 1405 1520 682,
1424 1488 1442 1514 f.
1460 1488 1511 1515 264
1528 1494 1568 1520 r⁰;
1588 1488 1704 1523 Po’r'rfl„
1721 1490 1831 1523 23133.)

1573 1376 1934 1413 Sainte-Marie-Majeure,
1952 1378 1967 1405 8
1983 1378 2136 1406 decembre
2153 1378 2231 1407 1289.

1335 1591 1459 1621 Dilectis
1471 1593 1547 1629 filiis
1561 1615 1580 1622 ..
1594 1593 1741 1630 mayz'stro
1752 1597 1779 1622 et
1788 1593 1944 1630 prioribus
1955 1593 2075 1632 ordinis
2087 1593 2226 1629 fratrum
2238 1583 2302 1631 pre·

1296 1645 1791 1676 dicatorum.Confirmatlitteras
1801 1645 2136 1684 quibuslnnocentius
2148 1645 2302 1686 papa1111
2334 1638 2335 1642 ¹

1294 1698 1446 1728 tratribus
1469 1699 1593 1728 ordinis
1616 1699 1870 1737 praedicatorum
1889 1699 2079 1729 visitationis
2100 1699 2244 1730 officium
2266 1699 2301 1730 in

1294 1752 1487 1783 monialium
1512 1753 1717 1783 monasteriis
1737 1753 1783 1782 eis
1806 1753 1985 1783 commissis
2004 1753 2169 1783 concessit.
2197 1753 2302 1784 Tenor

1295 1806 1529 1846 praedictarum
1545 1805 1721 1836 litterarum
1742 1806 1796 1836 hic
1812 1810 1859 1836 est
1878 1817 1885 1836 :

1340 1872 1352 1886 ι
1368 1860 1577 1890 Innocentius
1593 1859 1759 1898 episcopus
1772 1883 1780 1896 ,
1798 1869 1908 1889 servus
1928 1869 2093 1890 servorum
2110 1859 2182 1890 Dei.
2199 1859 2302 1892 Dilec-

1297 1926 1310 1941 »
1335 1914 1376 1943 tis
1389 1912 1634 1951 filiis‘magistro
1648 1912 1681 1942 'et
1696 1913 1855 1952 prioribus
1870 1913 1994 1943 ordinis
2012 1914 2143 1944 fratrum
2161 1913 2300 1952 predica-

1298 1979 1310 1994 »
1337 1971 1459 2003 torum,
1486 1965 1619 1996 salutem·
1647 1971 1678 1996 et
1694 1966 1899 2005 apostolicam
1924 1966 2190 1997 benedictionem.
2215 1966 2302 1998 Licet

1296 2032 1310 2047 »
1334 2020 1411 2050 olim
1429 2019 1660 2058 quibusdam...
1680 2037 1717 2041 —
1735 2020 1806 2049 Dat.
1826 2019 1995 2057 Lugduni,
2012 2029 2035 2049 11
2056 2028 2156 2050 nonas
2171 2019 2299 2059 aprilis,
2328 2036 2329 2040 =

1297 2086 1310 2101 ι»
1335 2073 1535 2112 pontificatus
1553 2073 1651 2103 nostri
1665 2081 1750 2103 anno
1766 2078 1888 2112 quarto.
1908 2085 1921 2099 υ
1940 2073 2077 2112 (Po'rTa.
2099 2073 2219 2114 12055).

1339 2139 1352 2154 ι
1370 2127 1526 2157 Tenorem
1543 2127 1756 2166 quarumdam
1779 2126 1958 2156 litterarum
2031 2143 2070 2148 —
2087 2127 2158 2157 Dat.
2177 2119 2310 2163 Rome(

1293 2181 1376 2220 apud
1402 2181 1550 2211 Sanctam
1580 2180 1713 2210 Mariam
1741 2180 1917 2218 Maj0rem,
1945 2189 1975 2209 vr
2001 2179 2073 2210 idus
2103 2180 2297 2219 decembris,

1294 2243 1379 2265 anno
1395 2234 1544 2264 secundo.
1565 2246 1578 2261 »

1368 2393 1484 2422 ¹812

1329 2456 1490 2483 Rodericus
1511 2454 1758 2490 Compostellanae
1779 2455 1920 2482 ecclesiae
1940 2455 2178 2491 archiepiscopus
2197 2454 2298 2491 praefl'-
2316 2440 2324 2447 .

1293 2506 1377 2532 citur.
1395 2504 1476 2539 (Rau.
1495 2504 1538 2535 44,
1560 2512 1584 2530 c.
1604 2503 1665 2535 683,
1682 2504 1700 2530 r.
1719 2503 1769 2531 ‘264
1786 2505 1839 2537 vo.)
2306 2487 2320 2503 '⁶

1816 2392 1903 2425 Ricti,
1922 2393 1954 2420 19
1970 2393 2134 2428 septembre
2150 2393 2228 2421 1289.

1332 2607 1377 2636 Ad
1395 2611 1570 2645 perpetuam
1586 2607 1631 2635 rei
1647 2607 1839 2636 memoriam.
1860 2606 1940 2637 Cum
1957 2605 2036 2636 olim
2054 2606 2216 2637 Honorius
2231 2605 2299 2638 1111
2309 2635 2318 2656 ὃ

1292 2660 1444 2691 ecclesiae
1471 2658 1762 2698 Compostellauae‚
1789 2660 1880 2697 cujus
1908 2664 1983 2690 tunc
2013 2659 2155 2690 vacantis
2185 2658 2321 2690 Marti-²

1292 2722 1355 2743 nus
1373 2713 1441 2743 IIII
1458 2713 1671 2752 provisionem
1694 2712 1763 2742 sedi
1786 2711 1977 2751 apostolicae
1996 2715 2228 2748 reservaverat,
2246 2720 2295 2742 ar-

1292 2767 1529 2806 chiepiscopum
1561 2766 1774 2803 Rodericum,
1804 2770 1878 2796 tunc
1906 2766 2044 2805 priorem
2069 2765 2296 2805 provincialem
2315 2758 2321 2775 ⁷

1291 2821 1425 2850 fratrum
1444 2820 1694 2858 praedicatorum
1715 2819 1748 2849 in
1766 2819 1905 2858 Ispania,
1922 2819 2123 2858 praefecisset
2137 2819 2262 2858 hicque,
2277 2825 2298 2848 a
2316 2808 2323 2817 ’-

1291 2874 1411 2904 decano
1429 2878 1460 2903 et
1473 2873 1629 2912 capitulo,
1647 2873 1730 2903 clero
1746 2877 1776 2902 et
1796 2873 1939 2903 vassallis
1958 2876 2116 2912 receptus,
2134 2871 2295 2912 pacificam

1291 2927 1604 2958 administrationem
1630 2927 1780 2957 ecclesiae
1804 2926 1971 2964 gessisset,
1997 2925 2126 2966 quidam
2151 2935 2187 2956 ex
2209 2923 2294 2965 capi·

1294 2981 1375 3017 tulo,
1394 2981 1453 3010 sub
1470 2980 1581 3010 decani
1601 2984 1630 3010 et
1647 2979 1779 3019 capituli
1797 2979 1945 3017 nomine,
1963 2988 2035 3009 eum
2052 2978 2296 3018 quampluribus
2311 2996 2315 2999 -

1291 3034 1470 3064 redditibus
1486 3039 1516 3063 et
1528 3034 1656 3073 juribus
1667 3032 1990 3072 archiepiscopalibus
2001 3031 2194 3072 spoliarunt3
2209 3038 2293 3061 cum·
2327 3012 2355 3063 3.

2315 3078 2324 3095 Ι
