2342 3652
907 356 1135 394 DEUXIEME
1158 363 1315 392 ANNEE.
2098 365 2153 393 227

141 433 255 466 1060
682 431 770 463 Rieti,
786 432 800 457 5
813 430 905 466 juillet
924 430 998 456 1289.

104 497 246 527 Redditus
260 493 413 528 cujusdam
429 494 573 528 prioratus
589 494 763 519 monasterio
780 493 877 519 Sancti
890 493 956 518 Rufi
969 492 1072 518 Valen-

71 551 130 578 tino
143 546 317 574 tribuuntur.
336 543 417 575 (Rae.
437 543 480 573 44,
492 550 517 569 c.
536 542 596 573 302,
614 543 632 567 f.
652 542 700 568 173
716 549 757 572 r⁰·,
775 541 841 568 Lar.
858 550 893 567 nu
907 541 1005 571 Triari„
1023 539 1072 572 II.)

112 672 133 679 ..
149 646 248 678 abbati
264 650 289 674 et
315 645 476 674 conventui
492 644 671 672 monasterii
690 643 795 672 Sancti
816 643 881 679 Rufi
904 642 1071 677 Valentini,

72 703 111 734 ad
133 707 294 730 romanam
316 698 468 726 ecclesiam
495 697 582 725 nullo
609 697 707 724 medio
734 696 928 732 pertinentis,
956 695 1075 723 ordinis

72 756 103 788 S.
121 753 293 792 Auyustini.
315 762 328 777 α
348 750 441 780 Sacre
462 748 628 786 religionis
644 749 758 777 merita
775 749 865 786 cujus
881 747 955 777 estis
971 747 1075 777 obser-

73 807 176 840 vantie
201 805 299 835 dediti
325 812 382 833 nos
409 802 566 832 inducunt
590 807 625 831 ut
657 801 824 840 petitiones
855 805 993 836 vestras,
1020 809 1075 838 per

74 869 155 902 quas
170 863 200 889 et
217 857 315 897 quieti
331 860 434 885 vestre
462 855 639 886 consulitur
656 859 685 884 et
708 854 950 883 necessitatibus
968 854 1074 892 provi-

74 915 176 949 detur,
190 911 229 941 ad
241 909 457 940 exauditionis
472 909 607 947 gratiam
623 908 841 937 admittamus.
856 908 936 937 Cum
954 907 1074 945 itaque,

75 968 153 999 sicut
174 967 317 1004 porrecta
341 963 433 993 nobis
459 972 495 992 ex
516 967 604 1000 parte
626 966 729 991 vestra
747 961 857 1000 petitio
873 961 1072 996 continebat⁷

73 1023 195 1060 propter
223 1017 398 1046 iminentes
423 1016 457 1045 in
488 1015 632 1054 partibus
656 1014 721 1044 illis
745 1023 933 1052 guerrarum
956 1014 1075 1052 procel-

73 1072 130 1109 las,
148 1069 376 1101 inundationes
395 1077 553 1107 aquarum
571 1073 600 1097 et
615 1067 678 1097 alia
694 1066 833 1106 pericula
849 1075 921 1105 que,
939 1066 1075 1096 faciente

73 1124 192 1156 malitia
208 1122 409 1161 precedentis
428 1122 590 1159 temporis,
609 1120 798 1159 pertulistis,
819 1119 916 1149 vestri
932 1119 1075 1148 redditus

74 1180 135 1211 sint
156 1179 234 1209 adeo
253 1177 405 1207 diminuti
428 1177 512 1215 quod
533 1176 573 1206 ad
597 1175 863 1205 sustentationem
885 1179 1024 1204 vestram
1047 1178 1077 1204 et

73 1231 288 1265 incumbentia
308 1230 395 1260 vobis
415 1238 513 1259 onera
537 1229 752 1268 supportanda
770 1228 918 1258 sufficere
939 1228 1077 1257 minime

73 1286 296 1320 dinoscuntur,
314 1291 384 1319 nos,
405 1283 494 1312 vobis
513 1292 606 1321 super
622 1282 683 1312 hoc
701 1286 832 1320 paterno
850 1281 1077 1319 compatientes

75 1338 202 1374 affectu,
226 1345 262 1366 ac
285 1336 427 1366 volentes
446 1335 484 1365 de
510 1338 664 1374 oportune
687 1335 909 1364 subventionis
935 1334 1078 1364 remedio

74 1391 252 1428 subvenire,
272 1389 386 1419 vestris
401 1389 688 1427 supplicationibus
702 1387 860 1424 inclinati,
881 1387 1078 1426 percipiendi

73 1453 171 1484 usque
187 1443 227 1473 ad
243 1442 495 1482 quadriennium
514 1450 626 1472 omnes
642 1442 764 1471 fruetus
775 1464 782 1478 ‚
800 1441 945 1471 redditus
962 1446 992 1470 et
1007 1449 1076 1479 pro-

73 1502 185 1529 ventus
207 1496 344 1535 alicujus
368 1505 464 1535 quem
484 1495 664 1525 malueritis
683 1496 721 1524 de
740 1495 933 1533 prioratibus
952 1495 1077 1531 vestris,

75 1551 162 1582 vohis
180 1554 210 1580 et
225 1549 421 1580 monasterio
437 1553 541 1579 vestro
561 1548 747 1578 immediate
762 1548 914 1586 subjectis
928 1571 936 1585 ‚
955 1548 990 1576 in
1007 1548 1078 1586 qui-

75 1605 132 1636 hus
157 1604 195 1634 ad
213 1608 259 1639 te,
283 1603 331 1632 fili
348 1603 460 1637 abbas,
481 1606 574 1641 prout
591 1602 758 1638 asseritur,
779 1602 899 1640 priores
917 1610 1034 1640 ponere
1050 1606 1081 1631 et

55 1676 59 1679 -
75 1665 235 1688 removere
245 1665 301 1695 pro
316 1661 366 1686 tue
378 1656 469 1686 libito
481 1656 654 1686 voluntatis
665 1656 807 1685 noscitur
819 1655 986 1694 pertinere,
999 1655 1079 1684 acin

79 1720 154 1742 usus
170 1715 291 1741 vestros
310 1710 431 1740 fructus
447 1714 478 1740 et
493 1709 636 1739 redditus
652 1713 682 1738 et
705 1713 877 1747 proventus
893 1709 1080 1748 huJusmodi

77 1763 280 1795 convertendi
305 1772 360 1802 pro
384 1762 570 1802 hujusmodi
594 1762 707 1792 vestris
735 1762 974 1792 necessitatibus
1000 1762 1080 1792 rele-

77 1818 206 1855 vandis,
224 1817 396 1847 dummodo
415 1817 453 1846 de
468 1817 545 1855 ipsis
562 1816 735 1851 fructibus,
759 1816 936 1845 redditibus
956 1821 984 1845 et
1008 1824 1080 1854 pro-

78 1871 223 1902 ventibus
246 1871 344 1910 priori
367 1875 396 1900 et
417 1870 582 1900 canonicis
604 1869 770 1899 servituris
796 1869 917 1899 ibidem
940 1878 1081 1907 congrua

77 1925 175 1964 portio
200 1928 394 1960 reservetur,
415 1933 451 1953 ex
470 1932 533 1962 qua
556 1924 689 1953 comode
706 1923 877 1952 sustentari
893 1923 1035 1959 valeant,
1052 1927 1082 1953 et

78 1977 139 2008 alia
154 1977 378 2008 incumbentia
392 1977 438 2006 eis
452 1985 549 2006 onera
565 1981 761 2015 supportare,
778 1977 821 2006 ita
837 1976 985 2005 videlicet
997 1976 1081 2014 qnod

79 2031 204 2062 divinus
223 2030 328 2060 cultus
344 2030 379 2059 in
398 2029 454 2059 illo
471 2034 597 2068 propter
619 2029 678 2059 hoc
703 2018 885 2059 nullatenus
902 2029 1079 2065 minuatur,

79 2083 203 2124 plenam
227 2084 313 2114 vobis
336 2083 542 2113 concedimus
560 2083 746 2112 auctoritate
765 2083 965 2122 presentium
980 2083 1081 2112 sacul-

79 2141 181 2168 tatem.
214 2137 304 2168 Nulli
332 2145 407 2175 ergo
436 2141 494 2167 etc.
506 2159 514 2173 ‚
543 2140 649 2166 nostre
676 2137 893 2166 concessionis
920 2141 975 2166 etc.
1008 2137 1080 2166 Dat.

80 2191 193 2228 Reate,
213 2200 247 2220 111
265 2199 364 2221 nonas
377 2190 471 2229 julii,
489 2198 575 2220 anno
591 2189 742 2220 secundo.
762 2202 775 2216 n

151 2336 262 2366 1061
684 2335 776 2368 Rieti,
795 2336 809 2363 3
820 2337 915 2370 juillet
936 2337 1011 2364 1289.

114 2399 240 2427 Traditio
256 2399 348 2434 pallei.
375 2399 458 2432 (Rae.
476 2399 518 2430 44,
536 2407 562 2425 6.
581 2398 642 2430 303,
658 2398 677 2425 f.
697 2398 746 2425 173
769 2405 809 2431 r⁰;
832 2398 949 2431 Poma,
973 2399 1082 2431 2Q994.)

124 2501 289 2531 Venerabili
303 2502 398 2538 fratri
416 2501 568 2537 Johanm',
584 2500 804 2539 archiepiscopo
821 2502 984 2538 mindensi,
1014 2501 1084 2540 pal-

81 2553 166 2585 leum
181 2553 279 2585 electo
295 2554 467 2593 Upsalensi
484 2554 676 2585 tradendum
692 2554 803 2584 mittit.

123 2618 138 2635 α
168 2608 250 2639 Cum
278 2608 418 2647 palleum
445 2608 612 2646 insigne...
638 2624 678 2631 —
704 2609 776 2638 Dat.
802 2608 921 2646 Reate,
944 2619 963 2638 v
984 2618 1086 2640 nonas

81 2659 173 2700 iulii,
189 2670 274 2692 anno
289 2662 440 2693 secundo.
464 2674 477 2689 n

156 2812 270 2843 106²
707 2814 794 2845 Rieti,
811 2814 919 2848 24juin
938 2814 1014 2842 1289.

121 2874 304 2911 Dispensatio
330 2875 514 2903 matrimonii.
532 2876 614 2908 (Rae.
633 2876 685 2907 44,
711 2884 735 2902 c.
762 2876 822 2908 304,
847 2877 866 2903 f.
885 2877 935 2904 173
953 2883 990 2910 r⁰;
1021 2877 1085 2904 Lar.

87 2931 123 2952 nu
135 2924 233 2958 Tuam,
254 2925 299 2957 ΙΙ,
317 2925 390 2957 169.)

133 3026 298 3056 Venerabili
313 3027 408 3063 fratri
425 3047 444 3055 ..
463 3027 594 3063 episcopo
612 3026 808 3056 Nemausensi
826 3026 996 3056 committit
1010 3035 1089 3065 qua-

1156 433 1249 457 tenus
1265 437 1338 458 cum
1355 428 1544 465 Guillelmo,
1566 429 1631 458 filio
1649 429 1803 458 Bernardi
1821 429 1960 458 Romani
1977 429 2014 458 de
2039 430 2153 460 Arma-

1156 481 1289 517 zanieis,
1309 485 1337 510 et
1358 482 1513 519 Benagia,
1535 483 1600 511 filia
1625 482 1780 511 Bernardi
1797 482 1931 511 Coi-sani
1953 483 1990 512 de
2015 482 2156 512 Vallevi-

1156 534 1230 569 ridi,
1248 534 1475 564 Nemausensis
1491 535 1656 571 dioecesis,
1676 535 1835 573 dispenset
1852 540 1884 564 nt
1903 535 1934 563 in
1953 536 2157 565 matrimonio

1156 588 1232 618 olim
1256 588 1294 617 ab
1320 589 1411 626 ipsis,
1440 589 1704 626 impedimentum
1729 597 1796 617 csse
1820 588 2057 625 ignorantibus,
2087 597 2159 618 con-

1158 645 1267 677 tracto,
1286 650 1348 670 non
1378 641 1521 670 obstante
1547 645 1658 679 quarto
1677 641 1962 678 consanguinitatis
1980 642 2080 679 gradu
2096 651 2158 680 quo

1158 694 1321 732 conjuncti
1339 699 1423 728 sunt,
1445 704 1610 723 remanere
1627 694 1762 723 valeant.

1204 760 1214 772 ιι
1233 747 1564 784 Significaruntnobis
1576 747 1748 777 dilectus...
1764 765 1801 768 —
1819 748 1889 776 Dat.
1908 749 2017 781 Reate,
2033 758 2087 777 vui
2103 748 2160 777 ka-

1158 799 1268 829 lendas
1284 799 1374 837 julii,
1392 809 1476 829 anno
1493 800 1642 829 secundo.
1665 812 1677 826 >³

1233 971 1350 999 1063

1195 1034 1381 1067 Dispensatio
1398 1042 1484 1068 super
1497 1034 1655 1067 pluralitate
1672 1033 1886 1060 beneficiorum.
1904 1033 1984 1067 (Rau.
2003 1034 2043 1064 44,
2058 1042 2083 1060 c.
2097 1035 2161 1065 305,

1160 1084 1179 1110 f.
1198 1084 1247 1110 173
1262 1090 1307 1115 v⁰;
1326 1083 1393 1109 Lm».
1411 1091 1446 1109 nu
1461 1082 1557 1113 Tacit,
1577 1082 1612 1112 11,
1636 1083 1704 1114 170.)

1753 971 1838 1001 Rieu,
1857 971 1887 997 ‘21
1901 972 1995 1005 juillet
2013 972 2089 1000 1289.

1202 1186 1345 1222 Maqislro
1360 1186 1466 1214 Pontio
1478 1186 1510 1213 cle
1523 1186 1675 1221 Narbona,
1694 1186 1862 1223 pi-eoenlori
1878 1185 1993 1214 ecclesie
2008 1185 2165 1221 Aquensis.

1162 1239 1247 1269 Cum·
1260 1248 1316 1273 eo,
1335 1239 1465 1268 obtentu
1486 1239 1541 1271 R,
1567 1239 1754 1267 Portuensis
1775 1238 1932 1276 episcopi,
1951 1237 2113 1275 dispensat
2133 1242 2168 1267 ut

1162 1293 1415 1331 praecentoriam
1434 1292 1596 1330 Aquensis
1613 1292 1771 1325 ecclesiae,
1792 1291 1958 1321 ecclesiam
1978 1291 2086 1320 Sancti
2101 1291 2165 1320 Eu-

1164 1347 1258 1384 tropii
1280 1346 1541 1379 Aurasicensem,
1560 1346 1766 1375 canonicatus
1782 1350 1812 1375 et
1830 1344 2025 1383 praebendas
2045 1353 2098 1374 seu
2118 1345 2168 1374 be-

1163 1400 1277 1429 neficia
1292 1405 1443 1429 consueta
1454 1399 1522 1428 1060
1539 1398 1791 1437 praebendarum
1809 1398 1947 1427 conferri
1963 1398 1996 1427 in
2011 1397 2166 1436 Aquensi,

1163 1453 1445 1491 Carpentoratensi
1463 1457 1492 1481 et
1505 1451 1717 1482 Cavalhvensi
1731 1451 1883 1487 ecclesiis7
1896 1451 2118 1480 canonicatum
2134 1450 2167 1479 in

1164 1506 1298 1536 ecclesia
1321 1505 1518 1535 Massiliensi
1542 1514 1635 1543 quem
1656 1505 1713 1534 sub
1741 1505 1957 1543 expectatione
1973 1503 2171 1542 praebendae

1163 1564 1332 1589 vacaturae
1354 1560 1462 1595 habet„
1479 1564 1509 1589 et
1523 1559 1689 1589 ecclesiam
1707 1558 1816 1588 Sancti
1832 1558 1985 1596 Stephani
2001 1558 2039 1587 de
2057 1558 2170 1587 Corco-

1163 1614 1259 1649 16516,
1279 1613 1575 1652 Carpentoratensis
1595 1612 1759 1648 dioecesis,
1780 1612 1917 1641 retinere
1934 1610 2069 1640 insimul
2085 1610 2169 1640 licite

1163 1668 1271 1708 possit.

1206 1734 1219 1748 α
1240 1721 1420 1760 Apostolice
1435 1720 1518 1749 sedis
1535 1719 1754 1757 benignitas...
1772 1735 1811 1740 —
1827 1719 1897 1748 Dat.
1919 1718 2016 1747 Reate
2028 1740 2035 1753 ,
2055 1727 2095 1746 xn
2112 1717 2167 1746 ka-

1163 1775 1274 1805 lendas
1290 1774 1416 1812 augusti
1431 1798 1437 1810 ‚
1455 1781 1540 1803 anno
1556 1772 1705 1802 secundo.
1728 1784 1740 1798 »

1238 1946 1488 1977 1034-1065
1788 1944 1874 1974 nien,
1892 1944 1925 1969 ⁵20
1940 1943 2004 1977 jmn
2022 1943 2099 1969 1289.

1199 2011 1412 2045 Indulgentiae.
1432 2009 1516 2043 (Rae.
1536 2009 1579 2042 44,
1598 2016 1622 2034 c.
1640 2007 1700 2038 306,
1718 2007 1738 2033 f.
1756 2007 1806 2033 173
1819 2013 1866 2038 v0;
1884 2006 1949 2032 LAP.
1966 2014 2001 2033 nu
2016 2005 2114 2036 Tuam,
2132 2005 2170 2038 ΙΙ,

1167 2062 1240 2089 1712.)

1210 2186 1230 2193 ..
1249 2164 1348 2193 abbati
1364 2167 1389 2191 et
1404 2161 1565 2191 conventui
1581 2159 1760 2188 monasterii
1771 2158 1876 2187 Sancti
1889 2157 2066 2186 Marohialis
2077 2157 2174 2185 Lemo—

1119 2231 1121 2233 ·
1168 2218 1314 2253 vicensis,
1333 2216 1450 2245 ordinis
1474 2215 1504 2244 S.
1530 2214 1694 2242 Benedicti.
1716 2211 1956 2249 Indulgentiam
1977 2210 2074 2239 unius
2095 2210 2173 2239 anni

1169 2276 1200 2302 et
1219 2281 1257 2301 xi.
1290 2270 1418 2300 dierum
1438 2267 1581 2298 concedit
1604 2265 1806 2295 visitantibus
1835 2264 2001 2293 ecclesiam
2022 2263 2173 2302 praedicti

1169 2323 1369 2359 monasterii,
1381 2323 1414 2352 in
1434 2322 1587 2351 honorem
1598 2319 1681 2349 beati
1699 2317 1861 2348 Marcialis
1879 2317 2066 2347 confessoris
2082 2325 2173 2346 cons-

1170 2382 1323 2411 tructam,
1342 2377 1376 2405 111
1393 2376 1471 2405 sesto
1485 2374 1630 2413 ejusdem
1646 2372 1759 2402 sancti.

1212 2443 1225 2459 a
1243 2432 1325 2461 Loca
1338 2434 1519 2460 sanctorum
1535 2428 1720 2457 omnium...
1737 2442 1776 2447 -—
1791 2426 1862 2454 Dat.
1878 2425 1990 2460 Reate,
2009 2433 2051 2453 ΧΠ
2064 2422 2173 2453 kalen-

1170 2486 1225 2515 das
1237 2484 1308 2523 julii
1323 2508 1329 2521 ,
1349 2491 1434 2512 anno
1450 2481 1598 2511 secundo.
1621 2492 1633 2507 ι)

1209 2539 1248 2568 Ι11
1267 2547 1294 2567 6.
1314 2546 1356 2566 m.
1377 2559 1397 2566 ..
1414 2536 1528 2565 rectori
1545 2533 1694 2564 ecclesiae
1711 2533 1844 2562 Sanctae
1861 2531 1980 2560 Mariae
2005 2530 2042 2559 de
2068 2528 2171 2558 Anbi-

1169 2591 1285 2629 langis,
1308 2588 1546 2619 Lemovicensis
1561 2587 1725 2622 dioecesis,
1746 2594 1802 2624 pro
1819 2593 1927 2614 eorum
1947 2582 2089 2612 ecclesia.

1212 2657 1224 2673 e
1245 2645 1432 2674 Sanctorum
1449 2641 1570 2672 meritis
1588 2639 1738 2670 inclita...
1758 2655 1796 2660 —
1812 2639 1882 2667 Dat.
1904 2640 1937 2666 ut
1953 2644 2057 2674 supra.
2078 2646 2092 2661 n

1245 2807 1499 2839 1068-1082
1768 2803 1853 2833 Rieti,
1870 2802 1897 2828 11
1914 2801 2008 2835 juillet
2026 2799 2102 2827 1289.

1208 2873 1251 2899 Ad
1276 2873 1396 2899 chorum
1413 2869 1551 2896 ecclesiae
1571 2866 1808 2894 Cathalaunensis
1833 2862 2068 2891 construendum.
2092 2861 2174 2896 (Rae.

1173 2923 1214 2954 44,
1232 2930 1258 2948 c.
1276 2921 1336 2954 307,
1352 2920 1370 2946 f.
1390 2919 1439 2946 173
1454 2924 1502 2951 v⁰;
1519 2917 1586 2943 Im.
1605 2925 1639 2943 nu
1654 2915 1753 2945 Tam,
1771 2914 1809 2945 11,
1834 2913 1905 2945 174.)

1213 3023 1331 3054 Dilectis
1361 3022 1436 3058 siliis
1463 3019 1594 3057 capitulo
1622 3018 1737 3047 ecclesie
1765 3013 2018 3046 Cathalaunensis
2036 3012 2175 3047 fructus,
