2477 3637
290 390 346 418 56:
1038 385 1274 416 REGISTRES
1297 386 1351 415 DE
1374 385 1558 416 NICOLAS
1582 386 1638 416 IV.

331 455 365 483 ln
386 463 412 484 e.
430 462 487 490 m.,
511 461 566 492 pro
582 451 700 490 capella
720 452 758 481 de
782 451 998 488 Bellomonte,
1021 452 1190 481 Remeusis
1207 451 1295 481 dioe-
1335 464 1340 474 ·

288 507 377 543 cesis,
397 507 429 536 in
448 506 601 536 honorem
619 505 726 534 besuae
745 504 910 533 Caterinae
929 504 1064 542 virginis
1082 507 1272 534 constructa.

331 560 363 589 ln
383 568 410 589 e.
430 568 484 594 ιιι.,
503 567 558 596 pro
572 557 692 596 capella
714 557 799 586 Beati
818 557 904 586 Petri
928 557 1063 596 apostoli
1087 558 1174 596 juxta
1191 558 1296 587 Moso-

295 613 408 647 mium,
428 611 594 641 liemensis
610 611 775 640 dioecesis.

330 666 364 694 ln
389 674 416 693 e.
440 673 497 700 m„
523 672 578 702 pro
600 663 719 702 capella
744 663 857 692 Beatae
880 663 1071 700 Margaritae
1091 664 1181 701 juxta
1203 663 1294 693 Don-

292 720 384 748 trieu.
404 717 573 747 Remensis
589 716 754 747 dioecesis.

328 772 363 800 ln
384 780 410 800 e.
436 779 493 806 m.,
524 778 581 809 pro
610 769 744 799 ecclesia
772 770 929 808 prioratus
955 769 993 799 de
1020 769 1145 807 Tygno,
1169 769 1294 800 ordinis

286 827 317 855 ὃ.
340 823 512 861 Benedicti,
533 823 700 853 Remeusis
717 822 881 852 dioecesis.

327 890 340 903 ιι
364 878 459 915 Virga
479 876 704 906 venustissima
720 879 750 906 et
821 893 859 897 -
878 876 946 905 Dat.
968 880 1122 915 utsupra.
1143 889 1155 903 n

328 931 363 959 ln
386 940 412 959 e.
437 939 493 966 m.,
517 938 572 968 pro
589 928 708 968 capella
731 928 899 967 hospitalis
921 929 1030 959 Sancti
1050 929 1138 959 Pauli
1159 929 1293 960 Ulixbo—

286 983 407 1013 nensis.

327 1050 338 1061 a
362 1037 432 1066 Vite
449 1036 600 1075 perennis
615 1035 754 1073 gloria...
771 1053 809 1057 —
827 1036 897 1065 Dat.
919 1040 952 1065 nt
969 1045 1075 1074 supra.
1093 1048 1105 1062 ιι

326 1090 361 1118 Ιιι
379 1098 406 1119 e.
425 1098 481 1126 m.,
500 1098 554 1127 pro
573 1089 706 1119 ecclesia
723 1088 838 1118 Beatae
853 1089 973 1119 Mariae
989 1089 1126 1127 virginis
1143 1089 1182 1120 de
1198 1090 1292 1120 Prato

285 1142 434 1179 Gilberti,
453 1143 727 1173 Autisiodorensis
744 1143 908 1173 dioecesis.

327 1197 362 1226 Ιιι
380 1206 406 1226 e.
426 1206 481 1228 ni„
501 1205 554 1235 pro
569 1196 688 1235 capella
705 1196 818 1226 Beatae
834 1197 953 1226 Mariae
967 1196 1240 1228 Bethleemitanae
1253 1197 1291 1228 de

284 1250 486 1285 Clametiaco,
507 1249 780 1280 Autisiodorensis
797 1250 959 1279 dioecesis.

325 1304 359 1332 Iu
377 1312 405 1334 e.
422 1312 477 1339 1n.,
498 1311 552 1341 pro
569 1302 701 1332 ecclesia
720 1302 834 1331 Beatae
853 1303 974 1332 Mariae
991 1304 1125 1342 virginis
1142 1303 1181 1333 de
1201 1304 1291 1335 Valle

283 1357 403 1393 Martii,
422 1356 696 1385 Autisiodorensis
712 1356 875 1385 dioecesis.

324 1410 361 1439 In
379 1419 405 1439 e.
425 1419 485 1446 in.‚
511 1418 565 1449 pro
589 1409 720 1440 ecclesia
747 1410 835 1439 Beati
865 1410 998 1440 Martini
1020 1411 1059 1441 de
1084 1411 1288 1450 Clametiaco,

282 1463 557 1493 Autisiodorensis
573 1463 737 1493 dioecesis.

323 1516 361 1544 Iu
377 1525 404 1545 e.
424 1526 478 1553 ιιι.1
501 1525 555 1554 pro
573 1517 706 1547 ecclesia
730 1517 839 1547 Sancti
862 1518 996 1547 Martini
1024 1519 1062 1549 de
1078 1520 1187 1556 Viaco,
1208 1521 1289 1550 Am-

282 1569 446 1600 bianensis
465 1570 629 1600 dioecesis,

323 1635 335 1649 α
362 1623 551 1653 Sanctorum
575 1624 696 1653 meritis
719 1624 866 1655 inclita...
888 1642 928 1647 —
951 1626 1021 1655 Dat.
1049 1630 1082 1656 ut
1104 1635 1209 1666 snpra,
1237 1637 1288 1658 xvi

282 1676 434 1706 kalendas
450 1677 638 1715 decembris,
654 1686 740 1708 anno
757 1679 859 1708 tertio.
879 1691 893 1706 1»

774 1758 900 1791 Orvieto,
918 1759 949 1786 13
966 1761 1120 1787 novembre
1141 1762 1216 1789 1990.

322 1819 358 1847 In
388 1827 415 1848 e.
445 1829 500 1851 ιιι..
530 1828 585 1858 pro
615 1819 748 1850 ecclesia
778 1821 887 1852 Sancti
913 1821 1042 1860 Georgii
1071 1822 1109 1853 de
1134 1824 1287 1862 Bacerna,

281 1873 554 1902 Autisiodorensis
572 1873 735 1903 dioecesis

323 1936 337 1950 ι(
362 1925 434 1954 Vite
451 1926 599 1963 perennis
615 1925 754 1963 gloria...
769 1944 806 1949 —
821 1928 891 1957 Dat.
909 1929 993 1967 apud
1011 1930 1286 1970 Urbemveterem,

281 1978 388 2008 idibus
406 1979 600 2016 novembris,
619 1989 705 2010 anno
724 1982 825 2011 tertio.
848 1994 862 2008 »

321 2032 358 2060 Iu
378 2040 404 2061 e.
424 2042 481 2068 1n.‚
499 2041 554 2071 pro
575 2033 707 2063 ecclesia
727 2034 841 2064 Beatae
863 2034 1026 2065 Palladiae
1048 2037 1193 2075 virginis,
1221 2040 1286 2069 Au-

283 2085 504 2116 tisiodorensis
522 2086 689 2117 dioecesis.

767 2169 896 2199 Orvieto.
920 2171 947 2197 17
965 2172 1119 2199 novembre
1139 2173 1215 2200 1290.

327 2231 359 2258 ln
398 2238 426 2259 e.
456 2239 514 2265 ιιι.,
547 2239 599 2269 pro
630 2231 762 2261 ecclesia
786 2232 1033 2263 Carcassonensi
1063 2235 1097 2264 in
1131 2235 1287 2266 honorem

282 2287 463 2312 sanctorum
488 2284 603 2313 Nazari
626 2289 657 2313 et
680 2284 765 2314 Celsi
790 2291 968 2325 martyrum
995 2292 1186 2319 constructa.
1214 2290 1285 2320 Dat.

280 2335 363 2374 apud
378 2336 653 2374 Urbemveterem,
668 2348 706 2367 xv
724 2338 876 2369 kalendas
892 2340 1080 2378 decembris,
1095 2351 1181 2373 anno
1197 2344 1288 2374 tertio

280 2388 418 2427 (ΡΟΤΤΗ.
438 2389 560 2429 23216'1.)

772 2458 896 2491 Orvieto,
915 2460 948 2487 ‘20
965 2462 1119 2488 novembre
1140 2463 1215 2490 1290.

323 2518 356 2546 ln
378 2527 405 2547 e.
433 2528 489 2554 1n.‚
519 2527 573 2556 pro
598 2519 729 2549 ecclesia
754 2520 862 2551 Sancti
892 2522 1054 2552 Laurentii
1076 2524 1113 2554 de
1142 2524 1285 2562 Lugano,

280 2570 442 2601 Cumanae
458 2572 622 2601 dioecesis.
643 2573 712 2602 Dat.
731 2574 813 2612 apud
830 2575 1102 2614 Urbemveterem,
1121 2587 1162 2606 ΧΠ
1177 2577 1286 2608 kalen-

281 2623 335 2653 das
350 2625 538 2661 decembris,
556 2634 642 2655 anno
663 2628 763 2657 tertio.

351 2790 466 2818 315⁷ss

318 2851 358 2877 Dc
380 2852 489 2879 decima
512 2854 538 2880 iu
570 2855 696 2888 pru-tibus
720 2855 883 2882 Alainaniae
909 2858 1102 2893 percipienda.
1126 2860 1209 2890 (Rau.
1236 2861 1284 2894 45,

283 2907 308 2925 c,
323 2900 382 2930 5235.
400 2902 418 2927 l.
440 2902 485 2927 10ζὶΙ
502 2905 547 2932 1¹⁰.)

767 2793 893 2823 ()1·vieto‚
914 2794 944 2819 r13
962 2795 1115 2822 novembre
1135 2796 1213 2823 1290.

322 3000 483 3031 Carissimo
502 3005 532 3033 [n
553 3005 669 3034 Christo
685 3008 749 3042 filio
774 3008 818 3043 lt,
845 3010 909 3045 regyi
927 3010 1135 3041 Romanorum
1154 3013 1284 3043 illustri.

281 3053 358 3091 Ejus
387 3056 531 3093 precibus
561 3066 724 3096 annuens,
757 3061 970 3100 Theoderico,
1003 3064 1102 3102 priori
1135 3065 1286 3097 ecclesiae

1380 452 1487 481 Sancti
1512 452 1661 482 Andreae
1685 452 1923 490 Urbevetanae,
1944 453 2109 492 capellano
2136 463 2208 492 suo,
2231 455 2390 488 collectori

1379 505 1522 534 decimae
1546 505 1663 535 Terrae
1690 505 1825 536 Sanctae
1848 506 1881 535 in
1908 507 2003 536 certis
2030 507 2220 538 Alamaniae
2249 509 2389 548 partibus

1378 567 1434 596 per
1455 558 1563 587 sedem
1589 558 1795 596 apostolicam
1817 559 1981 597 deputato,
2002 569 2098 598 quem
2124 561 2163 590 ad
2185 570 2219 591 se
2245 561 2284 592 de
2307 566 2389 594 statu

1378 610 1521 641 decimae
1537 611 1765 641 certitudinem
1782 611 1900 642 habere
1915 613 2049 651 cupiens
2065 619 2277 651 revocaverat,
2289 615 2388 648 liceu-

1378 663 1455 693 tiam
1488 664 1521 693 iu
1552 664 1673 693 eisdem
1705 665 1851 702 partibus
1884 674 1985 704 usque
2015 665 2054 695 ad
2087 675 2210 696 annum
2247 677 2347 699 unum
2371 677 2390 700 a
2424 655 2428 658 Δ

1377 717 1557 756 receptione
1580 716 1761 747 litterarum
1787 718 1815 747 ei
1838 718 1877 747 ad
1901 718 1961 749 hoc
1985 719 2178 749 directarum
2200 725 2388 760 computan-

1377 768 1454 798 dum
1475 768 1622 798 morandi
1641 769 1796 799 concedit.

1423 834 1434 848 ι
1459 822 1587 852 Pridem
1611 822 1718 860 nohis,
1737 822 1836 852 filii...
1852 839 1893 846 -
1912 824 1981 853 nat.
2004 824 2087 863 apud
2104 825 2371 857 urbemveterem
2411 813 2418 836 ³

1377 875 1483 906 idibus
1499 877 1694 912 novembris,
1712 885 1799 907 anno
1816 877 1920 908 tertio.
1940 890 1952 904 n

1449 1049 1565 1078 382³?

1412 1110 1455 1137 De
1470 1111 1571 1138 eodem
1588 1112 1713 1146 negotio.
1731 1112 1815 1146 (Rau.
1832 1112 1875 1144 45,
1894 1121 1919 1139 c.
1937 1113 1998 1145 536,
2017 1113 2034 1140 f.
2057 1114 2103 1140 108
2121 1114 2167 1148 νο.)

1871 1049 1999 1082 Orvieto,
2020 1051 2050 1078 13
2068 1051 2223 1078 novembre
2240 1051 2315 1079 1290.

1419 1221 1604 1258 Theoderico,
1626 1223 1727 1260 priori
1747 1223 1862 1252 ecclesie
1884 1222 1989 1252 Sancti
2013 1222 2130 1253 Andree
2152 1224 2187 1253 de
2207 1224 2385 1263 Urbeveteri,

1375 1273 1531 1312 capellano
1548 1279 1660 1312 nostro,
1675 1276 1828 1305 collectori
1841 1277 1954 1305 decime
1974 1277 2060 1306 Terre
2073 1276 2181 1306 Sancte
2198 1278 2233 1307 in
2247 1278 2388 1316 partibus

1373 1328 1535 1357 Alamanie
1552 1337 1605 1366 per
1625 1329 1722 1358 sedem
1744 1330 1939 1367 apostolicam
1955 1331 2107 1368 deputato,
2129 1329 2292 1360 licentiam
2307 1330 2386 1362 elar-

1374 1381 1627 1420 giturmorandi
1646 1383 1680 1412 in
1709 1384 1894 1413 memoratis
1913 1384 2053 1423 partibus
2075 1393 2176 1423 usque
2202 1384 2242 1414 ad
2262 1393 2387 1416 annum
2406 1391 2411 1405 ’-

1375 1444 1477 1465 ιιιιιιιιι
1493 1444 1512 1465 a
1526 1437 1708 1475 receptione
1725 1437 1942 1475 praesentium
1964 1437 2227 1476 computandum.
2243 1436 2385 1468 Faculta-

1375 1492 1438 1518 tem
1457 1497 1584 1527 quoque
1601 1489 1748 1519 concedit
1764 1489 1967 1526 absolvendi,
1987 1495 2055 1529 post
2074 1491 2231 1529 integram
2248 1490 2387 1522 satisfac-

1373 1542 1505 1579 tionem,
1518 1542 1650 1572 clericos
1667 1548 1697 1572 et
1706 1552 1858 1582 personas
1875 1543 2105 1574 ecclesiasticas
2118 1545 2185 1583 qui,
2195 1553 2251 1584 pro
2263 1544 2387 1576 decima

1373 1604 1439 1625 non
1453 1595 1567 1633 soluta,
1577 1597 1920 1627 excommunicationis
1933 1599 2126 1627 seutentiam
2141 1598 2387 1635 incurrerint,et
2409 1610 2412 1615 ·

1372 1649 1584 1687 dispensandi
1599 1659 1672 1679 cum
1689 1650 1734 1680 eis
1750 1660 1845 1689 super
1861 1651 2107 1689 irregularitate,
2122 1651 2259 1690 siquam
2270 1651 2384 1691 hujus-
2403 1691 2407 1694 ῃ

1373 1702 1461 1732 modi
1489 1704 1655 1733 occasione
1687 1704 1916 1734 contraxerint.
1951 1716 1964 1731 «
1999 1704 2080 1734 Cum
2111 1708 2219 1734 autem
2247 1704 2386 1744 quedam

1372 1756 1585 1795 pecuniarum
1611 1765 1738 1787 summe
1766 1757 1890 1787 decime
1920 1758 2116 1797 supradicte,
2143 1766 2205 1796 que
2233 1760 2268 1788 in
2292 1757 2386 1788 certis

1372 1810 1451 1841 locis
1468 1811 1609 1849 partium
1632 1810 1819 1841 earumdem
1843 1811 1985 1850 deposite
2010 1812 2155 1849 fuerant,
2173 1811 2212 1842 ad
2229 1811 2385 1851 quasdam

1372 1865 1600 1895 ecclesiasticas
1623 1865 1825 1904 secularesve
1851 1874 2001 1905 personas
2022 1874 2077 1904 per
2099 1874 2196 1896 ausus
2214 1861 2397 1905 nepharius

1372 1918 1557 1958 pervenisse
1573 1918 1731 1956 dicantur,
1752 1922 1782 1948 et
1804 1919 1844 1948 de
1866 1919 2040 1949 amissione
2066 1919 2278 1958 pecuniarum
2302 1919 2387 1959 ipsa-

1373 1981 1444 2002 rum
1461 1973 1558 2011 possit
1574 1972 1793 2002 verisimiliter
1814 1973 1992 2010 formidari,
2012 1973 2078 2003 nisi
2101 1981 2196 2012 super
2218 1972 2279 2004 hoc
2294 1972 2384 2004 festi-
2403 1974 2406 1978 '

1372 2034 1451 2055 num
1480 2025 1660 2055 remedium
1687 2030 1875 2065 apponatur,
1909 2026 2058 2056 volumus
2086 2026 2209 2066 tibique
2240 2025 2384 2057 districte

1371 2078 1565 2117 precipimus
1592 2078 1744 2117 quatinus
1765 2078 1804 2108 de
1827 2079 1992 2118 premissis
2013 2079 2223 2118 pecuniarum
2248 2078 2387 2110 summis*

1372 2137 1402 2162 et
1424 2132 1655 2170 quantitatibus
1682 2132 1869 2162 earumdem
1897 2142 1933 2163 ac
1959 2133 2062 2163 forma
2089 2137 2118 2163 et
2144 2133 2239 2164 modo
2260 2132 2403 2172 demisi-..3

1373 2186 1467 2215 tionis
1488 2185 1631 2224 ipsarum
1658 2194 1694 2215 ac
1722 2194 1776 2224 per
1803 2194 1884 2225 qnos
1909 2190 1939 2216 et
1957 2186 2042 2226 apud
2064 2195 2143 2225 quos
2166 2190 2197 2217 et
2215 2186 2249 2216 iu
2266 2186 2383 2226 quibus

1371 2238 1447 2269 locis
1473 2239 1560 2269 suere
1583 2239 1725 2278 deposite
1748 2243 1777 2269 et
1802 2239 1842 2269 ad
1867 2248 1945 2278 quos
1971 2239 2005 2269 in
2031 2243 2093 2270 toto
2117 2239 2166 2269 vel
2189 2239 2223 2269 in
2249 2243 2336 2280 parte
2353 2243 2396 2278 et,

1370 2300 1433 2331 quo
1464 2292 1557 2322 modo
1585 2291 1634 2321 vel
1660 2301 1734 2322 casu
1764 2293 1955 2322 devenerint
1982 2301 2106 2323 necnon
2133 2286 2402 2334 circumstantiis¹

1372 2346 1528 2385 inquisita
1543 2345 1719 2384 prudenter
1730 2351 1759 2375 et
1773 2346 1911 2376 fideliter
1924 2351 1986 2377 tam
1999 2351 2120 2378 secreto
2135 2355 2230 2386 quam
2244 2346 2381 2386 publice,

1372 2404 1465 2439 prout
1486 2399 1636 2438 expedire
1651 2400 1850 2437 cognoveris,
1869 2399 2058 2439 diligentius
2075 2401 2217 2434 veritate.
2235 2399 2274 2430 ad
2291 2408 2397 2441 exau-¹

1373 2453 1491 2482 tionem
1508 2455 1538 2482 et
1554 2453 1828 2492 recuperationem
1853 2454 2064 2492 pecuniarum
2087 2453 2290 2493 hujusmodi,
2307 2459 2392 2486 con-J

1373 2511 1418 2536 tra
1443 2515 1663 2546 quascumque
1690 2515 1841 2545 personas
1867 2507 1906 2537 de
1931 2507 2048 2546 quibus
2077 2507 2226 2546 expedire
2251 2502 2402 2544 videris,-'

1369 2562 1602 2599 cujuscumque
1631 2564 1742 2597 statim,
1773 2560 1952 2598 dignitatis,
1981 2561 2105 2591 ordinis
2132 2565 2163 2591 et
2189 2559 2390 2592 conditionis·-

1370 2614 1517 2650 existant,
1535 2622 1591 2652 per
1607 2617 1635 2643 te
1652 2612 1702 2643 vel
1717 2613 1817 2643 alium
1835 2622 1889 2644 seu
1905 2614 1985 2644 alios
2002 2614 2163 2653 procedas.
2185 2625 2200 2641 »ι

1411 2679 1425 2694 «
1450 2667 1644 2697 Carissimus
1660 2667 1694 2696 in
1712 2666 1876 2697 Christo...
1896 2683 1935 2690 —
1953 2667 2020 2697 Dat.
2044 2671 2200 2707 utsupra.
2219 2679 2232 2694 »

1440 2839 1558 2868 3828
1865 2840 1992 2873 Orviet0‚
2012 2840 2044 2867 13
2061 2840 2215 2868 novembre
2232 2839 2309 2868 1‘290.

1407 2902 1448 2929 De
1464 2902 1565 2929 eodem
1582 2903 1707 2937 negotio.
1725 2902 1809 2936 (Rau.
1828 2903 1871 2936 45,
1888 2910 1913 2929 c.
1931 2902 2004 2937 536²,
2020 2902 2039 2929 f.
2058 2902 2108 2930 108
2123 2902 2169 2938 ro.)

1409 3004 1523 3043 E'io'em.
1543 3023 1556 3039 α
1576 3012 1662 3043 Licet
1679 3011 1736 3042 tibi
1751 3011 1828 3041 ad...
1855 3010 2049 3042 Discretioni
2067 3015 2119 3042 tue
2135 3021 2191 3051 per
2207 3011 2390 3053 apostolicas-

1370 3066 1485 3105 scripta
1514 3065 1706 3096 mandamus
1737 3065 1904 3104 quatinus,
1938 3065 1977 3095 ad
2011 3065 2246 3104 expeditionem
2278 3063 2379 3105 ipsius
