2477 3637
302 402 358 431 532
1049 398 1283 430 REGISTRES
1307 398 1360 427 DE
1384 397 1566 427 NICOLAS
1591 398 1646 428 IV.

372 466 490 495 3390
828 464 958 494 Orvieto.
979 465 1008 490 15
1024 465 1139 491 octobre
1160 464 1234 491 1290.

338 529 445 555 Similis
462 528 590 554 facultas.
606 527 690 561 (lteg.
710 527 751 559 15,
769 534 792 552 c.
812 526 885 559 4592,
903 527 921 552 f.
938 528 971 553 2⁸0
988 529 1032 557 r⁰.)

342 630 508 664 Ριιιιάιιίχὶ),
526 629 658 665 episcopo
676 628 824 663 Pactensi,
843 627 1024 658 facultatem
1041 628 1185 658 concedit
1202 627 1307 658 absol-

301 681 394 711 vendi
423 680 576 718 praelatos
600 684 628 709 et
655 680 784 709 clericos
810 680 991 719 provinciae
1016 681 1205 710 Turritanae
1232 682 1306 719 qui,

301 733 390 762 nulla
402 733 580 763 monitione
595 734 781 771 praeposita,
792 737 821 762 et
833 732 912 763 alias
924 733 992 763 sine
1004 743 1098 763 causa
1110 733 1306 770 rationabili,

300 786 639 816 excommunicationis
669 786 861 816 sententiam
891 786 1153 825 promulgarunt,
1183 791 1308 825 propter

298 839 381 877 qnod
407 839 624 877 suspensionis
653 840 845 868 sententiam
876 839 1098 875 incurrerunt,
1120 844 1150 869 et
1176 840 1308 878 dispen-

301 892 390 921 sandi
424 901 497 921 cum
527 892 571 921 eis
601 901 695 930 super
726 891 978 930 irregularitate,
1009 893 1034 922 si
1066 901 1162 931 quam
1193 892 1308 922 exinde

298 945 525 975 contraxerint.

341 1011 353 1023 «ι
374 998 487 1027 Petitio
505 1002 558 1027 tua
577 998 705 1028 nobis...
724 1014 764 1020 —
780 997 852 1028 Dat.
870 1003 904 1028 nt
919 1007 1024 1037 supra.
1048 1011 1060 1025 n

371 1170 482 1198 3391

338 1231 468 1258 Facultas
479 1232 644 1258 conterendi
656 1233 802 1260 beneficia.
817 1233 902 1268 (neg.
915 1234 956 1265 45,
970 1242 995 1260 c.
1010 1234 1060 1261 450
1071 1236 1110 1260 bis
1121 1236 1168 1268 (1),
1182 1236 1200 1262 t'.
1212 1236 1245 1263 90
1255 1238 1306 1269 vo.)

825 1170 955 1202 Orvieto,
976 1172 1006 1197 15
1022 1171 1139 1198 octobre
1156 1171 1234 1199 1290.

339 1335 439 1363 Eidem
470 1334 650 1364 facultatem
674 1335 818 1365 concedit
844 1336 1033 1374 providendi
1058 1338 1202 1376 personis
1224 1338 1305 1377 ydo-

300 1388 367 1417 neis
384 1388 422 1417 de
438 1388 603 1418 beneficiis
620 1388 853 1424 ecclesiasticis,
871 1389 911 1419 ad
926 1389 1127 1421 collationem
1146 1391 1196 1421 vel
1211 1401 1306 1430 prae-

299 1441 512 1470 sentationem
541 1446 758 1480 exemptorum
790 1451 854 1472 non
882 1443 1135 1482 pertinentibus,
1162 1454 1243 1484 quae
1271 1446 1306 1475 in

300 1494 463 1532 provincia
485 1495 656 1525 Turritana
675 1500 760 1525 tanto
784 1485 924 1535 tempore
944 1503 1137 1528 vacaverunt
1155 1499 1238 1537 qnod
1257 1508 1307 1530 eo-

301 1557 370 1577 rum
388 1548 514 1578 collatio
529 1549 568 1578 ad
585 1549 692 1579 sedem
705 1550 909 1589 apostolicam
925 1551 1072 1582 devoluta
1087 1557 1145 1582 est.

340 1613 353 1627 α
377 1601 417 1630 Ut
435 1601 683 1632 benivolentiam
700 1603 905 1641 spetialem...
922 1620 962 1626 —
978 1605 1048 1635 Dat.
1069 1610 1103 1635 nt
1120 1615 1225 1644 supra.
1248 1618 1259 1634 n

371 1774 622 1803 3392-3393
851 1776 978 1811 Orvieto,
993 1778 1009 1804 ‘2
1024 1779 1140 1805 octobre
1157 1780 1233 1807 1290.

337 1836 543 1870 indulgentiae.
562 1837 644 1870 (nx-20.
662 1838 704 1868 45,
721 1846 747 1864 c.
764 1838 811 1864 451
830 1839 879 1870 bis,
896 1840 914 1865 f.
931 1840 964 1866 90
981 1842 1031 1870 νῦ.)

343 1938 494 1967 L'niversis
517 1938 631 1968 Christi
650 1940 788 1976 fidelibus
807 1947 957 1978 presentes
981 1943 1098 1972 litteras
1119 1945 1304 1982 inspecturis

303 1991 543 2029 Indulgentiam
560 1992 657 2021 unius
671 1994 748 2022 anni
763 1997 793 2023 et
807 2004 844 2023 xi,
857 1994 983 2025 dierum
999 1997 1142 2026 concedit
1156 1999 1307 2029 omnibus

301 2052 375 2074 vere
390 2045 626 2083 poenitentibus
645 2050 673 2075 et
691 2047 845 2076 confessis
864 2049 918 2086 qui
934 2049 1087 2088 capellam
1107 2051 1222 2082 Beatae
1240 2052 1307 2082 Ma-

302 2097 368 2126 riae
385 2097 423 2127 de
441 2098 608 2137 Pagneyo,
629 2099 817 2130 Bisnntinae
833 2100 1000 2142 dioecesis,
1014 2103 1048 2132 in
1065 2104 1174 2134 beatae
1187 2105 1308 2136 Mariae

304 2150 543 2188 festivitatibus,
559 2161 614 2190 per
636 2157 703 2183 octo
719 2153 787 2183 dies
804 2159 972 2193 sequentes
994 2161 1024 2186 et
1041 2157 1074 2186 111
1088 2159 1309 2190 anniversario

302 2203 353 2233 die
368 2203 577 2234 dedicationis
596 2206 738 2244 ejusdem
757 2207 908 2238 ecclesiae
923 2209 1135 2241 visitaverint.

344 2269 356 2282 ι(
380 2258 459 2286 Loca
480 2262 662 2288 sanctorum
683 2261 867 2291 omnium...
884 2279 923 2284 -—
940 2263 1010 2293 Dat.
1027 2265 1111 2303 apud
1130 2266 1307 2297 Urbemve-

302 2314 413 2347 terem,
432 2320 460 2339 vr
481 2319 580 2341 nonas
597 2312 743 2349 octobris,
761 2322 846 2344 anno
866 2316 966 2346 tertio.
991 2329 1003 2343 ν»

785 2393 911 2427 Orvieto,
927 2396 959 2423 27
976 2398 1139 2432 septembre
1156 2400 1235 2428 1290.

343 2452 378 2480 In
399 2460 427 2481 e.
446 2460 502 2485 m.,
523 2461 577 2490 pro
599 2454 729 2484 ecclesia
750 2456 883 2486 fratrum
905 2459 1066 2489 minorum
1083 2462 1255 2498 Auriensi,
1275 2464 1308 2493 in

303 2503 456 2535 honorem
475 2506 557 2535 beati
581 2506 743 2537 Francisci
764 2515 951 2543 constructa.
975 2513 1046 2543 Dat.
1065 2515 1149 2553 apud
1170 2516 1307 2547 Urbem-

302 2562 452 2594 veterem,
473 2568 490 2587 v
509 2558 662 2590 kalendas
678 2562 825 2600 octobris,
845 2573 929 2595 anno
947 2566 1046 2597 tertio.

372 2730 622 2760 3:394-3398
851 2736 977 2769 Orvieto‚
993 2739 1007 2765 4
1025 2740 1141 2767 octobre
1159 2742 1235 2770 1290.

341 2791 490 2827 Exemptio
507 2795 750 2827 procurationum.
768 2797 852 2832 (Reg.
867 2799 910 2833 45,
926 2808 951 2826 c.
968 2801 1019 2828 452
1036 2802 1084 2834 bis,
1101 2803 1119 2829 ἱ.
1137 2804 1170 2831 90
1187 2807 1238 2838 νο.)

346 2894 452 2923 Dilecto
468 2896 532 2931 filio
548 2899 697 2935 vnaffi‘stro
715 2905 739 2928 et
751 2900 904 2937 fratribus
919 2904 1077 2941 hospitalis
1094 2907 1200 2938 Sancte
1215 2911 1310 2940 Marte

309 2946 552 2977 Thmuom'corum
577 2952 821 2984 Jerosolz'milans
842 2957 987 2987 concedit
1008 2963 1041 2988 ut
1062 2961 1101 2990 ad
1123 2964 1309 3000 praestatio-

339 3065 370 3093 (1)
389 3065 423 3088 Iri
441 3067 464 3089 ln*
481 3069 583 3098 copistc
600 3070 663 3094 s'est
679 3074 782 3103 trompe
799 3074 865 3099 dans
883 3077 905 3099 la
922 3078 1124 3104 numerotation
1141 3082 1188 3106 des
1205 3083 1307 3110 lettres.

1390 473 1463 492 uem
1490 464 1750 502 procurationum
1775 472 1853 503 quas
1876 464 2043 500 Nicolaus‚
2069 465 2248 503 patriarcha
2265 466 2394 498 Jeroso—

1389 515 1574 551 limitamus,
1597 516 1787 554 apostolicae
1811 516 1894 546 sedis
1922 516 2064 555 legatus,
2086 518 2120 547 in
2147 518 2238 548 terris
2257 527 2333 550 suae
2347 519 2394 551 le-

1388 569 1508 606 gationi
1536 569 1686 607 subjectis
1712 569 1837 607 exigere
1860 574 1962 608 potest
1989 571 2022 600 in
2051 571 2183 609 pecunia
2210 577 2393 610 numerata,

1390 621 1526 650 minime
1544 625 1724 652 teneantur.

1431 686 1444 700 α
1464 674 1592 704 l'ridem
1610 675 1785 705 venerabili
1801 675 1932 705 fratri...
1948 693 1986 698 —
2003 676 2073 707 Dat.
2089 676 2171 716 apud
2191 678 2396 710 Urbemvete-

1390 736 1469 763 rem,
1490 737 1533 756 uu
1552 737 1654 758 nonas
1671 729 1818 765 octobris,
1839 738 1924 760 anno
1941 730 2046 761 tertio.
2066 743 2078 757 »

1431 780 1467 809 111
1488 789 1515 809 e.
1537 789 1578 809 m.
1601 803 1621 810 ..
1641 781 1793 819 magistro
1810 787 1840 812 et
1855 782 2006 813 fratribus
2022 783 2136 813 domus
2152 783 2288 814 militiae
2302 785 2396 816 Tem-

1390 833 1434 872 pli
1449 834 1714 864 Jerosolimitani.

1432 887 1468 916 In
1495 896 1522 918 e.
1552 896 1595 916 m.
1626 911 1645 918 ..
1674 889 1828 926 magistro
1857 894 1888 919 et
1918 889 2069 919 fratribus
2097 889 2264 929 hospitalis
2290 890 2397 922 Sancti

1389 940 1550 970 Johannis
1565 941 1831 971 Jerosolimitani.

1460 1100 1713 1130 3392-3402

1424 1162 1591 1189 Willelmus
1606 1162 1641 1190 de
1658 1163 1785 1190 Hothum
1802 1163 1980 1191 Laudavensi
1997 1165 2135 1192 ecelesiae
2150 1165 2306 1202 episcopus
2321 1174 2398 1202 prae-

1389 1211 1493 1238 ficitur.
1509 1211 1590 1246 (Rea.
1608 1212 1650 1243 45,
1669 1221 1694 1239 c.
1713 1213 1762 1240 453
1780 1214 1828 1247 bis,
1846 1214 1863 1239 f.
1882 1213 1915 1240 90
1932 1215 1983 1246 v⁰.)

1890 1102 2018 1134 Orvieto‚
2036 1102 2051 1129 4
2069 1102 2233 1138 septembre
2250 1102 2328 1131 1290.

1428 1314 1538 1343 Dilecto
1550 1315 1615 1351 filio
1630 1316 1726 1351 fratri
1743 1316 1889 1345 ll'illelmo
1902 1316 1935 1345 de
1945 1316 2087 1353 Hothum,
2101 1318 2188 1347 electo
2200 1318 2397 1348 Landavensi.

1390 1379 1404 1393 «
1420 1366 1472 1397 Ad
1486 1367 1677 1397 universalis
1690 1368 1861 1398 ecclesie...
1878 1369 2007 1399 Dudum
2024 1369 2186 1409 siquidem
2198 1371 2398 1402 Laudavensi

1389 1420 1532 1457 ecclesia,
1547 1430 1602 1460 per
1617 1421 1741 1451 obitum
1757 1422 1838 1453 hone
1855 1423 2011 1453 memorie
2026 1423 2187 1454 Willelmi
2204 1424 2242 1455 de
2259 1424 2398 1464 Breque-

1388 1475 1451 1511 sie,
1470 1474 1571 1513 ipsius
1587 1475 1747 1514 episcopi,
1767 1476 1900 1514 pastoris
1916 1476 2027 1507 solatio
2045 1477 2207 1512 destituta,
2228 1477 2398 1517 Robertus,

1387 1527 1636 1559 archidiaconus
1653 1529 1828 1565 Landavie,
1845 1530 1991 1568 magistri
2008 1530 2177 1570 Philippus
2199 1531 2238 1561 de
2254 1530 2397 1570 stanton,

1389 1582 1550 1612 Henricus
1571 1582 1610 1612 de
1635 1582 1760 1620 Brane,
1782 1583 1975 1622 Rannlphus
1995 1584 2034 1614 de
2053 1584 2156 1623 Pilia,
2174 1584 2338 1616 Walter-us
2360 1584 2399 1616 de

1389 1635 1588 1665 Landeforde
1613 1639 1643 1665 et
1663 1636 1830 1666 Johannes
1854 1637 1893 1666 de
1920 1637 2089 1668 Radenore
2115 1642 2146 1668 et
2173 1638 2324 1669 nonnulli
2343 1638 2399 1669 alii

1388 1689 1528 1727 predicte
1549 1689 1679 1719 ecclesie
1703 1690 1872 1727 canonici,
1893 1699 1949 1729 pro
1969 1690 2069 1721 futuri
2086 1691 2313 1723 substitutione
2327 1701 2398 1732 pas·

1389 1743 1484 1779 toris,
1502 1744 1730 1773 convenientes
1750 1743 1786 1772 iu
1808 1752 1927 1779 unum,
1947 1749 2016 1783 post
2039 1748 2207 1775 tractatum
2228 1754 2324 1785 super
2341 1745 2400 1777 hoc

1389 1796 1535 1827 habitum
1558 1797 1767 1835 diligentem,
1790 1797 1969 1837 predictum
1995 1798 2203 1838 Philippum,
2229 1798 2322 1838 quasi
2345 1807 2400 1839 per

1389 1850 1653 1889 inspirationem,
1678 1855 1712 1880 nt
1736 1850 1868 1888 dicitnr,
1891 1851 1924 1880 in
1951 1851 2195 1882 Landavensem
2218 1852 2400 1891 episcopum

1389 1903 1588 1934 concorditer
1604 1903 1781 1941 elegerunt.
1795 1904 1941 1943 Cumque
1955 1904 2032 1935 dicti
2047 1905 2198 1936 electores
2214 1904 2399 1936 electionem

1390 1957 1576 1997 hujusmodi
1592 1956 1770 1987 venerabili
1790 1957 1880 1986 fratri
1897 1962 2006 1988 nostro
2026 1981 2046 1988 ..
2066 1958 2302 1997 archiepiscopo
2315 1957 2400 1990 Can-

1392 2010 1559 2048 tuariensi⁷
1572 2010 1631 2040 loci
1645 2010 1902 2049 metropolitano,
1913 2015 2132 2050 presentantes
2145 2011 2247 2050 ipsam
2260 2014 2402 2051 peterent

1390 2064 1564 2094 instantius
1580 2064 1784 2100 confirmari,
1804 2065 1890 2102 Bogo
1907 2063 1947 2094 de
1963 2063 2075 2101 Clara,
2093 2064 2316 2103 cancellarius,
2332 2073 2399 2095 ma-

1390 2119 1487 2157 gister
1502 2117 1677 2148 Gausridus
1694 2118 1823 2156 Griffin,
1839 2117 2069 2154 thesaurarius,
2088 2122 2118 2148 et
2136 2117 2239 2148 David
2256 2118 2400 2157 Legram'·

1390 2172 1452 2208 bit,
1472 2171 1647 2202 canonicus
1667 2171 1808 2210 predicte
1829 2170 1962 2201 ecclesie
1975 2196 1982 2210 ‚
2000 2170 2148 2201 electioni
2165 2171 2350 2211 hujusmodi
2367 2179 2400 2202 se

1390 2224 1612 2264 multipliciter
1627 2229 1835 2263 opponentes,
1850 2224 1890 2253 ab
1904 2224 2015 2254 eodem
2031 2224 2268 2263 archiepiscopo
2283 2233 2319 2255 ex
2333 2232 2400 2255 cer-

1391 2280 1431 2309 tis
1461 2278 1702 2318 gravaminibus
1730 2278 1771 2307 ad
1801 2277 1909 2307 sedem
1942 2277 2148 2317 apostolicam
2179 2277 2398 2317 appellarunt,

1391 2341 1528 2372 quorum
1541 2331 1748 2371 appellationi
1764 2331 1849 2361 idern
1866 2330 2124 2370 archiepiscopus
2139 2331 2298 2368 delerem,
2313 2339 2400 2362 reve-

1390 2390 1499 2417 renter
1522 2395 1576 2425 per
1598 2395 1671 2416 snas
1695 2385 1787 2415 nobis
1813 2384 1936 2414 litteras
1962 2384 2130 2414 humiliter
2155 2384 2344 2424 supplicavit
2366 2388 2401 2416 ut

1392 2449 1486 2479 super
1500 2439 1559 2470 hoc
1573 2438 1679 2469 eidem
1693 2438 1826 2468 ecclesie
1840 2438 2008 2477 providere
2021 2437 2059 2468 de
2070 2441 2226 2476 oportune
2239 2446 2275 2469 ac
2289 2437 2399 2468 celeris

1392 2493 1581 2532 provisionis
1604 2492 1747 2522 remedio
1766 2491 1988 2530 dignaremur.
2010 2491 2077 2521 Nos
2102 2494 2209 2521 autem
2231 2491 2266 2521 in
2288 2490 2399 2530 hujus-

1392 2547 1477 2578 modi
1505 2546 1670 2577 electionis
1703 2546 1831 2584 negotio
1862 2545 2016 2575 dilectum
2044 2543 2150 2575 filium
2184 2548 2329 2576 nostrum
2354 2543 2397 2581 J.,

1392 2601 1506 2631 Sancte
1519 2600 1619 2630 Marie
1636 2599 1670 2629 in
1682 2599 1742 2628 Via
1757 2599 1820 2629 lata
1838 2599 2011 2629 diaconum
2027 2597 2235 2635 cardinalem,
2248 2596 2399 2629 concessi·

1391 2663 1463 2684 mus
1479 2653 1623 2693 partibus
1643 2652 1841 2690 auditorem,
1860 2660 1967 2682 coram
1984 2659 2046 2690 quo
2063 2660 2136 2682 cnm
2154 2651 2259 2682 dictus
2275 2649 2397 2690 Philip-

1391 2716 1450 2745 pus
1478 2706 1562 2736 insra
1591 2710 1715 2744 tempus
1747 2709 1936 2735 contentum
1968 2704 2002 2733 111
2034 2703 2264 2734 constitutione
2299 2701 2399 2734 felicis

1392 2759 1622 2790 recordationis
1633 2759 1659 2788 N
1665 2758 1755 2789 icolai
1774 2766 1851 2797 pape
1861 2758 1921 2792 III,
1935 2756 2166 2796 predecessoris
2182 2756 2295 2794 nostri,
2308 2763 2399 2796 super

1392 2813 1450 2843 hoc
1467 2813 1549 2842 edita
1567 2821 1750 2850 comparere
1769 2811 1906 2841 minime
1923 2810 2108 2847 curavisset,
2126 2809 2161 2840 in
2177 2809 2329 2840 audentia
2342 2817 2398 2848 pu·

1392 2867 1474 2897 blica
1490 2871 1596 2905 postea
1612 2866 1726 2895 citatus
1742 2865 1873 2904 pluries,
1884 2869 1919 2895 ut
1934 2868 1981 2894 est
1996 2864 2105 2901 moris,
2117 2867 2318 2902 procuratore
2332 2870 2398 2902 par-

1392 2921 1433 2950 tis
1448 2920 1580 2950 alterius
1593 2923 1795 2959 comparente
1811 2923 1841 2949 et
1855 2919 1890 2948 in
1905 2917 2033 2956 negotio
2046 2917 2234 2957 hujusmodi
2245 2917 2399 2947 instanter

1392 2973 1572 3014 postulante
1586 2973 1722 3012 procedi,
1734 2973 1820 3003 idem
1836 2971 2009 3002 cardinalis
2023 2971 2058 3000 in
2075 2970 2202 3009 negotio
2214 2970 2282 3009 ipso
2293 2976 2397 3009 proce-

1392 3027 1488 3065 dens,
1509 3027 1652 3066 ejusdem
1673 3027 1793 3065 negotii
1812 3026 1937 3056 meritis
1959 3024 2149 3061 intellectis,
2172 3023 2254 3054 facta
2274 3029 2396 3062 quoque

1393 3089 1488 3120 super
1506 3080 1565 3111 hoc
1585 3080 1674 3110 uobis
1695 3079 1849 3110 relatione
1870 3078 1958 3108 fideli
1975 3082 2005 3108 et
2025 3077 2154 3107 licentia
2171 3073 2397 3116 pronuntiandi
