2477 3637
210 372 266 402 298
508 377 510 379 ’
959 361 1195 394 REGISTRES
1220 361 1272 391 DE
1298 359 1480 391 NICOLAS
1503 359 1558 389 IV.

285 434 537 466 1550-1554
798 430 884 460 Rieu,
902 430 915 456 4
933 429 1048 456 octobre
1066 429 1143 456 ¹989.

247 497 436 533 Rayninndus
452 494 650 522 Ebrcdunensi
666 493 805 519 ecclesiae
828 492 1063 527 archiepiscopus
1084 489 1216 526 praefici-

210 552 266 574 tur.
286 547 365 577 tlttzn.
385 546 427 577 tt,
444 554 467 570 c.
488 544 547 573 33⁰,
567 543 583 568 s.
604 542 650 568 2¹:34
670 549 712 573 r⁰;
733 541 797 567 Lw.
816 549 848 567 nc
865 539 963 573 Tuam,
981 540 1018 570 11,
1034 539 1108 571 c281.)

256 654 422 684 Venerabili
435 653 531 689 fratri
550 651 744 690 Raymundo,
761 650 982 687 archiepiscopo
997 649 1215 678 Ebredunensi.

209 709 349 739 Vacante
383 704 605 735 Ebredunensi
631 703 764 733 ecclesia
788 711 842 741 per
873 701 995 732 obitum
1026 700 1215 736 Guillelmi,

209 759 405 800 capitulum,
435 767 489 797 per
519 758 604 787 viam
632 756 853 795 compromissi
883 754 1074 794 procedens,
1099 754 1218 784 Jacobo

209 812 413 852 Raymundi,
433 811 609 850 praeposito
627 809 830 840 Sistaricensi
846 813 876 839 et
891 808 1045 839 canonico
1067 807 1218 837 ecclesiae

209 866 467 902 Ebreduueusis,
484 863 673 904 providendi
694 863 799 893 eidem
815 862 966 893 ecclesiae
985 864 1023 891 de
1039 861 1217 899 archiepis-

209 929 287 959 copo
314 923 499 958 potestatem
523 918 708 954 commisit3
737 918 887 956 idemque
913 916 1049 946 Jacobus
1080 914 1217 945 Guillel-

209 983 301 1004 mum
317 973 485 1007 Abi-iveti,
506 971 671 1002 sacristam
689 970 830 1009 eJ‘usdem
852 968 1012 1002 ecclesiae,
1031 967 1143 1006 elegit,
1164 967 1218 997 sed

210 1026 362 1058 nonnulli
390 1026 554 1063 canonici,
584 1024 734 1055 videlicet
761 1023 973 1059 Guillelmus,
1002 1022 1217 1062 praepositus,

209 1081 389 1116 Johannes,
406 1079 665 1113 archidiaconus,
683 1077 878 1108 Guillelmns
893 1075 1070 1112 Chamosii,
1090 1075 1219 1105 Duran-

210 1135 270 1165 dus
294 1134 333 1164 de
356 1134 569 1169 Fraxeneria,
589 1131 679 1162 Oddo
701 1131 740 1161 de
767 1129 1007 1168 Vigintiniilio,
1029 1129 1219 1158 Ebredunus

211 1187 345 1218 Martini
363 1191 392 1216 et
410 1186 578 1216 Johanues
596 1184 726 1214 Rialoni
742 1208 748 1219 ,
766 1183 914 1213 electioni
936 1182 1143 1221 hujusmodi,
1168 1185 1220 1210 ut-

211 1246 282 1280 pote
303 1240 342 1270 de
365 1247 501 1278 persona
526 1238 683 1276 indigna,
710 1242 745 1267 ut
764 1237 934 1271 dicebant,
961 1237 1098 1266 scienter
1120 1235 1218 1270 facte,

210 1293 390 1325 consentire
407 1296 601 1327 recusantes,
619 1295 649 1321 et
664 1295 841 1321 asserentes
858 1289 1048 1320 electionem
1064 1289 1103 1318 ad
1119 1297 1152 1318 se
1169 1287 1220 1317 de-

210 1347 350 1377 volutam
366 1355 451 1382 esse,
472 1346 571 1375 tribus
587 1354 623 1375 ex
643 1354 676 1375 se
690 1344 767 1383 ipsis
784 1343 973 1382 providendi
989 1343 1050 1381 ipsi
1069 1341 1221 1372 ecclesiae

210 1395 657 1440 potestatem'concesserunt,
681 1398 738 1436 qui
758 1396 1029 1435 compromissarii
1050 1395 1219 1434 Raymun-

211 1453 306 1488 dum,
323 1456 400 1482 tuuc
416 1451 652 1490 Vapincensem
674 1451 869 1489 episcopum,
886 1448 1099 1488 postularunt.
1121 1447 1221 1477 Cum-

210 1514 271 1545 que
287 1505 489 1544 postmodum
505 1513 561 1544 pro
577 1503 762 1543 hujusmodi
777 1503 906 1542 negotio
923 1502 1076 1541 praedicti
1091 1501 1222 1531 sacrista

211 1564 242 1589 et
258 1558 472 1598 Raymundus
488 1557 528 1588 ad
543 1558 650 1588 sedern
667 1556 872 1596 apostolicam
891 1556 1116 1589 accessissent,
1134 1554 1221 1584 idem

211 1613 342 1644 sacrista
360 1611 560 1642 renuntiavit
584 1611 674 1642 omni
695 1610 765 1650 juri
781 1610 842 1640 sibi
864 1619 901 1640 ex
922 1609 1076 1640 electione
1095 1618 1221 1648 compe-

211 1667 304 1705 tenti,
318 1666 565 1705 postulationem
583 1674 658 1696 vero
672 1665 710 1695 de
722 1664 928 1704 Raymundo,
944 1668 1050 1703 utpote
1062 1672 1081 1693 a
1096 1663 1223 1693 minore

210 1723 299 1759 parte
328 1718 460 1758 capituli
488 1719 624 1756 factam,
655 1727 734 1757 papa
764 1726 829 1748 nou
856 1717 1003 1754 admisit,
1031 1716 1086 1746 sed
1116 1719 1223 1755 postea

214 1771 353 1802 eundem
375 1772 609 1810 Raymundum
636 1771 860 1801 Ebredunensi
881 1770 1033 1801 ecclesiae
1050 1769 1223 1807 archiepis-

211 1834 326 1865 copum
345 1824 510 1864 praefecit,
528 1824 622 1863 eique
641 1833 697 1863 per
713 1824 769 1860 M„
788 1824 922 1854 Sanctae
945 1823 1067 1853 Mariae
1086 1823 1122 1852 in
1145 1811 1223 1852 Por-

214 1878 291 1915 ticu,
309 1878 354 1914 «1.,
377 1878 511 1908 Sanctae
529 1878 651 1908 Mariae
665 1877 700 1907 in
721 1877 782 1908 Via
803 1877 866 1907 lata
878 1900 886 1915 ‚
905 1881 935 1907 et
952 1877 987 1906 B.
1004 1901 1010 1914 ,
1031 1876 1139 1907 Sancti
1162 1876 1223 1906 Ni-

213 1931 294 1962 colai
318 1932 353 1961 in
378 1931 510 1961 Carcere
529 1931 678 1962 Tulliano
698 1931 847 1961 diaconos
872 1930 1066 1967 cardinales,
1086 1930 1224 1969 palleum

214 1985 358 2016 exhiberi
375 1985 459 2015 fecit.

256 2051 269 2066 α
290 2039 458 2069 Desideria
478 2040 596 2069 mentis
616 2043 760 2070 nostre...
778 2056 817 2061 —-
833 2039 903 2069 Dat.
922 2040 1021 2069 Reate
1033 2062 1040 2076 ,
1058 2048 1104 2068 1111
1124 2047 1226 2069 nonas

213 2092 368 2129 octobris,
390 2100 475 2123 anno
491 2093 644 2123 secundo.
664 2104 678 2119 »

254 2147 293 2176 In
309 2155 336 2176 e.
355 2155 397 2176 m.
417 2146 626 2185 ..praeposito
642 2150 672 2176 et
684 2146 825 2185 capitulo
838 2145 1124 2176 Ebredunensibus
1137 2154 1226 2175 man-

214 2200 268 2230 dat
289 2204 324 2230 ut
344 2199 448 2229 eidem
469 2199 707 2238 archiepiscopo
729 2199 867 2229 debitam
889 2199 1106 2229 obedientiam
1133 2208 1225 2238 prae—

214 2253 321 2284 beant.

256 2308 294 2338 In
310 2316 337 2338 e.
352 2316 396 2338 m.
413 2306 527 2346 populo
542 2307 680 2337 civitatis
697 2311 728 2337 et
743 2307 896 2337 dioecesis
912 2307 1164 2337 Ebredunensis.

257 2361 294 2390 In
319 2370 347 2390 e.
375 2369 418 2390 m.
445 2360 604 2390 universis
633 2359 779 2390 vassallis
806 2359 956 2390 ecclesiae
988 2360 1227 2390 Ebredunensis

214 2413 345 2443 mandat
376 2417 408 2442 ut
435 2413 538 2444 eidem
565 2413 801 2452 archiepiscopo
829 2413 921 2444 solita
950 2413 1110 2444 fidelitatis
1135 2414 1225 2452 jura-

215 2471 323 2496 menta
339 2471 369 2497 et
383 2466 514 2497 servitia
529 2471 700 2506 praestent.

257 2521 294 2549 In
311 2529 338 2551 e.
356 2529 399 2552 m.
416 2520 576 2551 universis
591 2520 746 2559 episcopis
761 2520 973 2559 suffraganeis
985 2520 1227 2551 Ebreduuensis

216 2573 378 2604 ecclesiae.

295 2760 412 2789 1555
807 2760 894 2793 meti,
911 2762 924 2788 7
942 2761 1058 2788 octobre
1077 2761 1153 2790 1289.

253 2821 422 2850 Jaromarus
434 2824 574 2850 ecclesiae
591 2823 757 2851 Caminensi
773 2824 929 2859 episcopus
950 2825 1123 2859 praeficitur.
1142 2825 1224 2859 (Rae.

220 2870 268 2903 44,
285 2879 311 2897 c.
329 2872 396 2903 551,
412 2872 432 2898 f.
448 2872 498 2899 234
512 2874 565 2905 νῦ.)

266 2986 484 3016 Venerabilibus
499 2989 649 3024 fratribus
665 3011 688 3019 ..
703 2989 881 3019 Zverinensi
897 2995 922 3020 et
939 3012 960 3019 ..
979 2991 1134 3020 Lubicensi
1150 2991 1228 3028 epis-

221 3039 300 3075 copis
329 3039 458 3069 mandat
483 3045 515 3070 ut
535 3038 581 3071 'de
611 3041 807 3078 litteratura,
830 3042 911 3079 vita,
935 3046 965 3073 et
991 3043 1230 3074 conversatione

1267 463 1270 467 ῃ
1297 425 1472 459 Jaroniari,
1492 425 1558 454 nati
1574 424 1724 461 Wizlavi‚
1746 425 1898 464 principis
1916 425 2126 461 Rivanorum,
2145 435 2252 465 quein,
2268 428 2302 458 in

1299 479 1477 508 minoribus
1501 477 1668 507 ordinibus
1693 477 1916 512 constitutum,
1937 482 1968 507 et
1991 478 2107 515 viginti
2131 483 2162 509 et
2185 483 2303 518 septem
2342 490 2350 498 ¹

1297 540 1400 562 annos
1421 531 1471 561 vix
1494 535 1622 562 uatum.
1640 530 1816 569 capitulum
1841 530 1993 561 ecclesiae
2011 531 2230 570 Caminensis,
2249 541 2304 573 por

1298 585 1420 615 obitum
1444 583 1625 614 Hermanni
1650 583 1810 619 vacantis,
1829 593 1885 622 per
1907 583 2109 621 Johannem,
2130 584 2302 624 decanum,

1298 637 1501 673 Johannem,
1518 640 1698 673 cantorem,
1714 635 1900 666 Johannem
1921 635 1960 666 de
1981 636 2161 667 Warborch
2184 641 2215 668 et
2234 637 2306 669 Fro-
2337 631 2354 674 2‘

1299 691 1459 727 dei-icum,
1481 690 1652 720 canonicos
1662 693 1674 726 ,'
1692 689 1988 728 compromissarios
2013 698 2103 727 suOS,
2123 690 2304 730 episcopum
2332 710 2348 740 ἱ-

1300 743 1487 783 postulavit,
1505 743 1691 782 inquirant;
1710 742 1855 782 hancque
1874 742 2136 781 postulationem,
2151 743 2178 773 si
2191 743 2235 774 ita
2249 752 2304 774 ex-
2324 748 2360 816 p

1299 797 1430 837 pediens
1451 797 1609 834 viderint,
1636 795 1808 826 admittant
1823 799 1853 826 et
1868 804 1886 826 a
1904 796 2071 827 Jaromaro
2087 797 2307 836 juramentum
2327 789 2362 846 ᾖ

1300 851 1469 890 accipiant.
2347 844 2351 853 '

1343 917 1355 931 α
1386 905 1429 934 Ex
1455 904 1655 934 incumbenti
1679 903 1809 935 nobis...
1828 921 1863 925 —
1883 904 1955 934 Dat.
1976 904 2090 941 Reate,
2109 904 2202 935 nonis
2222 907 2306 936 octo·
2335 893 2355 935 ζ

1301 958 1383 995 bris,
1401 966 1486 988 auno
1502 957 1652 988 secundo.
1675 969 1688 983 n

1378 1159 1490 1188 1556
1839 1157 1927 1188 Rieti,
1946 1159 1960 1184 5
1981 1158 2144 1192 septembre
2161 1157 2238 1187 1289.

1341 1221 1382 1247 De
1404 1221 1586 1248 contentione
1613 1221 1688 1247 inter
1710 1220 1841 1247 abbatem
1868 1220 2035 1246 monasterii
2057 1219 2258 1249 cluniacensis
2281 1225 2311 1250 et
2355 1244 2358 1256 ,

1303 1270 1442 1306 quosdam
1467 1271 1578 1305 priores
1603 1270 1780 1305 prioratuum
1801 1269 1933 1304 eJusdem
1955 1269 2132 1297 monasterii.
2153 1269 2236 1304 (Rae.
2258 1262 2325 1305 44‚'
2351 1278 2364 1288 ’-

1301 1328 1328 1347 c.
1347 1319 1408 1350 552.
1427 1319 1445 1345 s.
1462 1319 1513 1346 ‘235
1530 1320 1579 1352 ro.)

1349 1437 1519 1467 Venerabili
1534 1436 1630 1472 fratri
1644 1459 1664 1466 ..
1679 1437 1811 1473 episcopo
1827 1436 2018 1465 Cabilonensi
2033 1441 2059 1465 et
2073 1436 2189 1466 dilectis
2202 1435 2278 1474 filiis
2289 1451 2315 1469 ..κ
2338 1472 2342 1484 Ι

1304 1492 1337 1520 de
1354 1491 1464 1520 Sancto
1481 1490 1575 1527 Lupo,
1593 1489 1627 1518 de
1643 1488 1771 1518 Gerania
1790 1493 1815 1518 et
1833 1511 1852 1518 ..
1871 1489 1906 1518 de
1920 1489 2100 1527 Lonyavilla
2114 1490 2316 1528 prioratuum.

1300 1543 1469 1581 prioribus,
1487 1542 1731 1579 Rothomayensis
1746 1547 1772 1571 et
1789 1542 1987 1579 Betvacensis,
2005 1550 2040 1571 ac
2057 1564 2076 1571 ..
2094 1542 2205 1572 decano
2222 1543 2338 1574 eccle-s

1304 1598 1347 1626 sie
1363 1597 1530 1632 Betnensis,
1548 1595 1695 1625 Eduensis
1712 1595 1892 1631 diocesium,
1912 1595 2042 1624 mandat
2060 1598 2112 1632 ut,
2129 1594 2169 1625 ad
2180 1594 2338 1627 Clunia-t·
2359 1615 2363 1620 -

1303 1658 1398 1680 oense
1419 1648 1652 1679 monasterium
1670 1647 1879 1686 personaliter
1900 1648 2102 1685 accedentes,
2119 1648 2159 1679 de
2180 1637 2343 1680 conten-⁸¹

1304 1703 1391 1733 tione
1405 1703 1489 1732 inter
1498 1701 1708 1740 Stephanum,
1719 1700 1758 1731 de
1769 1698 1934 1740 Crispeyo‚
1946 1701 2090 1739 Petrum,
2102 1701 2142 1732 de
2155 1698 2335 1740 Lautonw'
2367 1709 2371 1716 ·

1305 1756 1499 1792 Robertum,
1522 1754 1600 1785 olim
1625 1754 1665 1784 de
1689 1754 1881 1792 Nongento,
1907 1754 2109 1792 Gnidonem,
2135 1755 2174 1785 de
2199 1755 2320 1788 Sancto
2362 1775 2370 1782 -›

1305 1809 1448 1846 Gelasio,
1466 1807 1695 1844 Guillelmum,
1716 1807 1755 1837 de
1775 1807 1891 1838 Sancto
1910 1807 2108 1845 Theobaldo,
2127 1812 2158 1838 et
2181 1807 2324 1840 Guizare‘.
2345 1810 2350 1816 '
2366 1804 2372 1811 ’

1305 1863 1399 1900 dum,
1417 1862 1456 1892 de
1474 1861 1610 1900 Flaheyo
1636 1861 1835 1900 prioratuum
1860 1861 1997 1899 priores,
2018 1870 2054 1891 ex
2076 1869 2141 1892 una
2162 1865 2267 1901 parte,
2283 1866 2319 1894 et,

1306 1917 1469 1954 abbatem,
1487 1924 1523 1945 ex
1539 1914 1654 1950 altera,
1677 1923 1714 1945 ex
1731 1923 1767 1945 eo
1793 1918 1862 1945 orta
1885 1914 1970 1953 quod
1996 1914 2036 1944 ad
2059 1915 2168 1945 sedem
2191 1919 2333 1961 aposto*-¹

1307 1969 1402 1999 licam
1421 1968 1570 2008 praedicti
1587 1968 1708 2006 priores
1726 1967 2001 1998 denuntiaverunt
2023 1969 2181 2007 quaedam
2201 1964 2329 2003 statutas

1308 2023 1343 2052 in
1355 2022 1547 2052 monasterio
1559 2029 1624 2051 non
1635 2020 1810 2058 observari,
1821 2021 1891 2051 sine
1903 2021 2007 2060 figura
2015 2022 2303 2061 judiciiinquirant
2316 2035 2327 2061 '2

1309 2075 1496 2113 corrigendo
1516 2078 1545 2105 et
1566 2073 1768 2104 reformando
1784 2073 1904 2104 ibidem
1922 2078 1986 2104 tam
2001 2075 2035 2104 in
2052 2075 2154 2114 capite
2169 2075 2315 2115 quami
2336 2083 2337 2086 ’
2360 2061 2366 2098 f

1308 2129 1474 2159 membris.

1351 2193 1365 2209 a
1389 2183 1478 2212 Inter
1500 2186 1604 2212 cetera
1626 2185 1768 2212 nostre...
1786 2199 1824 2204 —
1842 2182 1913 2212 Dat.
1935 2182 2047 2220 Reate,
2066 2183 2160 2222 nonis
2177 2186 2320 2223 septem·-

1309 2235 1390 2273 hris,
1408 2243 1494 2266 anno
1510 2234 1661 2266 secundo.
1687 2247 1700 2262 n

1383 2437 1496 2468 155⁸?
1898 2437 1987 2469 Rieu,
2004 2437 2020 2465 9
2035 2438 2152 2465 octobre
2169 2437 2246 2466 1289.

1346 2500 1530 2536 Dispensatio
1559 2508 1647 2535 super
1677 2500 1790 2527 defectu
1821 2501 1968 2528 natalium.
1999 2500 2082 2534 (Rae.
2114 2501 2162 2537 44,
2193 2509 2219 2529 c.
2249 2500 2318 2546 ⁵5³4.

1308 2552 1328 2578 s.
1345 2550 1396 2578 ‘235
1412 2550 1466 2582 v0.)

1349 2668 1429 2705 Lupo
1444 2667 1582 2702 Martini,
1603 2667 1712 2696 decano
1728 2666 1844 2697 ecclesie
1862 2667 2081 2703 Tirasonensis,
2097 2673 2236 2706 quocum
2245 2665 2329 2706 jam,
2351 2662 2354 2667 ’

1310 2721 1528 2760 dispensatum
1544 2724 1591 2750 est
1605 2723 1651 2756 ut,
1666 2728 1731 2750 non
1746 2719 1890 2750 obstante
1906 2719 2031 2750 defectu
2047 2719 2205 2750 natalium
2219 2726 2327 2759 q·ue·1=,.

1310 2774 1444 2814 patitur,
1461 2782 1477 2803 e
1500 2772 1601 2804 soluto
1621 2776 1716 2803 natus
1734 2776 1765 2803 et
1781 2772 1901 2810 soluta,
1917 2772 1958 2803 ad
1975 2780 2088 2803 omues
2104 2772 2234 2803 ordines
2247 2778 2325 2812 pros·
2359 2768 2362 2772 '

1310 2827 1433 2858 moveri
1458 2831 1488 2857 et
1514 2826 1710 2856 beneficium
1743 2826 1994 2857 ecclesiasticum
2024 2826 2170 2858 obtinere
2197 2826 2358 2869 posset·-

1311 2881 1457 2919 indulget
1473 2885 1507 2911 ut
1527 2880 1567 2910 ad
1582 2879 1794 2919 episcopalem
1811 2888 1868 2910 seu
1890 2878 2193 2919 archiepiscopalem
2213 2876 2319 2917 digni·
2354 2869 2356 2871 ’

1311 2939 1408 2966 tatem
1425 2933 1545 2964 assumi
1563 2933 1676 2963 valeat.
2335 2917 2357 2933 ’“

1355 3000 1368 3015 α
1395 2988 1557 3018 Virtutum
1576 2986 1689 3016 merita
1707 2985 1880 3025 grandia...
1897 3001 1937 3008 —
1954 2985 2024 3015 Dat.
2047 2985 2160 3022 Reate,
2179 2993 2222 3015 vn
2246 2978 2353 3014 idus*-

1311 3040 1468 3077 octobris,
1486 3047 1572 3070 anno
1589 3038 1739 3070 secundo.
1761 3051 1774 3066 ι
2328 3026 2365 3061 “52‘
