2477 3637
191 378 248 404 613⁸
943 371 1178 403 REGISTRES
1200 371 1255 401 DE
1278 370 1462 401 NICOLAS
1486 371 1542 401 IV.

193 441 371 472 sidentibus
389 439 529 478 partibus
545 438 711 477 provenire
727 446 790 468 non
808 443 910 477 posset
928 438 1028 477 ipsius
1048 440 1199 468 termina-

192 496 234 524 tio
259 493 455 532 questionis,
477 492 553 520 dicti
579 491 716 529 episcopi
738 491 893 529 prefatum
921 492 1199 521 Cenomanensem

192 549 371 585 episcopum
388 554 423 574 ac
439 545 518 574 duos
535 544 568 572 in
588 544 798 581 dignitatibus
815 544 862 573 vel
884 544 1103 583 personatibus
1119 551 1199 573 con-

191 601 316 629 stitutos
346 602 373 627 et
401 598 480 627 duos
509 597 587 626 alios
615 597 747 626 ecclesie
778 597 930 635 prelibate
961 597 1130 627 canonicos
1160 596 1199 626 de

192 652 403 682 nsffleufflms
424 651 456 679 in
476 651 606 680 eadem.
627 659 704 688 quos
722 650 866 680 viderent
884 650 1078 689 expeditioni
1100 658 1198 687 nego-

192 712 224 735 tn
246 706 397 743 aptiores,
415 713 450 733 ex
475 708 560 741 parte
577 708 682 732 nostra
705 703 915 742 peremptorie
934 703 1030 733 citare
1050 707 1201 733 curarent

192 765 224 788 nt
238 758 321 788 idem
335 756 590 787 Cenomanensis
608 757 772 794 episcopus
788 765 842 795 pro
854 766 897 792 se,
915 766 951 787 ac
969 757 1045 786 dicti
1061 761 1200 795 quatuor

191 821 244 851 pro
266 811 374 841 eodem
398 810 552 848 capitulo,
576 818 650 838 cum
673 809 823 839 mandato
849 809 1010 848 legitimo.
1035 810 1120 839 infra
1136 814 1200 839 tres

191 873 316 894 menses
340 873 358 893 a
385 864 434 893 die
459 863 619 893 citationis
646 863 832 901 hujusmodi
859 864 1094 899 numerandos,
1125 871 1199 892 cum

189 918 339 947 omuibus
351 917 495 955 juribus.
514 916 727 945 munimentis
743 921 773 945 et
788 916 1030 946 defensionibus
1047 917 1130 953 suis,
1147 925 1200 946 co-

191 980 257 1000 ram
276 971 366 1000 nobis
383 970 591 1009 personaliter
607 974 845 1008 comparerent,
865 970 979 1000 facturi
997 974 1027 999 et
1044 970 1198 1008 recepturi

190 1024 272 1063 qnod
291 1033 385 1062 super
409 1023 467 1053 lioc
485 1033 538 1062 per
559 1032 614 1053 uos
635 1023 684 1052 vel
708 1023 807 1053 alium
833 1032 887 1053 seu
911 1023 991 1053 alios
1015 1023 1198 1053 faciendum

191 1078 238 1106 vel
266 1077 483 1107 ordinandum
514 1078 609 1106 ctiam
640 1077 868 1107 duceremus...
898 1077 1064 1107 Nominati
1091 1082 1198 1106 autem

189 1132 442 1161 Constantieusis
458 1137 488 1160 et
505 1131 669 1167 Sngiensis
685 1131 835 1169 episcopi,
853 1131 946 1161 dictis
962 1131 1079 1161 nostris
1097 1140 1200 1170 recep-

191 1184 229 1213 tis
248 1184 360 1213 litteris
380 1190 409 1213 et
433 1184 541 1213 eodeni
565 1184 789 1221 Andegavensi
814 1184 976 1222 episcopo,
1003 1193 1075 1214 cum
1093 1184 1199 1214 adhuc

191 1238 319 1270 viveret,
338 1237 422 1274 prius
434 1237 472 1266 ab
488 1237 532 1266 eis
549 1237 692 1274 legitime
710 1237 872 1275 requisito,
889 1245 989 1276 eoque
1004 1247 1037 1267 se
1054 1247 1110 1276 per
1125 1246 1199 1267 suas

191 1289 309 1319 litteras
329 1295 511 1326 excusante,
530 1290 563 1319 in
579 1290 764 1328 hujusmodi
783 1291 921 1328 negotio,
938 1291 1094 1320 dictarum
1111 1290 1198 1321 litte-

191 1352 296 1371 rarum
327 1349 505 1372 nostrarum
531 1344 631 1373 forma
658 1348 800 1380 servata,
828 1344 1002 1382 diligenter
1031 1345 1199 1383 procedere

190 1400 391 1425 curaverunt.
416 1396 451 1425 Et
473 1396 619 1432 tandem,
637 1397 712 1436 quia
734 1398 896 1434 negotium
916 1398 1021 1436 ipsum
1042 1398 1128 1428 inl'ra
1147 1399 1198 1428 bi·

191 1449 316 1477 mestris
341 1449 490 1487 temporis
519 1451 656 1488 spatium
682 1460 866 1489 expressum
893 1452 1040 1490 superius
1064 1461 1120 1490 per
1145 1461 1199 1483 eos

190 1510 252 1530 non
281 1502 378 1539 potuit
403 1503 586 1541 terminari,
615 1504 751 1533 eundem
776 1504 1052 1535 Cenomanensem
1076 1506 1198 1544 episco-

190 1563 282 1592 pum,
302 1558 377 1584 tuuc
394 1555 476 1593 apud
494 1557 723 1586 monasterinm
740 1557 778 1587 de
795 1557 983 1594 Pruilliaco‚
1002 1558 1197 1589 Cistercieu·

193 1608 234 1636 sis
258 1607 397 1644 ordiniS‚
420 1609 616 1638 Senonensis
636 1609 785 1644 diocesis,
807 1616 1072 1647 commorantem,
1096 1617 1126 1642 et
1148 1613 1197 1642 di-

189 1659 284 1690 lectos
308 1660 390 1691 filios
416 1662 583 1698 magistros
612 1663 742 1692 Petrum
771 1664 910 1700 Rotarii‚
934 1665 1198 1696 archidiaconum

190 1713 351 1743 Castrilidi
369 1714 402 1743 in
423 1714 554 1744 ecclesia
571 1715 809 1747 Cenomanensi
826 1718 982 1756 predicta,
1003 1723 1033 1749 et
1055 1720 1198 1759 Raynal-

190 1766 266 1795 dum
279 1766 318 1796 de
331 1767 468 1804 Melloto,
481 1773 656 1805 cantorem,
669 1779 792 1800 necnon
805 1770 1016 1802 Guillelmnm
1031 1773 1199 1804 Mei-ienae

192 1827 225 1848 ac
251 1818 406 1849 Thomam
435 1820 472 1849 de
498 1822 616 1859 Vario,
643 1823 774 1853 ecclesie
801 1825 980 1863 supradicte
1006 1828 1197 1865 canonicos,

193 1876 265 1900 tnnc
292 1872 371 1902 inibi
402 1873 593 1911 residentes,
615 1884 693 1914 quos
715 1876 865 1906 viderunt
884 1878 984 1916 ipsius
1003 1881 1199 1918 expeditioni

191 1925 308 1962 negotii
328 1926 480 1964 aptiores,
501 1930 711 1967 peremptorie
729 1930 910 1961 citaverunt
931 1937 965 1962 ut
986 1933 1089 1963 dictus
1113 1935 1199 1974 epis-

191 1986 285 2016 copus
302 1987 356 2017 pro
375 1989 418 2015 se,
436 1989 471 2009 ac
487 1981 586 2010 iidem
603 1989 739 2020 quatuor
755 1993 810 2022 pro
826 1984 938 2015 eodem
954 1987 1107 2025 capitulo,
1125 1998 1199 2019 cum

191 2031 339 2061 mandato
355 2032 511 2070 legitimo,
529 2035 613 2064 infra
634 2040 694 2065 tres
710 2046 836 2068 menses
857 2047 875 2067 a
890 2039 942 2069 die
960 2040 1121 2071 citationis
1137 2043 1199 2073 hu-

186 2085 326 2122 jusmodi
344 2088 571 2124 numerandos,
592 2098 664 2118 cum
683 2090 834 2121 omnibus
847 2092 992 2130 juribus,
1011 2096 1197 2126 munimen-

191 2139 229 2168 ii<
247 2145 277 2169 vt
294 2141 533 2172 defensionibus
548 2145 633 2180 suis,
651 2154 756 2175 coram
776 2147 867 2177 nobis
887 2150 1097 2187 personaliter
1111 2161 1199 2182 com—

190 2199 336 2230 parerent
352 2218 357 2228 ‚
379 2195 492 2225 facturi
515 2202 544 2226 et
564 2200 721 2237 recepturi
738 2200 822 2238 quod
839 2211 933 2240 super
951 2202 1009 2233 hoc
1028 2205 1129 2235 lacere
1150 2207 1200 2236 vel

191 2247 285 2275 etiam
303 2248 451 2278 ordinare
471 2259 525 2288 per
548 2247 604 2280 nos
628 2252 676 2281 vel
700 2252 800 2282 aliurn
822 2263 876 2284 seu
896 2255 974 2286 alios
993 2266 1197 2297 curaremus,

191 2300 269 2327 sirnt
296 2300 328 2328 iu
355 2310 463 2331 eorum
493 2302 606 2333 litteris
633 2305 726 2335 nobis
754 2306 862 2337 missis
888 2313 919 2338 et
945 2318 1055 2340 eorum
1083 2312 1200 2350 sigillis

190 2353 323 2381 munitis
348 2354 473 2392 plenius
492 2360 520 2385 et
546 2357 696 2388 seriosius
719 2361 913 2391 continetur.
933 2362 1199 2403 Compareutibus

191 2414 264 2435 wro
289 2407 372 2436 infra
402 2408 556 2439 dictorum
587 2412 681 2441 trium
712 2415 872 2445 mensium
903 2418 1041 2456 spatium
1071 2421 1200 2458 prefatis

191 2464 326 2495 quatuor
345 2461 554 2498 personaliter
574 2472 678 2494 coram
704 2466 814 2504 nobis,
836 2470 1078 2507 prenominatus
1094 2472 1199 2504 Ceno-

190 2513 355 2541 manensis
373 2514 549 2553 episcopm,
568 2517 601 2545 in
617 2517 803 2556 hujusmodi
821 2522 958 2553 termino
969 2527 1200 2557 contumaciter

191 2573 256 2594 non
283 2574 487 2605 comparens,
515 2577 731 2602 excusatorem
759 2574 921 2606 destinare
945 2579 1085 2615 curavit,
1107 2581 1200 2620 cujus

192 2620 409 2649 excusationes
428 2630 482 2659 pro
501 2631 536 2652 eo
551 2623 583 2652 in
608 2631 713 2655 nostra
731 2631 763 2656 et
779 2628 911 2659 fratrum
931 2635 1110 2663 nostrorum
1129 2644 1199 2673 pre-

191 2677 293 2700 sentia
316 2675 488 2711 propositas
505 2685 560 2714 per
582 2679 719 2708 eundem
739 2689 811 2715 nos,
831 2686 982 2721 tanquam
1000 2685 1200 2718 insufficien-

191 2727 236 2752 tes
263 2729 291 2754 et
315 2726 423 2756 minus
446 2728 605 2766 legitimas
628 2731 800 2769 duximus,
824 2736 969 2774 exigente
982 2738 1124 2777 justitia,
1148 2751 1200 2772 re—

190 2777 370 2816 pellendas,
404 2780 522 2811 dictum
558 2784 834 2817 Cenomanensem
866 2790 1048 2830 episcopum
1077 2793 1111 2822 in
1141 2794 1201 2825 hac

192 2835 278 2888 pai-te
301 2838 483 2871 reputantes
506 2844 568 2866 nou
586 2837 748 2870 immerito
766 2845 1007 2880 contumacem,
1027 2847 1202 2887 condemp-

192 2889 355 2914 nationem
375 2895 586 2925 expensarum
612 2892 693 2929 parti
712 2893 801 2923 alteri
824 2895 1003 2927 faciendam
1021 2904 1050 2928 et
1069 2901 1202 2932 taxatio-

192 2943 264 2964 nem
282 2937 422 2975 ipsarum
442 2946 547 2972 nostro
562 2944 696 2975 arbitrio
714 2949 917 2980 reservando.
937 2950 1020 2981 Cum
1039 2958 1146 2984 autem
1163 2955 1203 2985 ad

192 2989 448 3023 reformationem
478 3000 576 3026 status
608 2999 752 3036 ejusdem
786 3000 1041 3035 Cenomanensis
1071 3007 1204 3040 ecclesie

193 3041 335 3072 sollicitis
352 3045 465 3075 studiis
491 3048 714 3087 intendamus,
735 3053 891 3094 firmaque
913 3057 1004 3088 nobis
1029 3060 1202 3092 credulitas

1282 441 1432 474 suggerat
1452 437 1536 475 quod
1553 445 1589 466 ea
1602 445 1664 476 que
1680 437 1769 467 vobis
1784 437 2017 467 committimus
2033 436 2206 476 diligenter
2221 446 2292 470 exe-

1282 489 1339 528 qui
1364 490 1535 525 studeatis,
1564 489 1754 519 fraternitati
1779 494 1883 520 vestre
1910 498 1964 528 per
1984 490 2155 529 apostolica
2178 491 2293 530 scripta

1282 543 1424 573 districte
1446 543 1651 581 precipiendo
1675 543 1867 573 mandamus
1883 548 2042 582 quatenus
2061 545 2217 584 prefatum
2234 544 2292 576 Ce—

1284 605 1514 626 nomanensem
1533 597 1735 636 episcopum,
1753 605 1878 627 necnon
1895 597 2051 628 decanum
2072 603 2102 628 et
2118 598 2292 637 capitulum

1283 649 1482 687 supradictos
1503 658 1556 679 vos
1573 649 1622 679 vel
1641 649 1722 680 alter
1738 653 1896 687 vestrum,
1915 660 1969 689 per
1985 659 2040 681 vos
2057 651 2105 681 vel
2122 661 2177 690 per
2191 651 2293 683 alium

1283 710 1337 731 seu
1364 701 1462 738 alios,
1487 711 1523 731 ex
1551 708 1637 741 parte
1665 707 1773 732 nostra
1798 704 2010 741 peremptorie
2033 703 2129 734 citare
2153 704 2291 741 curetis,

1283 754 1517 785 nichilominus
1547 755 1651 785 eidem
1679 755 1918 786 Cenomanensi
1949 756 2096 796 episcopo
2125 758 2184 788 sub
2214 766 2295 797 pena

1282 808 1502 846 suspensionis
1525 809 1564 839 ab
1583 809 1864 840 administratione
1882 810 2100 848 spiritualium
2122 816 2153 841 et
2174 815 2294 850 tempo-

1282 861 1419 900 ralium,
1445 870 1541 900 quam
1563 871 1600 892 eo
1624 863 1692 901 ipso
1714 862 1808 892 illum
1833 864 1997 894 incurrere
2022 863 2187 899 volumus,
2210 865 2238 894 si
2259 866 2295 896 iu

1282 915 1486 953 infrascripto
1517 916 1653 946 termino
1679 925 1697 945 a
1724 916 1817 946 nobis
1846 916 2029 954 prefigendo
2056 917 2160 947 eidem
2188 925 2294 948 coram

1283 968 1375 998 nobis
1402 976 1465 997 uon
1486 969 1646 998 curaverit
1666 969 1876 1008 personaliter
1898 978 2096 1009 comparere,
2121 970 2294 1002 districtius
2324 977 2325 986 ¹

1282 1021 1491 1060 injungentes
1509 1027 1556 1060 ut,
1574 1023 1659 1052 infra
1678 1027 1739 1053 tres
1756 1032 1884 1053 menses
1901 1032 1918 1052 a
1936 1023 1986 1052 die
2003 1023 2163 1054 citationis
2180 1023 2295 1062 hujus-

1284 1076 1367 1106 modi
1385 1077 1625 1115 computandos‚
1644 1077 1749 1107 dictus
1765 1078 1930 1116 episcopus
1946 1077 2166 1115 personaliter,
2183 1077 2296 1116 prefati

1283 1139 1357 1160 vero
1373 1131 1513 1161 decanus
1531 1135 1561 1161 et
1576 1131 1752 1170 capitulum
1766 1140 1821 1169 per
1839 1131 1916 1161 duos
1933 1130 1982 1160 vel
2002 1136 2063 1161 tres
2079 1131 2117 1161 de
2133 1131 2295 1162 canonicis

1283 1185 1428 1224 ejiisdem
1446 1185 1579 1215 ecclesie
1598 1185 1752 1215 habentes
1767 1185 1807 1216 ab
1827 1185 1904 1223 ipsis
1927 1184 2114 1215 mandatum
2132 1184 2295 1215 sufficiens

1282 1240 1320 1268 ad
1347 1239 1564 1274 tractandum,
1587 1239 1860 1277 componendum,
1882 1238 2143 1268 concordandum
2160 1243 2190 1268 et
2212 1237 2294 1268 reci-

1284 1293 1436 1332 piendum
1462 1293 1557 1322 etiam
1583 1292 1820 1322 ordinationem
1845 1297 2006 1328 nostram,
2030 1291 2056 1321 si
2081 1299 2178 1330 quam
2201 1299 2295 1330 super

1282 1345 1343 1375 hoc
1359 1346 1546 1376 duxerimus
1567 1345 1765 1380 faciendam,
1786 1353 1911 1374 necnon
1930 1349 1960 1374 et
1981 1344 2022 1374 ad
2040 1343 2249 1382 litigandum,
2265 1343 2294 1374 si
2328 1356 2331 1365 =

1282 1408 1412 1429 necesse
1430 1390 1541 1437 suerit,
1564 1404 1594 1429 et
1609 1399 1673 1428 alia
1690 1407 1817 1438 quoque
1833 1407 1868 1428 ac
1884 1398 2013 1436 singula
2032 1397 2213 1428 laciendum
2232 1405 2295 1437 que

1282 1454 1350 1484 veri
1369 1458 1399 1483 et
1423 1453 1559 1491 legitimi
1583 1457 1804 1492 procuratores
1828 1452 1930 1482 facere
1953 1456 2084 1490 possunt
2103 1456 2134 1481 et
2157 1451 2292 1490 debent,

1281 1516 1355 1538 cum
1372 1507 1672 1545 omuibusjuribus,
1687 1506 1902 1536 munimentis
1916 1510 1946 1536 et
1959 1504 2199 1536 defensionibus
2215 1504 2292 1543 suis,

1281 1566 1487 1600 compareant
1501 1568 1609 1590 coram
1626 1560 1733 1596 nobis,
1753 1560 1865 1589 facturi
1881 1564 1911 1589 et
1928 1559 2085 1597 recepturi
2101 1557 2185 1597 quod
2201 1566 2296 1597 super
2324 1582 2325 1586 ,

1282 1615 1343 1645 hoc
1365 1624 1419 1654 per
1437 1623 1493 1644 uos
1510 1614 1561 1644 vel
1581 1623 1636 1653 per
1657 1613 1758 1643 alium
1780 1622 1836 1643 seu
1858 1612 1937 1643 alios
1961 1612 2144 1642 faciendum
2167 1610 2294 1642 duxeri-

1281 1678 1355 1699 mus
1382 1668 1431 1699 vel
1460 1669 1554 1698 etiam
1579 1667 1809 1698 ordinandum.
1838 1666 1876 1696 Et
1901 1665 2136 1696 nichilominus
2166 1664 2294 1705 prefatis

1281 1723 1424 1762 partibus
1440 1722 1625 1752 auctoritate
1645 1725 1754 1751 nostra
1771 1720 1953 1759 precipiatis
1969 1727 2115 1758 expresse
2133 1723 2168 1748 ut
2183 1721 2296 1748 neutra.

1281 1777 1421 1816 partium
1438 1775 1572 1805 alteram
1588 1774 1692 1805 trahat
1711 1783 1767 1804 seu
1791 1773 1876 1803 trahi
1892 1777 2042 1812 procuret
2056 1773 2091 1802 in
2107 1780 2219 1802 causas
2233 1779 2296 1810 que

1282 1831 1323 1861 ad
1338 1831 1443 1860 sorum
1460 1829 1602 1860 seculare
1625 1837 1689 1858 non
1710 1828 1871 1868 pertinent
1891 1836 1998 1858 coram
2015 1826 2124 1866 judice
2145 1824 2292 1856 seculari.
2320 1819 2322 1827 ¹

1283 1884 1379 1914 Diem
1396 1892 1506 1914 vero...
1523 1883 1595 1914 Dat.
1612 1882 1696 1921 apud
1716 1882 1992 1918 Urbemveterem,
2009 1890 2026 1910 x
2039 1879 2195 1910 kalendas
2209 1879 2295 1924 apri-
2318 1899 2326 1922 ¹.

1282 1938 1341 1976 lis,
1361 1946 1447 1968 anno
1465 1941 1589 1976 quarto.
1613 1948 1625 1963 ι)

1352 2099 1471 2128 4645
1857 2094 1984 2125 Orvieto,
2005 2094 2035 2120 15
2053 2100 2129 2119 mars
2145 2092 2225 2120 1291.

1319 2162 1361 2189 De
1376 2162 1478 2188 eodem
1500 2160 1624 2195 negotio.
1644 2158 1726 2190 (Rau.
1747 2157 1791 2192 46,
1811 2165 1836 2184 c.
1857 2158 1900 2188 79,
1924 2157 1942 2184 f.
1965 2157 1996 2184 15
2016 2156 2066 2190 v⁰.)

1331 2258 1495 2288 Venerabili
1511 2258 1607 2294 fratri
1622 2277 1641 2284 ..
1659 2257 1792 2294 episcopo
1808 2254 1988 2288 Parisiensi.
2006 2263 2020 2279 α
2039 2252 2083 2282 Ex
2102 2256 2189 2291 parte
2201 2246 2296 2282 dilee-

1283 2317 1387 2342 torum
1406 2311 1550 2341 filiorum
1568 2333 1588 2340 ..
1606 2308 1720 2339 decani
1733 2311 1763 2337 et
1777 2306 1908 2346 capituli
1925 2305 2180 2336 Cenomanensis
2194 2303 2294 2335 eccle·
2313 2321 2321 2347 2

1282 2366 1328 2397 sie
1345 2366 1405 2395 fuit
1426 2364 1606 2404 expositum
1627 2371 1733 2392 coram
1757 2361 1849 2391 nobis
1875 2359 1959 2399 quod
1985 2357 2178 2389 venerabilis
2200 2357 2306 2388 frater·

1281 2424 1390 2451 noster
1403 2419 1580 2454 Johanues,
1599 2414 1854 2447 Cenomanensis
1870 2414 2046 2452 episcopus,
2061 2413 2101 2442 ad
2114 2420 2228 2443 eorum
2243 2411 2295 2442 in-

1282 2474 1420 2504 debitam
1448 2471 1662 2502 turbationem
1687 2474 1717 2499 et
1741 2468 1943 2498 vexationem
1968 2466 2114 2505 aspirans
2128 2489 2137 2504 ,
2157 2465 2243 2505 ipsos
2265 2460 2322 2502 et}

1282 2535 1393 2557 eorum
1409 2524 1552 2563 singulos
1572 2531 1697 2554 necnon
1714 2526 1744 2552 et
1758 2521 1951 2551 adherentes
1971 2519 2105 2556 eisdem,
2122 2527 2218 2558 super
2230 2516 2299 2551 hiis
2312 2525 2322 2536 ·

1282 2590 1344 2620 que
1362 2579 1497 2610 omniuo
1515 2577 1553 2607 ad
1572 2576 1825 2607 ecclesiasticum
1842 2574 1946 2604 sorum
1963 2576 2125 2612 spectant,
2143 2577 2173 2602 et
2195 2571 2294 2612 preci-

1282 2643 1344 2673 pue
1367 2642 1462 2672 super
1487 2630 1631 2661 articulis
1651 2623 1746 2668 super
1768 2627 1886 2666 quibus
1904 2626 1989 2656 inter
2011 2625 2152 2656 eundem
2174 2625 2295 2664 episcoa
2318 2638 2326 2643 -

1283 2696 1371 2727 pum,
1389 2696 1425 2716 ex
1443 2689 1530 2724 parte
1547 2692 1629 2720 una,
1648 2687 1677 2713 et
1693 2682 1851 2712 decanum
1873 2689 1909 2710 ac
1927 2679 2008 2710 alios
2024 2678 2242 2718 supradictos,
2258 2685 2295 2725 ex

1283 2740 1401 2777 altera,
1429 2740 1463 2769 in
1492 2745 1625 2768 romana
1647 2735 1737 2766 curia
1756 2734 1881 2774 questio
1903 2732 2095 2768 ventilatur,
2123 2732 2219 2762 trahit
2239 2736 2307 2762 seu'

1284 2793 1367 2824 trahi
1384 2796 1531 2832 procurat
1545 2791 1579 2820 in
1594 2798 1723 2820 causam
1738 2796 1844 2818 coram
1858 2786 2023 2826 judicibus
2039 2785 2246 2821 secularibus,
2260 2783 2296 2814 in
2310 2812 2325 2833 p

1285 2847 1500 2887 predictorum
1516 2845 1630 2875 decani
1645 2849 1676 2874 et
1688 2842 1825 2873 aliorum
1843 2840 2059 2880 prejudicium
2076 2842 2106 2869 et
2120 2844 2314 2878 gravamen.

1284 2910 1320 2932 ac
1350 2899 1507 2931 libertatis
1535 2897 1668 2929 ecclesie
1697 2895 1929 2926 detrimentum
1948 2904 1955 2930 3
1985 2901 2084 2932 quare
2112 2890 2297 2932 suppliciter

1284 2954 1449 2994 petebatur
1468 2962 1486 2983 a
1503 2952 1594 2982 nobis
1611 2955 1646 2981 ut
1669 2949 1835 2990 providere
1852 2956 1948 2986 super
1964 2945 2023 2977 hoc
2041 2945 2080 2976 de
2098 2943 2296 2984 benignitate
2320 2991 2323 2994 ,

1285 3008 1371 3039 sedis
1399 3006 1569 3047 apostolice
1597 3005 1818 3043 dignaremur.
1849 3001 2005 3038 Quocirca
2033 2998 2218 3030 discretioni
2242 3001 2296 3029 tue

1285 3071 1341 3101 per
1363 3060 1534 3102 apostolica
1557 3059 1674 3098 scripta
1701 3057 1894 3087 mandamus
1918 3057 2096 3094 quatenus,
2116 3052 2143 3083 si
2165 3055 2212 3083 est
2233 3051 2294 3089 ita,
2319 3074 2328 3085 .
