2477 3637
220 382 237 410 6
968 378 1203 409 REGISTRES
1225 379 1278 409 DE
1300 379 1483 410 NICOLAS
1507 380 1561 410 lv.

221 447 339 486 sumpti
356 447 411 476 tibi
429 446 660 476 benedictionis
676 454 794 475 munus
811 445 944 484 propriis
960 445 1109 474 manibus
1129 445 1220 474 duxi-

220 508 291 529 mus
313 499 603 538 impendendum...
633 500 702 528 Dat.
729 500 843 534 Rome,
868 498 951 537 apud
981 498 1134 528 Sanctum
1159 497 1220 527 Pe-

221 556 323 589 trum,
341 562 408 582 xnn
428 552 580 582 kalendas
597 551 706 590 aprilis
720 575 727 588 ,
744 560 828 581 anno
848 551 958 590 primo.
976 563 988 577 ι

260 607 296 636 Ιιι
313 616 340 635 e.
360 616 401 635 in.
418 607 587 636 conventui
605 605 788 635 monasterii
803 605 835 635 S.
849 605 1009 635 Johannis
1026 604 1221 634 Senonensis

219 660 348 689 mandat
379 664 535 698 quatenus
569 658 671 687 eidem
701 658 805 688 abbati
836 657 976 688 debitam
1005 657 1220 688 obedientiam

217 713 373 751 praebeat.
396 713 464 741 Dat.
483 716 516 741 ut
536 720 640 750 supra.

288 912 341 938 ιιι
695 910 908 943 Salui-pierre,
929 910 958 937 18
975 917 1051 936 mars
1071 909 1144 936 1288.

250 974 291 1000 Dc·
306 975 426 1009 pecunia
435 974 610 1001 decimat-uin
624 975 651 1000 in
663 973 828 1008 Norweyae,
847 973 945 999 Danae
954 976 982 999 ct
997 972 1112 999 suetiae
1121 973 1218 1007 regnis

213 1023 404 1050 collectarum.
423 1022 506 1055 (ileo.
524 1023 564 1052 44,
582 1031 606 1049 c.
625 1022 649 1054 S,
666 1023 684 1048 s.
703 1022 716 1049 3
733 1022 783 1055 νο.)

252 1140 431 1177 lluyuitioni
453 1139 578 1176 plebano
604 1139 696 1176 plebis
714 1139 747 1167 de
765 1137 956 1173 Caslellione,
977 1137 1096 1166 „trenna
1118 1136 1214 1166 dioce-

209 1195 270 1230 sis,
293 1193 447 1230 capellano
470 1196 586 1228 nostro,
608 1192 757 1221 collectori
775 1192 885 1221 decime
904 1192 938 1220 in
962 1191 1114 1228 Norweye,
1134 1191 1216 1219 Datie

210 1253 235 1276 et
260 1246 357 1275 Suelio
381 1246 481 1284 reynis
507 1246 594 1274 Terre
618 1245 723 1274 Sancte
744 1244 878 1273 subsidio
903 1245 1058 1282 deputate,
1085 1242 1215 1272 mandat

210 1304 366 1338 quatenus
382 1303 478 1328 totam
495 1298 664 1337 pecuniam
678 1297 882 1327 infradictam
896 1297 979 1335 apud
995 1297 1215 1335 Davancatum

209 1352 369 1382 Francisci
385 1357 414 1382 et
431 1352 630 1390 ltaynerium
646 1350 824 1387 ‹Iohannis‚
842 1350 880 1379 de
899 1349 1099 1380 societatibus
1116 1349 1213 1378 infra-

207 1406 298 1436 dictis
315 1405 365 1435 vel
385 1405 479 1434 alicui
504 1404 587 1434 socio
609 1404 753 1442 deponat.
784 1403 820 1433 Ei
843 1407 1005 1442 praeterea
1028 1402 1153 1432 inhibet
1175 1411 1216 1432 ne

208 1460 273 1497 regi
300 1459 479 1497 Norweyae
506 1458 630 1487 differat
660 1461 862 1496 praesentare
885 1456 1006 1487 litteras
1031 1465 1113 1496 quae
1139 1456 1215 1486 huic

210 1513 248 1543 ab
264 1513 332 1552 ipso
347 1511 477 1542 Nicolao
493 1511 676 1549 diriguntur
688 1534 696 1547 ‚
717 1522 731 1537 ι(
750 1515 783 1540 ut
798 1510 956 1540 decimam
976 1519 1030 1548 per
1050 1510 1132 1540 bone
1147 1518 1215 1539 me-

210 1567 310 1597 morie
338 1565 538 1595 Beruardum
565 1564 839 1603 archiepiscopum
867 1563 1111 1600 Arelatensem,
1138 1563 1214 1593 olim

213 1622 402 1650 Remensem
422 1618 628 1653 canonicum,
647 1621 677 1646 et
694 1617 727 1646 in
744 1617 851 1655 regnis
867 1617 1017 1655 predictis
1033 1626 1089 1655 per
1107 1617 1214 1647 sedem

208 1673 410 1713 apostolicam
426 1671 625 1702 collectorem
640 1671 740 1709 ipsius
756 1671 878 1700 decime
897 1670 1096 1709 deputatum,
1118 1671 1214 1710 depo-

209 1727 301 1756 sitam
320 1726 403 1765 apud
421 1735 495 1755 euni
510 1729 539 1755 et
562 1729 656 1754 totam
678 1733 838 1754 summam
862 1724 995 1762 pecunie
1013 1719 1074 1763 qu'e
1098 1724 1137 1754 ad
1163 1733 1213 1754 ca-

210 1789 330 1810 meram
353 1779 429 1809 dicti
454 1779 538 1816 regis
559 1779 597 1807 de
623 1778 761 1817 quadam
788 1778 941 1808 vicesima
960 1787 1015 1807 seu
1040 1778 1215 1808 centesima

208 1833 285 1864 oliui
297 1842 352 1872 per
364 1833 471 1862 sedem
482 1831 685 1870 apostolicam
701 1831 804 1861 eidem
815 1831 912 1860 Terre
925 1830 1039 1861 Sancte
1053 1840 1212 1869 concessa,

208 1887 324 1917 dicitur
342 1886 542 1925 pervenisse,
565 1897 577 1912 r>
598 1885 658 1924 ipsi
678 1884 868 1922 Huguitioni
888 1885 1011 1914 restitui
1027 1885 1129 1914 faciat.

248 1941 352 1969 Antea
376 1938 480 1969 eidem
502 1937 692 1976 Huguitioni
717 1937 878 1967 Honorius
896 1947 976 1977 papa
992 1938 1057 1968 1111
1078 1938 1213 1968 manda-

208 1997 293 2023 verat
311 1998 344 2022 ut
362 1997 457 2022 totam
474 1992 643 2030 pecuniam
659 2000 754 2030 quam
770 1991 810 2020 de
827 1991 952 2021 decima
967 1992 1001 2020 in
1019 1992 1211 2032 Norweyae,

208 2047 318 2076 Datiae
327 2051 357 2076 et
370 2046 496 2076 Suetiae
505 2045 613 2083 regnis
622 2045 738 2074 Terrae
750 2045 885 2075 Sanctae
899 2045 1040 2076 subsidio
1051 2046 1210 2085 deputata,

208 2109 332 2131 necnon
363 2100 492 2138 legatis,
518 2099 791 2138 redemptionibus
821 2103 965 2129 votorum
988 2104 1018 2129 et
1048 2100 1211 2130 obventio-

208 2154 302 2183 nibus
319 2153 573 2192 quibuscumque
589 2152 751 2182 collectam
767 2152 946 2189 inveniret,
964 2152 1057 2182 certis
1072 2152 1112 2183 de
1127 2153 1212 2183 Tho-

207 2207 298 2237 masii
323 2212 353 2237 et
371 2207 447 2245 Lapi
467 2206 628 2244 Hugouis,
646 2205 764 2245 Spinae
784 2214 819 2235 ac
839 2206 1029 2236 Alfanorum
1054 2207 1211 2237 societati-

206 2261 280 2297 bus,
298 2260 525 2290 mercatoribus
541 2263 571 2289 et
587 2259 709 2289 civibus
728 2259 922 2297 florentinis,
944 2268 998 2289 sen
1015 2259 1110 2289 alicui
1128 2260 1212 2291 socio

206 2313 256 2343 vel
278 2313 473 2352 procuratori
497 2312 668 2351 deponeret
694 2313 780 2342 inter
808 2312 971 2342 societates
993 2313 1120 2343 easdem
1138 2321 1209 2352 por-

207 2367 346 2396 tionibus
361 2365 577 2395 dividendam.
606 2365 668 2395 Sed
686 2365 741 2395 ille
758 2365 915 2395 modicam
934 2367 1086 2405 pecuniae
1105 2375 1210 2405 quan-

207 2421 328 2450 titatem
357 2419 521 2457 collegisse
551 2419 629 2448 dixit
656 2423 686 2449 et
714 2420 818 2458 ipsam
850 2420 1019 2459 pecuniam
1047 2420 1210 2451 collectam

205 2483 302 2513 penes
318 2473 388 2503 illos
403 2473 562 2512 deponere
578 2472 710 2502 distulit.

247 2540 259 2555 u
292 2527 510 2557 Precurrentis
535 2526 618 2556 fame
643 2526 898 2566 relatibusque...
922 2543 963 2550 -—
988 2528 1058 2557 Dat.
1087 2528 1208 2565 Rome,

203 2581 287 2619 apud
319 2580 471 2611 Sanctum
507 2580 637 2609 Petrum
657 2604 663 2616 ,
700 2589 738 2609 xv
773 2580 926 2610 kalendas
960 2581 1071 2620 aprilis
1084 2605 1091 2618 ,
1123 2590 1210 2612 anno

205 2636 315 2674 primo.
340 2647 353 2662 ι)

277 2827 331 2854 15
692 2827 899 2858 §aiut-Pione,
920 2828 949 2854 18
966 2835 1041 2854 mars
1059 2827 1136 2855 1288.

241 2889 281 2916 De
299 2890 419 2924 pecunia
429 2889 605 2916 decimarum
617 2891 644 2915 in
657 2890 822 2925 Norxmyae,
837 2890 936 2916 Danae
947 2894 975 2916 et
988 2889 1104 2916 Suetiae
1112 2890 1209 2925 regnis

203 2938 398 2966 collectarum.
417 2938 498 2972 (Rea.
519 2939 561 2967 44,
579 2947 603 2965 c.
622 2939 651 2971 n,
671 2939 687 2964 f.
707 2939 720 2965 4
737 2940 782 2971 1¹⁰.)

245 3056 408 3084 Carissimo
432 3056 463 3084 ιή
481 3055 599 3084 Christo
621 3055 709 3091 filio..
734 3056 796 3092 νομί
814 3056 954 3094 Norweye
972 3057 1099 3085 illustri.
1125 3055 1207 3084 Eum

1307 451 1395 484 rogat
1413 450 1448 476 ut
1465 446 1644 485 supradicto
1665 446 1709 485 (1)
1730 447 1921 485 Huguitioni
1940 452 2081 480 remittat
2100 451 2266 490 pecuniam
2291 460 2308 480 a

1306 499 1467 537 praedicto
1484 499 1647 529 Bernardo
1662 499 1700 529 ad
1717 508 1875 544 camerani
1893 503 2011 540 regiam
2028 503 2214 542 depositam.

1347 563 1361 578 (ι
1379 553 1543 591 Assumpti
1563 561 1664 591 nuper
1679 553 1756 583 ad...
1773 570 1812 576 —-
1828 554 1898 583 Dat.
1917 558 2068 595 utsupra.
2091 568 2103 583 ι)

1379 696 1433 724 16
1786 697 1996 731 Saint-Pierre,
2016 699 2047 726 19
2065 708 2140 726 mars
2158 699 2234 726 1288.

1342 759 1467 787 Licentia
1477 761 1665 788 confirmandi
1681 761 1848 787 electionem
1865 760 1975 787 abbatis
1990 763 2154 789 monasterii
2170 762 2200 788 S.
2217 761 2306 788 Bene-

1303 808 1381 835 dicti.
1400 808 1483 842 (Rea.
1501 810 1543 842 44,
1561 818 1588 837 c.
1608 810 1646 841 iO,
1664 810 1682 836 f.
1701 811 1713 836 4
1732 812 1778 842 ro.)

1349 898 1513 927 Venerabili
1534 900 1630 935 fratri
1652 899 1683 928 G.
1707 900 1839 937 episcopo
1857 898 2037 934 Sabinensi,
2054 898 2211 937 apostolice
2229 900 2306 929 sedis

1303 952 1409 988 ιεραιο,
1428 950 1480 980 dat
1496 950 1659 981 licentiam
1677 951 1889 981 confirmandi
1907 951 2094 981 electionem
2113 952 2250 982 Mathaei
2267 952 2306 982 de

1302 1003 1494 1041 Agrigento,
1519 1012 1614 1042 quem
1640 1010 1713 1035 tunc
1742 1005 1936 1035 monachum
1962 1004 2112 1035 ecclesiae
2139 1005 2306 1036 Montisre-

1301 1057 1392 1095 galis,
1407 1057 1545 1095 priorem
1558 1057 1701 1095 ejusdem
1713 1058 1864 1088 ecclesiae
1878 1058 1911 1087 in
1928 1058 2049 1088 Bitecto
2063 1062 2092 1088 et
2104 1057 2306 1096 capellanum

1300 1110 1438 1149 episcopi
1454 1109 1640 1147 Tusculani,
1657 1119 1767 1141 omnes
1783 1111 1931 1141 monachi
1948 1111 2134 1141 monasterii
2151 1111 2182 1141 S.
2202 1111 2306 1142 Bene-

1300 1164 1376 1194 dicti
1405 1164 1572 1201 Barensis,
1601 1164 1723 1194 ordinis
1745 1164 1777 1195 S.
1800 1165 1982 1201 Benedicti,
2010 1165 2048 1194 ad
2071 1173 2237 1195 romanam
2253 1173 2304 1195 ec-

1299 1218 1431 1248 clesiam
1457 1217 1547 1248 nullo
1576 1217 1681 1248 medio
1704 1218 1908 1256 pertinentis,
1938 1223 2067 1257 excepto
2093 1218 2189 1248 fratre
2214 1218 2307 1248 Petro

1299 1271 1338 1301 de
1357 1272 1438 1301 Baro
1450 1295 1458 1308 ,
1476 1272 1532 1309 qni
1549 1271 1770 1302 nominaverat
1785 1271 1938 1308 alterum,
1959 1277 2026 1310 post
2047 1276 2182 1302 mortem
2201 1279 2306 1310 quon-

1299 1325 1372 1355 dam
1388 1324 1509 1354 abbatis
1526 1325 1713 1362 Mai-garati,
1733 1333 1787 1363 per
1803 1324 1887 1354 viam
1904 1326 2050 1355 scrutinii
2071 1325 2162 1364 cujus
2181 1328 2303 1355 scruta-

1301 1382 1382 1408 tores
1398 1378 1529 1408 fuerunt
1542 1378 1762 1408 Jannocoarus
1778 1381 1809 1407 et
1824 1377 1975 1408 Silvester
1990 1379 2028 1408 de
2044 1378 2137 1415 Baro,
2155 1377 2306 1408 monachi

1299 1432 1401 1470 ipsius
1427 1431 1636 1468 monasterii,
1665 1431 1827 1469 elegerant
1843 1431 2005 1469 abbatem,
2025 1435 2055 1462 et
2072 1433 2163 1470 quus
2181 1431 2305 1462 electio-

1299 1493 1374 1515 nem
1391 1485 1575 1524 hujusmodi
1592 1485 1774 1524 praedictus
1785 1485 1950 1523 episcopus
1961 1485 2149 1515 sabinensis
2160 1484 2306 1515 noluerat

1299 1538 1500 1574 confirmare,
1519 1538 1602 1577 quod
1619 1538 1687 1576 ipse
1703 1537 1870 1567 Mathaeus
1887 1543 1953 1568 erat
1970 1538 2107 1577 Syculus
2123 1538 2263 1569 natione.-

1340 1604 1353 1620 «
1372 1592 1482 1631 Nuper
1496 1591 1535 1621 ad
1550 1591 1787 1621 audientiam...
1808 1607 1848 1613 —
1866 1591 1936 1621 Dat.
1960 1592 2077 1628 Rome,
2096 1591 2180 1630 apud
2203 1591 2303 1622 Sanc-

1298 1650 1366 1676 tum
1382 1646 1530 1681 Petrum,
1547 1654 1616 1675 xnn
1633 1645 1785 1675 kalendas
1801 1644 1928 1683 aprilis,
1948 1653 2034 1675 anno
2050 1646 2164 1684 primo.
2184 1657 2197 1672 n

1369 1793 1417 1820 ΙΨ
1872 1790 1988 1822 Latran,
2006 1791 2039 1817 22
2056 1799 2132 1818 mars
2156 1791 2232 1819 1288.

1332 1855 1459 1882 Traditio
1475 1855 1566 1889 pallei.
1584 1854 1674 1887 (Reo.
1693 1854 1742 1885 44,
1759 1861 1784 1880 c.
1803 1854 1851 1884 11,
1874 1854 1893 1879 f.
1912 1854 1927 1880 4
1944 1860 1990 1886 v⁰5
2010 1853 2127 1884 Pori-fl..
2142 1852 2250 1888 22620.)

1343 1944 1509 1973 Venerabili
1523 1944 1617 1980 fratri
1631 1943 1659 1971 J.
1677 1943 1866 1973 Nidroslensi
1882 1943 1985 1979 electo,
2002 1943 2076 1972 olim
2092 1943 2226 1980 episcopo
2241 1941 2303 1971 Ha-

1297 1998 1448 2034 maranti,
1475 1996 1635 2035 significat
1659 2005 1691 2026 se
1717 2005 1772 2035 per
1797 1996 2002 2034 Thobergum
2027 2000 2056 2026 et
2078 1995 2302 2033 Thobernum,

1297 2051 1521 2081 Nidrosieuses
1547 2049 1732 2087 canonicos,
1757 2049 1880 2079 mittere
1900 2048 2039 2088 palleum
2061 2049 2126 2079 ab..
2151 2047 2302 2079 Asloensi

1297 2109 1350 2135 et..
1371 2104 1601 2142 Stavangrensi
1619 2103 1772 2142 episcopis
1788 2103 1817 2133 ei
1834 2102 2036 2132 tradendum.

1337 2172 1351 2187 <a
1384 2160 1493 2198 Nuper
1518 2167 1554 2188 ex
1582 2162 1706 2197 parte...
1733 2173 1772 2180 —
1796 2157 1868 2187 Dat.
1899 2156 2064 2192 Laterani,
2091 2165 2120 2186 xt
2147 2155 2302 2186 kalendas

1295 2213 1422 2252 aprilis,
1440 2220 1525 2242 anno
1542 2212 1653 2250 primo.
1672 2223 1684 2237 ι»

1368 2358 1422 2386 18
1873 2356 1973 2382 Lati-an
1984 2375 1990 2385 .
2007 2355 2039 2382 22
2058 2363 2134 2382 mars
2150 2353 2228 2382 1288.

1328 2421 1368 2449 Ut
1384 2417 1480 2457 supra.
1499 2403 1643 2455 (Rgaslglg,
1660 2428 1685 2446 c.
1706 2419 1747 2450 t‘z,
1765 2418 1784 2445 f.
1802 2418 1816 2444 4
1833 2424 1877 2451 v⁰;
1895 2417 2013 2448 Porru„
2033 2416 2146 2450 22621.)

1340 2510 1561 2541 Venerabilibus
1573 2509 1745 2546 fratribus..
1765 2506 1897 2536 Asloensi
1910 2511 1960 2536 et..
1980 2505 2200 2544 Scavanqrensi
2215 2505 2299 2543 epis-

1293 2566 1373 2604 copis
1391 2563 1522 2594 mandat
1544 2566 1579 2592 ut
1603 2561 1741 2601 palleum
1758 2559 1797 2590 de
1814 2559 1961 2589 manibus
1983 2558 2141 2596 Thobergi
2164 2561 2195 2588 et
2213 2557 2300 2587 Tho-

1292 2618 1386 2649 berni
1404 2623 1564 2656 receptum
1582 2616 1613 2646 J.
1631 2614 1730 2645 electo
1749 2614 1948 2644 Nidrosiensi
1964 2614 2137 2652 assignent.

1334 2685 1348 2700 α
1369 2672 1479 2710 Nuper
1494 2679 1531 2700 ex
1548 2673 1670 2709 parte...
1689 2685 1728 2689 —
1745 2668 1815 2697 Dat.
1837 2671 1871 2697 ut
1888 2675 1993 2706 supra.
2014 2678 2027 2693 ι)

1364 2817 1413 2845 19
1865 2812 1982 2841 Lati-an.
2001 2810 2035 2838 22
2051 2818 2127 2837 mars
2144 2809 2224 2837 1288.

1327 2880 1367 2908 Ut
1382 2887 1479 2914 supra.
1496 2877 1577 2912 (Rm.
1596 2877 1643 2906 44,
1663 2885 1688 2904 c.
1707 2876 1751 2908 13,
1770 2875 1788 2902 f.
1806 2876 1821 2902 4
1839 2881 1885 2908 νος
1908 2874 2023 2904 eorm„
2041 2872 2153 2906 22622.)

1331 2968 1453 2999 Dilectis
1468 2967 1544 3004 filiis
1562 2967 1708 3004 Thoberqo
1724 2972 1750 2995 ec
1769 2966 1935 2999 Thoberrw,
1951 2962 2104 2993 canonicis
2123 2961 2297 2991 Nidrosien—

1320 3060 1353 3091 (1)
1367 3060 1407 3084 Gr.
1423 3061 1447 3084 la
1461 3060 1532 3084 butte
1546 3058 1714 3090 precedente.
