2342 3652
917 381 1137 418 PREMIERE
1160 388 1316 418 ANNEE.
2105 397 2156 426 185

78 457 130 497 qui
146 455 290 486 ecclesias
307 456 345 484 de
362 454 488 491 [tit-gel,
507 454 545 482 de
564 454 762 490 Homberch,
783 454 819 483 de
837 454 977 493 Stophon
993 458 1023 483 et
1039 454 1077 483 de

78 511 188 547 Berge,
206 513 235 537 et
250 507 357 538 Sancti
374 507 606 536 Bai-tholomaei
625 507 819 542 Leodiensis,
839 507 1032 536 Xancteusis
1048 511 1078 536 et

77 561 313 593 Ymbriacensis
330 560 532 590 ecclesiarum
556 561 805 597 praeposituras,
823 560 1076 589 Constantiensis

79 619 108 646 et
128 613 328 645 Coloniensis
351 613 563 649 dioecesium,
587 612 723 641 diversis
746 613 862 650 recepit
885 613 1076 650 temporibus

79 674 108 700 et
121 667 306 706 aliquandiu
327 667 446 701 tenuit,
463 668 583 695 fructus
601 666 746 706 redditus
767 670 796 695 et
820 664 989 704 prbventus
1006 674 1077 703 per-

79 721 197 761 cipiens
213 729 250 749 ex
265 720 403 755 eisdem,
419 719 654 757 dispensatione
669 718 839 757 apostolica
856 726 918 747 non
937 718 1075 754 obtenta,

84 774 245 812 dispensat
268 778 312 808 ut,
329 772 497 811 praedictis
513 771 653 801 ecclesiis
671 776 701 800 et
716 771 824 801 Sancti
844 770 1077 800 Bartholomaei

79 826 288 866 praepositura
311 825 495 862 resignatis,
514 825 731 854 Xanctensem
758 828 788 853 et
813 823 1077 852 Ymbriacensem

79 879 310 920 praeposituras
338 878 421 907 licite
448 878 596 913 retinere,
624 883 654 906 et
677 882 800 915 praeter
829 886 880 906 eas
911 876 1077 906 ecclesiam

80 931 183 963 Sancti
199 931 350 969 Stephani
367 931 401 960 in
417 930 545 965 WViena,
563 939 671 959 curam
691 930 874 960 animarum
892 930 1075 965 habentem,

79 985 274 1015 Patavieusis
297 984 466 1019 dioecesis,
492 983 635 1013 obtinere
662 983 773 1022 possit,
795 982 968 1012 dummodo
991 991 1023 1011 se
1042 982 1078 1011 in

79 1038 336 1068 subdiaconatum
352 1037 530 1075 promoveri
550 1037 652 1065 saciat.

119 1101 132 1117 «
152 1090 299 1128 Exposita
321 1089 412 1119 nobis
436 1093 528 1118 tua...
545 1105 584 1110 —
602 1089 673 1118 Dat.
696 1088 813 1126 Rome,
830 1088 912 1127 apud
929 1089 1077 1118 Sanctam

79 1143 208 1174 Mariam
235 1143 407 1181 Majorem,
426 1152 466 1171 xv
487 1141 640 1171 kalendas
665 1141 762 1178 maii,
788 1150 873 1171 anno
891 1141 1039 1171 secundo.
1061 1153 1075 1168 »

144 1301 230 1331 835

111 1364 291 1400 Dispensatio
307 1372 395 1398 super
410 1364 570 1398 pluralitate
586 1363 790 1390 beneficiorum
805 1363 887 1396 (Iino.
908 1364 951 1394 44,
969 1372 995 1390 c.
1014 1364 1074 1397 135,

76 1415 95 1442 f.
112 1414 160 1441 139
175 1420 217 1447 v⁰;
235 1413 339 1440 Por‘rn.
355 1413 464 1444 22928.)

435 1300 794 1334 Sainte-Marie—Majeure,
814 1301 827 1327 4
843 1302 911 1326 avril
928 1301 1003 1328 1289.

114 1517 253 1554 Magistro
275 1516 361 1544 Petro
382 1517 460 1544 dicto
478 1516 513 1544 de
533 1516 648 1552 Aspen,
665 1516 813 1553 preposito
833 1516 949 1544 ecclesie
971 1516 1074 1544 Treve-

76 1571 184 1605 mmsis,
202 1571 317 1608 phisico
337 1574 362 1598 et
377 1570 533 1606 familiari
549 1569 704 1598 carissimi
719 1568 752 1597 in
770 1568 887 1597 Christo
903 1570 962 1605 filii
977 1570 1076 1598 nostri

77 1624 119 1660 R„
136 1624 213 1661 reglis
227 1624 446 1652 Romanorum.
469 1622 506 1652 Ei
522 1621 668 1659 indulget
689 1626 721 1651 ut
741 1622 968 1651 Treverensem
985 1631 1075 1660 prae-

76 1676 245 1716 posituram
264 1685 328 1706 una
343 1685 416 1705 cum
430 1676 608 1713 pinguensi
622 1676 847 1714 praepositura,
866 1676 1075 1713 szguntinae

77 1729 242 1766 dioecesis,
266 1734 295 1759 et
319 1728 558 1759 canonicatibus
583 1733 613 1757 et
635 1728 823 1767 praebendis
850 1728 1080 1765 Treverensis„

77 1783 281 1821 Maguntinae
299 1787 329 1812 et
347 1782 507 1821 Spirensis
524 1781 747 1817 ecclesiarum,
765 1785 795 1810 et
807 1781 966 1811 fructibus
982 1781 1074 1811 inde-

77 1836 139 1867 bite
160 1835 311 1875 perceptis
335 1845 370 1866 ex
396 1835 559 1865 scolastria
578 1834 728 1864 ecclesiae
750 1834 858 1865 Sancti
885 1835 1071 1874 Symeouis,

78 1893 106 1919 et
118 1889 255 1919 ecclesiis
271 1889 308 1918 de
325 1888 520 1926 Birthiugen
538 1892 568 1918 et
582 1888 621 1917 de
642 1888 748 1925 Riole‚
766 1888 971 1918 Treverensis
986 1888 1073 1918 dioe-

77 1941 164 1979 cesis,
179 1943 317 1973 retinere
333 1941 444 1972 valeat.

114 2006 129 2022 α
149 1995 326 2034 Apostolice
348 1995 432 2024 sedis
454 1995 679 2032 benignitas...
704 2011 741 2016 ——
764 1995 835 2025 Dat.
858 1995 968 2032 Rome,
988 1995 1072 2034 apud

77 2048 218 2080 Sanctam
252 2049 388 2078 Mariam
421 2049 598 2087 Maj01·em,
630 2057 651 2077 11
692 2057 792 2078 nonas
825 2048 949 2087 aprilis,
987 2058 1073 2079 anno

76 2101 221 2133 secundo.
241 2113 255 2129 »

141 2260 226 2289 83ss

108 2321 287 2350 Confirmatio
303 2324 521 2358 compositionis
537 2325 611 2350 inter
626 2324 874 2359 archiepiscopum
891 2325 1028 2359 Aquense
1045 2329 1073 2351 et

76 2373 275 2399 monasterium
299 2372 397 2399 Sancti
423 2372 552 2400 Victoris
577 2373 756 2400 Massiliense
772 2373 854 2406 (Rae.
879 2374 928 2407 44,
954 2382 979 2401 c.
1008 2374 1070 2406 136,

75 2419 94 2447 f.
109 2420 157 2448 140
173 2422 219 2454 νο.)

410 2259 775 2295 Salute-Marie-Majeure,
790 2262 821 2287 153¹
836 2262 906 2288 avril
923 2262 1000 2289 1289.

116 2544 136 2552 ..
153 2524 249 2553 abbati
265 2529 292 2554 et
311 2525 473 2554 conventui
496 2525 673 2553 monasterii
692 2525 796 2555 Sancti
819 2525 943 2555 Victoris
967 2527 1072 2555 Massi-

77 2575 190 2612 liensis,
208 2578 246 2606 ad
261 2587 422 2607 romanam
439 2577 588 2607 ecclesiam
606 2578 691 2607 nullo
708 2578 802 2607 medio
814 2580 1007 2617 pertinentis,
1021 2588 1071 2607 or-

76 2628 154 2660 dinis
175 2631 276 2661 Sancti
294 2632 452 2661 Benedicti.
480 2644 493 2658 «
513 2632 606 2661 Justa
627 2636 730 2661 vestra
752 2632 946 2662 desideria...
971 2632 1070 2662 Exhi-

75 2681 301 2722 bitasiquidem
317 2685 407 2714 nobis
422 2689 523 2714 vestra
534 2685 644 2723 petitio
657 2684 838 2714 continebat
849 2685 932 2723 quod
949 2685 1070 2715 dudum

75 2733 154 2765 inter
167 2745 235 2774 vos,
253 2746 289 2767 ex
307 2742 392 2776 parte
405 2746 468 2767 una
479 2760 487 2775 ,
505 2742 535 2766 et
549 2738 631 2767 bone
644 2738 798 2768 memorie
814 2738 1068 2775 Vicedomiuum,

75 2786 295 2819 Penestrinum
311 2790 494 2828 episcopum
508 2813 514 2826 ,
533 2795 607 2820 tunc
622 2790 897 2829 archiepiscopum
908 2813 916 2828 ,
936 2795 966 2820 et
982 2791 1069 2829 capi-

75 2840 172 2872 tulum
188 2843 370 2882 Aqueuses,
392 2852 487 2882 snper
503 2852 538 2873 eo
554 2843 638 2882 quod
656 2843 742 2873 idem
759 2844 1015 2883 archiepiscopus
1035 2844 1070 2873 in

75 2893 172 2925 Vallis
195 2896 233 2926 de
255 2897 368 2932 Tritis,
397 2897 436 2926 ad
464 2896 693 2925 monasterium
717 2901 857 2926 vestrum
884 2897 978 2936 pleno
998 2898 1070 2936 jure

75 2950 294 2987 spectantibus,
305 2954 334 2980 et
345 2949 512 2980 nonnullis
521 2948 592 2979 aliis
603 2949 741 2979 ecclesiis
749 2950 783 2979 in
795 2950 914 2980 diocesi
924 2950 1070 2989 Aquensi

75 3002 333 3041 consistentibus,
355 3012 491 3042 quarum
516 3002 643 3033 collatio
665 3002 705 3032 ad
735 3012 787 3033 vos
814 3004 967 3042 pertinet,
997 3004 1070 3043 jura

77 3054 269 3096 episcopalia,
283 3061 313 3087 et
328 3058 422 3087 etiam
434 3057 467 3086 in
480 3065 590 3086 earum
601 3055 761 3095 aliquibus
774 3061 920 3096 quartam
934 3057 1070 3087 decima-

210 3122 281 3150 Rea.
301 3123 424 3150 Niconis
443 3121 495 3149 IV.

1158 463 1231 483 rum
1250 459 1279 483 et
1295 456 1479 486 canonican]
1506 458 1679 495 portionem
1700 459 1943 487 mortuariorum
1963 464 2071 489 contra
2089 462 2156 497 jus-

1160 505 1261 534 titiam
1289 507 1451 544 exigebat,
1482 513 1566 545 orta,
1597 519 1631 538 ex
1663 509 1777 546 altera,
1804 511 1936 539 materia
1965 513 2156 551 questionis,

1161 558 1288 588 taudem
1302 559 1484 598 hujusmodi
1500 563 1621 600 questio
1632 563 1669 591 ad
1681 563 1786 592 sedem
1798 564 2003 601 apostolicam
2016 565 2158 602 legitime

1159 610 1315 648 devoluta,
1342 621 1447 642 coram
1472 614 1572 643 t'elicis
1599 616 1825 644 recordationis
1842 617 1971 646 Nicolao
1989 627 2066 656 papa
2091 619 2155 653 ΙΙΙ,

1160 663 1379 699 predecessore
1396 670 1516 701 nostro,
1538 671 1611 695 tunc
1627 667 1660 696 S.
1679 667 1802 697 Nicolai
1816 669 1847 697 iu
1865 668 1996 698 Caret—re
2012 670 2158 701 Tulliano

1160 715 1291 745 diacono
1309 718 1481 754 cardinali,
1498 719 1531 747 in
1551 719 1659 748 eadem
1682 721 1720 749 ab
1742 722 1808 759 ipsa
1828 722 1899 751 sede
1920 723 2061 753 auditore
2086 733 2158 754 cou-

1160 778 1257 805 cesso,
1278 770 1467 808 aliquandiu
1488 773 1589 801 extitit
1605 773 1764 803 ventilata.
1785 774 1904 803 Verum
1924 776 2071 814 denique,
2088 786 2157 807 me-

1161 822 1268 851 diante
1284 824 1444 861 quondam
1458 824 1552 853 fratre
1565 825 1667 861 Petro,
1685 827 1786 864 priore
1797 827 1917 856 ordinis
1929 829 2157 866 predicatorum

1162 875 1372 912 Massiliensi,
1396 878 1480 906 inter
1501 883 1602 916 partes
1623 880 1801 908 amicabilis
1820 882 2001 919 compositio
2020 883 2158 912 interve-

1162 929 1219 957 nit.
1244 930 1308 958 Nos
1329 931 1450 968 itaque,
1474 932 1583 959 vestris
1602 932 1747 969 precibus
1768 933 1932 970 inclinati,
1954 936 2157 973 compositio-

1163 990 1234 1010 nem
1261 983 1461 1021 hujusmodi,
1480 984 1561 1013 sicut
1579 985 1649 1019 rite,
1670 987 1737 1014 siue
1753 987 1915 1023 pravitate,
1937 988 2063 1025 provide
2081 989 2159 1018 sacta

1162 1039 1227 1069 est,
1246 1040 1276 1064 et
1291 1036 1329 1065 ab
1346 1040 1478 1075 utraque
1498 1041 1582 1074 parte
1598 1042 1707 1075 sponte
1724 1043 1846 1076 recepta
1862 1043 1891 1067 et
1908 1040 2058 1069 hactonus
2076 1043 2158 1079 paci-

1161 1089 1217 1118 fice
1239 1089 1413 1124 observata,
1431 1099 1466 1119 ac
1485 1090 1517 1118 in
1535 1090 1663 1119 alimus
1680 1092 1891 1129 prejudicium
1911 1102 1972 1122 non
1993 1094 2156 1131 redundat,

1160 1143 1346 1172 auctoritate
1361 1143 1531 1182 apostolica
1548 1144 1777 1173 confirmamus
1800 1150 1871 1182 ete,
1897 1154 1996 1183 usque
2011 1155 2157 1177 commu-

1160 1197 1280 1226 nimus.
1304 1197 1394 1226 Nulli
1421 1206 1493 1235 ergo
1520 1201 1578 1227 etc.
1608 1202 1713 1227 nostre
1733 1198 1985 1228 confirmationis
2003 1204 2061 1229 etc.
2086 1201 2156 1230 Dat.

1160 1251 1271 1284 Rome,
1291 1251 1374 1288 apud
1396 1251 1543 1280 Sanctam
1562 1251 1697 1280 Mariani
1718 1252 1870 1290 MnJ'orem
1883 1275 1890 1288 ,
1908 1253 2013 1282 idibus
2031 1253 2156 1292 aprilis,

1158 1312 1244 1333 anuo
1262 1303 1411 1334 secundo.
1432 1316 1444 1330 n

1229 1462 1313 1491 83?

1193 1525 1389 1559 Indulgentiae
1410 1525 1492 1558 (Rau.
1511 1525 1558 1558 44,
1580 1534 1604 1551 c.
1625 1525 1689 1558 137,
1707 1526 1725 1551 f.
1747 1526 1794 1552 140
1810 1527 1858 1557 ro.)

1501 1461 1856 1497 sainte-Marie-Majeure,
1880 1464 1908 1490 13
1924 1465 1992 1490 avril
2010 1465 2085 1492 1289.

1200 1649 1219 1656 ..
1238 1628 1339 1664 priori
1362 1632 1387 1655 et
1409 1628 1540 1664 capitulo
1563 1628 1677 1656 ecclesie
1699 1628 1879 1656 Sanctorum
1903 1629 2019 1657 Gemini
2040 1635 2064 1658 et
2095 1631 2158 1659 Ma-

1158 1680 1217 1709 thet
1233 1681 1266 1708 de
1280 1680 1385 1710 Sttnza
1406 1680 1603 1709 Viterbiensis.
1622 1679 1863 1717 Indulgentiam
1880 1687 2008 1710 centum
2032 1682 2156 1711 dierum

1156 1734 1300 1764 concedit
1326 1733 1475 1763 omnibus
1505 1743 1578 1763 vere
1606 1734 1840 1771 poenitentibus
1869 1739 1898 1763 et
1928 1735 2080 1764 confessis
2102 1736 2156 1773 qui

1156 1788 1238 1817 banc
1257 1787 1435 1823 ecclesiam,
1452 1787 1484 1816 iu
1502 1786 1533 1816 S.
1557 1787 1687 1816 Gemini
1705 1787 1897 1817 confessoris
1914 1792 1943 1817 et
1959 1787 1990 1817 S.
2006 1788 2156 1818 Matthaei

1155 1840 1286 1879 apostoli
1302 1840 1535 1876 festivitatibus,
1553 1840 1587 1868 in
1607 1840 1829 1870 anniversario
1848 1840 1898 1869 die
1912 1842 2157 1871 consecrationis

1155 1894 1296 1932 eJusden]
1319 1893 1481 1930 ecclesiae,
1499 1898 1529 1922 et
1541 1902 1595 1931 per
1610 1897 1678 1923 octo
1694 1893 1760 1922 dies
1777 1893 1962 1923 immediate
1975 1899 2155 1932 sequentes,

1155 1947 1363 1977 visitaverint.

1197 2013 1209 2028 υ
1229 2000 1417 2030 Sanctorum
1434 1999 1556 2029 meritis
1574 1999 1724 2030 inclita...
1741 2016 1780 2022 ·-
1798 2000 1867 2029 Dat.
1887 2005 1920 2029 ut
1936 2009 2039 2038 supra.
2062 2012 2075 2026 »

1225 2147 1312 2175 838

1190 2209 1376 2244 Dispensatio
1387 2217 1474 2244 super
1486 2208 1598 2235 defectu
1611 2208 1746 2234 natalium
1761 2208 1842 2241 (Rae.
1855 2209 1897 2242 44,
1910 2216 1934 2235 c.
1948 2208 2006 2239 138,
2019 2209 2037 2234 f.
2050 2208 2098 2235 140
2109 2209 2155 2241 νο.)

1490 2145 1850 2180 Sainte-Marie-Majeure,
1868 2146 1899 2172 ‘27
1917 2145 1984 2171 avt-il
2008 2145 2083 2173 mss.

1193 2312 1349 2348 Monatdo,
1370 2312 1539 2348 presbytero
1554 2333 1562 2347 ,
1586 2312 1730 2340 canonico
1753 2311 1897 2339 secularis
1917 2311 2030 2339 ecclesie
2051 2310 2154 2339 Sancti

1154 2366 1260 2402 Anyeli
1276 2365 1309 2393 de
1324 2364 1415 2401 Spata
1439 2364 1630 2393 Viterbiensis
1646 2387 1651 2399 ,
1669 2363 1955 2401 dispensationem,
1969 2364 2036 2401 jam
2052 2372 2069 2391 a
2086 2362 2152 2392 Cle-

1154 2422 1260 2448 mente
1278 2418 1456 2454 obtentam,
1482 2421 1613 2447 renovat
1629 2426 1724 2455 super
1743 2416 1864 2446 defectu
1883 2416 2034 2445 natalium
2058 2425 2152 2454 quem

1153 2471 1283 2510 patitur,
1296 2480 1332 2500 ex
1344 2470 1446 2500 soluto
1462 2474 1554 2500 natus
1570 2474 1600 2499 et
1610 2470 1722 2506 soluta,
1740 2475 1774 2499 ut
1787 2469 1826 2498 ad
1838 2469 1964 2498 ordines
1976 2469 2152 2507 promoveri

1153 2529 1183 2555 et
1204 2524 1359 2554 beneficia
1380 2523 1589 2553 ecclesiastica
1615 2523 1769 2561 recipere,
1801 2522 1967 2561 episcopali
2000 2521 2151 2558 dignitate

1153 2581 1280 2615 excepta
1292 2599 1300 2613 ,
1318 2577 1427 2615 possit.

1194 2642 1208 2657 «
1228 2630 1401 2667 Illegitime
1417 2633 1507 2659 natos
1518 2637 1634 2668 quos...
1649 2645 1686 2649 —
1700 2628 1770 2657 Dat.
1783 2624 1894 2663 Rome,
1909 2626 1990 2664 apud
2003 2626 2151 2656 Sanctam

1153 2684 1289 2713 Mariam
1310 2683 1479 2721 Majorem,
1496 2691 1516 2711 v
1532 2681 1683 2711 kalendas
1699 2681 1791 2716 maii,
1810 2687 1894 2709 anno
1909 2679 2058 2709 secundo.
2077 2690 2090 2705 n

1222 2840 1407 2870 839-841
1487 2837 1846 2871 Sainte-Marie-Majeure,
1864 2837 1895 2863 ‘2³2
1916 2837 1984 2863 avril
2002 2837 2079 2864 1289.

1188 2903 1351 2930 Sinibaldus
1367 2901 1538 2928 monasterio
1551 2900 1648 2927 Sancti
1664 2899 1741 2926 Petri
1756 2899 1791 2925 de
1808 2899 1958 2926 Ferentillo
1974 2898 2062 2925 abbas
2074 2907 2151 2934 prae-

1152 2953 1246 2979 ficitur
1261 2951 1343 2984 (Rso.
1361 2951 1411 2982 44,
1430 2958 1454 2976 c.
1475 2950 1535 2983 139,
1551 2949 1570 2975 f.
1593 2949 1642 2975 140
1664 2949 1710 2983 νο.)

1192 3052 1361 3089 Sinibaldo,
1385 3052 1485 3081 abbati
1501 3051 1680 3080 monasterii
1701 3050 1806 3080 Sancti
1823 3051 1905 3079 Petri
1925 3050 1958 3079 de
1976 3049 2148 3085 Ferentillo,

1975 3115 2008 3142 24
