2342 3652
944 362 1178 401 TROismME
1201 366 1356 403 ANNEE.
2137 373 2194 402 6¹5

99 437 333 476 exemptionem
349 438 388 467 ab
403 439 572 476 episcopali
588 439 817 477 jurisdictione
833 440 880 469 eis
898 448 914 468 a
931 438 1104 473 Theafino,

100 490 281 529 Aquilensi,
294 490 470 520 iserniensi
487 497 517 520 et
528 492 723 522 Tei-ventino
740 493 896 531 episcopis
911 501 1104 527 concessam,

100 553 218 583 eosque
228 548 379 573 eteorum
394 546 636 577 monasterium.
646 554 717 575 cum
731 546 881 575 omuibus
892 545 1104 579 monasteriis,

101 597 294 637 prioratibus
325 601 354 626 et
385 598 537 627 membris
569 599 670 628 eidem
702 599 895 629 monasterio
921 598 1107 629 immediate

101 651 266 689 subjectis,
286 650 319 680 in
337 651 389 689 jus
408 655 437 679 et
456 652 678 689 proprietatem
697 653 884 691 apostolicae
902 652 986 682 sedis
1005 652 1106 681 susci-

101 706 158 744 pit,
175 713 211 734 ea
226 704 265 734 ab
280 704 369 734 omni
386 704 443 733 alia
455 705 680 742 jurisdictione
697 706 851 735 eximens.
868 705 1106 735 Praedictorum

101 761 207 788 autem
225 759 443 796 episcoporum
463 758 675 788 instrumenta
691 761 899 798 exemptionis
917 760 994 788 haec
1010 763 1105 788 sunt:

144 904 156 918 α
187 891 350 927 Nicolaus,
367 891 573 921 miseratione
598 892 708 921 diviua
730 894 894 932 episcopus
917 894 1107 929 Theatinus,

106 958 119 972 ι»
143 945 301 983 religiosis
317 945 395 974 viris
412 945 499 974 fratri
518 945 613 974 Petro
628 946 666 975 de
684 947 841 982 Mori-one,
861 948 965 976 abbati
982 956 1108 977 monas-

104 1011 119 1025 »
143 998 216 1028 terii
232 998 346 1028 Sancte
362 998 462 1027 Marie
481 998 514 1027 in
533 998 695 1036 Faysulis,
715 1000 940 1030 Beneventane
958 1000 1107 1034 diocesis,

104 1064 117 1079 ι
141 1061 178 1082 ac
194 1051 352 1081 universis
368 1051 518 1080 [ratribus
537 1052 602 1080 suis
617 1052 700 1090 apnd
724 1053 893 1090 Magellam
910 1053 1110 1082 morantibus

103 1117 118 1132 »
141 1106 175 1135 iu
188 1105 381 1135 monasterio
394 1103 501 1134 Sancti
511 1104 649 1143 Spiritus
662 1105 699 1134 de
713 1114 793 1135 novo
805 1110 993 1140 constructo.
1005 1106 1038 1135 in
1052 1111 1108 1135 ter-

103 1171 117 1185 »
141 1158 253 1189 ritorio
262 1158 364 1188 Rocce
377 1158 503 1192 Murici,
514 1158 547 1186 in
562 1157 629 1187 Ioco
642 1158 697 1187 ubi
714 1159 832 1188 dicitur
846 1159 951 1197 Legio,
964 1164 1026 1188 tam
1042 1168 1110 1197 pre—

103 1225 117 1239 „
141 1211 284 1242 sentibus
299 1220 394 1250 quam
409 1211 536 1246 futuris,
552 1212 584 1240 S.
598 1211 763 1241 Benedicti
778 1213 910 1248 ordinis,
923 1213 1056 1242 salutem
1074 1212 1107 1241 in

103 1277 116 1292 n
143 1265 280 1294 Domino
303 1264 543 1303 sempiternam.
567 1264 735 1294 Commissi
754 1266 844 1294 nobis
863 1265 973 1294 licet...
993 1268 1107 1294 Actum

103 1330 116 1344 n
141 1323 187 1348 est
206 1318 317 1348 hocin
339 1318 517 1356 episcopatu
542 1317 684 1355 ejusdem
708 1318 844 1347 civitatis
860 1319 1014 1348 Theatine
1038 1328 1108 1357 pre-

102 1383 117 1398 »
141 1371 236 1405 dicte,
245 1380 330 1401 anno
342 1371 503 1400 dominice
515 1371 748 1400 incarnationis
759 1371 867 1401 ΜΠΟΟΖΙ
878 1372 1109 1410 septuagesimo

103 1437 116 1452 ω
140 1429 264 1461 octavo,
290 1424 492 1462 pontificatus
520 1433 593 1453 vero
620 1424 729 1454 domni
757 1425 855 1454 nostri
881 1424 1005 1454 Nicolai
1032 1434 1109 1463 pape

103 1491 117 1505 n
144 1479 225 1508 tertii
241 1487 326 1509 anuo
342 1479 456 1517 primo,
472 1478 670 1517 episcopatus
686 1486 760 1507 vero
779 1479 877 1508 nostri
893 1487 978 1508 anno
997 1482 1109 1517 quarto

104 1545 118 1559 »
141 1532 276 1567 decimo,
293 1541 403 1562 mense
413 1532 569 1571 januarii,
584 1531 636 1561 die
649 1532 742 1570 jovis,
758 1537 843 1562 sexto
854 1532 1009 1571 ejusdem,
1025 1538 1110 1563 sexte

106 1598 119 1612 n
143 1585 342 1615 indictionis.
363 1597 376 1612 »

144 1640 206 1669 Per
238 1638 424 1678 hujusmodi
458 1639 711 1668 instrumentum
744 1639 908 1677 episcopus
935 1639 1110 1669 Theatinus

103 1693 143 1724 ab
161 1691 331 1731 episcopali
347 1691 570 1731 jurisdictione
590 1692 701 1721 eximit
720 1706 733 1717 ιι
754 1693 983 1722 monasterium
1001 1692 1110 1722 Sancti

105 1746 264 1786 Spiritus,
300 1754 373 1775 cum
407 1745 556 1775 omnibus
592 1745 793 1783 pertinentiis
827 1746 909 1781 suis,
947 1746 1110 1775 ecelesiam

106 1799 214 1830 Sancti
231 1798 362 1836 Georgii
387 1798 424 1827 de
442 1799 526 1828 Roca
552 1798 686 1833 Murici,
704 1807 775 1828 cum
796 1792 946 1828 omnibus
967 1798 1109 1837 juribus,

104 1852 359 1892 possessionibus
381 1857 412 1882 et
433 1852 636 1891 pertinentiis
661 1852 744 1893 suis,
764 1852 871 1881 Sancti
896 1852 1111 1881 Bartholomei

104 1907 144 1936 de
170 1906 281 1943 Legio,
305 1905 413 1935 Sancti
436 1905 596 1935 Johannis
623 1905 662 1934 de
690 1905 796 1935 Monte
822 1905 973 1943 Mageile,
999 1906 1111 1935 Sancte

105 1959 208 1988 Marie
227 1964 257 1988 et
272 1958 381 1988 Sancti
398 1957 516 1996 Angeli
533 1958 571 1987 de
589 1958 816 1993 Intermontes,
836 1971 848 1984 n
869 1958 1027 1996 praedicto
1044 1967 1110 1988 mo-

106 2011 245 2041 nasterio
269 2011 442 2050 subjectas,
470 2011 648 2041 Theatinae
670 2012 836 2041 dioecesis.
863 2012 1018 2041 Praedicti
1041 2021 1113 2041 vero

104 2065 216 2094 fratres
236 2069 266 2094 et
282 2073 392 2094 eorum
411 2073 609 2095 successores
635 2074 690 2104 pro
714 2071 800 2103 parte
818 2070 847 2094 et
868 2065 997 2094 nomine
1018 2065 1113 2094 eccle-

105 2119 225 2149 siarum
256 2118 509 2157 praedictarum,
540 2119 670 2148 nomine
703 2119 867 2157 pensionis
900 2119 948 2148 vel
982 2128 1110 2154 census,

104 2171 220 2201 libram
238 2180 337 2201 unam
352 2180 442 2201 cerae
458 2175 580 2201 tantum
596 2172 777 2207 annuatim,
795 2172 827 2200 in
844 2172 919 2201 festo
933 2171 964 2201 S.
979 2171 1112 2203 Justini‚

105 2225 209 2254 eidem
229 2225 422 2263 episcopatui
442 2225 518 2254 dare
539 2225 758 2264 promiserunt
777 2230 926 2263 perpetuo
943 2230 1115 2263 spontanea

106 2278 281 2315 voluntate,
299 2290 314 2305 «
333 2278 566 2308 nichilominus
583 2278 708 2308 redditu
727 2278 824 2308 unius
842 2283 940 2308 tructe
955 2283 1058 2307 tamen
1077 2278 1115 2306 de

107 2331 212 2370 palmo
227 2339 324 2370 quam
344 2331 485 2369 predicta
502 2332 635 2361 ecclesia
651 2331 766 2361 Sancte
786 2331 887 2361 Mai-ie
906 2331 1007 2360 facere
1030 2335 1114 2359 tene-

108 2389 158 2414 tur
173 2386 296 2422 integre
314 2388 501 2414 conservato
521 2384 716 2422 episcopatui
735 2393 830 2422 supra
847 2384 941 2413 dicto.
963 2396 974 2409 »

150 2524 162 2539 a
182 2512 291 2541 Frater
307 2511 468 2545 Nicolaus‚
485 2511 597 2540 divina
610 2511 820 2550 permissione
837 2511 1022 2549 Aquilensis
1036 2511 1116 2548 epis-

109 2578 123 2592 »
147 2574 256 2604 copuS,
271 2564 429 2602 religiosis
444 2564 521 2593 viris
536 2564 625 2593 fratri
643 2564 736 2594 Petro
750 2565 788 2594 de
803 2565 954 2593 Mnrrone
968 2568 997 2593 et
1012 2564 1117 2592 abbati

108 2631 123 2645 »
147 2618 332 2648 monasterii
343 2617 454 2647 Sancti
466 2617 605 2656 Spiritus
616 2618 654 2647 de
668 2617 796 2656 Majella
807 2622 838 2646 et
850 2617 1021 2647 conventui
1036 2617 1062 2654 ej
1069 2626 1118 2645 us-

109 2683 124 2699 »
147 2671 232 2707 dem,
247 2670 381 2700 diocesis
397 2670 564 2706 Theatine‚
583 2675 645 2700 tam
660 2671 860 2709 presentibus
874 2679 969 2708 quam
988 2669 1115 2703 suturis,

110 2737 124 2752 ι»
148 2724 270 2755 ordinis
283 2724 316 2754 S.
337 2723 511 2760 Benedicti,
529 2723 663 2753 salutern
677 2723 710 2753 in
726 2724 866 2754 Domino
877 2723 1116 2761 sempiternam.

111 2790 125 2805 υ
150 2778 312 2816 Religiosa
328 2777 397 2807 loca
415 2781 484 2807 et...
502 2794 541 2799 —
553 2778 669 2807 Actum
687 2782 733 2806 est
749 2777 808 2807 hoc
826 2776 953 2815 Aquile,
970 2777 1002 2805 in
1020 2775 1118 2805 eccle-

111 2844 124 2858 »
149 2832 195 2861 sia
206 2830 394 2870 Aquilensi,
412 2831 444 2860 in
461 2839 546 2860 anno
565 2830 697 2860 Domini
714 2830 1051 2864 M⁰CC0LXXX0VII⁰,
1067 2828 1120 2858 die

112 2897 126 2911 »
150 2889 236 2914 sexto
265 2883 386 2913 mensis
412 2883 549 2913 octobris
561 2908 568 2920 ,
597 2883 698 2922 prime
725 2883 923 2919 indictionis,
950 2881 1120 2920 apostolica

111 2949 126 2964 »
150 2937 224 2967 sede
240 2941 384 2966 vacante.
405 2948 418 2963 »

149 2990 212 3019 Per
225 2989 409 3028 hujusmodi
426 2990 678 3019 instrumentum
697 2989 861 3028 episcopus
881 2988 1066 3026 Aquilensis
1082 2987 1120 3017 ab

111 3043 284 3082 episcopali
307 3043 530 3082 jurisdictione
552 3043 662 3072 eximit
684 3043 856 3072 oratorium
880 3041 930 3071 vel
955 3040 1119 3070 ecclesiam

1190 438 1274 475 quod
1288 438 1442 476 praedicti
1456 439 1569 468 fratres
1583 438 1622 467 de
1637 447 1718 468 novo
1733 442 1974 468 construxerunt
1988 439 2027 468 ad
2040 438 2194 469 honorem

1189 491 1297 520 beatae
1324 492 1443 521 Mariae
1468 492 1605 529 virginis
1631 496 1660 521 et
1685 491 1767 520 beati
1796 492 1958 521 Benedicti
1980 492 2010 520 in
2040 492 2195 521 territorio

1188 545 1324 574 cix-itatis
1335 544 1484 583 Aquilae,
1496 545 1530 574 in
1543 545 1610 575 loco
1620 545 1674 583 qui
1686 545 1804 573 dicitur
1815 544 1992 574 Collemain
2003 544 2083 583 (sic).
2097 545 2193 574 Prae-

1189 597 1264 626 dicti
1285 607 1358 627 vero
1377 598 1488 628 fratres
1512 603 1542 627 et
1561 607 1670 627 eorum
1694 607 1888 627 successores
1906 607 1961 637 pro
1979 603 2066 636 parte
2087 602 2117 627 et
2139 606 2194 626 no-

1190 651 1278 680 mine
1302 651 1508 681 ecclesiarum
1533 652 1780 689 praedictarum,
1805 652 1936 681 nomine
1959 651 2121 689 pensionis
2146 650 2195 680 vel

1189 712 1321 738 census,
1345 704 1459 733 libram
1481 713 1578 733 unam
1597 713 1686 733 cerae
1706 709 1829 733 tantum
1846 704 2030 737 annuatim,
2057 704 2091 732 in
2118 704 2196 733 festo

1190 757 1272 786 beati
1302 758 1454 793 Maximi,
1482 757 1585 787 eidem
1615 758 1772 796 episcopio
1802 761 1912 796 sponte
1942 757 2017 786 dare
2047 762 2196 795 perpetuo

1191 811 1418 848 promiserunt.

1232 955 1246 969 «
1264 942 1422 978 Matheus‚
1439 943 1496 972 Dei
1510 943 1611 980 gratia
1623 942 1831 971 Yserniensis
1847 942 2023 981 episcopus,
2040 941 2197 980 religiosis

1232 997 1310 1025 viris
1330 996 1418 1025 fratri
1444 996 1535 1026 Petro
1552 995 1590 1024 de
1612 996 1781 1030 Murrone,
1805 995 1910 1024 abbati
1933 995 2063 1024 ecclesie
2083 994 2198 1024 Sancte

1232 1050 1333 1079 Marie
1349 1049 1381 1077 in
1401 1048 1558 1087 Faysulis,
1582 1049 1807 1077 Beneventane
1825 1047 1970 1083 diocesis,
1988 1057 2022 1077 ac
2040 1048 2198 1076 universis

1194 1009 1206 1023 5

1231 1103 1382 1131 fratribus
1393 1103 1458 1131 suis
1475 1102 1557 1140 apud
1576 1102 1745 1130 Yserniam
1763 1101 2035 1131 commorantibus
2052 1101 2086 1130 in
2099 1101 2199 1130 eccle-

1231 1156 1277 1184 sia
1289 1155 1399 1184 Sancti
1415 1154 1552 1192 Spiritus
1565 1154 1602 1183 de
1616 1163 1696 1183 novo
1710 1158 1900 1188 constructa,
1916 1158 1979 1182 tam
1995 1154 2198 1192 presentibus

1231 1217 1326 1247 quam
1339 1208 1466 1243 futuris,
1482 1207 1514 1237 S.
1535 1207 1697 1236 Benedicti
1713 1207 1844 1241 ordinis,
1861 1207 1995 1236 salutem
2008 1208 2040 1236 in
2058 1207 2199 1236 Domino

1232 1261 1471 1299 sempiternam.
1497 1260 1667 1290 Commissi
1686 1260 1776 1290 nobis
1799 1260 1909 1290 licet...
1934 1262 2048 1289 Actum
2064 1260 2097 1288 in
2115 1260 2200 1298 epis-

1231 1315 1320 1353 copio
1342 1314 1479 1344 civitatis
1504 1314 1661 1349 Ysernie‚
1687 1322 1774 1343 anno
1794 1313 1954 1343 dominice
1970 1313 2211 1343 incarnationis

1232 1368 1519 1404 M⁰CC⁰LXX⁰VI⁰,
1533 1367 1734 1406 pontificatus
1749 1376 1823 1396 vero
1835 1367 1958 1396 domini
1971 1366 2069 1396 nostri
2079 1366 2201 1396 Johan-

1233 1422 1282 1450 nis
1299 1430 1375 1460 pape
1394 1421 1476 1450 XXI
1500 1430 1586 1451 anno
1607 1421 1728 1459 primo⁷
1751 1421 1949 1459 episcopatus
1971 1424 2076 1449 autem
2101 1419 2199 1449 nostri

1232 1483 1317 1504 anno
1334 1483 1429 1509 nono,
1449 1483 1557 1503 mense
1573 1474 1777 1512 septembris,
1795 1474 1905 1512 quinte
1922 1473 2116 1502 indictionis.
2134 1473 2200 1509 Ego

1233 1529 1346 1557 Petrus
1368 1528 1423 1566 qui
1444 1536 1550 1566 super,
1569 1527 1704 1556 civitatis
1725 1527 1862 1555 Ysernie
1880 1526 2025 1564 publicus
2041 1526 2198 1558 notarius,

1231 1581 1270 1611 de
1299 1580 1446 1610 mandato
1470 1580 1683 1619 predictorum
1707 1579 1819 1609 domni
1846 1579 1982 1617 episcopi
2011 1583 2040 1608 et
2069 1577 2201 1617 capituli

1194 1647 1207 1661 ι)
1232 1643 1356 1664 necnon
1378 1638 1489 1671 rogatu
1514 1633 1729 1672 predictorum
1753 1633 1904 1668 fratrum,
1922 1632 1981 1662 hoc
1997 1631 2201 1670 privilegium

1195 1701 1208 1714 1,
1234 1687 1345 1726 scripsi
1361 1692 1390 1716 et
1409 1695 1479 1716 meo
1498 1687 1591 1724 signo
1604 1686 1740 1724 signavi,
1759 1685 1845 1714 salva
1863 1685 1965 1714 adhuc
1979 1684 2104 1723 justitia
2119 1692 2204 1714 mor-

1196 1753 1209 1768 »
1234 1741 1410 1770 tuariorum
1425 1739 1556 1770 ecclesie
1568 1744 1673 1769 nostre
1685 1743 1714 1769 et
1727 1739 1862 1768 aliarum
1877 1738 2082 1768 ecclesiarum
2096 1742 2202 1767 nostre

1196 1807 1209 1821 υ
1234 1795 1367 1824 diocesis
1383 1795 1416 1823 in
1432 1794 1582 1824 omnibus
1599 1798 1629 1823 et
1646 1803 1699 1832 per
1714 1793 1823 1823 omnia
1838 1800 1856 1821 a
1871 1792 1987 1830 quibus
2003 1796 2201 1821 mortuorum

1234 1856 1363 1886 corpora
1379 1851 1600 1877 assumuntur.
1621 1859 1633 1873 n

1234 1902 1295 1930 Per
1320 1900 1504 1938 hujusmodi
1530 1900 1782 1928 instrumentum
1809 1899 1973 1937 episcopus
1995 1897 2204 1926 Yserniensis

1195 1955 1234 1983 ab
1255 1953 1423 1992 episcopali
1447 1952 1673 1990 jurisdictione
1697 1952 1806 1981 eximit
1832 1951 2005 1981 oratorium
2028 1950 2079 1980 vel
2101 1950 2202 1980 eccle-

1196 2008 1275 2036 siam
1292 2007 1330 2036 ab
1347 2007 1424 2045 ipsis
1440 2006 1591 2035 fratribus
1607 2005 1646 2035 de
1664 2013 1745 2034 novo
1761 2008 1976 2034 constructum
1993 2003 2033 2033 ad
2049 2003 2204 2033 bonorem

1196 2060 1227 2090 S.
1260 2060 1396 2098 Spiritus
1426 2063 1455 2088 et
1491 2059 1572 2088 beati
1609 2058 1775 2087 Benedicti
1812 2057 1845 2086 in
1878 2057 2035 2086 territorio
2065 2055 2205 2085 civitatis

1197 2113 1389 2152 praedictae,
1410 2112 1443 2140 in
1463 2112 1530 2141 loco
1547 2112 1600 2149 qui
1621 2111 1739 2140 dicitur
1759 2111 1845 2140 Pons
1868 2110 1905 2139 de
1924 2112 2022 2139 Arcu.
2047 2109 2206 2138 Praedicti

1196 2175 1270 2196 vero
1295 2166 1407 2195 fratres
1434 2170 1463 2195 et
1488 2174 1597 2194 eorum
1622 2173 1817 2194 successores
1843 2172 1898 2202 pro
1922 2168 2009 2201 parte
2028 2167 2057 2192 et
2075 2163 2205 2192 nomine

1193 1594 1208 1609 ἶ
1194 1540 1207 1554 5
1194 1487 1207 1501 :⁵
1195 1434 1207 1447 :5
1194 1381 1206 1395 ὅ
1193 1327 1206 1341 ὃ
1194 1275 1206 1286 ἵ
1194 1221 1206 1235 :⁵
1193 1168 1206 1181 5
1193 1115 1205 1129 ἕ

1197 2218 1402 2248 ecclesiarum
1422 2218 1667 2256 praedictarum,
1686 2217 1817 2247 nomine
1832 2217 1997 2255 pensionis
2013 2215 2062 2245 vel
2078 2224 2204 2249 census,

1196 2272 1311 2302 libram
1341 2281 1440 2301 unam
1466 2280 1557 2301 cerae
1585 2276 1707 2300 tantum
1738 2271 1923 2304 annuatim,
1954 2270 1987 2298 in
2018 2269 2096 2298 festo
2124 2268 2206 2297 beati

1198 2325 1345 2360 Maximi,
1366 2324 1468 2353 eidem
1498 2324 1655 2362 episcopio
1680 2327 1791 2362 sponte
1814 2323 1889 2352 dare
1913 2327 2062 2361 perpetuo
2085 2321 2204 2360 promi-

1199 2382 1319 2407 serunt.

1241 2518 1253 2531 α
1270 2506 1420 2537 Jacobus,
1434 2505 1490 2534 Dei
1510 2505 1612 2542 gratia
1627 2503 1841 2534 Treventinus
1858 2503 2034 2541 episcopus,
2047 2501 2207 2539 religiosis

1202 2571 1214 2585 n
1239 2558 1317 2587 viris
1329 2558 1416 2587 fratri
1430 2558 1523 2587 Petro
1534 2558 1572 2587 de
1583 2558 1613 2586 M
1620 2566 1734 2587 urrone
1746 2560 1775 2586 et
1786 2556 1890 2585 abbati
1904 2555 2089 2585 monasterii
2099 2554 2206 2584 Sancti

1202 2624 1214 2637 u
1240 2612 1375 2650 Spiritus
1402 2611 1440 2640 de
1465 2610 1602 2648 Magella
1620 2613 1650 2639 et
1670 2609 1844 2639 conventui
1869 2608 2028 2647 eJusdem,
2052 2607 2207 2637 Theatine

1202 2677 1215 2691 γ)
1240 2664 1384 2698 diocesis,
1404 2669 1466 2693 tam
1483 2664 1684 2702 presentibus
1699 2672 1796 2701 quam
1812 2662 1937 2697 futuris,
1954 2661 2077 2691 ordinis
2092 2660 2124 2689 S.
2147 2661 2206 2689 Be-

1203 2730 1215 2744 »
1240 2717 1368 2752 nedicti,
1393 2716 1528 2746 salutern
1555 2717 1586 2745 in
1614 2715 1753 2745 Domino
1778 2715 2018 2753 sempiternam.
2045 2713 2207 2751 Religiosa

1204 2782 1216 2796 n
1241 2770 1308 2800 loca
1324 2774 1391 2799 et...
1411 2771 1526 2799 Actum
1543 2773 1589 2798 est
1607 2769 1665 2798 hoc
1681 2768 1849 2803 Treventi,
1868 2768 1902 2796 in
1919 2766 2052 2796 ecclesia
2069 2766 2207 2795 Treven-

1204 2836 1216 2849 n
1242 2823 1319 2859 tina,
1335 2823 1368 2852 in
1385 2831 1470 2852 anno
1485 2822 1615 2852 Domini
1629 2822 1737 2851 M⁰CC⁰
1753 2820 1972 2858 nonagesimo,
1988 2819 2039 2849 die
2055 2819 2209 2857 vigesimo

1203 2890 1216 2902 n
1242 2885 1326 2906 nono
1337 2876 1457 2905 mensis
1468 2875 1662 2910 novembris,
1673 2878 1784 2913 quarte
1796 2873 1992 2908 indictionis,
2007 2873 2208 2912 pontificatus

1204 2942 1217 2956 »
1242 2930 1352 2960 domni
1368 2928 1489 2959 Nicolai
1506 2938 1583 2967 pape
1599 2928 1704 2967 quarti
1719 2936 1805 2958 anno
1823 2927 1924 2956 tertio.
1945 2939 1958 2953 r>

1244 2984 1303 3012 Per
1324 2982 1508 3020 hujusmodi
1535 2983 1787 3011 instrumentum
1813 2981 1978 3018 episcopus
2005 2980 2209 3009 Yserniensis

1202 3036 1242 3067 ab
1266 3035 1436 3074 episcopali
1458 3035 1682 3074 jurisdictione
1707 3033 1820 3064 eximit
1841 3033 2014 3063 oratorium
2040 3032 2089 3062 vel
2111 3032 2209 3062 ecele-
