2342 3652
897 381 1124 419 DEUXIEME
1146 376 1302 416 ANNnn.

56 474 72 490 n
96 466 156 492 tate
178 461 337 495 notarius,
357 459 414 498 qui
437 458 628 497 prolationi,
653 457 782 487 lectioni
800 481 806 492 ,
828 455 1007 485 recitationi
1029 459 1060 483 et

56 527 72 544 »
94 512 348 554 pronuntiationi
363 512 446 542 dicte
464 510 622 541 sententie
640 518 766 539 necnon
783 513 812 538 et
829 508 901 538 aliis
914 509 948 537 in
965 515 1059 537 causa

58 580 72 596 ιι
94 566 235 607 predicta
249 574 356 596 coram
376 564 488 594 eodem
505 563 636 593 domiuo
656 562 826 592 portuensi
844 562 922 591 actis
937 565 967 590 et
981 560 1059 590 acti-

59 633 74 649 »
97 620 172 650 tatis
185 627 317 658 presens
330 617 389 653 fui,
405 621 436 646 et
449 617 548 654 ipsius
559 615 709 644 mandato
724 623 759 644 ac
770 614 809 643 ad
825 614 980 643 dictorum
994 621 1060 651 pro-

56 685 74 702 :
96 677 275 704 curatorum
293 669 482 700 instantiam
499 668 689 698 sententiam
704 668 806 705 ipsam
822 666 948 705 propria
963 674 1061 695 manu

58 738 74 755 »
94 725 204 764 scripsi
221 729 251 754 et
263 724 298 753 in
314 722 478 762 publicam
490 722 625 751 sormam
640 720 759 757 redegi,
774 724 802 749 et
814 727 943 757 presens
957 717 1060 756 publi-

59 790 74 808 η
96 787 169 810 cum
181 779 450 812 instrumentum,
463 775 538 804 dicti
547 774 670 804 domini
682 773 866 803 portuensis
876 772 980 810 sigillo
988 780 1062 810 pen-

61 843 75 861 ι
97 832 184 863 denti
199 831 362 861 munitum
373 854 380 866 ,
397 838 468 859 meo
483 828 576 866 signo
592 827 728 865 signavi.
749 838 762 852 n

98 886 165 916 Hoc
175 885 429 914 instrumentum
440 881 661 921 praesentibus
671 880 784 909 litteris
792 887 872 918 papa
883 878 1062 908 confirmat.

101 950 115 966 ι
133 938 177 968 Ea
192 946 253 976 que
265 936 427 975 jndicio...
448 953 487 956 —
503 935 574 964 Dat.
594 934 708 969 Rome,
725 932 807 971 apud
828 931 978 962 Sanctam
994 931 1064 960 Ma-

58 991 142 1021 riam
165 990 332 1029 Majorem,
346 998 365 1018 x
379 988 533 1018 kalendas
554 986 756 1021 novembris,
775 994 860 1015 anno
876 984 1027 1014 secundo.
1048 996 1062 1009 n

101 1044 140 1074 In
157 1052 185 1073 e.
201 1052 246 1072 m.
267 1065 287 1072 ..
304 1042 424 1072 decano
438 1041 638 1076 Bisontinae,
654 1039 910 1070 ..archidiacono
923 1038 961 1067 de
973 1038 1063 1066 Live-

61 1097 109 1128 rio
126 1100 157 1127 et
173 1095 325 1126 Tberrico
341 1095 379 1125 de
397 1096 493 1130 Bouc,
511 1094 664 1124 canonico
674 1092 834 1122 Tullensis
846 1091 1063 1126 ecclesiarum,

60 1149 193 1181 mandat
219 1153 254 1179 nt
285 1149 478 1187 praedictam
515 1147 709 1177 sententiam
738 1146 851 1184 exequi
884 1145 1015 1174 faciant·
1036 1148 1066 1173 et

61 1202 219 1233 Felicitati
240 1210 359 1232 munus
375 1200 610 1231 benedictionis
625 1199 824 1239 impendant.

103 1267 115 1283 u
134 1255 250 1285 Petitio
264 1254 377 1284 dilecte
393 1254 467 1284 in...
485 1272 523 1275 —
539 1254 610 1283 Dat.
630 1257 663 1282 ut
679 1262 785 1291 supra.
805 1265 818 1278 »

135 1427 155 1455 Ι
163 1426 250 1455 643

97 1489 145 1517 Ad
159 1490 333 1517 solutionem
349 1489 511 1516 debitorum
528 1489 694 1515 monasterii
715 1486 813 1514 Sancti
829 1487 964 1521 Sequani.
984 1487 1066 1520 (Rae.

64 1538 97 1566 44
108 1559 116 1573 ,
133 1547 159 1565 c.
175 1538 236 1570 600,
252 1538 272 1565 f.
288 1538 342 1566 249
357 1539 406 1571 r0.)

610 1425 696 1456 Rieti.
714 1426 728 1452 5
745 1425 900 1451 novembre
920 1424 995 1451 1289.

104 1641 224 1670 Dilectis
245 1641 319 1678 filiis
338 1664 356 1669 ..
377 1640 481 1670 Sancti
496 1641 638 1675 Martini,
654 1641 815 1677 Edztensis,
833 1646 858 1669 et
877 1663 894 1668 ..
914 1640 948 1669 de
962 1640 1070 1669 Sancto

65 1694 219 1732 Riqaudm
237 1695 462 1724 Matisconensis
477 1695 660 1730 diocesittm,
678 1695 935 1724 monasteriortmz.
954 1695 1070 1723 abbati-

67 1748 120 1777 bus
143 1746 275 1776 mandat
297 1751 455 1785 qnatenus
475 1747 617 1777 redditus
639 1751 669 1776 et
691 1752 862 1785 proventus
884 1747 1071 1776 monasterii

67 1800 176 1831 Sancti
191 1800 348 1839 Sequani,
365 1800 488 1830 ordinis
504 1801 536 1831 S.
553 1801 737 1836 Benedicti,
756 1798 971 1838 Lingonensis
987 1800 1071 1830 dioe-

35 1897 38 1900 Δ
66 1853 156 1889 cesis,
175 1853 374 1892 prioratuum
394 1858 424 1883 et
439 1854 655 1884 membrorum
673 1854 739 1892 ejus
755 1853 918 1891 colligant,
936 1858 965 1883 et
983 1853 1072 1883 tenui

68 1906 107 1937 de
123 1906 192 1936 illis
207 1907 329 1943 abbati,
343 1908 515 1936 conventui
537 1911 566 1936 et
584 1907 727 1945 personis
742 1907 776 1935 in
793 1907 838 1936 eis
858 1907 1072 1936 servientibus

67 1960 214 1999 portione
226 1964 361 1996 servata,
371 1959 537 1989 residuum
549 1961 581 1989 in
596 1959 788 1989 solutionem
798 1960 975 1990 debitorum
990 1962 1072 1999 eJ'ns·

69 2012 142 2044 dem
153 2014 341 2043 monasterii
355 2017 553 2043 convertant.

110 2079 124 2095 α
142 2066 193 2097 Ad
208 2071 351 2097 nostram
366 2067 557 2097 noveritis...
567 2083 606 2088 —
616 2067 684 2096 Dat.
702 2067 816 2104 Rome,
827 2067 910 2106 apud
925 2068 1072 2097 Sanctam

71 2120 207 2151 Mariam
223 2121 396 2160 Maiorem,
413 2121 507 2150 nonis
524 2121 726 2157 novembris,
741 2130 827 2151 anno
843 2122 994 2152 secundo.
1020 2135 1032 2147 υ

107 2279 350 2309 ¹844134'2
385 2279 741 2313 sainte-Marie-Majeure,
757 2280 772 2306 9
791 2281 944 2307 novembre
962 2281 1038 2308 1289.

106 2341 290 2377 Dispensatio
323 2350 410 2377 super
438 2342 550 2368 defectu
579 2341 721 2368 ordinum.
754 2342 836 2374 (Rae.
868 2343 914 2373 44,
948 2351 971 2369 c.
1007 2344 1073 2376 601,

73 2391 91 2417 1.
108 2391 161 2419 249
174 2393 222 2424 ro.)

114 2493 273 2525 Guiltelmo
291 2495 326 2523 de
341 2494 442 2529 Luda,
462 2494 676 2522 archidiacono
693 2494 896 2523 Dunelmensi.
916 2494 995 2523 Cum
1020 2503 1074 2530 eo,

75 2547 271 2579 thesaurario
294 2547 377 2585 regis
408 2546 561 2584 Angliae,
582 2547 742 2585 dispensat
762 2551 796 2576 ut
818 2547 939 2577 ratione
963 2548 1076 2577 benifi-

75 2601 197 2632 ciorum
213 2609 294 2640 quae
309 2600 429 2630 detinet
443 2609 545 2638 usque
560 2600 599 2629 ad
617 2600 795 2629 triennium
811 2600 851 2629 ad
863 2600 1077 2631 sacerdotium

75 2654 252 2694 promoveri
269 2661 332 2683 non
350 2657 504 2682 teneatur.

117 2718 130 2734 α
155 2706 206 2736 Ad
226 2706 410 2735 faciendum
431 2706 526 2735 tibi...
541 2721 581 2729 —
596 2707 666 2735 Dat.
688 2706 805 2744 Rome,
826 2707 909 2745 apud
928 2709 1078 2736 Sanctam

78 2759 209 2790 Mariam
226 2759 397 2797 Majorem,
416 2767 435 2787 v
450 2758 522 2788 idus
540 2759 733 2795 novembris,
750 2767 836 2789 anno
851 2759 1001 2789 secundo.
1025 2772 1036 2785 n

360 2839 708 2873 sainte-Marte-MaJem-e,
727 2841 741 2866 5
759 2840 912 2866 novembre
931 2840 1006 2866 li'b’ss.

118 2904 157 2934 In
167 2913 192 2934 e.
207 2913 250 2933 m.
264 2903 406 2933 Eandem
418 2902 687 2942 dispensationem
701 2901 841 2931 Gerardo
851 2902 890 2931 de
902 2902 1077 2940 Wyppens,

80 2956 205 2988 Ottonis
219 2957 258 2986 de
274 2956 476 2986 Grandisono
493 2945 610 2993 nepoti,
621 2955 776 2984 canonico
792 2955 1079 2989 Eb01·acensi,c0n-

81 3010 174 3040 cedit.
200 3010 271 3039 Dat.
295 3010 416 3039 Romae
427 3032 434 3044 ,
457 3008 540 3046 apud
567 3007 716 3037 Sanctam
742 3008 878 3037 Mariam
906 3008 1059 3045 Maiorem
1073 3033 1078 3043 ,

82 3064 175 3093 nonis
191 3062 389 3096 novembris,
405 3049 492 3091 anno
509 3061 657 3090 secundo.

222 3129 294 3156 Rso.
314 3128 438 3155 Nxcoms
460 3126 510 3152 tv.

1123 3071 1126 3091 l

2082 383 2138 414 313

1182 452 1217 481 In
1241 461 1268 481 e.
1291 462 1334 481 m.
1358 452 1460 482 eidem
1487 452 1661 482 Guillelmo
1684 452 1723 481 de
1744 451 1849 484 Luda,
1870 451 1923 480 sed
1944 450 1998 479 ubi
2024 449 2140 479 dicitur

1142 505 1318 533 triennium
1333 505 1594 543 quinquennium
1609 505 1674 534 dici
1689 508 1832 543 opportet
1845 504 1904 542 (En
1919 501 2046 540 marqe).

1182 557 1219 586 In
1239 566 1265 585 e.
1285 566 1325 585 m.
1346 557 1448 586 eidem
1465 557 1604 587 Gerardo
1624 557 1662 586 de
1677 557 1860 596 Wyppens,
1879 556 1933 585 sed
1955 555 2006 585 ubi
2026 555 2141 584 dicitur

1143 609 1319 639 triennium
1336 610 1594 648 quinquennium
1612 610 1673 639 dici
1689 610 1780 639 debet
1794 608 1908 647 (Ibat).

1185 782 1432 810 1848-1649
1467 780 1824 814 Sainte-Marie-Majeure,
1837 781 1851 806 5
1862 779 2013 806 novembre
2034 779 2108 805 1289.

1181 843 1287 869 Eadem
1303 843 1488 878 dispensatio.
1507 842 1588 875 (Rae.
1607 843 1651 872 44,
1668 850 1692 868 e.
1711 842 1772 870 (ΞΟ-2,
1791 842 1810 868 f.
1826 842 1877 867 249
1893 844 1941 871 νῦ.)

1188 944 1344 974 Guillelmo
1363 945 1397 973 de
1414 945 1611 980 Eslrarayco,
1628 944 1771 972 canonico
1796 943 1929 970 Wellensi
1942 966 1948 977 ,
1964 941 2087 971 ottonis
2109 941 2147 970 de

1147 997 1347 1027 Grandisono
1364 996 1482 1034 nepoti.

1189 1061 1202 1075 α
1222 1049 1273 1078 Ad
1292 1048 1473 1078 laciendum
1492 1047 1586 1076 tibi...
1604 1065 1641 1069 —
1663 1047 1704 1077 Ut
1723 1047 1757 1075 in
1777 1046 1921 1084 proxima
1944 1045 2110 1083 superiori.
2134 1058 2147 1071 υ

1187 1104 1226 1132 In
1244 1111 1271 1131 e.
1285 1111 1327 1131 m.
1344 1101 1448 1131 eidem
1461 1100 1635 1130 Guillelmo
1650 1100 1688 1129 de
1701 1099 1905 1137 Estravayco,
1918 1099 1971 1128 sed
1985 1098 2038 1127 ubi
2054 1097 2150 1127 trien-

1149 1157 1239 1186 nium
1257 1155 1372 1185 dicitur
1388 1155 1649 1193 quinquennium
1664 1153 1725 1182 dici
1737 1156 1891 1190 opportet.

1223 1336 1340 1366 1650

1185 1398 1370 1432 Dispensatio
1387 1395 1568 1422 matrimonii.
1586 1393 1668 1426 (Rae.
1687 1393 1729 1423 44,
1746 1402 1770 1418 c.
1789 1393 1850 1423 603,
1869 1393 1887 1418 f.
1906 1392 1955 1418 249
1975 1398 2018 1421 v⁰;
2036 1389 2149 1421 Forma„

1151 1448 1258 1479 23115.)

1413 1331 1772 1365 Sainte-Marie-Majeure,
1794 1331 1823 1357 13
1840 1329 1992 1356 novembre
2008 1328 2082 1354 1289.

1193 1574 1212 1580 ..
1231 1550 1346 1580 custodi
1362 1550 1494 1585 fratrum
1517 1548 1670 1575 minorum
1695 1544 1864 1573 Vellet7·enszss
1887 1542 2056 1572 committit
2076 1549 2153 1579 tsna-

1155 1609 1246 1634 tenus
1274 1611 1347 1632 cum
1375 1600 1474 1630 nobili
1504 1600 1572 1629 viro
1596 1599 1689 1627 Petro
1712 1596 1837 1626 Nicolai
1862 1595 1976 1633 Angeli
2003 1600 2032 1623 et
2058 1593 2156 1623 nobili

1152 1657 1287 1687 muliere
1311 1654 1498 1692 Margarita,
1521 1657 1594 1681 nata
1619 1651 1779 1690 quondam
1805 1648 1969 1678 Thomasii
1995 1647 2155 1676 Frederici

1152 1713 1190 1742 de
1208 1697 1357 1745 Velleti‘o,
1375 1709 1534 1746 dispenset
1547 1711 1591 1735 ut.
1607 1705 1825 1735 nonobstante
1838 1707 1949 1741 quarto
1962 1700 2156 1737 consangui-

1153 1766 1261 1795 nitatis
1277 1763 1376 1801 gradn
1394 1770 1456 1801 quo
1469 1759 1630 1798 conjuncti
1646 1762 1729 1792 sunt,
1745 1757 1782 1786 ad
1798 1755 1954 1785 sedandis
1970 1753 2157 1783 inimicitias

1153 1820 1237 1849 inter
1252 1815 1522 1853 consanguineos,
1542 1811 1785 1841 matrimonium
1801 1808 1989 1839 contrahere
2006 1806 2134 1845 possint.

1196 1885 1209 1899 ιι
1236 1872 1280 1901 Ex
1297 1875 1382 1909 parte
1399 1867 1618 1898 communis...
1634 1882 1671 1886 -—
1689 1865 1758 1893 Dat.
1777 1864 1893 1897 Rome.
1910 1861 1993 1899 apud
2009 1859 2158 1889 Sanctam

1155 1925 1292 1956 Mariam
1309 1923 1478 1961 Majorem.
1497 1920 1603 1950 idibus
1621 1917 1821 1952 novembris,
1839 1922 1924 1944 anno
1941 1912 2091 1943 seeundo.
2116 1926 2127 1935 v

1231 2111 1341 2140 1851
1404 2104 1764 2138 Sainte-Marie-Majeure,
1783 2104 1814 2128 2¹7
1832 2100 1993 2136 septembre
2012 2099 2087 2125 1289.

1192 2175 1236 2202 De
1256 2174 1392 2209 expensis
1407 2181 1423 2198 a
1439 2170 1591 2205 Margarita
1611 2168 1645 2194 de
1661 2167 1769 2193 Chaula
1790 2167 1818 2192 in
1839 2163 2068 2199 prosecutionem
2084 2161 2160 2186 elec-

1157 2225 1244 2252 tionis
1260 2231 1329 2250 suae
1344 2222 1378 2248 ad
1400 2220 1541 2247 abbatiam
1557 2216 1702 2243 Jotrensis
1721 2214 1887 2241 monasterii
1903 2212 1994 2238 sactis.
2014 2210 2096 2242 (Hm.
2117 2210 2159 2242 44,

1159 2283 1184 2301 c.
1201 2273 1262 2304 604,
1284 2273 1302 2297 f.
1320 2271 1371 2297 249
1386 2277 1429 2297 vo:
1452 2268 1517 2294 Lar.
1535 2276 1569 2293 nn
1585 2266 1691 2298 Tam,
1709 2264 1758 2295 ΙΙ.)

1201 2398 1221 2404 ..
1238 2376 1347 2404 decano
1363 2372 1478 2401 ecclesie
1491 2369 1683 2398 Parisiensis.
1699 2378 1711 2391 n
1727 2365 1841 2394 Petilio
1858 2362 1970 2392 dilecte
1988 2362 2018 2389 in
2034 2360 2160 2389 Christo

1158 2427 1223 2457 filie
1240 2425 1408 2463 Margarita
1422 2423 1460 2452 de
1475 2422 1605 2456 Cbaula.
1623 2418 1771 2448 monialis
1786 2414 1972 2445 monasterii
1992 2410 2158 2443 „tou-ensis,

1159 2481 1197 2510 ad
1213 2486 1379 2509 romanam
1398 2475 1564 2505 ecclesiam
1583 2472 1671 2502 nullo
1691 2470 1796 2500 medio
1815 2467 2020 2507 pertinentis,
2037 2463 2159 2493 ordinis

1161 2534 1192 2563 S.
1213 2531 1386 2561 Benedicti.
1406 2527 1578 2557 Meldensis
1594 2524 1740 2557 diocesis,
1758 2523 1848 2551 nobis
1865 2519 2002 2550 exhibita
2019 2516 2159 2546 contine-

1160 2587 1212 2615 bat
1227 2584 1311 2624 quod
1327 2582 1463 2616 dudum,
1485 2578 1676 2609 monasterio
1695 2578 1762 2614 ipso
1782 2584 1834 2613 per
1855 2573 1976 2602 obitum
2001 2568 2162 2607 quondam

1160 2638 1306 2678 Aylidis,
1325 2634 1466 2674 ejusdem
1490 2631 1675 2662 monasterii
1698 2629 1868 2660 abbatisse,
1888 2625 2033 2657 vacante,
2052 2620 2162 2658 alique

1160 2691 1315 2721 moniales
1331 2687 1461 2727 predicti
1479 2684 1661 2715 monasterii
1678 2681 1839 2720 qnondam
1858 2677 2000 2711 Falcam,
2019 2674 2163 2712 ejusdem

1160 2742 1347 2774 monasterii
1368 2739 1561 2774 monialem,
1580 2738 1614 2766 in
1637 2735 1828 2765 abbatissam
1852 2731 1951 2770 ipsius
1977 2726 2164 2757 monasterii

1162 2799 1269 2828 minus
1293 2788 1443 2825 canonice
1467 2792 1642 2829 elegerunt.
1666 2788 1810 2825 Cumque
1835 2783 1973 2823 predicte
1997 2779 2161 2813 moniales,

1162 2860 1223 2891 que
1238 2850 1363 2880 Falcam
1378 2848 1480 2886 ipsam
1496 2845 1668 2881 elegerant,
1682 2851 1699 2870 a
1714 2840 1813 2870 felicis
1831 2835 2060 2867 recordationis
2077 2833 2164 2861 Mar-

1162 2905 1229 2934 tino
1254 2910 1345 2941 papa,
1372 2899 1590 2938 predecessore
1617 2898 1738 2927 nostro,
1763 2897 1836 2921 tunc
1862 2891 1894 2919 in
1919 2887 2039 2918 minori
2062 2885 2164 2915 officio

1163 2955 1344 2989 constituto,
1363 2956 1393 2982 et
1407 2952 1441 2980 in
1459 2950 1522 2979 illis
1538 2948 1678 2988 partibus
1694 2944 1861 2984 apostolice
1877 2942 1960 2972 sedis
1976 2941 2091 2977 legato,
2110 2946 2164 2976 pe-

1164 3013 1266 3040 terent
1281 3007 1470 3037 electionem
1486 3001 1670 3041 hujusmodi
1685 2997 1886 3031 confirmari,
1904 3004 1940 3025 ac
1957 2993 2066 3024 eadem
2083 2992 2164 3021 Mar-

1164 3066 1271 3101 gareta
1294 3065 1323 3090 et
1345 3057 1509 3089 nonnullis
1524 3055 1595 3086 aliis
1609 3053 1739 3093 predicti
1759 3049 1944 3081 monasterii
1961 3045 2164 3079 monialibus,

1994 3113 2027 3139 40
