2477 3637
216 363 234 392 8
962 345 1198 378 REGISTRES
1220 344 1274 374 DE
1296 341 1477 373 NICOLAS
1499 341 1554 371 IV.

288 425 420 456 34-36
707 417 917 447 Saint-Pierre,
936 415 966 441 ll
984 413 1053 440 avril
1072 411 1150 438 1288.

254 490 404 524 Philippus
420 485 583 522 praeficitur
599 483 627 508 in
638 481 767 508 abbatem
784 475 965 504 monasteriis
983 473 1035 501 SS.
1047 472 1180 500 Andreae
1194 473 1222 497 et

217 538 349 566 Silvestri
370 537 404 562 de
426 535 521 561 Monte
539 531 640 558 Siracti
658 538 685 555 tn
699 527 828 555 flumine.
845 525 930 558 (Rae.
952 524 996 556 44,
1008 530 1033 548 c.
1049 521 1089 551 18,
1106 520 1124 546 f.
1144 520 1159 546 5
1171 519 1220 551 νῦ.)

199 633 214 656 ⁴>
230 633 363 670 ,Dilecto
388 633 451 669 filio
479 629 616 665 Philippo
641 626 692 655 SS.
721 624 835 653 Andr-ee
856 627 881 651 et
907 619 1044 649 silvestri
1068 618 1101 647 dc
1127 616 1222 645 Monte

203 688 327 728 'Sit-acci
354 688 383 715 in
407 684 534 721 flumine
557 680 658 709 abbati.
682 677 957 710 monasteriorum,
987 679 1117 710 quorum
1140 676 1220 698 unus

195 725 354 780 ''dependet
370 739 405 767 ab
421 738 526 770 altero,
544 734 582 762 ad
594 734 761 762 Romanam
777 727 928 758 ecclesiam
943 725 1029 754 nullo
1042 723 1139 752 medio
1150 729 1221 758 per-

215 794 390 826 tinentium,
405 789 523 818 ordinis
536 786 566 815 S.
579 784 739 819 Benedicti,
754 781 919 811 Castellane
934 777 978 817 (l)
990 777 1121 807 diocesis.
1139 774 1222 804 Eum

206 852 290 877 'tuuc
316 841 556 882 hospitalarium
580 835 764 868 monasterii
789 832 996 864 Sublacensis
1021 828 1163 869 praeficit
1187 827 1221 856 in

205 900 360 930 *abbatem
379 894 545 935 praedictis
561 889 775 923 monasteriis
787 886 933 926 aquibus
945 883 1114 914 Nicolaum
1123 887 1223 919 quon-

217 954 289 983 dani
314 951 458 981 abbatem
488 945 649 976 Honorius
676 952 755 982 papa
778 941 865 976 1111,
895 942 962 978 post
978 935 1221 975 inquisitionem

215 1016 270 1046 per
285 1006 319 1035 P.
341 1002 586 1035 viterbiensem,
604 1003 679 1028 tunc
695 994 949 1028 Anconitanum,
965 991 1148 1030 episcopum
1162 987 1223 1016 fac-

213 1065 297 1096 tam,
317 1057 406 1086 vivae
421 1054 506 1085 vocis
521 1051 649 1082 oraculo
664 1048 793 1079 amovit.

257 1126 269 1139 ((
292 1112 378 1141 Licet
395 1108 579 1139 continuata
597 1100 932 1142 supervenientium...
955 1114 993 1119 —
1018 1096 1086 1125 Dat.
1107 1094 1220 1128 Rome,

215 1166 298 1206 apud
315 1165 345 1194 S.
366 1164 515 1197 Petrum,
534 1169 568 1188 ιιι
588 1158 659 1187 idus
676 1155 800 1195 aprilis,
820 1161 906 1183 anno
924 1151 1034 1190 primo.
1058 1161 1071 1176 n

257 1220 295 1249 In
312 1227 338 1248 e.
358 1226 401 1246 m.
429 1239 447 1244 ..
467 1212 564 1253 priori
581 1216 611 1241 et
627 1207 799 1240 couventui
814 1205 1049 1245 praedictorum
1065 1204 1222 1231 monaste-

214 1274 336 1304 riorum
359 1268 490 1299 mandat
513 1270 669 1305 quatenus
689 1261 847 1301 praedicto
862 1257 969 1288 abbati
987 1255 1127 1285 debitam
1146 1252 1222 1282 obe-

215 1326 370 1357 dientiam
391 1321 572 1362 praebeant.
591 1318 661 1347 Dat.
682 1320 716 1345 ut
734 1322 840 1352 supra.

254 1380 293 1410 In
309 1387 337 1408 e.
354 1386 397 1406 ni.
417 1373 577 1404 universis
593 1368 737 1400 vassallis
759 1365 994 1406 praedictorum
1013 1363 1222 1390 monasterio-

214 1443 287 1464 rum
317 1429 447 1461 mandat
473 1430 630 1465 quatenus
655 1421 760 1452 eidem
788 1418 894 1449 abbati
925 1416 1032 1446 debita
1061 1410 1245 1445 fidelitatis,

216 1488 398 1527 juramenta
414 1486 443 1511 et
459 1479 586 1510 servitia
601 1476 784 1516 praebeant.
803 1473 874 1502 Dat.
896 1475 930 1501 ut
947 1477 1053 1508 supra.

289 1628 411 1656 33-41
712 1616 922 1645 Saint-Pierre.
942 1614 971 1640 tt
989 1611 1058 1639 avril
1076 1611 1154 1638 1288.

255 1692 416 1720 Johannes,
437 1688 525 1714 abbas
544 1683 709 1711 monasterii
726 1681 756 1707 S.
772 1678 913 1706 «Iohannis
929 1674 1125 1705 Senonensis,
1143 1681 1227 1708 prae-

220 1743 313 1769 ficitur
338 1740 366 1766 in
391 1738 560 1773 episcopum
586 1731 725 1759 Meldensi
748 1728 897 1756 ecclesiae.
913 1726 1005 1759 (Res.
1023 1724 1070 1755 44,
1088 1731 1113 1750 c.
1131 1723 1157 1754 7,
1175 1722 1194 1748 f.
1211 1721 1226 1748 3

222 1798 265 1821 v⁰;
284 1790 350 1816 Lar.
371 1796 405 1814 nn
421 1786 525 1818 Tnntc,
542 1784 561 1810 f.
580 1783 616 1815 3.)

260 1886 395 1918 Iohanni
409 1908 415 1921 ,
432 1883 532 1913 abbati
554 1866 730 1909 monasterii
747 1875 779 1906 S.
797 1874 946 1904 Iohannis
959 1871 1158 1906 Senonensis,
1175 1877 1226 1898 or-

221 1941 302 1972 dinis
318 1940 348 1969 S.
360 1936 535 1975 Augustini.
554 1934 664 1963 «Inter
679 1933 783 1960 cetera
798 1936 860 1966 que
876 1925 996 1956 summi
1015 1924 1105 1953 nobis
1119 1922 1227 1961 dispo-

222 1997 336 2028 sitione
354 1992 485 2033 pastoris
506 1993 581 2020 sunt
596 1984 778 2027 peragenda
795 1983 966 2014 commissa
981 1979 1062 2010 illud
1078 1988 1133 2018 per
1148 1978 1226 2008 utile

221 2052 287 2081 fore
302 2047 532 2086 conspicimus,
551 2047 586 2072 ut
610 2040 816 2071 ecclesiarum
836 2037 981 2074 regimen
997 2034 1061 2064 illis
1078 2032 1227 2063 commit-

223 2110 326 2134 tamus
343 2099 519 2141 pastoribus
531 2121 539 2134 ,
556 2105 612 2135 per
626 2102 761 2133 quorum
784 2089 976 2120 industriam
993 2092 1023 2117 et
1037 2085 1226 2116 sollicitudi-

222 2167 297 2188 nem
320 2153 536 2194 spiritualibus
561 2154 591 2179 et
613 2145 839 2186 temporalibus
855 2143 969 2173 votivis
984 2140 1152 2180 proficiant
1174 2139 1226 2168 in-

222 2209 412 2244 crementis,
435 2206 474 2236 ad
503 2203 603 2243 quod,
631 2204 724 2240 prout
747 2208 783 2228 ex
807 2197 870 2227 alto
896 2196 988 2226 nobis
1013 2193 1225 2232 permittitur,

222 2265 354 2296 intentis
368 2259 566 2292 intendimus
582 2254 744 2285 mentibus
757 2252 891 2289 totisque
904 2249 1029 2280 viribus
1041 2246 1224 2285 vigilamus.

223 2320 353 2351 Dudum
377 2314 536 2354 siquidem
562 2308 718 2340 Meldensi
742 2306 891 2342 ecclesia,
919 2313 974 2344 per
1000 2303 1123 2333 obitum
1145 2302 1227 2331 bone

222 2372 377 2405 memorie
395 2367 556 2400 ,Iohannis
580 2361 755 2394 Meldensis
777 2358 933 2399 episcopi,
958 2356 1093 2396 pastoris
1117 2354 1228 2384 solatio

222 2427 391 2461 destituta,
416 2422 550 2452 dilectus
568 2417 653 2447 filius
676 2414 849 2454 capitulum
874 2410 1019 2451 eJ'usdem
1039 2408 1171 2439 ecclesie
1188 2407 1227 2436 ad

222 2478 455 2522 providendum
471 2474 575 2505 eidem
591 2470 722 2501 ecclesie
737 2468 775 2498 de
791 2470 913 2505 pastore
929 2468 1013 2494 certa
1028 2463 1079 2492 die
1096 2461 1226 2501 prefixa,

223 2534 341 2566 vocatis
360 2529 510 2562 omnibus
525 2526 580 2565 qui
600 2524 790 2558 voluerunt,
807 2520 988 2549 debuerunt
1007 2521 1037 2546 et
1059 2517 1229 2555 potuerunt

223 2587 352 2619 comode
370 2585 543 2614 interesse.
566 2576 700 2608 insimul
715 2576 934 2605 convenerunt
950 2575 979 2600 et
1000 2569 1129 2599 tandem
1146 2576 1228 2598 non-

224 2641 322 2672 nullis
339 2636 520 2668 tractatibus
536 2632 591 2671 qui
607 2631 755 2661 effectum
771 2635 835 2657 non
853 2625 1037 2655 habuerunt
1052 2621 1226 2661 premissis,
1247 2629 1251 2634 ·

224 2705 279 2735 per
302 2694 387 2722 viam
413 2688 558 2720 scrutinii
583 2685 623 2715 ad
649 2682 838 2713 electionem
866 2678 999 2718 pastoris
1023 2674 1230 2715 procedentes

225 2749 354 2778 dilectos
375 2744 457 2773 filios
482 2740 650 2777 magistros
672 2737 803 2766 Petrum
818 2733 857 2762 de
882 2733 998 2767 Barra,
1018 2728 1229 2759 Guillelmum

225 2803 264 2833 ad
281 2799 428 2831 rambas,
447 2801 476 2826 et
493 2793 688 2824 Florentium
705 2789 743 2819 de
758 2786 933 2821 Varennis,
950 2783 1120 2814 canonicos
1142 2782 1229 2819 ejus-

225 2856 298 2886 dem
321 2850 468 2885 ecclesie,
490 2854 621 2877 suorum
639 2849 668 2873 et
691 2842 826 2872 aliorum
846 2837 1136 2869 concanonicorum
1156 2841 1228 2863 suo-

225 2919 297 2940 rum
322 2909 509 2936 scrutatores
530 2905 675 2929 votorum
700 2893 898 2926 concorditer
921 2892 1097 2929 elegerunt.
1124 2887 1229 2918 Iidem

225 2971 299 2993 vero
317 2962 505 2989 scrutatores
521 2952 701 2982 secedentes
717 2949 750 2978 in
768 2951 900 2986 partem,
915 2953 950 2974 ac
967 2944 1033 2973 suis
1049 2947 1078 2972 et
1093 2940 1228 2971 aliorum

260 3056 290 3085 (l)
308 3054 381 3077 Lisez
400 3043 682 3074 Civitatis-Castellum.

1302 408 1532 439 canonicorum
1558 394 1770 445 predictorum
1795 405 1996 443 singulorum
2021 404 2101 434 votis
2129 407 2246 433 secreto
2270 410 2306 432 ac

1303 461 1491 499 singillatim
1506 458 1692 497 diligentius
1709 458 1926 497 perscrutatis,
1941 457 1995 487 illa
2010 456 2210 496 publicarunt
2221 454 2307 485 illico

1302 514 1337 543 in
1353 513 1536 548 communi,
1558 516 1588 541 et
1611 514 1770 548 comperto
1787 510 1917 539 demum
1939 509 2022 548 quod
2039 509 2140 548 major
2155 513 2185 538 et
2200 508 2307 537 sanior

1303 575 1375 605 pars
1390 566 1617 596 canonicorum
1634 564 1794 603 ipsorum,
1820 563 1899 592 facta
1923 562 2090 593 collatione
2116 561 2243 591 numeri
2267 560 2307 590 ad

1303 627 1493 655 numerum,
1510 617 1567 648 zeli
1583 617 1622 647 ad
1638 616 1760 653 zelum,
1780 616 1886 645 meriti
1901 615 1940 645 ad
1956 616 2118 652 meritum,
2137 616 2168 644 in
2188 618 2215 643 te
2233 618 2308 643 tunc

1303 672 1447 710 ejusdem
1463 671 1592 702 ecclesie
1611 675 1773 701 cantorem
1796 673 2041 704 consenserant,
2069 668 2221 706 magister
2246 666 2307 695 Pe-

1304 728 1384 758 trus,
1402 724 1542 754 decanus
1560 724 1745 758 Meldensis,
1766 722 1804 751 de
1820 730 1979 752 consensu
2001 726 2031 750 et
2046 721 2195 750 mandato
2210 720 2307 749 dicto-

1304 786 1376 807 rum
1390 781 1599 807 scrutatorum
1615 782 1645 807 et
1659 776 1805 807 omnium
1823 775 1879 814 qui
1897 775 1930 804 in
1950 779 1977 804 te
1993 762 2234 810 consenserant,
2251 780 2311 802 suo

1304 834 1334 860 et
1357 830 1498 868 ipsorum
1525 830 1672 866 nomine,
1701 834 1729 859 te
1753 829 1786 858 in
1810 828 1954 867 ejusdem
1978 827 2108 858 ecclesie
2134 826 2310 856 Meldensis

1303 881 1399 920 elegit
1413 883 1594 921 episcopum
1611 887 1641 912 et
1652 887 1821 921 pastorem,
1839 886 1934 919 tuque
1949 880 2148 919 postmodum
2162 879 2310 909 electioni

1304 935 1490 974 hujusmodi
1506 935 1544 965 de
1559 940 1587 965 te
1602 936 1680 966 facte
1693 935 1732 964 ad
1748 935 1890 974 ipsorum
1906 933 2095 963 instantiam
2108 932 2309 962 consensisti.

1306 988 1502 1027 HuJ'usmodi
1532 996 1606 1018 vero
1634 988 1800 1018 electionis
1831 986 1958 1024 negotio
1985 994 2039 1025 per
2065 984 2312 1024 appellationem

1306 1041 1451 1079 magistri
1467 1040 1626 1071 Guidonis
1643 1041 1681 1071 de
1695 1041 1832 1079 Hugoto,
1848 1040 1993 1079 eiusdem
2009 1038 2140 1069 ecclesie
2154 1038 2311 1076 canonici,

1305 1103 1338 1123 se
1355 1093 1503 1124 electioni
1517 1093 1700 1132 hujusmodi
1714 1093 1914 1132 opponentis,
1929 1092 1968 1121 ad
1984 1091 2092 1121 sedem
2106 1090 2312 1130 apostolicam

1305 1147 1452 1177 devoluto
1467 1156 1505 1177 ac
1520 1146 1635 1177 exinde
1650 1146 1796 1177 Guidone
1815 1145 1954 1185 predicto
1974 1144 2179 1184 appellationi
2197 1144 2313 1183 huJus-

1305 1201 1391 1231 modi
1411 1201 1632 1237 renuntiante,
1660 1208 1785 1229 necnon
1807 1204 1838 1229 et
1858 1198 1984 1237 Angelo
2008 1198 2046 1228 de
2069 1198 2172 1235 Urbe,
2196 1197 2315 1237 prefate

1306 1253 1438 1284 ecclesie
1453 1255 1607 1284 canonico
1621 1276 1628 1289 ‚
1645 1253 1702 1292 qui
1718 1261 1750 1282 se
1768 1252 1826 1282 tibi
1847 1253 1913 1290 Jam
1924 1253 1965 1281 ,in
1988 1260 2120 1282 romana
2135 1251 2224 1283 curia
2238 1258 2315 1280 eon-

1306 1308 1415 1337 stituto
1431 1316 1525 1346 super
1539 1307 1693 1336 electione
1705 1305 1892 1344 hujusmodi
1903 1306 1983 1335 facta
1995 1305 2034 1334 de
2049 1309 2076 1334 te
2087 1304 2148 1344 (se)
2158 1301 2314 1345 opposuit,

1305 1361 1345 1391 ab
1369 1361 1565 1399 oppositione
1589 1359 1776 1398 hujusmodi
1802 1358 1904 1388 libere
1925 1358 2112 1395 desistente,
2137 1366 2175 1388 ac
2194 1347 2316 1388 eis'aem

1307 1413 1453 1444 Guidone
1469 1418 1499 1443 et
1514 1412 1639 1451 Angelo
1655 1412 1891 1451 acceptantibus
1908 1415 1938 1440 et
1962 1398 2220 1450 approbantibus}
2232 1404 2316 1441 elec-

1309 1466 1429 1496 tionem
1442 1465 1628 1505 hujusmodi
1641 1465 1680 1494 de
1696 1469 1723 1495 te
1738 1464 1866 1494 factam.
1878 1464 1945 1494 Nos
1961 1468 2024 1493 tam
2038 1464 2138 1503 ipsius
2151 1463 2317 1494 electionis

1308 1520 1471 1550 decretum
1495 1527 1593 1557 quam
1620 1526 1787 1558 personam
1815 1522 1902 1547 tuam
1929 1526 1984 1556 per
2009 1517 2225 1547 venerabilem
2250 1517 2316 1548 fra-

1309 1577 1389 1603 trem
1409 1573 1445 1602 B.
1466 1573 1675 1602 portuensem
1692 1572 1875 1610 episcopum
1892 1575 1922 1600 et
1937 1571 2069 1600 dilectos
2088 1562 2172 1600 filios
2192 1575 2318 1601 nostros

1309 1626 1483 1662 Comitem,
1511 1625 1598 1655 tituli
1614 1625 1805 1655 Sanctorum
1823 1624 1910 1653 Petri
1931 1628 1961 1653 et
1984 1623 2165 1653 Marcellini
2182 1623 2318 1662 presby·

1311 1683 1430 1715 terum,
1448 1687 1484 1708 ac
1499 1678 1655 1708 Jacobum
1675 1676 1789 1707 Sancte
1812 1676 1913 1706 Marie
1936 1676 1971 1705 in
1988 1676 2047 1706 Via
2065 1676 2129 1706 lata
2144 1675 2318 1706 diaconum

1309 1732 1487 1762 cardinales
1501 1731 1681 1761 examinari
1697 1730 1831 1760 fecimus
1846 1730 2028 1768 diligenter.
2047 1730 2084 1760 Et
2100 1730 2230 1760 tandem
2243 1729 2320 1769 quia

1310 1785 1498 1815 electionem
1513 1785 1616 1823 ipsam
1629 1783 1815 1813 invenimus
1829 1783 1869 1812 de
1886 1787 1914 1812 te
1928 1783 2077 1813 videlicet
2092 1791 2227 1822 persona
2242 1782 2320 1822 ydo—

1309 1848 1369 1868 nea
1385 1838 1538 1868 canonice
1554 1837 1763 1874 celebratam,
1781 1837 1883 1875 ipsam
1899 1836 1938 1866 de
1954 1836 2167 1875 predictorum
2188 1840 2219 1866 et
2241 1835 2319 1867 alio-

1308 1901 1382 1923 rum
1396 1893 1529 1922 fratrum
1543 1895 1725 1921 nostrorum
1738 1889 1871 1920 consilio
1883 1889 2037 1920 duximus
2050 1889 2318 1927 confirmandam,

1308 1947 1508 1986 preficientes
1533 1950 1562 1975 te
1588 1945 1650 1984 ipsi
1677 1943 1810 1974 ecclesie
1836 1943 1996 1974 Meldensi
2020 1944 2055 1973 in
2082 1944 2267 1983 episcopum
2290 1947 2321 1974 et

1309 2005 1486 2040 pastorem,
1504 2007 1614 2028 curam
1631 2002 1662 2028 et
1683 1997 1997 2028 administrationem
2015 1997 2103 2027 illius
2122 1997 2177 2027 tibi
2195 1998 2230 2027 in
2253 1997 2319 2036 spi·
2346 1999 2349 2001 ’

1309 2053 1478 2083 ritualibus
1494 2056 1525 2081 et
1541 2050 1769 2090 temporalibus
1782 2050 2021 2086 committendo,
2036 2058 2073 2080 ac
2085 2050 2320 2089 subsequenter

1311 2107 1367 2152 tibi
1382 2105 1631 2136 consecrationis
1648 2112 1768 2134 munus
1787 2104 1904 2133 nostris
1919 2104 2068 2133 manibus
2084 2103 2236 2134 duximus
2252 2104 2320 2134 im-

1309 2159 1527 2200 pendendum,
1545 2158 1638 2187 firma
1657 2162 1808 2196 concepta
1824 2157 1943 2186 fiducia
1959 2157 2060 2195 quod„
2078 2157 2238 2195 dirigente
2253 2158 2319 2188 Do-

1310 2215 1399 2243 mino
1416 2218 1503 2242 actus
1524 2217 1609 2249 tuos,
1630 2211 1762 2241 ecclesia
1782 2211 1850 2249 ipsa
1867 2219 1922 2249 per
1948 2215 1999 2240 tue
2023 2211 2321 2250 circumspectioni-s

1310 2267 1505 2299 industriam
1523 2266 1558 2295 iu
1574 2264 1794 2304 spiritualibus
1810 2269 1840 2294 et
1858 2259 2083 2303 temporalibus
2098 2249 2319 2305 prosperss'd'i-

1310 2322 1434 2359 rigetur
1456 2325 1486 2350 et
1507 2319 1648 2350 salubria
1670 2320 1766 2349 dante
1784 2319 1921 2349 Domino
1939 2319 2091 2358 suscipiet
2106 2320 2318 2351 incrementa.

1311 2376 1507 2405 Reverenter
1532 2382 1606 2412 ergo
1629 2373 1754 2412 suscipe
1772 2373 1889 2411 jugum
1914 2373 2048 2402 Domini
2075 2378 2106 2403 et
2131 2375 2223 2404 suavi
2252 2377 2321 2415 eJus

1310 2428 1401 2458 oneri
1417 2427 1497 2457 colla
1516 2427 1606 2456 flecte
1625 2426 1745 2465 prefate
1764 2425 1938 2455 Meldensis
1958 2427 2091 2457 ecclesie
2109 2427 2245 2458 sollicite
2264 2437 2321 2459 ou-

1311 2490 1380 2511 ram
1400 2489 1532 2519 gerens,
1551 2488 1680 2518 gregem
1700 2479 1899 2509 dominicum
1916 2480 1950 2509 in
1974 2489 2011 2510 ea
2035 2481 2092 2510 tibi
2110 2481 2321 2512 commissum

1311 2535 1455 2565 doctrina
1471 2534 1561 2564 verbi
1584 2538 1614 2563 et
1637 2533 1740 2572 operis
1763 2532 1991 2571 infflrrnando,
2016 2534 2060 2564 ita
2083 2534 2166 2573 quod
2191 2544 2247 2575 per
2270 2540 2322 2566 tue

1311 2589 1478 2627 diligentie
1494 2587 1635 2617 studium
1648 2586 1780 2617 ecclesia
1796 2586 1863 2625 ipsa
1880 2588 1992 2617 votivis
2008 2587 2162 2627 proficere
2177 2589 2322 2620 comodis

1313 2646 1343 2673 et
1369 2642 1481 2681 optatis
1510 2649 1702 2678 consurgere
1727 2639 1829 2670 valeat
1856 2640 2075 2671 incrementis.
2101 2642 2172 2672 Dat.
2201 2642 2320 2680 Rome,

1311 2696 1395 2735 apud
1412 2696 1564 2726 Sanctum
1583 2694 1730 2731 Petrum,
1749 2703 1784 2723 111
1805 2693 1877 2724 idus
1892 2694 2015 2733 aprilis,
2032 2704 2117 2726 anno
2133 2695 2246 2735 primo.
2266 2708 2280 2723 ιι

1352 2750 1391 2779 In
1418 2758 1444 2778 e.
1472 2757 1516 2777 m.
1538 2746 1675 2786 capitulo
1703 2747 1862 2778 Meldensi
1887 2749 2017 2778 mandat
2041 2753 2198 2788 quatenus
2217 2751 2322 2782 eidem

1313 2803 1456 2842 episcopo
1474 2800 1615 2830 debitam
1630 2800 1844 2831 obedientiam
1859 2803 2017 2840 praebeat.

1352 2857 1390 2886 Iu
1406 2865 1433 2885 e.
1451 2864 1493 2884 m.
1511 2854 1596 2884 clero
1613 2854 1749 2884 civitatis
1765 2860 1795 2885 et
1813 2854 1968 2886 dioecesis
1987 2856 2172 2887 Meldensis.

1352 2909 1390 2939 In
1403 2917 1429 2938 e.
1442 2916 1485 2937 m.
1500 2908 1659 2937 universis
1677 2908 1829 2939 ecclesiae
1842 2909 2016 2939 Meldensis
2031 2911 2176 2941 vassallis
2193 2911 2324 2945 mandat

1312 2969 1470 3003 quatenus
1486 2963 1588 2993 eidem
1610 2963 1758 3002 episcopo
1782 2964 1874 2994 solita
1900 2964 2062 2995 fidelitatis
2085 2948 2324 3005 juramiffisset

1312 3017 1442 3048 servitia
1459 3017 1639 3055 praebeant.
2185 3011 2188 3014 ⁴
2264 3015 2266 3017 ’
