2342 3652
925 368 1176 413 QUATRIEME
1199 368 1355 407 ANNEE.
2123 379 2180 410 673

165 444 414 474 amas-4879

131 514 249 541 Collatio
267 514 407 541 beneficii.
425 513 506 546 (Rea.
526 512 570 543 46,
588 520 613 539 c.
633 512 677 546 88,
697 512 714 538 f.
739 512 767 538 lS
786 514 832 543 ro.)

682 442 807 473 Ort-teto,
825 443 839 469 S
857 451 931 469 mars
952 442 1024 469 1291.

138 643 280 672 Riccardo
297 643 331 672 de
347 643 526 677 Pudlesdon,
542 641 684 672 canonico
700 641 918 677 Hereforclensi.
936 640 1100 670 canonica—

99 701 165 727 tum
187 701 217 726 et
239 696 451 735 praebendam
477 696 509 724 in
531 695 663 725 ecclesia
682 694 925 729 Herefordensi‚
950 702 1013 723 non
1032 694 1101 723 obs-

99 753 184 780 tante
209 749 340 779 ecclesia
370 749 408 779 de
438 748 631 784 Pudleston,
660 747 903 778 Hei-esordensis
927 747 1099 782 dioecesis,

99 812 195 842 qnam
213 803 350 838 obtinet,
370 801 501 831 confert.

139 865 154 885 κ
176 856 350 885 Personam
368 859 454 884 tuam
473 855 549 884 de...
570 871 608 875 —-
629 855 699 884 Dat.
716 854 799 892 apud
820 853 1099 888 Urbemveterem,

99 918 154 938 vn1
172 908 244 938 idus
262 909 385 944 martii,
402 916 487 937 anno
503 912 624 946 quarto.
647 920 661 934 »

138 961 176 991 In
193 971 220 991 e.
239 970 282 991 m.
301 961 470 991 Francisco
486 961 696 999 Nepoleonis,
724 960 846 990 notario
866 968 980 998 papae,
997 958 1100 988 archi-

99 1014 231 1044 diacono
248 1015 480 1053 lVygorniensi
495 1037 500 1049 ‚
518 1015 669 1051 magistro
686 1013 827 1043 Giffredo
843 1012 881 1042 de
898 1012 1034 1047 Vezauo‘,
1051 1020 1101 1041 ca-

98 1076 205 1098 merae
228 1068 419 1107 apostolicae
442 1068 575 1103 clerico,
602 1068 756 1097 canonico
773 1065 1012 1101 Cameracensi,
1033 1069 1100 1094 et..

98 1121 228 1152 officiali
245 1122 470 1151 Cantuariensi
498 1121 628 1150 mandat
653 1125 686 1150 ut
710 1120 885 1159 praefatum
911 1118 1102 1148 Riccardum

98 1175 132 1204 in
151 1174 284 1205 ecclesia
302 1174 527 1204 Herefordensi
544 1179 577 1203 ut
595 1173 784 1203 canonicum
806 1176 836 1202 et
859 1172 988 1201 fratrem
1006 1171 1103 1209 recipi

98 1227 228 1258 faciant.

141 1292 154 1307 α
173 1281 347 1310 Personam
363 1279 472 1309 dilecti
485 1278 582 1309 filii...
598 1295 637 1300 —
652 1278 723 1308 Dat.
743 1283 894 1316 utsupra.
915 1290 928 1304 ι)

168 1484 288 1513 4680

135 1553 319 1589 Dispensatio
336 1554 518 1581 matrimonii.
536 1553 619 1586 (Rae.
636 1553 684 1586 46,
701 1561 726 1580 c.
743 1553 786 1587 89,
804 1553 822 1580 f.
843 1553 872 1580 18
890 1555 936 1586 r0.)

667 1483 792 1515 Orvieto,
810 1483 841 1510 21
860 1492 935 1510 mars
956 1484 1031 1512 1291.

144 1684 310 1713 Venerabili
336 1685 430 1720 fratri
457 1706 477 1713 ..
506 1685 635 1721 episcopo
667 1684 785 1713 Lucano
814 1684 944 1713 mandat
967 1689 1001 1714 ut
1031 1693 1102 1714 cum

100 1737 195 1766 Putio
216 1737 289 1765 Peri
312 1741 342 1766 et
359 1736 549 1766 Advenante
574 1736 612 1765 de
629 1736 748 1771 Piscia,
769 1736 916 1766 Lucanae
936 1737 1102 1774 dioecesis,

99 1789 261 1828 dispenset
291 1794 325 1819 ut
351 1789 386 1818 in
414 1789 620 1819 matrimonio
649 1789 733 1828 quod
758 1789 835 1819 olim
862 1794 1103 1827 contraxerunt,

99 1843 285 1881 ignorantes
321 1842 482 1881 qnondam
513 1843 646 1873 Juntam
680 1842 718 1872 de
752 1843 874 1880 Piscia,
907 1843 1105 1874 Advenantis

100 1896 269 1933 maritum,
291 1895 395 1925 eidem
420 1895 514 1926 Putio
540 1901 652 1934 quarto
676 1896 964 1934 consanguinitatis
987 1897 1103 1935 gradu,

100 1949 179 1979 dum
203 1949 341 1986 viveret,
361 1949 540 1986 attinuisse,
560 1954 590 1979 et
610 1950 644 1978 in
671 1958 732 1988 quo
756 1949 878 1989 prolem
900 1955 1106 1989 procrearunt

100 2011 268 2033 remanere
283 2002 419 2032 valeant.

142 2068 156 2083 «
174 2056 289 2086 Petilio
305 2055 412 2085 dilecti
429 2055 526 2085 filii...
541 2073 578 2077 —
593 2057 663 2087 Dat.
676 2056 759 2095 apud
773 2057 1047 2094 Urbemveterem‚
1061 2067 1105 2088 xi1

99 2109 252 2139 kalendas
269 2108 394 2148 aprilis,
411 2117 496 2139 anno
510 2115 632 2148 quarto.
652 2122 666 2136 »

167 2315 280 2344 4681

136 2384 318 2419 Dispensatio
334 2384 517 2411 matrimonii.
538 2384 618 2416 (Rae.
636 2384 679 2418 46,
694 2393 719 2412 c.
737 2385 779 2417 90,
794 2387 812 2412 1⁶.
836 2386 864 2413 18
879 2388 928 2420 r0.)

667 2316 793 2348 Orviet0‚
811 2317 841 2343 ‘31
861 2326 936 2344 mars
957 2318 1031 2346 1291.

143 2513 311 2542 Venerabili
325 2514 421 2549 fratri
444 2535 463 2542 ..
483 2514 616 2551 episcopo
643 2514 808 2544 Menevensi
828 2515 958 2545 mandat
974 2521 1009 2545 ut
1030 2525 1101 2546 cum

100 2566 238 2603 Hugone
256 2565 371 2595 Beneit
381 2569 410 2595 et
425 2566 550 2604 Agnete
562 2566 700 2604 Wogan,
718 2567 757 2596 de
772 2567 925 2598 Breconia
941 2568 1021 2608 (sic),
1036 2570 1103 2600 Me-

100 2618 250 2648 novensis
273 2617 442 2653 dioecesis,
469 2617 633 2656 dispenset
656 2623 691 2648 ut
720 2619 752 2648 iu
785 2622 988 2652 matrimonio
1019 2623 1104 2661 quod

99 2671 190 2705 olim,
203 2670 388 2709 ignorantes
399 2670 598 2701 obstaculum
614 2680 694 2707 esse,
708 2677 936 2704 contraxerunt
951 2679 980 2705 et
994 2675 1026 2704 iu
1042 2684 1104 2714 quo

101 2723 223 2763 prolem
244 2727 451 2762 procrearunt
470 2732 636 2754 remanere
652 2724 795 2762 valeant,
814 2735 998 2766 quanquam
1021 2729 1104 2760 inter

99 2776 284 2807 Johannem
302 2776 438 2806 Walteri
456 2776 558 2806 David
576 2777 614 2807 de
633 2777 787 2808 Breconio
801 2779 882 2819 (sic),
906 2781 1009 2811 eidem
1035 2783 1103 2812 Hu-

100 2829 177 2868 goni
197 2829 286 2860 tertio
304 2830 593 2868 consanguinitatis
607 2831 710 2868 gradu
726 2832 948 2870 conjunctum,
966 2840 996 2864 et
1015 2844 1104 2873 prae-

100 2883 195 2912 fatam
209 2884 366 2920 Agnetem
383 2882 542 2921 sponsalia
557 2888 716 2913 contracta
733 2884 872 2922 fuerunt,
887 2895 967 2924 quae
985 2891 1102 2923 tamen,

100 2935 212 2965 eodem
227 2935 378 2965 Johanne
395 2939 532 2975 mortuo,
553 2936 728 2967 cardinalis
747 2938 859 2977 copula
878 2948 941 2969 non
960 2944 1006 2969 est
1026 2941 1103 2970 sub-

101 2992 219 3018 secuta.

143 3053 156 3068 ιι
174 3041 288 3071 Petitio
307 3041 413 3071 dilecti
429 3041 526 3073 filii...
544 3059 582 3064 —
600 3042 671 3072 Dat.
693 3047 726 3072 ut
741 3053 846 3082 supra.
864 3057 877 3071 ι»

241 3107 313 3134 Rae.
334 3107 456 3135 NicoLAs
475 3107 528 3134 tv.

1249 444 1365 472 4382

1215 504 1397 539 Dispensatio
1414 507 1595 532 matrimonii.
1614 506 1696 539 (Hm.
1714 507 1757 537 46,
1775 515 1799 533 c.
1818 507 1860 537 91,
1878 507 1897 532 s.
1917 507 1946 533 18
1962 508 2010 539 ro.)

1747 445 1872 476 Orvieto‚
1895 445 1922 472 18
1939 453 2015 472 mars
2034 445 2109 472 1291.

1224 622 1390 650 Venerabili
1403 624 1498 658 fratri
1518 644 1537 652 ..
1556 624 1688 659 episcopo
1707 624 1887 652 Astoricensi
1908 623 2039 652 mandat
2055 628 2089 652 ut
2108 633 2181 653 cnm

1181 673 1312 703 Alfonso
1331 674 1417 704 Petri
1434 680 1462 704 et
1477 675 1628 704 Johanna
1648 675 1747 707 Petri.
1775 677 1986 705 Astoricensis
2007 676 2180 712 dioecesis,

1180 726 1339 764 dispenset
1360 732 1393 756 nt
1412 728 1445 756 in
1467 728 1674 758 matrimonio
1697 729 1779 767 quod
1798 729 1890 764 olim,
1909 729 2092 766 ignorantes
2115 739 2183 759 esse

1181 778 1463 817 impedimentum.
1486 785 1710 810 contraxerunt
1731 787 1759 810 et
1782 782 1814 810 in
1840 790 1903 819 quo
1930 780 2012 811 filios
2037 790 2181 820 procrea-

1181 837 1255 860 runt
1281 842 1445 862 remanere
1467 834 1607 869 valeant,
1630 843 1813 872 quanquam
1837 835 1997 873 quondam
2018 836 2182 864 Johaunes

1183 884 1360 920 Dominici,
1389 886 1531 923 ejusdem
1555 886 1719 915 Johannae
1747 888 1896 917 maritus.
1923 887 2024 916 eidem
2051 887 2186 918 Alfonso

1184 939 1274 967 tertio
1293 939 1583 976 consanguinitatis
1599 939 1696 975 gradu
1714 939 1878 968 attinebat.

1224 1004 1237 1017 α
1256 992 1371 1021 Petitio
1388 991 1493 1020 dilecti
1510 991 1603 1020 6111...
1620 1008 1658 1012 -—
1676 992 1744 1020 Dat.
1762 992 1845 1029 apud
1860 992 2130 1029 Urbemveterem,
2144 1003 2184 1023 xv

1181 1044 1335 1074 kalendas
1353 1044 1479 1082 aprilis,
1498 1053 1583 1073 anno
1599 1049 1720 1082 quarto.
1742 1057 1754 1069 υ

1254 1236 1373 1264 4683

1220 1298 1403 1333 Dispensatio
1419 1299 1600 1326 matrimonii,
1618 1299 1698 1331 (Rae.
1719 1299 1760 1330 46,
1779 1308 1803 1325 c.
1823 1299 1866 1329 92,
1883 1299 1900 1325 f.
1925 1299 1951 1325 18
1969 1301 2015 1331 νῦ.)

1750 1236 1880 1265 Ori-icto.
1902 1236 1930 1262 18
1947 1244 2021 1262 mars
2040 1236 2113 1262 1391.

1230 1415 1399 1443 Venerabili
1415 1416 1509 1450 fratri
1535 1436 1555 1444 ..
1579 1415 1801 1451 archiepiscopo
1823 1415 1980 1443 Bisuntino
2001 1414 2131 1443 mandat
2152 1418 2185 1443 ut

1185 1477 1258 1498 cum
1282 1468 1381 1497 nobili
1403 1469 1470 1497 viro
1487 1468 1617 1503 Huone,
1635 1467 1765 1497 domino
1785 1467 1823 1496 de
1841 1466 2053 1501 Bellovidere,
2073 1471 2102 1495 et
2127 1474 2185 1495 uo-

1185 1521 1244 1551 bili
1262 1521 1395 1551 muliere
1415 1521 1537 1560 Aelyde
1555 1521 1593 1550 de
1611 1521 1697 1559 Ray,
1717 1520 1907 1550 Bisuntinae
1932 1519 2101 1555 dioecesis,
2119 1519 2184 1548 dis-

1186 1580 1296 1614 penset
1322 1575 1409 1605 utin
1432 1575 1637 1604 matrimonio
1666 1573 1750 1612 qnod
1780 1573 1871 1609 olim,
1903 1574 2087 1611 ignorantes
2118 1581 2186 1602 esse

1185 1629 1464 1667 impedimentum,
1482 1629 1705 1657 contraxerunt
1721 1631 1750 1656 et
1766 1627 1798 1655 in
1810 1634 1871 1664 quo
1884 1626 1966 1655 filios
1979 1629 2188 1664 procrearunt

1185 1690 1349 1711 remanere
1368 1680 1507 1717 valeant,
1525 1688 1708 1719 quanquam
1725 1679 1886 1717 quondam
1908 1679 1999 1716 Hugo
2025 1678 2062 1708 de
2080 1679 2186 1708 Monte

1186 1735 1315 1771 Rubeo‚
1333 1735 1447 1772 conjux
1470 1733 1611 1772 ejusdem
1638 1732 1786 1770 Aelydis,
1812 1732 1914 1761 eidem
1944 1731 2049 1761 Huoni
2075 1735 2186 1769 quarto

1186 1787 1471 1825 consanguinitatis
1487 1785 1585 1824 gradu
1602 1785 1763 1814 attinebat.

1228 1854 1241 1867 «
1261 1841 1373 1871 Petitio
1389 1840 1493 1870 dilecti
1510 1838 1606 1868 filii...
1625 1855 1663 1860 —
1679 1838 1749 1866 Dat.
1772 1842 1804 1866 ut
1822 1846 1928 1876 supra.
1953 1850 1964 1861 ι»

1257 2033 1374 2062 4684
1751 2029 1881 2059 Orvieto,
1897 2028 1930 2054 ‘23
1946 2035 2022 2053 mars
2042 2026 2116 2053 1291.

1222 2097 1404 2132 Dispensatio
1420 2102 1507 2129 super
1522 2093 1633 2119 defectu
1650 2091 1792 2119 ordinum.
1809 2090 1892 2123 (Rso.
1910 2089 1952 2118 46,
1966 2097 1992 2115 c.
2005 2089 2048 2119 93,
2062 2089 2080 2114 f.
2100 2088 2128 2115 18
2142 2090 2189 2117 r0.)

1227 2214 1352 2243 Gilberto
1368 2212 1400 2240 de
1416 2211 1514 2245 Bosco,
1529 2209 1715 2246 presbytero,
1734 2207 1842 2235 rectori
1866 2205 1983 2234 ecclesie
1997 2205 2030 2233 de
2046 2203 2188 2233 Chirche-

1187 2267 1329 2304 lonqeley,
1346 2263 1571 2299 Lichefeldensis
1586 2261 1720 2296 diocesis,
1736 2259 1800 2297 qui,
1814 2261 1939 2296 recepta
1956 2261 2025 2295 post
2039 2255 2189 2294 generale

1185 2317 1359 2349 concilium
1378 2315 1592 2353 Lugdunense
1612 2312 1744 2342 ecclesia
1762 2311 1800 2340 de
1817 2309 2124 2347 Chircbelongelay‚
2147 2308 2185 2337 ad

1187 2371 1438 2411 presbyteratum
1454 2367 1538 2396 infra
1555 2373 1677 2395 annum
1696 2373 1728 2393 se
1744 2363 1921 2403 promoveri
1938 2370 2001 2391 non
2019 2361 2102 2396 fecit,
2118 2360 2188 2397 sed,

1186 2423 1386 2463 postmodum
1407 2425 1583 2460 promotus,
1605 2418 1758 2456 majorem
1774 2421 1897 2455 partem
1917 2415 2079 2445 fructuum
2097 2422 2186 2452 prae-

1186 2477 1285 2507 dictae
1309 2474 1459 2505 ecclesiae
1481 2474 1514 2502 in
1540 2471 1718 2501 evidentem
1745 2469 1915 2499 utilitatem
1941 2468 2085 2506 ejusdem
2111 2474 2187 2496 con·

1186 2530 1292 2563 vertit,
1308 2527 1452 2564 indulget
1470 2530 1503 2555 ut
1519 2524 1662 2555 eamdem
1679 2523 1843 2553 ecclesiam
1861 2522 1998 2551 retinere
2016 2519 2122 2558 possit.

1227 2595 1240 2609 t(
1256 2582 1394 2619 Exigunt
1406 2585 1456 2609 tue
1469 2578 1666 2618 probitatis...
1681 2593 1719 2598 —
1731 2576 1800 2605 Dat.
1814 2574 1898 2613 apud
1910 2574 2184 2606 Urbemveterem‚

1186 2646 1204 2666 x
1219 2635 1372 2665 kalendas
1387 2632 1516 2671 aprilis,
1535 2639 1620 2661 anno
1636 2634 1758 2668 quarto.
1780 2641 1794 2654 »

1257 2818 1374 2846 4885
1746 2812 1876 2839 Orvieto,
1895 2809 1927 2837 23
1945 2816 2020 2835 mars
2040 2808 2116 2834 1291.

1223 2882 1406 2917 Dispensatio
1421 2887 1507 2914 super
1523 2877 1681 2913 pluralitate
1699 2875 1910 2901 beneficiorum.
1929 2872 2012 2906 (Rae.
2031 2871 2077 2903 46,
2095 2878 2120 2897 c.
2138 2871 2188 2900 9-1,

1187 2932 1206 2959 f.
1227 2931 1256 2958 18
1273 2934 1323 2962 νο.)

1226 3048 1368 3085 ‚tlaqislro
1388 3046 1446 3075 Acie
1467 3045 1500 3073 de
1529 3042 1658 3077 Wrztele,
1682 3040 1790 3070 rectori
1810 3038 1926 3067 ecclesie
1945 3037 1979 3065 tle
1999 3034 2187 3068 Monet-econ,

2012 3100 2045 3127 85
