2342 3652
921 362 1154 401 TROISIEME
1174 360 1331 400 ANNnE.
2113 374 2168 404 449

148 441 397 470 2886-2890
452 438 812 472 Sainte-Marie-Majeure,
831 440 846 465 1.)
862 439 916 464 mai
936 438 1011 465 1-290.

112 504 320 538 Indulgentiae.
341 503 424 535 (Rae.
440 503 487 533 45,
505 510 530 528 c.
552 501 614 531 178,
633 501 652 527 f.
670 501 699 528 31
718 506 760 531 r⁰;
780 500 845 528 [mr.
863 509 897 528 nn
913 500 1009 530 'snam
1027 499 1083 530 111,

81 553 153 585 ¹27.)

123 663 144 671 ..
176 641 279 670 abban·
308 644 334 668 et
368 639 530 668 conventui
556 639 735 667 monasterii
768 638 914 666 Fuaeensis
929 660 936 673 ‚
968 638 1088 666 ordinis

80 695 111 726 S.
129 693 290 729 Benedicti,
310 692 472 721 Tholosane
488 691 621 720 diocesis,
640 690 881 727 Indulgentiam
897 690 991 719 unius
1007 690 1086 719 anni

82 751 113 778 et
125 756 163 777 xi.
177 746 301 775 dierum
314 744 462 775 concedit
477 745 521 774 eis
537 744 592 782 qui
608 743 773 773 ecclesiam
791 743 945 781 praedicti
962 751 1087 772 monas-

83 799 171 835 terii,
187 799 222 828 in
236 798 392 828 honorem
409 798 495 827 beati
514 797 676 827 Velosiaui
689 800 902 827 constructam
913 818 921 832 ,
934 796 966 825 in
985 795 1087 825 sancti

85 852 248 883 Velosiani
266 856 296 881 et
313 851 450 889 singulis
466 851 575 881 beatae
597 851 717 880 Mariae
740 850 962 879 festivitatibus
987 853 1017 878 et
1034 857 1089 888 per

84 909 152 937 octo
167 905 236 935 dies
252 909 420 943 sequentes
436 904 648 934 visitaverint.

128 969 141 985 «
159 957 315 996 Splendor
325 963 456 996 paterne
472 957 610 995 glorie...
625 974 664 980 —
675 958 746 988 Dat.
764 958 877 993 Rome,
894 957 977 995 apud
994 956 1089 986 Sanc-

83 1015 146 1042 tam
164 1011 301 1041 Mariam
321 1011 490 1049 Majorem,
507 1020 550 1040 vn
566 1011 638 1040 idus
656 1011 745 1046 maii,
763 1019 848 1040 anno
868 1010 969 1039 tertio.
993 1021 1006 1036 »

451 1077 817 1112 Sainte-Marie-Majeure,
835 1079 848 1104 7
867 1079 922 1104 mai
939 1077 1016 1104 «1290.

121 1134 160 1164 In
179 1143 205 1164 e.
229 1143 276 1163 m.
305 1155 323 1164 ..
351 1134 471 1164 decano
493 1138 524 1163 et
541 1133 678 1171 capitulo
699 1134 848 1163 ecclesiae
871 1134 960 1163 Beati
980 1135 1088 1164 Amati

39 1180 43 1185 ⁴
83 1177 270 1224 Difacensis,
290 1187 510 1217 Atrebatensis
526 1187 691 1223 dioecesis,
709 1195 764 1225 pro
781 1187 839 1217 hac
855 1187 998 1217 ecclesia.
1018 1188 1086 1217 Dat.

83 1241 218 1277 Romae,
235 1244 271 1270 ut
286 1244 393 1280 supra,
414 1240 508 1270 nonis
524 1240 613 1276 maii,
633 1249 718 1270 anuo
736 1241 835 1270 tertio.

443 1307 798 1341 Sainte-Marie-Majeure,
822 1309 849 1334 17
867 1309 922 1334 mai
940 1308 1017 1335 1290.

123 1363 162 1393 In
179 1372 206 1393 e.
226 1372 269 1392 m.
288 1364 448 1393 universis
463 1363 585 1393 Christi
603 1363 752 1393 fidelibus
768 1369 949 1402 praesentes
970 1364 1090 1394 litteras

85 1416 284 1455 inspecturis,
303 1425 358 1455 pro
376 1416 508 1446 ecclesia
525 1416 632 1446 Sancti
648 1417 734 1446 Petri
752 1417 789 1446 de
808 1416 1006 1452 Castillione‚
1025 1419 1091 1448 Au-

86 1470 245 1508 gustensis
260 1470 424 1500 dioecesis.

129 1534 143 1550 α
170 1523 359 1553 Sanctorum
386 1524 508 1553 meritis
528 1523 676 1553 inclita...
704 1540 744 1546 —
767 1525 837 1554 Dat.
867 1525 987 1561 Rome,
1008 1526 1092 1564 apud

89 1576 237 1607 Sanctam
265 1577 400 1607 Mariam
424 1578 595 1616 Majorem,
621 1587 673 1607 xw
696 1577 849 1608 kalendas
873 1579 978 1617 junii,
1006 1588 1092 1609 auno

87 1630 191 1660 tertio.
212 1642 226 1657 ¹>

441 1670 797 1705 Sainte-Marie0MaJeure,
819 1673 846 1698 17
859 1673 924 1706 juin
944 1673 1018 1699 1290.

126 1725 165 1755 In
179 1735 207 1755 e.
222 1735 265 1755 m.
281 1726 413 1763 eisdem,
430 1735 485 1765 pro
497 1726 629 1756 ecclesia
642 1727 731 1757 Beati
747 1728 878 1757 Martini
890 1728 928 1757 de
942 1728 1091 1765 Tribano,

45 1810 53 1817 ‚
87 1778 259 1809 Paduanae
274 1779 437 1809 dioecesis.

129 1844 144 1860 α
169 1832 327 1871 Splendor
348 1837 477 1872 paterne
502 1833 642 1871 glorie...
664 1850 705 1856 —
723 1834 794 1863 Dat.
814 1834 897 1873 apud
917 1835 1092 1865 Urbemve-

89 1889 199 1924 terem,
215 1896 256 1916 xv
271 1886 425 1916 kalendas
440 1886 527 1926 julii,
544 1896 630 1917 anno
647 1887 736 1917 tertio
751 1900 763 1914 η
781 1887 840 1926 (En
859 1888 985 1927 mame).

659 1954 790 1986 Orvieto,
809 1955 839 1982 31
860 1956 927 1982 aout
948 1956 1022 1982 1290.

127 2008 167 2038 In
180 2016 207 2037 e.
226 2016 270 2039 m.
285 2007 419 2045 eisdem,
438 2018 495 2048 pro
510 2009 642 2039 ecclesia
658 2010 765 2040 Sancti
780 2010 909 2040 ‘Nicolai
925 2011 962 2040 de
982 2011 1096 2042 Sancto

86 2061 214 2092 Victore
231 2065 336 2092 terrae
351 2063 539 2092 monasterii
555 2063 750 2093 CasinensiS.
769 2064 840 2093 Dat.
857 2064 940 2102 apud
960 2064 1094 2094 Urbem·

85 2119 236 2151 veterem,
254 2125 276 2145 11
295 2115 449 2146 kalendas
468 2117 670 2155 septembris,
688 2125 774 2147 anno
794 2118 883 2147 tertio
900 2117 1014 2156 (Ibat).

159 2261 273 2291 2691

124 2322 312 2358 Privilegium
329 2323 552 2358 jurisdictionis.
570 2324 653 2358 (Rae.
672 2325 720 2360 45,
740 2333 765 2352 c.
786 2326 844 2359 179,
862 2325 880 2352 f.
899 2326 929 2352 31
948 2326 1000 2358 v0.)

466 2262 826 2297 Sainte-Marie-MaJeure,
844 2264 858 2289 4
875 2263 930 2289 mai
950 2262 1025 2290 1290.

130 2412 291 2450 Philippo,
311 2415 446 2452 episcopo
471 2414 668 2450 Tridentino,
685 2413 833 2452 indulget
850 2418 884 2443 ut
903 2418 990 2444 extra
1011 2414 1097 2444 dioe-

93 2465 189 2495 cesim
205 2465 428 2496 Tridentinam
446 2475 502 2505 per
516 2466 637 2496 litteras
656 2466 740 2497 sedis
758 2467 945 2506 apostolicae
964 2471 994 2496 et
1010 2467 1098 2505 lega-

95 2521 197 2548 torum
220 2519 289 2557 ejus
308 2519 391 2549 ultra
411 2519 529 2549 dietam
549 2528 649 2549 unam
674 2520 707 2549 in
723 2520 883 2559 judicium
899 2520 1022 2550 evocari
1038 2529 1097 2550 ne-

93 2576 197 2610 queat.
223 2572 449 2602 Praesentibus
472 2577 541 2612 post
563 2573 827 2612 quinquennium
853 2582 917 2604 non
940 2573 1096 2603 valituris.

135 2636 150 2653 «
167 2625 317 2656 Volentes
335 2631 386 2656 tue
403 2627 608 2665 providere...
628 2645 666 2649 —
686 2628 756 2658 Dat.
774 2628 886 2663 Rome,
903 2627 987 2666 apud
1004 2628 1099 2657 Sanc-

94 2681 158 2709 tam
174 2679 310 2709 Mariam
325 2680 493 2719 Maiorem,
510 2690 556 2710 1111
572 2689 673 2710 nonas
689 2682 807 2718 martii,
825 2689 910 2711 anno
927 2681 1025 2710 tertio.
1042 2692 1057 2708 ι)

163 2837 280 2868 8692

128 2898 261 2927 Facultas
275 2900 442 2927 absolvendi
458 2901 492 2927 ab
508 2901 818 2928 excommunicationis
838 2903 990 2928 sententia.
1015 2901 1097 2932 (Rae.

95 2948 144 2984 45,
159 2956 185 2976 c.
203 2949 265 2981 180,
283 2950 303 2976 s.
321 2949 351 2977 31
368 2951 421 2983 vo.)

469 2838 828 2873 Sainte-Marie-Majeure,
847 2840 861 2865 4
878 2840 933 2866 mai
951 2839 1027 2866 1290.

134 3037 237 3068 Eidem
251 3037 434 3068 facultatem
449 3038 595 3068 concedit
612 3038 799 3068 absolvendi
818 3038 985 3068 universos
1002 3037 1098 3068 cleri-

237 3103 307 3131 Rac.
328 3103 451 3131 Nicoms
470 3103 523 3131 IV.

1165 445 1217 466 cos
1234 437 1441 466 Tridentinae
1457 438 1592 467 civitatis
1607 442 1637 467 et
1652 438 1816 473 dioecesis,
1834 439 1934 476 ipsius
1947 439 2165 476 jurisdictioni

1167 489 1336 527 subjectos,
1352 491 1407 528 qui
1420 495 1534 520 statuta
1551 499 1660 520 eorum
1677 491 1731 529 qui
1747 491 1915 529 legationis
1933 492 2036 522 officio
2052 502 2106 522 seu
2119 494 2170 531 ju-

1167 541 1351 572 risdictione
1371 543 1580 573 ecclesiastica
1598 545 1630 573 in
1648 544 1712 573 illis
1728 545 1869 582 partibus
1886 545 2040 575 hactenus
2056 546 2168 584 funge-

1167 595 1284 624 bantur
1300 600 1353 624 aut
1370 597 1622 634 patriarcharum
1640 597 1918 635 Aquilegeusiumv
1938 598 1997 628 loci
2015 604 2169 637 metropo-

1168 647 1353 685 litanorum,
1364 658 1417 678 seu
1426 650 1688 679 Tridentinorum
1697 651 1915 689 episcoporum
1924 661 1986 681 non
1995 657 2168 690 servantes,

1168 701 1247 730 latas
1270 707 1379 731 contra
1403 703 1479 731 tales
1501 704 1857 740 excommunicationis,
1881 706 2100 743 suspensionis
2122 705 2171 735 vel

1168 755 1331 785 interdicti
1361 757 1536 785 sententias
1558 758 1783 789 incurrerunt:
1814 762 1843 787 et
1869 758 2075 796 dispensandi
2098 768 2171 789 cum

1171 809 1215 837 eis
1233 809 1299 847 qui,
1320 809 1517 839 absolutione
1540 818 1603 838 non
1623 810 1767 847 obtenta,
1786 820 1840 848 per
1860 811 2097 850 simplicitatem
2124 812 2173 841 vel

1169 862 1403 899 ignorantiam,
1420 863 1530 891 divina
1553 861 1754 891 celebrarunt
1777 863 1827 892 vel
1851 873 1882 892 se
1904 864 2047 893 fecerunt
2068 865 2106 893 ad
2123 873 2173 894 sa-

1170 923 1239 944 cros
1277 915 1405 944 ordines
1443 915 1623 953 promoveri
1638 940 1643 949 ,
1678 924 1772 953 super
1806 917 2040 953 irregularitate
2077 927 2173 956 quam

1171 967 1285 998 exinde
1298 971 1534 1003 contraxerunt,
1549 968 1697 1006 imposita
1706 969 1750 998 eis
1767 969 1961 1007 poenitentia
1971 971 2171 1008 competenti.

1213 1033 1225 1047 t<
1244 1021 1420 1051 Personam
1439 1026 1523 1050 tuam
1545 1021 1644 1052 tuis...
1661 1038 1698 1042 —
1716 1021 1786 1050 Dat.
1809 1026 1961 1060 utsupra.
1982 1034 1994 1048 ³>

1243 1193 1495 1224 2393-2835
1534 1193 1890 1227 Sainte—Marie-Majeurey
1912 1195 1940 1220 15
1957 1195 2010 1220 mai
2030 1195 2104 1222 1290.

1207 1255 1240 1282 P.
1260 1255 1430 1290 Anagninae
1446 1256 1586 1281 ecclesiae
1601 1256 1756 1291 episcopus
1779 1257 1951 1291 praeficitur.
1972 1257 2054 1289 (Rae.
2079 1257 2129 1289 45,
2150 1266 2175 1284 c.

1172 1305 1236 1338 181,
1254 1306 1274 1331 f.
1291 1305 1320 1331 31
1338 1308 1389 1336 vo.)

1220 1408 1388 1437 Venerabili
1407 1409 1503 1443 fralri
1524 1408 1570 1443 P„
1594 1408 1727 1444 episcopo
1743 1409 1913 1444 Anaqnino.
1934 1408 2072 1437 Vacante
2089 1410 2175 1438 Ana-

1173 1462 1272 1499 gnina
1282 1460 1413 1490 ecclesia
1422 1469 1477 1499 per
1487 1460 1726 1489 translationem
1740 1461 1777 1490 G.
1792 1461 1830 1489 ad
1840 1460 2042 1499 Spoletanam
2056 1461 2175 1497 sedem,

1173 1513 1349 1552 capitulum
1391 1513 1614 1549 Anagninum,
1638 1514 1689 1542 cui
1714 1522 1808 1551 papa,
1838 1514 1877 1542 ad
1904 1523 1998 1552 quem
2027 1513 2177 1543 ecclesiae

1173 1567 1366 1605 Anagninae
1384 1567 1521 1605 provisio
1538 1569 1612 1595 tuuc
1628 1566 1845 1604 principaliter
1866 1567 2053 1604 pertinebat,
2073 1566 2174 1596 facul—

1175 1625 1271 1651 tatem
1294 1620 1434 1657 eligendi
1453 1620 1589 1658 episcopi
1608 1623 1817 1655 concesserat,
1839 1620 1886 1655 P„
1911 1624 1984 1650 tunc
2002 1620 2175 1657 Signinum

1175 1675 1369 1713 episcopum,
1383 1673 1581 1703 concorditer
1595 1673 1778 1712 postulavit,
1791 1678 1818 1702 et
1833 1673 1916 1702 hanc
1932 1673 2177 1711 postulationem

1174 1737 1229 1767 per
1254 1727 1441 1757 Landonem
1461 1727 1498 1756 de
1524 1726 1612 1756 Valle
1629 1727 1804 1763 Montonis,
1831 1726 2032 1765 capellanum
2057 1726 2177 1756 summi

1175 1781 1345 1821 pontificis,
1360 1785 1390 1810 et
1406 1781 1602 1810 Matthaeum
1619 1780 1657 1810 de
1674 1780 2013 1818 Anagnia,canonicos
2029 1779 2179 1809 ecclesiae

1177 1835 1385 1873 Anagninae,
1410 1834 1478 1863 sedi
1503 1833 1694 1872 apostolicae
1719 1833 1944 1872 praesentavit.
1965 1833 2054 1862 Hanc
2076 1837 2181 1871 postu-

1176 1889 1330 1918 lationem
1356 1897 1436 1926 papa
1463 1887 1577 1926 accipit
1598 1891 1629 1917 et
1653 1887 1689 1916 P.
1718 1895 1736 1916 a
1760 1887 1896 1924 Signina
1919 1887 1951 1915 in
1975 1886 2182 1923 Anagninam

1177 1941 1346 1972 ecclesiam
1361 1941 1521 1970 transfert.

1218 2004 1233 2024 ‹
1252 1995 1349 2028 ‚Inter
1370 1994 1458 2024 varia
1484 1995 1759 2031 innumeraque...
1785 2009 1825 2015 —
1850 1993 1920 2021 Dat.
1950 1993 2070 2026 Rome,
2100 1991 2182 2030 apud

1178 2048 1328 2077 Sanctam
1345 2048 1479 2076 Mariam
1497 2047 1657 2085 Majorem,
1675 2046 1781 2075 idibus
1797 2046 1885 2081 maii,
1904 2054 1989 2075 anno
2007 2045 2107 2075 tertio.
2127 2056 2140 2071 ³>

1218 2103 1257 2131 In
1274 2111 1302 2131 e.
1322 2110 1364 2130 m.
1383 2100 1522 2140 capitulo
1540 2099 1692 2130 ecclesiae
1713 2100 1904 2137 Anagninae.
1923 2099 2052 2128 mandat
2071 2102 2182 2136 quate-

1179 2164 1240 2185 nus
1256 2154 1414 2193 praedicto
1434 2155 1468 2183 P.
1488 2153 1628 2183 debitam
1644 2153 1860 2183 obedientiam
1878 2153 2034 2191 praebeat.

1220 2209 1259 2238 In
1275 2218 1303 2238 e.
1320 2217 1363 2237 m.
1383 2207 1467 2237 clero
1483 2207 1621 2237 civitatis
1637 2211 1667 2236 et
1684 2206 1838 2236 dioecesis
1854 2205 2056 2243 Anagninae.

1251 2394 1367 2422 2696

1216 2456 1258 2482 De
1274 2463 1393 2482 numero
1408 2455 1577 2481 clericorum
1593 2455 1621 2480 in
1639 2453 1760 2480 ecclesia
1776 2453 1896 2479 Sanctae
1912 2453 2017 2479 Mariae
2028 2452 2062 2478 de
2078 2451 2183 2486 Camp-

1180 2505 1294 2533 soribus
1309 2504 1343 2530 de
1359 2503 1437 2531 Urbe
1454 2503 1604 2529 servande.
1623 2502 1706 2536 (Rau.
1723 2502 1766 2535 45,
1784 2510 1809 2528 c.
1832 2502 1897 2532 18⁶2,
1917 2502 1935 2527 ἰ.
1953 2502 1981 2528 31
2000 2502 2050 2533 v0.)

1560 2390 1913 2425 Salute-Marie-Majeure,
1931 2391 1945 2417 7
1963 2390 2017 2415 mai
2035 2389 2111 2416 1290.

1221 2631 1241 2638 ..
1258 2607 1367 2636 rectori
1382 2611 1408 2634 et
1423 2603 1527 2634 clerico
1542 2604 1648 2633 Sancte
1662 2605 1756 2632 „Uar-ie
1772 2604 1804 2632 de
1823 2597 2034 2640 &rumoribus
2046 2603 2079 2631 cle
2097 2602 2180 2631 Urbe.

1180 2661 1231 2691 Ad
1246 2659 1434 2690 relationem
1455 2680 1474 2687 ..
1496 2658 1632 2697 episcopi
1649 2657 1758 2689 Esini.
1777 2656 1888 2686 vicarii
1911 2665 2007 2694 papae
2023 2655 2057 2684 in
2076 2655 2181 2691 Urbe,

1180 2714 1287 2744 statuit
1304 2718 1337 2742 ut
1352 2712 1414 2741 duo
1429 2711 1593 2740 dumtaxat
1609 2710 1744 2746 clericis,
1763 2714 1884 2739 rectore
1897 2711 2086 2747 computato,
2105 2717 2183 2746 quo-

1180 2776 1252 2797 rum
1267 2765 1346 2795 alter
1361 2765 1394 2793 iu
1420 2763 1622 2798 sacerdotali,
1646 2762 1726 2791 alter
1740 2763 1773 2791 111
1793 2762 2037 2791 subdiaconatus
2055 2761 2182 2791 ordini-

1180 2821 1240 2850 bus
1256 2820 1330 2855 sint‚
1349 2818 1383 2847 iu
1401 2816 1530 2846 ecclesia
1550 2815 1682 2845 Sanctae
1700 2815 1817 2844 Mariae
1838 2816 1875 2844 de
1892 2814 2119 2853 Campsoribus
2144 2815 2183 2845 de

1180 2873 1279 2907 Urbe,
1298 2872 1390 2909 cujus
1405 2869 1568 2899 facultates
1582 2868 1692 2898 ten'ues
1709 2873 1794 2905 sunt,
1810 2868 1969 2906 perpetuis
1986 2868 2183 2906 temporibus

1181 2929 1358 2956 serventur.

1221 2990 1236 3006 «
1258 2977 1472 3008 Ecclesiarum
1490 2975 1679 3005 utilitatibus
1695 2979 1807 3005 tunc...
1824 2990 1862 2996 —
1876 2974 1947 3004 Dat.
1966 2974 2077 3011 Rome,
2094 2974 2179 3014 apud

1181 3032 1330 3062 Sanctam
1347 3030 1482 3060 Mariam
1498 3029 1663 3067 Majorem,
1681 3028 1777 3058 nonis
1793 3028 1881 3065 maii,
1900 3036 1985 3057 anno
2004 3028 2104 3058 tertio.
2129 3040 2141 3054 »ι

1993 3095 2024 3121 57
