2342 3652
932 387 1157 426 DEUXIEME
1179 387 1334 426 ANNE'E.
2111 402 2168 432 397

89 463 270 503 postposita,
282 462 503 501 compescendi
520 461 645 500 plenam
657 466 685 491 et
700 462 832 491 liberam
849 462 963 492 harum
981 467 1089 492 tenore

89 516 291 547 concedimus
315 519 511 553 potestatem.
533 515 605 543 Dat.
628 515 743 549 Reate,
769 525 809 544 xv
828 515 980 544 kalendas
1005 519 1087 544 octo-

89 570 164 605 bris,
180 576 266 598 anno
282 567 431 598 secundo.
452 581 464 592 »

157 761 271 791 2253

123 823 164 850 De
175 823 295 858 pecunia
306 821 341 848 ad
353 821 514 848 subsidium
527 821 631 847 Terrae
640 820 761 848 Sanctae
771 822 939 855 colligenda.
949 821 1032 854 (Risu.
1043 822 1086 852 44,

75 868 113 900 ὀ.
128 871 171 903 67,
186 871 204 898 f.
223 871 271 898 317
288 871 335 905 ro.)

600 760 690 790 Rieti,
713 761 741 786 17
758 761 920 794 septembre
940 760 1015 787 1289.

131 985 352 1016 Venerabilibus
365 986 515 1022 fratribus
531 1007 551 1014 ..
567 986 744 1023 patriarche
761 986 1006 1014 Jerosolimz‘zano
1022 991 1047 1014 et
1067 1009 1085 1013 ,.

89 1040 273 1078 Tripolitana
290 1041 433 1077 episcopo.
457 1050 469 1065 ι
487 1038 693 1068 Intendentes
711 1038 843 1068 sollicite
859 1040 897 1068 ad
919 1038 1086 1076 promotio-

85 1101 159 1124 nem
179 1092 297 1131 negotii
312 1092 409 1122 Terre
433 1092 546 1122 Sancte
561 1100 597 1121 ac
612 1096 759 1129 gerentes
775 1091 813 1121 de
829 1097 930 1121 vestre
947 1091 1086 1130 probita-

85 1147 126 1176 tis
138 1145 296 1176 industria
311 1145 462 1175 fiduciam
481 1145 515 1174 in
531 1145 672 1175 Domino
687 1144 869 1183 spetialem,
892 1145 979 1174 vobis
995 1144 1086 1174 colli-

84 1199 178 1239 gendi
201 1203 231 1229 et
251 1198 417 1236 exigendi,
440 1207 496 1237 per
517 1207 572 1228 vos
595 1197 644 1227 vel
667 1207 721 1236 per
742 1198 842 1228 alium
863 1207 917 1228 seu
941 1197 1040 1234 alios,
1068 1207 1086 1227 a

85 1252 302 1284 collectoribus
319 1261 337 1281 a
353 1252 426 1281 sede
441 1251 611 1290 apostolica
622 1252 789 1290 deputatis,
803 1260 926 1281 necnon
945 1256 974 1280 et
985 1261 1002 1280 a
1013 1260 1085 1290 per-

84 1307 170 1338 sonis
182 1306 254 1336 aliis
269 1305 464 1344 quibuslibet
479 1305 637 1335 decimam
651 1305 747 1335 Terre
763 1304 878 1335 Sancte
894 1305 1036 1335 subsidio
1050 1306 1084 1334 in

84 1359 348 1397 terrislegationis
359 1364 420 1395 tue,
432 1362 520 1397 pater
528 1358 716 1397 patriarcha,
729 1359 879 1396 subjectis
888 1368 1083 1395 concessam,

83 1422 118 1444 ac
141 1413 237 1444 etiam
254 1412 374 1450 legata,
397 1412 506 1442 relicta
528 1417 559 1442 et
575 1412 637 1442 alia
655 1412 796 1451 quelibet
814 1412 917 1442 eidem
938 1412 1085 1450 deputata

83 1466 226 1498 subsidio
244 1475 280 1496 ac
296 1466 532 1505 redemptiones
550 1471 693 1496 votorum
717 1465 858 1504 aliasque
879 1466 1085 1496 obventiones

83 1529 296 1561 quascumque
311 1520 350 1550 ad
368 1520 455 1549 idem
471 1519 653 1550 subsidium
667 1519 905 1558 quomodolibet
924 1520 1084 1558 pertinen-

84 1578 146 1611 tes,
167 1581 293 1603 necnon
318 1577 348 1603 et
372 1573 540 1603 duodecim
562 1572 652 1602 milia
678 1573 835 1602 librarum
859 1574 1083 1603 turonensium

81 1635 251 1667 parvorum
264 1651 271 1663 ,
287 1635 349 1665 que
364 1626 467 1656 felicis
484 1626 709 1657 recordationis
721 1626 882 1657 Adrianus
898 1635 994 1665 papa,
1014 1636 1083 1665 pre-

83 1681 225 1712 decessor
239 1685 360 1717 noster,
376 1680 417 1710 ad
434 1680 531 1710 Terre
547 1680 661 1710 Sancte
678 1680 860 1710 subsidium
871 1702 879 1715 ‚
900 1679 976 1710 dum
995 1681 1083 1710 vive-

48 1753 52 1759 ·
83 1739 146 1771 ret,
168 1733 351 1772 deputavit,
378 1738 408 1763 et
429 1733 568 1763 faciendi
591 1733 686 1763 etiam
705 1737 813 1763 nostro
836 1737 866 1762 et
886 1732 1016 1762 ecclesie
1034 1741 1083 1762 ro-

82 1797 176 1818 mane
193 1788 325 1818 nomine
344 1787 554 1826 quitationem
576 1791 606 1817 et
627 1787 860 1825 reputationem
882 1786 921 1816 de
939 1787 1002 1816 hiis
1023 1795 1084 1824 que

81 1842 167 1873 vobis
192 1841 232 1872 de
258 1841 382 1871 decima
407 1845 437 1871 et
462 1841 534 1871 aliis
561 1840 751 1880 supradictis
779 1841 939 1878 assignata
962 1840 1084 1870 suerint

78 1895 129 1926 rel
146 1895 266 1931 soluta,
288 1903 388 1934 eaque
413 1895 553 1933 predicto
572 1895 706 1925 nomine
730 1894 912 1933 deponendi
928 1895 961 1923 111
978 1894 1084 1933 aliquo

78 1949 128 1980 vel
152 1949 317 1987 aliquibus
345 1949 420 1978 tutis
443 1948 539 1985 locis,
564 1953 594 1977 et
621 1948 867 1978 contradictores
889 1956 926 1977 ac
950 1947 1084 1977 rebelles

78 2002 234 2041 quoslibet
265 2011 319 2040 per
345 2010 515 2032 censuram
543 2002 788 2032 ecclesiasticam
819 2006 849 2031 et
877 2001 956 2031 alias
987 2001 1084 2031 etiam

78 2055 285 2095 spiritualiter
306 2060 336 2085 et
361 2054 596 2094 temporaliter,
620 2059 715 2094 prout
737 2055 886 2094 expedire
915 2055 1079 2091 videritis,

79 2108 290 2148 compellendi
313 2108 441 2147 plenam
467 2113 497 2138 et
518 2108 655 2138 liberam
677 2110 864 2138 auctoritate
884 2108 1085 2147 presentium

80 2163 283 2193 concedimus
307 2161 507 2199 facultatem,
537 2162 624 2192 vobis
650 2166 680 2192 et
699 2162 831 2192 cuilibet
852 2167 993 2192 vestrum
1019 2162 1085 2191 dis-

44 2216 47 2218 ’
81 2215 202 2246 trictius
221 2216 406 2246 inhibentes
429 2224 469 2245 ne
488 2216 662 2254 predictam
682 2216 851 2255 pecuniam
871 2216 920 2245 vel
943 2215 1086 2254 aliquam
1117 2231 1120 2233 -

48 2278 51 2282 ⁸
81 2269 149 2309 ejus
164 2273 296 2308 partem,
315 2269 379 2299 nisi
390 2278 445 2308 pro
459 2269 604 2308 ejusdem
620 2270 717 2299 Terre
733 2269 847 2300 Sancte
862 2269 999 2307 negotio,
1015 2278 1086 2299 sua-

82 2322 175 2352 dente
194 2327 301 2353 tamen
324 2323 466 2361 urgentis
491 2322 690 2353 necessitatis
709 2323 858 2358 articulo,
887 2322 1084 2361 expendatis.

82 2375 238 2406 Volumus
250 2381 357 2406 autem
367 2376 452 2415 quod
463 2376 555 2406 nobis
568 2376 616 2406 vel
627 2376 796 2415 apostolice
805 2376 871 2406 sedi
884 2376 971 2414 quid,
983 2384 1085 2414 quan-

57 2467 59 2470 ,
83 2434 166 2467 tum,
188 2430 316 2469 quando
343 2435 374 2460 et
398 2430 452 2460 ubi
480 2431 663 2469 receperitis
685 2430 724 2460 de
746 2431 894 2470 predictis
921 2438 957 2459 ac
981 2429 1087 2459 locum

53 2495 62 2503 ·
84 2492 138 2514 seu
160 2483 228 2514 loca
249 2484 456 2523 depositionis
474 2484 660 2523 hujusmodi
680 2487 712 2513 et
725 2488 883 2523 quantum
904 2491 959 2522 pro
976 2482 1087 2513 eodem

84 2537 220 2576 negotio,
238 2537 265 2567 si
279 2537 466 2576 hujusmodi
482 2538 704 2567 necessitatem
718 2537 888 2566 imminere
906 2536 1084 2574 contigerit,

85 2599 257 2630 expensum
279 2591 391 2627 fuerit,
415 2600 471 2630 per
486 2595 605 2621 vestras
621 2590 743 2621 litteras
762 2590 875 2629 plene,
897 2590 1039 2619 seriatim
1058 2592 1089 2618 et

85 2642 230 2674 distincte
246 2643 398 2673 intimare
413 2644 542 2674 curetis.
564 2644 637 2674 Non
655 2644 801 2674 obstante
816 2644 842 2673 si
859 2643 1002 2682 personis
1026 2641 1088 2671 ali-

85 2696 215 2735 quibus,
239 2697 470 2736 cujuscumque
491 2697 674 2735 dignitatis,
701 2701 800 2726 status
819 2701 874 2726 aut
896 2695 1089 2726 conditionis

85 2749 235 2786 existant,
251 2759 270 2780 a
287 2751 360 2781 sede
378 2751 420 2780 sit
434 2751 596 2781 indultum
612 2751 723 2781 eadem
736 2750 822 2789 quod
838 2749 999 2787 interdici,
1019 2758 1086 2779 sus-

86 2803 182 2841 pendi
207 2803 256 2835 vel
277 2804 548 2835 excommunicari
566 2813 632 2835 non
655 2805 774 2844 possint
792 2813 847 2843 per
863 2804 983 2833 litteras
998 2812 1088 2842 apos-

88 2855 193 2887 mlicas
214 2865 278 2888 non
302 2858 453 2888 facientes
471 2858 618 2897 plenam,
636 2863 774 2894 certam,
792 2857 1035 2887 determinatam
1061 2860 1090 2886 et

89 2917 267 2948 expressam
287 2911 326 2941 de
345 2911 470 2942 indulto
490 2911 675 2951 hujusmodi
698 2911 914 2947 mentionem,
938 2914 968 2940 et
986 2909 1089 2949 quali-

88 2962 140 2993 bet
153 2963 217 2994 alia
231 2964 333 3002 ipsius
349 2965 432 2995 sedis
444 2965 648 3004 indulgentia
659 2964 801 3003 generali
818 2964 868 2994 vel
883 2964 1018 3003 spetiali,
1036 2972 1089 2993 cu-

87 3015 278 3056 juscumque
303 3019 422 3049 tenoris
447 3018 496 3049 vel
524 3018 736 3058 expressionis
761 3018 889 3054 existat,
915 3025 970 3056 per
993 3024 1090 3055 quam

91 3071 288 3108 presentibus
314 3080 379 3102 non
403 3080 583 3111 expressam
607 3071 656 3101 vel
681 3070 816 3101 totaliter
845 3078 908 3100 non
938 3069 1089 3099 insertam

1169 461 1299 491 effectus
1315 471 1423 492 earum
1439 464 1588 502 impediri
1606 465 1706 494 valeat
1721 465 1955 504 quomodolibet
1970 466 2019 496 vel
2033 467 2165 498 differri.

1170 514 1259 550 Quod
1279 515 1303 543 si
1323 524 1385 544 11011
1403 517 1494 546 ambo
1512 517 1575 546 hiis
1595 519 1787 557 exequendis
1810 519 1974 557 potueritis
1996 520 2167 558 interesse,

1169 567 1248 596 alter
1272 573 1410 597 vestrum
1430 579 1465 599 ea
1490 571 1721 601 nichilominus
1743 577 1926 610 exequatur.
1955 573 2023 602 Dat.
2050 574 2166 610 Reate,

1170 629 1209 649 xv
1224 620 1376 651 kalendas
1392 623 1543 658 octobris,
1561 633 1646 654 anno
1665 625 1814 655 secundo.
1833 637 1846 651 ι)

1240 792 1356 820 2280

1204 852 1247 879 De
1261 838 1364 880 Terrae
1376 854 1497 881 Sanctae
1510 858 1634 889 negotio.
1648 857 1730 890 (Rau,
1744 858 1786 890 44,
1799 866 1824 884 c.
1838 859 1880 889 68,
1893 859 1912 886 f.
1926 860 1974 886 317
1987 867 2033 892 νος
2050 860 2168 891 Pori-n„

1169 902 1278 935 23110.)

1429 793 1784 829 Sainte-Marie—Majeure,
1804 797 1835 823 ¹0
1849 798 2002 824 novembre
2020 798 2097 825 1289.

1211 1005 1374 1033 Carissimo
1392 1007 1424 1034 in
1438 1005 1555 1034 Christo
1568 1006 1632 1042 filio
1644 1007 1690 1041 E„
1703 1009 1769 1043 regis
1781 1008 1887 1044 Anqlie
1900 1009 2026 1044 illustri,
2044 1008 2082 1038 de
2093 1010 2169 1040 Ter-

1167 1065 1221 1086 rae
1237 1058 1371 1087 Sanctae
1386 1058 1513 1095 negotio
1525 1067 1579 1096 per
1594 1058 1805 1088 Guillelmum
1821 1059 1858 1089 de
1875 1060 2009 1091 Houdon
2024 1086 2029 1097 ,
2047 1063 2170 1094 ordinis

1168 1111 1436 1148 praedicatorum,
1456 1111 1579 1149 regium
1596 1113 1765 1148 nuntium,
1782 1114 1966 1151 responden
1982 1116 2125 1153 queritur
2136 1117 2169 1146 in

1166 1157 1285 1194 Anglia
1302 1158 1455 1187 committi
1471 1158 1626 1197 quaedam
1643 1167 1723 1197 quae
1737 1158 1915 1189 libertatem
1927 1160 2170 1192 ecclesiasticam

1168 1211 1368 1247 subvertunt,
1391 1220 1486 1249 super
1507 1211 1624 1250 quibus
1639 1211 1718 1241 alias
1742 1211 1862 1242 litteras
1881 1217 1910 1242 et
1932 1214 2083 1243 nuntium
2099 1224 2170 1253 spe-

1168 1264 1283 1294 cialem
1302 1265 1332 1294 ei
1349 1264 1463 1293 mittet.

1210 1330 1223 1345 «
1242 1318 1372 1348 Sincere
1388 1318 1528 1347 caritatis
1542 1319 1704 1348 affectio...
1721 1336 1758 1340 --
1770 1319 1840 1349 Dat.
1856 1320 1968 1357 Rome,
1981 1321 2063 1359 apud
2074 1321 2170 1351 Sanc-

1169 1376 1231 1400 tam
1255 1371 1389 1401 Mariam
1412 1372 1582 1410 Maj0rem‚
1608 1381 1656 1401 1111
1681 1372 1752 1402 idus
1779 1373 1980 1409 novembris,
2009 1383 2094 1404 anno
2121 1383 2170 1404 se-

1166 1425 1282 1454 cundo.
1305 1438 1316 1450 »

1236 1584 1349 1612 2261

1201 1645 1264 1677 W.,
1278 1645 1494 1673 Cameracensis
1510 1647 1675 1682 episcopus,
1688 1648 1722 1673 ob
1740 1647 1888 1674 violentias
1902 1649 1930 1674 in
1947 1648 2073 1682 legatum
2086 1656 2168 1683 apos-

1166 1696 1266 1722 tolicae
1282 1695 1360 1723 sedis
1381 1697 1489 1727 illatas,
1507 1705 1603 1723 coram
1627 1696 1695 1723 sede
1717 1697 1873 1731 apostolica
1888 1698 2002 1724 citatur.
2019 1697 2101 1731 (Res.
2119 1698 2167 1732 44,

1165 1753 1191 1772 e.
1208 1745 1256 1779 69,
1272 1745 1292 1771 f.
1310 1745 1359 1772 317
1377 1746 1430 1777 vu.)

1481 1584 1837 1619 Sainte-Marie-MaJ‘eure,
1854 1586 1868 1612 7
1887 1586 2002 1612 octobre
2020 1585 2096 1614 1289.

1214 1841 1434 1870 Venerabilibus
1459 1842 1612 1877 fratribus
1638 1865 1657 1871 ..
1687 1841 1906 1880 archiepiscopo
1931 1843 2064 1872 Remensi
2090 1847 2116 1871 et
2149 1864 2168 1872 ..

1166 1896 1299 1932 episcopo
1322 1895 1531 1923 Noviomenszss.
1562 1906 1575 1920 ιι
1600 1894 1729 1924 Dudum
1755 1894 1795 1924 ad
1814 1894 2012 1924 audientiam
2030 1900 2171 1925 nostram

1165 1955 1232 1977 non
1249 1947 1359 1976 minus
1375 1947 1590 1976 amaritudine
1606 1956 1704 1985 quam
1721 1947 1931 1977 admiratione
1947 1948 2101 1986 stupenda
2114 1958 2168 1978 ve-

1167 2001 1321 2030 nerabilis
1346 2001 1451 2030 fratris
1475 2000 1577 2030 nostri
1606 2000 1784 2036 Johannis,
1814 2001 1952 2040 episcopi
1979 2001 2168 2038 Tusculani,

1167 2054 1322 2084 relatione
1338 2054 1488 2092 perducto
1503 2054 1587 2092 quod
1602 2054 1795 2084 venerabilis
1806 2054 1902 2084 frater
1915 2059 2022 2084 noster
2039 2055 2104 2092 W.,
2117 2055 2171 2084 Ca-

1166 2108 1361 2137 meracensis
1385 2108 1565 2146 episcopm,
1593 2108 1762 2146 postposito
1786 2108 1890 2138 debite
1910 2108 2172 2138 considerationis

1163 2161 1306 2200 judicio,
1325 2170 1388 2190 non
1404 2161 1572 2190 attendens
1586 2161 1669 2200 quod
1688 2161 1797 2190 fratres
1814 2161 1914 2191 nostri
1930 2161 2106 2190 cardinales
2121 2170 2171 2191 ec-

1167 2214 1262 2244 clesie
1274 2217 1407 2245 romane
1419 2223 1455 2244 eo
1466 2215 1644 2244 accuratius
1656 2223 1755 2253 eoque
1767 2215 1962 2244 reverentius
1975 2215 2014 2244 ab
2024 2215 2172 2245 omnibus

1167 2272 1198 2297 et
1214 2268 1381 2306 presertim
1399 2267 1606 2297 ecclesiarum
1625 2267 1754 2305 prelatis
1769 2275 1805 2297 ac
1820 2267 1894 2296 aliis
1913 2268 1988 2296 viris
2007 2267 2171 2297 ecclesias-

1169 2321 1240 2351 ticis
1256 2321 1376 2351 honore
1392 2321 1456 2350 sint
1471 2321 1619 2359 precipuo
1634 2319 1801 2350 attollendi
1818 2324 1848 2349 et
1863 2321 2061 2358 prerogativa
2077 2321 2171 2350 110110-

1168 2374 1325 2404 rificentie
1342 2373 1524 2412 preferendi
1543 2382 1605 2412 quo
1619 2373 1697 2411 ipsi,
1717 2373 1804 2403 velut
1820 2382 1935 2411 magna
1949 2373 2122 2403 luminaria
2137 2374 2171 2402 in

1168 2428 1279 2458 eadem
1295 2427 1425 2457 ecclesia
1442 2426 1674 2465 prefulgeutes,
1700 2426 1885 2464 vigilantius
1905 2427 1997 2456 nobis
2020 2427 2171 2456 assistunt

1167 2482 1202 2511 in
1218 2480 1440 2520 supportandis
1456 2480 1607 2510 oneribus
1625 2479 1793 2518 apostolice
1811 2480 1983 2516 servitutis,
2005 2489 2061 2509 nec
2079 2488 2172 2518 super

1169 2535 1228 2565 hoc
1244 2534 1416 2571 fatigantur
1431 2533 1570 2570 vigiliis,
1587 2532 1747 2562 laboribus
1765 2541 1828 2562 11011
1844 2533 1990 2562 laxantur
2004 2557 2009 2568 ,
2027 2533 2172 2571 quodque

1169 2587 1259 2617 sedes
1275 2585 1444 2625 apostolica
1456 2608 1465 2622 ,
1487 2585 1566 2615 sicut
1583 2585 1790 2615 vehementer
1807 2586 1841 2628 in
1859 2594 1968 2614 eorum
1986 2585 2086 2623 gloria
2103 2584 2172 2623 glo-

1169 2641 1291 2676 riatur,
1316 2640 1359 2669 ita
1384 2638 1606 2668 vehementius
1634 2638 1815 2676 percellitur
1840 2638 1956 2668 doloris
1974 2638 2083 2668 aculeo
2098 2647 2172 2676 gra-

1170 2694 1269 2724 vioris
1287 2701 1361 2723 cum
1380 2691 1516 2730 alicujus
1541 2692 1703 2721 temeritas
1722 2691 1757 2720 in
1781 2700 1833 2721 eos
1854 2691 1987 2721 assumit
2008 2691 2171 2721 audaciam

1171 2745 1399 2784 delinquendi,
1419 2745 1453 2773 in
1479 2744 1601 2774 dictum
1625 2744 1805 2782 episcopum
1829 2743 2066 2780 Tusculanum,
2084 2753 2173 2782 mag-

1170 2808 1249 2829 num
1265 2798 1395 2837 quidem
1417 2797 1561 2835 ejusdem
1585 2795 1716 2826 ecclesie
1742 2796 1937 2833 membrum,
1962 2801 2036 2826 tunc
2057 2796 2091 2826 in
2109 2796 2174 2827 illis

1170 2852 1312 2891 partibus
1326 2849 1494 2889 apostolice
1510 2849 1593 2879 sedis
1606 2849 1759 2887 legatum,
1776 2848 1914 2879 nobilem
1929 2857 2054 2888 quoque
2068 2850 2172 2880 virum

1171 2905 1351 2942 Nicolaum,
1368 2905 1506 2939 fratrem,
1524 2902 1723 2933 Nicolutium
1740 2907 1770 2932 et
1785 2902 2009 2940 Andreotium,
2027 2907 2168 2941 nepotes,

1169 2964 1199 2989 et
1225 2959 1304 2988 alios
1331 2957 1504 2987 familiares
1530 2965 1617 2993 suos,
1640 2961 1714 2986 tunc
1739 2956 1773 2985 in
1797 2955 1924 2986 civitate
1948 2955 2170 2986 Cameracensi

1170 3012 1372 3047 constitutos,
1388 3010 1488 3040 immo
1510 3010 1544 3038 in
1565 3009 1700 3039 eandem
1717 3008 1884 3039 ecclesiam
1906 3012 1936 3038 et
1958 3017 2017 3039 nos
2041 3009 2076 3038 in
2095 3009 2173 3048 ipsis

1171 3065 1272 3104 potius
1290 3063 1414 3092 insilire
1433 3062 1572 3099 fortiter,
1589 3062 1741 3092 associata
1759 3062 1819 3091 sibi
1839 3060 2047 3092 multitudine
2068 3070 2173 3091 arma-
