2477 3637
188 346 222 375 10
931 336 1166 367 REGISTRES
1188 337 1243 366 DE
1267 337 1450 367 NICOLAS
1475 337 1528 366 lV.

256 411 314 439 50
563 439 565 441 ι
680 404 887 435 Saint-Pierre,
907 404 936 429 17
953 403 1022 429 avril
1040 402 1116 429 1‘238.

222 473 264 500 De
281 480 397 499 munere
419 470 627 497 benedictionis
647 466 836 503 impendendo
852 464 998 495 Rolando,
1022 465 1112 491 electo
1128 472 1190 490 mo-

186 522 302 550 nasterii
318 522 347 548 S.
364 521 439 547 Petri
453 521 481 546 in
493 518 578 545 Coelo
593 518 700 551 Aureo,
718 516 868 551 papiensis
878 515 1030 541 dioecesis.
1047 513 1129 546 (ΠΕΟ.
1143 513 1187 547 44,

185 580 210 599 c.
228 571 272 604 23,
290 571 307 597 s.
325 571 338 596 Τ
357 572 405 599 νο.)

233 678 397 708 Venerabili
409 677 502 713 fratri
519 698 537 704 ..
553 677 685 712 episcopo
696 674 873 704 Novar-iensi
889 672 1020 702 mandat
1033 675 1190 710 quatenus

187 731 347 767 Rolando,
367 729 464 759 electo
480 727 665 757 monasterii
682 726 714 756 S.
733 726 818 756 Petri
834 726 867 755 in
883 725 977 756 Coelo
993 726 1110 758 Aureo,
1131 724 1190 753 Pa-

185 785 305 824 piensis
317 783 486 817 dioecesis,
501 782 549 820 cuj
556 790 592 811 us
603 780 791 811 electionem
808 802 828 809 ..
848 779 1044 819 praepositus
1056 778 1190 808 Sanctae

185 837 343 876 Agatbae.
361 835 485 865 Florius
500 834 539 864 de
558 833 712 870 Douaria,
737 831 904 862 Michaelis
919 831 957 861 de
971 831 1121 868 Summo,
1138 839 1188 860 ca-

185 890 293 920 nonici
321 888 471 919 ecclesiae
496 887 720 917 Cremonensis
737 910 744 922 ,
769 885 994 915 examinarunt
1018 888 1048 914 et
1072 883 1189 914 confir-

185 946 314 973 marunt
328 965 334 978 ‚
354 941 586 972 benedictionis
601 948 720 969 munus
735 938 908 978 impendat.

227 1008 240 1022 «
263 996 305 1025 Ex
323 999 408 1034 parte
425 993 570 1023 dilecti...
589 1011 627 1015 —
653 993 724 1022 Dat.
745 992 864 1029 Rome,
881 991 965 1030 apud
987 990 1018 1021 S.
1040 990 1188 1026 Petrum,

185 1058 225 1078 xv
240 1047 392 1078 kalendas
411 1047 506 1084 maii,
523 1054 608 1076 anno
626 1046 738 1085 primo.
756 1058 768 1071 n

256 1221 386 1249 51-52
696 1217 905 1248 Saint-Pierre,
924 1217 939 1243 9
954 1215 1023 1242 avril
1042 1215 1118 1242 1288.

222 1283 385 1310 Ber-nardus
414 1282 577 1317 praeficitur
606 1282 634 1307 in
661 1281 855 1315 praepositum
891 1278 1031 1305 ecclesiae
1069 1277 1191 1303 Sanctae

186 1333 326 1367 Agatbae.
343 1331 425 1364 (Rae.
443 1330 490 1361 44,
508 1338 534 1356 e.
551 1330 595 1360 24,
612 1329 631 1355 f.
648 1330 661 1355 7
679 1330 728 1360 vu.)

224 1440 332 1470 Dilecto
362 1440 427 1476 filio
457 1439 551 1475 fratri
579 1437 733 1466 Bernardo
764 1437 914 1475 preposito
944 1435 1061 1464 ecclesie
1084 1434 1193 1464 Sancte

184 1495 295 1533 Aqathe
317 1493 543 1527 Cremonensis,
566 1492 605 1520 ad
627 1499 790 1519 romanam
814 1490 966 1519 ecclesiam
991 1489 1077 1517 nullo
1095 1487 1192 1516 medio

181 1548 375 1586 pertinentis,
392 1546 512 1575 ordinis
527 1545 555 1574 S.
576 1545 752 1581 Auqustini.
775 1543 879 1579 Eum,
903 1547 978 1571 tunc
1001 1541 1192 1571 canonicum

184 1602 361 1641 praedictae
379 1600 539 1633 ecclesiae,
561 1599 708 1628 eidemin
727 1597 940 1636 praepositum
958 1596 1110 1635 praeficit.

224 1656 256 1685 Is
276 1659 344 1694 post
359 1658 494 1684 mortem
517 1652 684 1686 Anselmi‚
713 1651 877 1690 quondam
900 1650 1069 1689 praepositi
1092 1649 1192 1679 dictae

184 1709 351 1744 ecclesiae,
373 1707 493 1737 electus
508 1706 610 1736 fuerat
625 1714 643 1735 a
662 1704 800 1744 capitulo
819 1703 874 1734 sed
891 1705 959 1742 ejus
982 1703 1094 1733 electio
1117 1711 1192 1733 exa-

184 1763 307 1793 minata
330 1770 386 1800 per
410 1761 447 1790 Β.
467 1760 650 1798 episcopum
676 1759 901 1794 Portuensem,
925 1756 1084 1787 Comitem
1109 1755 1192 1785 tituli

185 1815 240 1846 SS.
269 1814 449 1845 Marcellini
472 1818 503 1842 et
527 1813 615 1842 Petri
639 1812 862 1851 presbyterum
878 1814 908 1840 et
929 1810 1135 1839 Benedictum
1157 1808 1189 1839 S.

185 1868 311 1899 Nicolai
331 1869 366 1897 in
389 1867 522 1897 Carcere
538 1865 688 1895 Tulliano
705 1864 876 1894 diaconum
894 1862 1088 1899 cardinales,
1114 1862 1191 1892 irri-

185 1926 247 1952 tata
262 1922 377 1951 fuerat.

229 1987 242 2002 α
258 1974 363 2005 Officii
379 1973 478 2003 nostri
493 1972 674 2002 debitum...
696 1988 735 1992 —
759 1971 829 2000 Dat.
848 1970 969 2007 Rome,
987 1969 1071 2009 apud
1092 1969 1192 2000 Sanc-

185 2033 253 2059 tum
270 2028 417 2062 Petrum.
435 2036 454 2055 v
472 2025 544 2055 idus
558 2025 686 2063 aprilis,
706 2032 792 2054 anno
807 2023 920 2062 primo.
941 2035 954 2050 »

228 2082 263 2110 [u
279 2090 306 2111 e.
332 2089 374 2110 m.
399 2079 537 2118 capitulo
555 2077 705 2108 eeclesiae
730 2077 864 2107 Sanctae
887 2077 1032 2115 Agathae
1055 2076 1192 2107 Cremo-

186 2135 295 2165 nensis
320 2133 450 2163 mandat
474 2136 631 2171 quatenus
661 2131 820 2170 praedicto
848 2130 1024 2169 praeposito
1050 2130 1192 2160 debitam

185 2187 402 2217 obedientiam
418 2186 577 2224 praebeat.
596 2185 666 2215 Dat.
687 2187 722 2214 ut
739 2192 846 2222 supra.

257 2359 314 2387 53
679 2356 887 2389 Saint—Pierre,
903 2356 935 2382 27
954 2355 1023 2382 avril
1040 2355 1120 2383 1288.

223 2422 277 2448 Pro
304 2420 480 2448 correctione
509 2423 538 2446 et
566 2419 766 2446 reformatione
795 2419 962 2445 monasterii
991 2418 1021 2444 S.
1052 2418 1129 2444 Petri
1158 2418 1193 2444 de

187 2471 296 2500 Massa.
314 2469 420 2496 Montis
437 2468 562 2495 Neronis
573 2489 580 2500 ,
597 2467 706 2494 ordinis
722 2467 752 2493 S.
771 2466 938 2498 Benedicti,
957 2465 1097 2493 Callensis
1112 2466 1192 2493 dioe-

187 2519 272 2546 cesis.
290 2518 372 2551 (Rau.
390 2518 438 2550 44,
456 2525 481 2544 c.
496 2517 540 2550 25,
558 2516 577 2542 f.
594 2518 611 2542 7
627 2517 678 2548 vo.)

229 2628 332 2657 Dilecto
348 2627 411 2664 filio
428 2649 448 2656 ..
463 2627 564 2664 priori
591 2625 771 2655 monasterii
797 2624 916 2653 Heremi
941 2624 1049 2654 Sancte
1070 2624 1191 2662 Crucis,

189 2682 290 2711 Fontis
306 2682 446 2716 Αυεῖίἱηὶ,
463 2689 516 2718 per
530 2681 664 2718 priorem
680 2679 763 2707 soliti
777 2679 956 2716 qubernari,
976 2679 1016 2708 ad
1028 2687 1194 2708 romanam

189 2737 337 2766 ecclesiam
365 2737 450 2765 nullo
476 2735 573 2764 medio
597 2735 796 2773 pertinentis,
824 2734 942 2763 ordinis
966 2734 996 2763 S.
1024 2734 1192 2771 Benedicti,

188 2788 316 2818 mandat
344 2792 501 2827 quatenus
518 2786 729 2826 personaliter
747 2786 787 2816 ad
805 2786 1036 2816 monasterium
1053 2786 1085 2817 S.
1106 2787 1195 2817 Petri

189 2841 228 2871 de
247 2841 362 2877 Massa,
385 2840 500 2870 Montis
517 2840 671 2878 Neronis,
687 2839 727 2869 ad
744 2847 910 2869 romanam
924 2839 1092 2870 ecclesiam
1105 2839 1195 2870 nullo

190 2894 295 2924 medio
314 2893 519 2932 pertinentis,
538 2893 660 2922 ordinis
678 2892 711 2922 S.
733 2892 913 2928 Benedicti,
934 2892 1092 2923 Callensis
1107 2893 1195 2924 dioe-

191 2948 288 2983 cesis,
320 2946 472 2976 accedens
494 2945 578 2975 idem
596 2945 732 2984 corrigat
746 2949 776 2975 et
794 2945 944 2975 reformet
962 2949 1026 2976 tam
1042 2946 1075 2976 in
1094 2947 1195 2985 capite

191 3009 286 3039 quam
304 3000 334 3028 in
356 2998 518 3029 membris.

1312 415 1324 429 υ
1345 403 1507 433 Habentes
1525 403 1558 432 in
1575 402 1777 432 desideriis...
1798 419 1835 424 -—
1849 403 1921 433 Dat.
1939 404 2052 439 Rome,
2068 402 2152 442 apud
2166 402 2196 433 S.
2217 402 2277 432 Pe-

1272 460 1367 491 trum,
1388 466 1407 486 v
1422 456 1577 486 kalendas
1595 455 1685 492 maii,
1702 464 1788 486 anno
1804 456 1917 495 primo.
1939 468 1950 483 ιι

1342 615 1474 643 54-59
1761 613 1974 646 Saint-Pierre,
1990 614 2024 642 23
2039 615 2109 641 avril
2128 615 2203 642 1288.

1307 677 1478 705 Franciscus
1500 678 1664 713 praeficitur
1689 678 1717 704 in
1738 677 1986 712 archiepiscopum
2008 677 2147 704 ecclesiae
2162 676 2278 704 Messa-

1271 727 1364 753 nensi.
1384 726 1464 758 (Rue.
1483 727 1514 753 44
1529 749 1534 757 ‚
1552 735 1577 753 c.
1595 727 1644 756 26,
1661 727 1679 753 f.
1698 726 1712 753 8
1728 726 1774 760 ro.)

1312 830 1420 858 Dilecto
1448 830 1512 866 filio
1540 830 1712 865 Francisco,
1739 829 1894 866 capellano
1923 833 2033 865 nostro,
2060 830 2147 857 electo
2168 828 2277 857 Messa-

1271 884 1369 912 nensi.
1387 882 1467 911 Eum
1484 882 1681 912 Messanensi
1695 881 1886 912 ecclesiaein
1894 880 2168 919 archiepiscopum
2185 888 2276 919 prae·

1272 934 1348 965 ficit.

1313 987 1453 1017 Vacante
1468 987 1637 1026 apostolica
1651 988 1724 1017 sede
1736 996 1791 1026 per
1805 991 1940 1016 mortem
1951 986 2084 1017 Honorii
2095 986 2275 1026 papae1111‚

1273 1040 1376 1070 dictus
1407 1040 1614 1076 Franciscus‚
1650 1045 1717 1079 post
1754 1044 1888 1070 mortem
1921 1039 2084 1078 Raynaldi
2116 1038 2279 1079 quondam

1273 1093 1502 1132 archiepiscopi
1520 1094 1748 1129 Messanensis,
1767 1093 1885 1122 electus
1901 1093 2003 1122 fuerat
2018 1092 2052 1121 in
2067 1091 2280 1130 archiepisco-

1275 1156 1349 1185 pum
1380 1147 1622 1176 Messanensem
1652 1155 1670 1176 a
1697 1146 1861 1176 canonicis
1895 1150 1970 1176 tunc
2000 1145 2211 1175 existentibus
2244 1145 2280 1175 in

1275 1208 1374 1238 regno
1392 1200 1537 1237 Siciliae,
1556 1200 1610 1230 sed
1627 1200 1739 1230 eadem
1763 1199 1887 1236 electio,
1904 1200 1979 1238 quia
1998 1200 2040 1229 M.
2062 1207 2156 1238 papa,
2174 1210 2188 1226 cx
2207 1202 2282 1228 ante

1276 1253 1474 1283 vacationem
1491 1253 1623 1283 ecclesie
1641 1253 1838 1291 supradicte,
1854 1261 1966 1282 omnes
1984 1251 2160 1291 prelaturas
2174 1250 2282 1281 insule

1274 1304 1385 1335 Sicilie
1409 1309 1556 1335 vacantes
1580 1305 1629 1335 vel
1655 1309 1835 1342 vacaturas,
1861 1306 1951 1343 regni
1973 1305 2072 1344 ipsius
2103 1303 2282 1335 turbatione

1275 1358 1429 1394 durante,
1446 1357 1611 1388 donationi
1634 1358 1717 1388 sedis
1742 1358 1911 1397 apostolice
1935 1358 2109 1388 reservavit
2128 1370 2141 1384 ι
2161 1360 2284 1388 cassata

1276 1411 1390 1440 fuerat.

1320 1477 1332 1491 ι
1352 1464 1504 1494 Militanti
1520 1463 1652 1494 ecclesie
1671 1464 1898 1503 disponente...
1915 1479 1955 1486 —
1973 1464 2045 1493 Dat.
2071 1464 2182 1499 Rome,
2199 1463 2284 1503 apud

1275 1517 1428 1547 Sanctum
1447 1517 1589 1553 Petrum,
1606 1526 1678 1546 v1111
1695 1515 1850 1547 kalendas
1865 1516 1953 1552 maii,
1972 1524 2058 1546 anno
2073 1517 2188 1555 primo.
2207 1528 2220 1544 n

1315 1571 1353 1600 In
1370 1580 1397 1600 e.
1417 1579 1461 1600 m.
1478 1570 1616 1609 capitulo
1631 1570 1783 1600 ecclesiae
1803 1569 2018 1600 Messanensis
2043 1569 2174 1599 mandat
2201 1577 2282 1608 qua-

1275 1627 1368 1653 tenus
1385 1623 1489 1653 eidem
1506 1623 1604 1653 electo
1621 1623 1762 1653 debitam
1779 1623 1995 1653 obedientiam
2014 1622 2172 1662 praebeat.

1316 1677 1354 1707 In
1371 1686 1398 1706 e.
1417 1686 1461 1706 m.
1479 1676 1564 1707 clero
1579 1676 1716 1706 civitatis
1735 1680 1765 1706 et
1781 1676 1935 1707 dioecesis
1952 1675 2180 1706 Messanensis.

1316 1730 1355 1760 In
1368 1738 1395 1759 e.
1415 1738 1459 1759 m.
1475 1729 1687 1768 suffraganeis
1703 1729 1856 1759 ecclesiae
1872 1729 2099 1759 Messanensis.

1315 1783 1352 1812 In
1369 1792 1396 1812 e.
1414 1792 1458 1812 m.
1477 1782 1644 1813 Straticoto
1659 1787 1688 1812 et
1698 1782 1898 1812 universitati
1911 1781 2082 1812 hominum
2097 1781 2284 1812 Messanen-

1275 1837 1370 1866 sium.
1389 1836 1485 1875 Spem
1503 1836 1629 1866 consilii
1646 1836 1818 1866 sanioris...

1315 1890 1355 1920 In
1383 1898 1410 1919 e.
1442 1898 1485 1920 m.
1518 1889 1677 1919 universis
1701 1888 1846 1919 vassallis
1871 1887 2023 1919 ecclesiae
2051 1887 2279 1918 Messanensis.

1275 1942 1371 1982 Spem
1398 1942 1525 1972 consilii
1551 1942 1725 1972 sanioris...
1754 1942 1809 1972 Eis'
1834 1941 1964 1972 mandat
1989 1945 2148 1981 quatenus
2175 1940 2282 1971 cidem

1276 1996 1376 2027 electo
1391 1996 1483 2026 solita
1498 1995 1660 2026 fidelitatis
1672 1996 1858 2035 juramenta
1874 1999 1904 2025 et
1919 1995 2048 2025 servitia
2066 1994 2248 2034 praebeant.

1347 2149 1407 2176 60
1800 2146 2009 2178 Saint-Pierre.
2028 2148 2043 2174 5
2061 2147 2115 2174 mai
2134 2146 2209 2174 1288.

1310 2211 1495 2247 Dispensatio
1512 2211 1696 2237 matrimonii.
1714 2210 1796 2243 (Rea.
1815 2210 1858 2243 44,
1875 2218 1900 2236 c.
1918 2209 1963 2242 27,
1981 2209 2000 2235 f.
2015 2210 2031 2237 8
2047 2211 2096 2242 r⁰.)

1316 2315 1424 2344 Dilecto
1447 2314 1512 2351 filio
1533 2307 1627 2343 nobili
1652 2314 1717 2343 viro
1737 2313 1862 2342 Forensi
1877 2311 2060 2344 Bonacursi.
2079 2320 2114 2342 ac
2129 2312 2233 2342 dilecte
2250 2311 2284 2341 in

1277 2367 1394 2397 Christo
1409 2367 1471 2404 filie
1490 2367 1587 2396 nobili
1599 2367 1726 2396 mulieri
1740 2366 1856 2401 Jacobe,
1875 2370 1944 2394 nate
1960 2365 2070 2394 nobilis
2087 2365 2150 2394 viri
2164 2365 2283 2395 comitis

1277 2420 1424 2450 Guidonis
1439 2420 1568 2455 Novelli,
1586 2420 1677 2449 umori
1695 2419 1773 2457 ejus,
1794 2419 1912 2448 civibus
1927 2419 2112 2454 florentinis.
2137 2416 2219 2447 Cum
2235 2417 2281 2448 eis

1276 2473 1438 2512 dispensat
1453 2476 1497 2509 ut,
1516 2481 1579 2503 non
1588 2472 1732 2502 obstante
1743 2475 1856 2510 quarto
1865 2471 2153 2509 consanguinitatis
2162 2469 2280 2509 gradu,

1275 2535 1338 2566 quo
1353 2526 1515 2565 conjuncti
1529 2530 1615 2563 sunt,
1632 2525 1666 2555 in
1687 2525 1891 2555 matrimonio
1914 2524 1999 2564 quod
2026 2523 2124 2564 hujus
2142 2523 2283 2563 impedi-

1276 2580 1377 2609 menti
1392 2579 1497 2617 ignari
1513 2578 1591 2609 olim
1611 2581 1848 2615 contraxerunt,
1866 2586 2034 2608 remanere
2048 2575 2185 2607 valeant.
2298 2571 2300 2575 ’

1318 2644 1331 2659 α
1345 2632 1426 2662 Cum
1443 2641 1588 2663 summus
1608 2630 1783 2670 pontifex...
1800 2631 1922 2660 -Dat.
1944 2630 2055 2666 Rome,
2071 2628 2156 2668 apud
2173 2628 2205 2659 S.
2223 2628 2279 2659 Pe-

1277 2690 1374 2723 trum,
1393 2695 1427 2715 111
1442 2694 1542 2716 nonas
1559 2685 1647 2721 maii,
1667 2693 1752 2715 anno
1769 2684 1883 2723 primo.
1903 2697 1917 2712 »

1349 2838 1400 2866 61
1775 2836 1973 2864 Saint-Pierre
1984 2857 1990 2869 ,
2008 2836 2046 2862 ier
2061 2836 2117 2862 mai
2134 2834 2211 2862 1288.

1314 2899 1499 2935 Dispensatio
1514 2899 1695 2926 matrimonii.
1716 2899 1797 2932 (Rau.
1816 2899 1858 2931 44.
1875 2907 1900 2926 c.
1919 2898 1962 2931 28,
1980 2897 1999 2924 f.
2016 2897 2031 2924 8
2048 2899 2098 2930 νο.)

1324 3002 1490 3031 Venerabili
1513 3002 1631 3038 fratri..
1665 3002 1887 3040 archiepiscopo
1911 3001 2090 3030 Eboracensi
2116 2997 2284 3029 committit
