2477 3637
219 360 277 391 356
967 355 1204 387 REGISTRES
1225 355 1280 386 DE
1302 353 1486 385 NICOLAS
1509 355 1566 385 IV.
2408 345 2412 386 ¹,

221 431 267 456 ter
282 426 386 464 ipsos,
404 433 439 454 ex
457 427 544 462 parte
560 430 634 458 uua,
653 425 683 452 et
698 421 913 451 venerabilem
929 421 1058 452 fratrem
1075 427 1221 452 nostrum

222 503 240 509 ..
255 478 527 516 archiepiscopum
540 475 804 505 Cautuariensem
817 498 824 511 ,
835 483 871 505 ex
887 474 996 511 altera,
1011 479 1102 505 eraut
1116 479 1223 505 exorte

219 541 313 570 super
331 539 366 561 eo
385 529 468 569 quod
485 529 570 558 idem
589 527 846 566 archiepiscopus
862 527 896 557 in
911 527 1104 566 quibusdam
1121 527 1223 558 eccle-

219 585 277 614 siis
292 593 370 623 quas
395 582 469 612 dicti
487 581 583 611 abbas
604 585 634 611 et
655 585 830 611 conventus
847 581 880 611 iu
904 580 1129 611 Cantuariensi
1155 589 1223 620 pro-

220 637 324 667 vincia
345 637 378 665 in
401 635 543 674 proprios
564 642 640 664 usus
662 634 806 664 obtinent
829 634 868 664 ad
887 634 1082 664 visitandum
1099 635 1223 664 admitti

219 695 248 720 et
264 689 523 729 procurationes,
541 687 662 717 ratione
679 687 871 717 visitationis
887 687 1073 726 hujusmodi
1090 687 1224 725 debitas,

219 744 280 774 sibi
296 743 335 772 ab
352 742 431 781 ipsis
447 741 587 772 ecclesiis
605 741 746 771 exhiberi
764 741 906 780 petebat,
923 745 953 771 et
966 750 1061 780 super
1076 750 1111 771 eo
1129 741 1225 771 etiam

219 796 302 835 quod
322 797 407 834 ipsos
423 795 541 825 fecerat
555 802 661 824 coram
675 803 708 824 se
723 795 891 824 autoritate
907 794 1071 824 ordinaria
1086 794 1125 824 ad
1141 794 1228 833 judi-

218 850 304 879 cium
318 849 457 885 evocari,
474 852 657 878 ostensuros
670 856 732 887 quo
747 848 820 886 jure
833 847 998 878 ecclesiam
1016 856 1071 877 seu
1088 847 1227 878 decimas

218 904 256 934 de
278 902 556 940 Westhamgmar,
583 910 663 940 quas
685 902 837 931 canonice
857 901 994 938 habent,
1020 901 1054 931 in
1072 910 1148 931 usus
1164 901 1226 931 hu-

215 956 358 996 jusmodi
379 956 568 991 retinerent,
587 959 697 985 contra
714 960 854 985 tenorem
872 954 1114 994 privilegiorum
1132 963 1225 994 apos-

220 1009 386 1040 tolicorum
401 1032 408 1046 ,
440 1018 494 1047 per
521 1018 583 1047 que
613 1008 711 1038 iidem
742 1008 838 1038 abbas
869 1013 899 1038 et
928 1013 1124 1044 conventus,
1153 1017 1226 1038 cum

219 1064 369 1094 omnibus
395 1062 535 1093 ecclesiis
558 1067 588 1092 ct
614 1062 744 1101 capellis
771 1062 810 1092 ad
834 1062 917 1101 ipsos
940 1066 971 1092 et
995 1063 1226 1092 monasterium

220 1117 397 1156 predictum
412 1116 646 1155 spectantibus,
661 1116 700 1145 ab
713 1116 802 1146 omui
813 1115 1038 1154 jurisdictione
1053 1116 1228 1146 ordinario-

220 1179 293 1201 rum
317 1169 533 1208 quorumlibet
554 1172 630 1199 sunt
652 1169 808 1207 exempti,
834 1177 898 1199 nou
919 1172 1079 1208 poterant,
1102 1172 1228 1207 propter

220 1224 393 1263 potentiam
411 1223 554 1261 ejusdem
571 1222 811 1261 archiepiscopi,
832 1223 864 1251 in
882 1231 981 1260 regno
999 1222 1119 1260 Anglie
1131 1222 1228 1260 justi-

221 1277 296 1307 tiam
311 1277 472 1315 obtinere,
494 1276 578 1305 idem
601 1275 805 1314 predecessor
828 1275 884 1305 tibi
905 1283 1017 1306 causas
1040 1275 1227 1315 hujusmodi

219 1331 309 1361 duxit
334 1339 388 1369 per
413 1339 486 1359 suas
509 1329 568 1358 sub
593 1333 677 1358 certa
698 1329 800 1358 forma
829 1328 950 1358 litteras
972 1329 1226 1359 committendas.

219 1383 299 1415 Cum
317 1389 422 1413 autem
440 1388 471 1412 tu
489 1383 521 1412 in
539 1383 644 1412 causis
660 1382 738 1421 ipsis
755 1382 940 1412 earumdem
956 1381 1135 1412 litterarum
1152 1391 1228 1413 auc-

220 1437 344 1468 toritate
374 1436 544 1475 procedere
576 1435 768 1474 iucepisses,
801 1435 940 1473 prefatus
972 1434 1228 1474 archiepiscopus

219 1490 327 1521 omnia
346 1490 426 1519 bona
451 1498 512 1528 que
540 1488 672 1528 predicti
697 1489 795 1518 abbas
816 1493 846 1518 et
868 1492 1044 1518 conventus
1069 1488 1103 1518 in
1128 1497 1228 1527 regno

219 1543 359 1583 predicto
375 1542 493 1572 liabent
512 1541 701 1581 procuravit,
727 1546 760 1571 nt
778 1541 911 1578 dicitur,
932 1541 1097 1572 occasione
1115 1541 1229 1581 hujus-

219 1597 327 1634 modi,
359 1605 414 1635 per
439 1595 584 1625 laicalem
613 1596 785 1634 potentiam
814 1595 975 1625 arrestari.
1003 1594 1109 1631 Quare
1131 1595 1228 1625 iidem

219 1651 314 1680 abbas
332 1655 361 1680 et
374 1653 550 1680 conventus
566 1649 657 1679 nobis
669 1648 834 1679 humiliter
849 1648 1070 1688 supplicarunt
1085 1653 1136 1686 ut,
1155 1658 1228 1680 cum

220 1705 264 1734 eis
280 1703 371 1733 valde
386 1703 626 1742 dispendiosum
639 1703 762 1740 existat,
782 1707 907 1742 propter
919 1703 1093 1742 predictam
1107 1703 1228 1734 archie-

220 1757 339 1797 piscopi
370 1756 541 1786 memorati
562 1757 756 1795 potentiam,
774 1757 808 1786 in
826 1756 892 1786 illis
913 1757 1056 1796 partibus
1078 1757 1230 1796 prosequi

220 1819 331 1841 causas
344 1811 440 1849 ipsas,
459 1819 510 1839 eas
528 1818 674 1840 revocare
691 1810 728 1839 ad
745 1818 877 1839 examen
895 1810 1103 1849 apostolicum
1120 1810 1230 1848 digna-

220 1873 341 1894 remur.
367 1864 433 1894 Nos
456 1863 555 1901 igitur
576 1863 661 1893 dicto
686 1864 900 1900 monasterio,
925 1867 1031 1902 utpote
1054 1864 1121 1894 sedi
1137 1873 1230 1904 apos—

223 1917 313 1948 tolice
330 1917 518 1947 immediate
530 1917 682 1955 subjecto,
699 1917 732 1946 in
747 1918 898 1956 suojnre,
911 1918 1003 1956 juxta
1019 1918 1116 1948 officii
1130 1919 1230 1949 nostri

220 1971 364 2001 debitum
375 1994 383 2009 ‚
402 1970 620 2001 favorabiliter
635 1971 781 2000 assistere
797 1971 1018 2008 intendentes,
1042 1972 1098 2011 qui
1119 1981 1230 2003 sumus

221 2024 371 2054 omnibus
386 2024 419 2053 iu
435 2023 558 2062 justitia
575 2023 732 2054 debitores
743 2047 750 2059 ,
771 2024 954 2054 discretioni
974 2029 1025 2055 tue
1041 2034 1096 2063 per
1111 2029 1228 2064 aposto·

220 2077 280 2108 lica
301 2078 418 2116 scripta
442 2077 635 2107 mandamns
663 2082 821 2116 quatenus
848 2077 975 2108 easdem
999 2087 1109 2108 causas
1131 2079 1167 2108 in
1194 2087 1231 2110 eo

221 2136 302 2161 statu
319 2132 352 2161 iu
370 2139 432 2170 quo
451 2135 527 2160 sunt
543 2131 686 2160 remittas
703 2131 742 2161 ad
761 2131 904 2170 ejusdem
925 2131 1009 2162 sedis
1030 2141 1182 2166 examen,
1201 2137 1232 2163 et

222 2184 454 2215 nichilominus
470 2189 592 2223 partes,
612 2194 667 2223 per
688 2189 716 2214 te
739 2184 789 2214 vel
809 2194 865 2224 per
884 2185 985 2215 alium
1002 2194 1058 2216 seu
1075 2186 1173 2224 alios,
1194 2196 1230 2216 ex

220 2243 308 2276 parte
325 2241 433 2267 nostra
446 2237 659 2277 peremptorie
674 2237 773 2268 citare
788 2246 937 2277 procures
953 2243 988 2268 ut
1005 2238 1091 2269 infra
1107 2248 1232 2279 compe-

223 2295 340 2321 tentem
358 2292 533 2321 tet-minum
549 2315 556 2330 ‚
573 2301 590 2321 a
608 2296 636 2321 te
655 2292 877 2331 prefigendum
895 2292 1034 2330 eisdem,
1051 2302 1107 2332 per
1123 2302 1232 2333 procu-

220 2349 340 2374 ratores
359 2345 500 2383 ydoneos
516 2369 522 2381 ,
542 2353 614 2374 cnm
633 2345 785 2375 omnibus
803 2345 900 2383 actis,
919 2346 1048 2385 juribus
1066 2351 1096 2376 et
1122 2347 1231 2376 muni-

221 2399 337 2428 mentis
354 2399 422 2428 suis
446 2399 546 2429 dictas
567 2407 677 2429 causas
703 2399 979 2437 contingentibus,
1005 2400 1176 2439 apostolico
1199 2411 1232 2431 se

221 2452 404 2491 conspectui
423 2457 662 2490 representem,
684 2453 805 2482 facture
821 2457 851 2482 et
869 2458 1034 2492 recepture
1057 2463 1152 2493 super
1168 2455 1232 2484 hiis

220 2505 304 2544 quod
329 2505 405 2536 ordo
428 2505 596 2535 dictaverit
618 2506 761 2536 rationis.
793 2507 884 2536 Diem
910 2516 984 2537 vero
1014 2507 1174 2538 citationis
1203 2512 1233 2538 et

222 2560 355 2590 formam
379 2563 408 2589 et
424 2559 577 2598 quicquid
598 2559 673 2589 inde
693 2559 805 2589 feceris
823 2560 915 2590 nobis
943 2570 997 2600 per
1019 2565 1088 2591 tuas
1110 2561 1232 2591 litteras

222 2613 335 2642 harum
367 2613 482 2643 seriem
514 2613 714 2643 continentes
749 2613 876 2643 studeas
902 2613 1040 2644 fideliter
1068 2615 1230 2645 intimare.

223 2666 290 2695 Dat.
312 2667 424 2703 Rome,
441 2666 525 2704 apud
543 2667 693 2696 Sanctam
711 2666 846 2696 Mariam
864 2667 1038 2705 Maj01·em,
1056 2667 1164 2698 idibus
1179 2668 1233 2698 de—

222 2719 369 2756 cembris,
387 2728 473 2750 anuo
490 2719 640 2750 secundo.
661 2732 675 2747 »

299 2846 410 2874 199?

259 2908 404 2935 ordinatio
431 2910 579 2944 hospitalis
610 2911 706 2937 Sancti
730 2910 863 2937 Andreae
888 2910 923 2937 de
945 2910 1060 2938 Piscina
1084 2911 1118 2937 de
1142 2910 1230 2938 Urbe.

225 2956 306 2988 (Rau.
324 2957 366 2990 fii,
384 2966 408 2983 c.
427 2958 488 2989 763,
507 2959 523 2984 f.
545 2959 591 2985 ³281
611 2961 659 2992 r0.)

483 2846 846 2881 Satnto-Marie-Majeure,
863 2847 896 2874 ‘23
912 2847 1065 2875 decembre
1082 2848 1160 2876 1289.

266 3038 383 3066 Dilvru's
397 3040 472 3074 liliis
490 3063 507 3068 ..
528 3041 668 3077 ‹itrtqislro
683 3047 708 3070 el
723 3043 870 3078 fratribus
884 3043 1042 3080 hospitalis
1054 3043 1159 3072 Sancti
1174 3045 1230 3073 An—

1307 422 1396 457 tonii,
1418 421 1592 450 Viennensis
1609 419 1742 450 diocesis.
1761 431 1775 447 «
1791 419 1935 459 Superne
1949 420 2166 460 dispositionis
2181 418 2311 456 arbitrio

1305 473 1345 503 ad
1376 473 1589 503 exercendum
1619 471 1810 502 universalis
1839 472 1970 503 ecclesie
1997 474 2142 512 regimen
2169 476 2288 507 evocati
2299 498 2309 515 ‚

1307 526 1408 556 multa
1425 526 1581 556 nimirum
1598 524 1815 556 sollicitudine
1836 525 1987 556 ducimur
2008 531 2041 556 ut
2056 526 2268 559 ecclesiastica
2283 531 2314 563 at

1307 579 1371 610 alia
1387 580 1439 618 pia
1455 579 1538 616 lora,
1555 583 1586 609 et
1601 578 1776 618 spetialiter
1793 588 1967 618 pauperum
1983 579 2132 619 deputata
2149 580 2310 620 subsidiis,-

1308 633 1483 664 rectoribus
1499 633 1742 664 committantur
1757 632 1891 672 ydoneis
1907 633 2134 672 gubernanda,
2159 642 2195 665 ac
2218 635 2252 665 in
2267 635 2312 668 ein
2356 662 2358 673 ,

1309 688 1466 718 dictorum
1491 687 1733 717 necessitatibus
1750 695 1927 726 pauperum
1946 696 1982 718 eo
2003 687 2168 726 contingat
2187 687 2324 724 nahum,
2340 702 2341 706 ¹

1308 743 1437 772 dantius
1453 741 1618 772 subveniri
1635 749 1698 780 quo
1713 739 1768 770 illa
1785 740 1975 779 prudentius
1993 745 2023 771 et
2040 741 2151 772 utilius
2170 741 2313 781 dirigent·
2360 734 2362 737 ⁵

1309 799 1372 825 tur.
1399 795 1484 825 Sane
1510 794 1633 824 dudum
1657 802 1767 824 curam
1797 793 1963 833 hospitalis
1992 794 2101 825 Sancti
2126 794 2255 827 Andree
2280 809 2319 821 ιω

1309 849 1438 880 Piscina
1454 849 1491 879 de
1511 848 1616 884 Urbe,
1634 857 1730 888 prope
1745 848 1860 878 Sancte
1876 849 1977 878 Marie
1994 849 2124 887 Majoris
2148 848 2271 881 ecclesi
2289 864 2320 880 ε·

1309 903 1484 939 constituti,
1505 902 1619 932 dilecto
1635 901 1703 932 filio
1724 906 1832 932 nostro
1855 901 1990 938 Jacobo‚
2017 901 2133 932 Sancte
2156 902 2317 941 Marie,''

1310 955 1445 986 Vialata
1458 955 1591 986 diacono
1607 954 1775 991 cardinali,
1791 954 1941 985 duximus
1954 955 2234 994 committendam,
2247 964 2267 996 q
2290 971 2322 990 4

1309 1019 1384 1040 cure
1403 1009 1587 1049 hujusmodi
1605 1010 1775 1040 commisse
1793 1009 1853 1038 sibi
1875 1009 2124 1039 sollicitudiuem
2143 1009 2251 1040 debita
2270 1018 2300 1035 »¹

1310 1063 1442 1103 ligentia
1459 1071 1670 1102 prosequens,
1688 1062 1782 1101 quia,
1800 1066 1880 1092 statu
1903 1062 2069 1101 hospitalis
2086 1062 2232 1101 ejusdem
2252 1061 2318 1089 ι’·-ι

1310 1116 1399 1154 genti
1415 1117 1650 1147 examinatione
1665 1116 1826 1152 discusso,
1843 1116 1997 1155 comperit
2011 1116 2096 1155 quod
2112 1115 2199 1146 idem
2213 1115 2267 1146 hu«-
2283 1127 2317 1148 su:

1310 1169 1372 1199 tale
1383 1178 1439 1208 per
1452 1178 1504 1199 eos
1519 1169 1575 1208 qui
1589 1173 1665 1199 tuuc
1679 1170 1713 1199 in
1730 1169 1800 1208 ipso
1815 1169 1971 1207 degebant
1983 1178 2046 1200 non
2064 1173 2186 1209 poterat
2197 1168 2270 1200 utili

1311 1222 1502 1260 gubernari,
1527 1222 1659 1262 cupiens
1682 1223 1717 1252 in
1739 1222 1960 1261 spiritualibus
1983 1227 2014 1253 et
2033 1223 2066 1252 in
2093 1221 2319 1262 ῑεῐῃροηὶίχζ

1311 1275 1412 1313 ipsius
1428 1275 1596 1314 hospitalis
1611 1275 1741 1305 utilitati
1756 1275 1925 1306 consulere
1937 1285 1974 1306 ac
1987 1268 2137 1306 divinum
2152 1275 2309 1308 cultum

1312 1328 1559 1366 hospitalitatem
1588 1328 1671 1358 inibi
1695 1328 1862 1368 ampliari,
1890 1329 1981 1359 nohis
2009 1329 2152 1369 exposuit
2177 1333 2208 1360 et
2233 1327 2307 1360 fide

1312 1377 1486 1411 assertione
1510 1382 1671 1420 suggessit
1694 1382 1777 1421 qnod
1801 1391 1857 1421 per
1885 1382 1998 1412 fratres
2026 1381 2195 1422 hospitalis
2222 1390 2306 1413 ves

1312 1434 1422 1464 Sancti
1444 1435 1601 1472 Antonii,
1627 1435 1826 1465 Viennensis
1849 1435 2002 1474 diocesis,
2027 1430 2178 1476 hospitali
2203 1443 2291 1475 pre
2311 1435 2313 1437 ’

1312 1488 1433 1518 utiliter
1448 1492 1478 1518 et
1493 1487 1663 1518 salubriter
1675 1488 1798 1518 consuli
1814 1493 1936 1527 poterat
1950 1489 1985 1518 in
2002 1488 2185 1528 premissis,
2201 1496 2284 1528 pres·
2304 1530 2306 1533 .

1312 1543 1369 1572 tim
1386 1551 1460 1572 cum
1477 1542 1560 1573 bone
1577 1542 1733 1572 memorie
1751 1543 1864 1573 Petrus
1882 1543 2014 1582 Capotia
2028 1567 2035 1579 ,
2054 1542 2165 1573 Sancti
2191 1541 2258 1574 Geo
2280 1555 2309 1576 2*

1311 1597 1350 1626 ad
1365 1596 1482 1626 Velum
1498 1605 1631 1626 aureum
1647 1596 1802 1626 diaconus
1813 1596 2004 1634 cardinalis,
2021 1595 2188 1636 hospitalis
2203 1596 2321 1627 mem

1312 1650 1371 1680 rati
1393 1649 1504 1680 Sancti
1520 1650 1650 1680 Andree
1667 1650 1833 1687 fundator,
1856 1649 1993 1680 voluerit
2017 1654 2047 1680 et
2068 1650 2102 1680 in
2128 1657 2186 1680 suo
2205 1649 2257 1680 eti.
2276 1664 2290 1683 υ
2305 1676 2317 1693 3

1312 1704 1395 1734 sicut
1414 1704 1586 1741 asseritur,
1609 1703 1808 1734 ordinaverit
1833 1707 2021 1734 testamento
2041 1703 2154 1734 fratres
2177 1703 2257 1743 ejus·
2274 1716 2315 1739 :11=

1312 1757 1478 1797 hospitalis
1511 1758 1610 1788 vestri
1641 1757 1752 1787 Sancti
1790 1757 1925 1787 Antonii
1962 1757 2002 1787 ad
2040 1757 2117 1788 dicti
2154 1756 2248 1797 hospi
2267 1771 2270 1782 s
2288 1758 2302 1781 t

1313 1811 1421 1842 Sancti
1437 1811 1567 1841 Andree
1584 1811 1750 1841 servitium
1767 1810 1922 1850 deputari.
1941 1811 2007 1841 Nos
2022 1811 2146 1850 itaque,
2166 1809 2206 1855 ad
2221 1795 2308 1841 ref⁸²
2347 1817 2350 1821 ’

1312 1864 1488 1895 mationem
1506 1864 1607 1903 ipsius
1623 1863 1788 1903 hospitalis
1805 1864 1915 1894 Sancti
1933 1864 2064 1895 Andree
2080 1868 2212 1904 paterne
2233 1871 2268 1896 so
2300 1864 2309 1899 t

1313 1918 1467 1948 citudinis
1482 1918 1589 1948 studio
1607 1922 1637 1948 et
1652 1917 1780 1948 salubre
1797 1918 1954 1948 testatoris
1971 1918 2167 1958 propositum
2182 1917 2291 1952 beni

1313 1971 1419 2002 favore
1451 1971 1601 2010 prosequi
1630 1971 1853 2008 intendentes,
1886 1971 2036 2002 volumus
2063 1975 2104 2003 ,et
2137 1971 2291 2002 auctori
2308 2004 2311 2007 ,

1313 2024 1504 2064 apostolica,
1521 2025 1634 2064 prefati
1657 2024 1828 2055 cardinalis
1854 2025 1966 2056 Jacobi
1989 2025 2135 2064 precibus
2156 2023 2305 2055 inclina

1314 2079 1547 2109 nichilominus
1564 2078 1752 2108 ordinamus
1767 2078 1939 2109 duodecim
1962 2078 2076 2109 fratres
2098 2077 2232 2118 predicti
2246 2071 2308 2111 hu}

1313 2127 1419 2172 pitalis
1435 2131 1530 2162 vestri
1546 2131 1656 2162 Sancti
1670 2131 1810 2162 Antonii
1825 2155 1830 2167 ,
1850 2135 2064 2162 annumerato
2078 2131 2164 2162 inter
2186 2139 2239 2162 eos
2265 2141 2271 2157 τι
2288 2141 2301 2156 ιτ

1313 2195 1349 2216 ex
1366 2186 1443 2225 ipsis
1459 2185 1570 2216 ceteris
1586 2185 1646 2224 ipsi
1665 2185 1814 2224 hospitali
1833 2185 1943 2215 Sancti
1956 2184 2086 2215 Andree
2101 2184 2305 2219 coustituen

1314 2243 1452 2276 rectore,
1471 2239 1538 2269 fore
1553 2239 1588 2268 in
1604 2242 1793 2278 perpetuum
1812 2239 1851 2268 ad
1868 2238 2012 2278 ejusdem
2030 2238 2198 2278 hospitalis
2213 2237 2268 2270 Sa

1313 2292 1443 2323 Andree
1459 2301 1494 2322 ac
1511 2301 1684 2332 pauperum
1703 2293 1736 2322 in
1754 2293 1821 2331 ipso
1838 2291 2026 2330 degentium
2041 2292 2207 2322 servitium
2223 2291 2307 2335 dejss
2339 2320 2341 2323 .

1315 2346 1441 2381 taudos‚
1455 2346 1537 2375 inibi
1552 2346 1704 2376 continue
1718 2351 1898 2376 moraturos
1910 2368 1918 2383 ‚
1935 2354 1973 2376 ac
1984 2345 2142 2376 bonorum
2157 2349 2188 2376 et
2198 2344 2264 2386 juri
2291 2346 2304 2363 '³‘

1314 2408 1444 2430 suorum
1468 2400 1613 2429 omnium
1637 2399 1672 2428 iu
1694 2398 1915 2438 spiritualibus
1939 2402 1970 2428 et
1993 2389 2306 2438 temporatihuS.s1*'T

1314 2452 1417 2483 modis
1433 2457 1463 2483 et
1477 2452 1718 2483 conditionibus
1740 2452 1952 2492 infrascriptis
1964 2476 1971 2489 ,
1992 2460 2103 2483 curam
2120 2456 2152 2482 et
2168 2447 2291 2483 sollici
2305 2478 2308 2481 .

1314 2506 1423 2536 dinem
1442 2505 1609 2536 habituros
1630 2515 1636 2535 :

1357 2560 1511 2590 Videlicet
1528 2564 1560 2589 ut
1583 2560 1739 2598 prefatum
1758 2559 1916 2599 hospitale
1942 2559 2051 2590 Sancti
2077 2558 2222 2598 Andree,
2253 2559 2301 2592 »2⁵

1314 2614 1406 2644 bonis
1422 2621 1484 2652 que
1501 2621 1587 2643 nunc
1604 2613 1699 2643 habet
1719 2621 1756 2643 ac
1770 2613 1805 2642 in
1826 2616 1986 2652 posterum
2003 2612 2122 2643 habere
2136 2611 2256 2651 contig

1314 2667 1499 2697 immediate
1515 2667 1555 2696 sit
1572 2666 1704 2696 ecclesie
1719 2675 1852 2697 romane
1876 2667 2074 2706 subiectum,
2094 2670 2126 2696 et
2143 2664 2228 2706 quod
2239 2663 2297 2696 iu

1316 2721 1448 2751 teneatis
1472 2724 1502 2750 et
1521 2721 1755 2759 recognoscatis
1780 2720 1820 2750 ab
1847 2721 1915 2759 ipsa
1946 2719 2081 2750 ecclesia
2109 2727 2163 2750 vos
2193 2723 2260 2750 ten-
2288 2721 2306 2754 -ῗξ

1315 2774 1463 2813 quodque
1482 2773 1638 2813 hospitale
1661 2774 1766 2813 ipsum
1783 2782 1909 2812 semper
1927 2781 2029 2803 uuum
2052 2781 2089 2803 ex
2105 2772 2227 2803 cardin
2250 2770 2257 2778 '

1314 2827 1456 2866 eJusdem
1486 2826 1633 2864 ecclesie,
1663 2836 1758 2866 quem
1790 2827 1956 2857 Romanus
1986 2825 2156 2864 Pontifex,
2185 2825 2240 2865 qui
2272 2838 2298 2858 ω
2447 2829 2477 2860 neti

1315 2886 1456 2920 tempore
1472 2881 1587 2918 fuerit,
1607 2881 1640 2910 in
1662 2889 1698 2911 eo
1716 2880 1867 2920 deputare
1887 2880 2065 2917 curaverit,
2085 2879 2200 2910 habeat
2213 2879 2248 2910 in
2272 2883 2302 2923 ’ᾗ
2449 2877 2477 2914 fit

1315 2939 1461 2969 tronum,
1497 2938 1719 2972 protectorem,
1760 2934 1979 2971 defensorem,
2011 2933 2258 2973 gubernatorem
2280 2938 2281 2942 ’
2449 2939 2477 2966 Ιιει

1315 2988 1411 3018 etiam
1428 2991 1649 3018 correctorem.
1668 2987 1730 3018 Sed
1746 2987 1884 3027 prefatus
1903 2987 2042 3018 Jacobus
2062 2985 2249 3023 cardinalis,
2290 2997 2303 3018 ε
2448 2989 2477 3024 titi}

1315 3046 1437 3072 servata
1455 3040 1516 3071 sibi
1534 3039 1676 3079 plenarie
1701 3041 1925 3072 commissione
1941 3040 2022 3071 facta
2046 3040 2076 3070 ei
2103 3039 2142 3070 de
2169 3037 2260 3079 hospi
2278 3040 2313 3070 2³5:
