2342 3652
915 385 1146 424 TROISIEME
1170 386 1328 421 ANNEE.
2113 388 2169 420 537

73 468 144 500 lecti
164 466 224 496 filii
245 465 346 495 nostri
368 465 425 500 B.,
448 464 557 494 Sancti
578 463 703 494 Nicolai
725 464 757 492 in
780 463 912 493 Carcere
934 460 1083 490 Tulliano

75 520 196 552 diaconi
212 518 396 553 cardinalis,
414 517 453 547 de
469 517 620 546 mandato
636 520 743 546 nostro
759 516 871 545 factam
888 519 917 544 et
931 514 970 543 ab
984 522 1019 543 eo
1033 522 1082 542 re-

77 576 196 612 ceptam
209 594 217 608 ,
238 574 403 606 vacantes,
423 578 494 599 rum
516 569 668 599 omnibus
689 569 815 606 juribus
835 572 864 598 et
883 566 1083 606 pertinentiis

78 626 144 657 suis
163 623 334 664 apostolica
356 623 411 652 tibi
432 623 616 652 auctoritate
639 622 849 655 contulimus,
868 621 906 650 de
927 620 993 650 illis
1010 628 1083 658 pro-

77 679 218 710 vidimus
245 681 337 716 teque
363 675 589 706 investivimus
612 684 666 714 per
690 680 833 705 nostrum
855 674 989 703 anulum
1014 681 1084 711 pre-

79 730 256 763 sentialiter
271 730 309 759 de
325 729 483 759 eisdem...
503 728 673 758 Voluimus
691 732 791 758 tamen
809 727 904 767 qnod,
919 731 1085 766 postquam

35 781 42 788 '
79 783 372 815 archidiaconatum
388 790 512 812 necnon
526 783 750 811 canonicatum
765 786 794 810 et
810 780 1003 819 prebendam
1018 787 1086 818 pre-

80 837 179 868 dictos
199 845 282 866 esses
305 835 435 875 pacifice
457 839 619 865 assecutus
642 839 672 863 et
695 844 731 864 ex
755 835 800 863 eis
824 834 943 863 fructus
962 834 1087 869 integre

80 889 286 930 percepisses,
298 890 527 928 preposituram
543 888 674 917 ecclesie
685 888 799 918 Sancte
810 887 927 917 Cecilie
938 887 1085 922 Reatine,

80 952 174 984 quam
192 946 268 973 tunc
283 942 448 973 obtinebas
466 946 496 972 et
510 941 615 971 adhuc
627 941 761 975 obtines,
775 941 908 970 omnino
924 940 1087 969 dimittere

82 996 244 1027 tenereris.
258 995 409 1025 Volentes
427 995 525 1032 igitur
543 995 599 1024 tibi
616 995 750 1032 gratiam
768 994 868 1023 facere
884 993 1085 1032 ampliorem,

81 1053 115 1079 ut
126 1049 244 1079 dictam
257 1049 525 1088 preposituram...
539 1056 603 1077 una
614 1056 686 1077 cum
702 1048 810 1077 eodem
826 1047 1085 1076 archidiaconatu

81 1103 165 1133 licite
187 1102 293 1131 valeas
313 1103 451 1131 retinere
473 1105 577 1131 tecum
599 1101 784 1130 auctoritate
807 1100 1000 1139 presentium
1022 1099 1086 1128 dis-

81 1164 290 1196 pensamus..
314 1155 384 1184 Dat.
405 1154 489 1194 apud
511 1155 792 1189 Urbemveterem,
816 1163 834 1183 x
857 1153 1010 1183 kalendas
1031 1161 1088 1183 no-

81 1209 233 1246 vembris,
250 1217 336 1239 anno
352 1209 454 1238 tertio.
475 1220 488 1235 n

153 1388 406 1417 3452-3—184
607 1386 739 1420 Orvicto,
757 1387 790 1414 ‘23
806 1388 922 1414 octobre
940 1388 1015 1415 1290.

118 1450 325 1485 Indulgentiae.
343 1450 427 1483 (Rae.
445 1450 487 1482 45,
507 1458 532 1476 c.
549 1450 611 1481 466,
629 1450 647 1476 f.
665 1450 698 1477 93
715 1451 766 1482 vo.)

128 1561 282 1591 Universz's
303 1560 416 1589 Christi
438 1561 575 1598 fidelibus
590 1565 741 1597 presentes
765 1560 879 1589 litteras
900 1561 1089 1597 inspecturis.

86 1613 325 1651 Indulgentiam
349 1623 387 1643 xi.
409 1613 537 1642 dieruni
563 1613 708 1643 concedit
733 1612 779 1642 eis
802 1613 856 1651 qui
879 1613 1043 1643 ecclesiam
1070 1636 1089 1645 ..

85 1667 230 1706 magistri
250 1672 280 1696 et
296 1667 430 1696 fratrum
451 1666 615 1705 hospitalis
637 1666 743 1696 Sancti
759 1667 918 1696 Johannis
938 1667 1091 1697 Jerosoli-

85 1721 198 1751 mitani
214 1720 413 1751 Acconensis
426 1721 461 1750 in
477 1720 527 1750 die
544 1729 604 1759 qua
622 1720 666 1749 ibi
679 1719 846 1750 sollemnis
863 1721 1021 1759 processio
1040 1722 1093 1751 fiet

85 1775 293 1805 visitaverint.
810 1801 812 1803 ,

127 1839 140 1856 α
159 1828 246 1858 Licet
261 1828 287 1858 is
304 1827 379 1858 de...
401 1845 438 1849 -
454 1828 526 1857 Dat.
548 1827 631 1866 apud
649 1827 928 1864 Urbemveterem,
948 1837 966 1857 x
984 1828 1094 1858 kalen-

87 1882 141 1912 das
157 1882 351 1917 novembris,
367 1890 453 1912 anno
471 1881 573 1912 tertio.
592 1893 606 1908 n

613 1968 745 2000 Orvieto,
762 1970 792 1995 15
809 1969 926 1995 octobre
943 1969 1020 1996 1‘290.

129 2033 166 2062 In
183 2041 210 2063 e.
229 2040 273 2061 m.
291 2032 420 2061 eisdem,
443 2031 685 2070 Indulgentiam
701 2032 799 2061 unius
820 2033 898 2061 anni
916 2037 944 2062 et
964 2043 1001 2062 xil
1025 2033 1093 2063 die-

87 2094 159 2115 rum
175 2085 321 2115 concedit
338 2093 392 2124 pro
408 2085 541 2115 ecclesia
557 2085 665 2115 Sancti
684 2085 766 2115 Piati
785 2087 823 2115 de
842 2087 932 2116 Bone
944 2086 992 2125 ('?),
1014 2087 1093 2117 Tor-

87 2139 233 2169 nacensis
251 2138 418 2168 dioecesis.

129 2203 142 2218 α
159 2191 232 2221 Vite
249 2191 401 2230 perennis
417 2191 555 2229 gloria...
573 2208 612 2213 —
628 2192 699 2221 Dat.
715 2192 799 2231 apud
817 2193 1092 2231 Urbemveterem,

88 2244 193 2275 idibus
208 2245 354 2282 octobris,
375 2253 461 2274 anno
478 2244 582 2275 tertio.
604 2257 617 2272 n
634 2244 694 2284 (En
709 2246 839 2284 marqe.)

614 2332 741 2364 Orvieto,
761 2333 793 2359 20
810 2334 926 2360 octobre
943 2334 1021 2361 1290.

128 2395 165 2425 In
187 2403 214 2426 e.
237 2403 280 2424 m.
303 2394 435 2424 eisdem.
460 2394 602 2424 Eandem
619 2394 856 2432 indulgentiam
873 2396 1017 2426 concedit
1040 2405 1095 2435 pro

89 2447 219 2478 ecclesia
232 2447 365 2478 Sanctae
379 2447 500 2477 Mariae
511 2447 548 2477 de
563 2447 710 2485 Evazara,
724 2448 912 2478 Tiburtinae
928 2449 1092 2479 dioecesis.

90 2501 160 2531 Dat.
173 2501 256 2540 apud
273 2500 550 2536 Urbemveterem,
568 2510 623 2530 xm
635 2500 789 2531 kalendas
801 2502 995 2539 novembris,
1009 2512 1095 2533 anno

90 2555 188 2585 tertio.
207 2553 314 2593 (lbid.)

620 2636 747 2668 Orviet0‚
765 2636 798 2664 19
813 2637 930 2663 octobre
947 2637 1024 2665 1290.

132 2699 169 2728 In
187 2708 214 2729 e.
234 2707 278 2728 m.
300 2698 438 2734 eisdem,
459 2706 514 2737 pro
531 2697 664 2728 ecclesia
681 2699 814 2729 Sanctae
834 2700 962 2736 Crucis,
982 2700 1096 2730 Came-

94 2751 233 2782 racensis
246 2751 410 2781 dioecesis
429 2751 500 2782 Dat.
517 2752 600 2791 apud
616 2752 892 2789 Urbemveterem,
907 2763 975 2783 xnn
992 2753 1098 2784 kalen-

94 2804 148 2835 das
166 2804 360 2841 novembris,
377 2812 463 2834 anno
482 2805 582 2834 tertio.
602 2805 709 2844 (mist.)

623 2892 751 2923 Orvieto,
766 2892 798 2919 ⁶23
815 2894 932 2919 octobre
949 2894 1026 2920 1990,

133 2953 171 2983 In
189 2963 217 2984 e.
236 2963 280 2983 m.
302 2953 440 2991 eisdem,
461 2962 516 2992 pro
535 2953 666 2984 ecclesia
685 2954 819 2984 Sanctae
840 2955 1044 2986 Illuminatae
1061 2957 1099 2987 de

95 3006 194 3037 Ponte
207 3006 320 3036 Paleae
338 3015 431 3045 prope
448 3007 724 3037 Urbemveterem.
740 3008 811 3037 Dat.
827 3009 910 3046 apud
926 3009 1100 3039 Urbemve-

96 3062 204 3097 terem,
221 3069 237 3089 x
256 3059 409 3089 kalendas
427 3060 624 3097 novembris,
641 3069 727 3090 anno
746 3061 848 3091 tertio.
871 3062 968 3099 (Ibid.)

236 3126 308 3153 Rae.
328 3125 452 3153 Nicocas
472 3125 524 3152 IV.

1696 456 1821 486 Orvieto.
1841 456 1869 482 11
1889 455 2004 481 octobre
2022 455 2098 482 1290.

1207 521 1244 550 ln
1268 530 1295 550 e.
1321 530 1363 550 m.
1389 521 1521 557 eisdem,
1544 529 1599 559 pro
1623 519 1742 558 capella
1764 519 1898 549 Sanctae
1919 518 2112 548 Cathcrinae
2136 518 2169 547 in

1166 568 1355 604 coemeterio
1390 574 1524 603 Sanctae
1555 573 1666 604 Crucis
1695 572 1944 602 Cenomanensi.
1980 572 2049 600 Dat.
2087 570 2171 610 apud

1169 627 1442 664 Urbemveterem,
1460 637 1478 657 v
1494 627 1566 657 idus
1584 627 1731 664 octobris,
1750 635 1837 656 anno
1857 626 1958 655 tertio.
1974 624 2078 664 (laid.)

1717 705 1845 739 Orvieto,
1861 705 1875 731 7
1889 705 2005 730 octobre
2023 704 2100 731 1290.

1208 770 1246 799 In
1265 778 1298 801 e.‘
1312 779 1355 799 m.
1374 770 1514 805 eisdem,
1536 778 1591 808 pro
1607 768 1729 807 capella
1743 768 1856 797 domus
1875 767 1935 796 Dei
1952 767 1991 796 de
2011 766 2150 805 Berwyk
2165 791 2172 803 ,

1168 823 1276 852 Sancti
1307 822 1454 852 Andreae
1484 822 1647 852 dioecesis
1681 822 1751 850 Dat.
1783 821 1865 859 apud
1896 820 2172 855 Urbemveterem,

1170 876 1265 906 nonis
1282 876 1428 912 octobris,
1445 884 1530 905 anno
1547 875 1647 904 tertio.
1668 873 1775 913 (Ibid.)

1697 954 1822 985 Orvieto,
1841 954 1875 980 ‘EO
1891 953 2008 980 octobre
2026 953 2103 979 1290.

1209 1020 1247 1049 In
1264 1028 1291 1049 e.
1310 1028 1353 1048 m.
1372 1019 1510 1054 eisdem,
1529 1027 1585 1056 pro
1602 1017 1734 1047 ecclesia
1750 1016 1858 1046 Sancti
1877 1015 2036 1045 Desiderii
2053 1015 2091 1044 de
2109 1014 2175 1044 Bil-

1169 1073 1261 1108 liaco,
1282 1071 1574 1101 Autissiodorensis
1595 1069 1757 1100 dioecesis.
1777 1069 1847 1099 Dat.
1867 1069 1950 1106 apud
1968 1068 2176 1098 Urbemvete-

1169 1135 1249 1162 rem,
1266 1135 1321 1154 xnr
1337 1125 1489 1154 kalendas
1507 1123 1700 1159 novembris,
1716 1131 1802 1152 anno
1817 1122 1917 1151 tertio.
1934 1121 2039 1160 (lbtd.)

1242 1297 1359 1325 3465

1207 1361 1402 1394 Transcriptio
1425 1359 1639 1394 privilegiorum
1661 1367 1676 1383 a
1700 1357 1851 1383 Frederico
1872 1357 2043 1391 imperatore
2064 1363 2180 1381 monas-

1172 1410 1244 1436 terio
1262 1409 1459 1435 Fossaenovae
1475 1415 1693 1434 concessorum.
1712 1406 1795 1438 (Rm.
1814 1406 1856 1436 45,
1875 1413 1901 1431 c.
1920 1405 1981 1434 467.
1999 1405 2018 1430 f.
2036 1405 2067 1431 94
2085 1407 2130 1437 r0.)

1653 1294 1779 1325 Orvieto,
1797 1293 1831 1320 ‘26
1847 1293 2010 1327 septembre
2027 1292 2108 1320 1290.

1215 1540 1236 1546 ..
1259 1517 1359 1546 abbati
1375 1521 1400 1545 et
1416 1517 1580 1545 conventui
1597 1515 1776 1544 monasterii
1793 1514 1961 1548 Fossenove,
1981 1513 2181 1541 Cz'sterct'ensis

1174 1572 1304 1607 ordinis,
1320 1571 1544 1600 Terracinensss
1558 1570 1693 1598 diocesis.
1713 1580 1724 1595 ει
1741 1568 1820 1597 Cum
1834 1577 1851 1596 a
1864 1567 1955 1596 nobis
1967 1566 2092 1605 petitur,
2107 1570 2178 1601 etc„

1176 1632 1276 1662 usque
1292 1623 1451 1652 effectum.
1474 1622 1516 1650 Ea
1532 1625 1667 1660 propter,
1689 1620 1797 1649 dilecti
1813 1620 1847 1648 in
1866 1619 2003 1648 Domino
2019 1618 2089 1654 filii,
2109 1627 2181 1647 ves-

1176 1677 1231 1706 tris
1243 1676 1339 1715 justis
1351 1674 1637 1714 supplicationibus
1651 1673 1810 1709 inclinati,
1828 1678 1935 1709 terras,
1954 1672 2180 1710 possessiones,

1176 1730 1336 1766 redditus,
1361 1738 1454 1758 usum
1474 1736 1684 1767 pascuorum,
1710 1727 1889 1761 libertates,
1914 1726 2134 1754 immunitates
2155 1729 2184 1754 et

1176 1783 1239 1813 alia
1255 1793 1317 1822 que
1335 1782 1533 1817 Fredericns,
1559 1785 1633 1810 tnnc
1651 1781 1870 1810 Romanorum
1890 1780 2072 1818 imperator,
2091 1783 2182 1808 ante-

1176 1846 1271 1876 quam
1291 1840 1372 1866 esset
1390 1845 1443 1874 per
1463 1835 1569 1864 sedem
1588 1833 1794 1873 apostolicam
1812 1832 1941 1862 vinculo
1962 1832 2182 1862 excommuni-

1177 1890 1312 1920 cationis
1328 1889 1486 1925 astrictus‚
1505 1889 1538 1917 in
1557 1896 1655 1925 regno
1671 1887 1780 1917 Sicilie
1794 1895 1831 1916 ac
1848 1886 1993 1924 imperio,
2012 1889 2102 1924 prout
2118 1895 2184 1923 per-

1177 1944 1297 1973 tinebat
1310 1942 1348 1972 ad
1360 1951 1444 1976 eum,
1459 1942 1546 1971 vobis
1558 1946 1587 1970 et
1603 1940 1798 1970 monasterio
1809 1944 1912 1969 vestro
1927 1939 1977 1977 pia
1993 1938 2184 1967 liberalitate

1177 1996 1344 2032 concessit,
1359 1996 1439 2024 sicut
1450 1995 1483 2023 in
1497 1995 1565 2033 ejus
1578 1993 1755 2031 privilegiis
1767 1992 1881 2022 exinde
1893 1992 2042 2022 confectis
2057 1991 2184 2030 plenius

1177 2050 1376 2085 continetur,
1406 2048 1445 2078 ad
1480 2048 1581 2077 instar
1614 2046 1716 2076 felicis
1753 2044 1982 2075 recordationis
2017 2043 2183 2081 Gregorii,

1178 2102 1358 2133 Innocentii
1375 2106 1404 2131 et
1421 2100 1613 2136 Alexandri,
1634 2099 1895 2138 predecessorum
1914 2101 2106 2130 nostrorum,
2123 2097 2185 2126 Ro-

1177 2165 1345 2187 manorum
1365 2155 1562 2194 pontificum,
1581 2153 1670 2183 vobis
1687 2157 1716 2182 et
1733 2162 1787 2191 per
1803 2161 1856 2181 vos
1870 2151 1973 2181 eidem
1990 2149 2185 2180 monasterio

1126 2232 1128 2235 .
1177 2210 1362 2240 auctoritate
1377 2208 1545 2246 apostolica
1564 2207 1807 2241 confirmamus,
1827 2209 1903 2241 etc.‚
1924 2214 2024 2242 usque
2039 2212 2185 2233 commu-

1178 2263 1298 2293 nimus.
1318 2262 1368 2291 Ad
1385 2261 1539 2299 majorem
1556 2265 1662 2289 antem
1680 2259 1725 2288 rei
1745 2258 1938 2288 evidentiam
1957 2262 2099 2287 tenorem
2118 2256 2184 2295 pri-

1178 2316 1369 2353 vilegiorum
1399 2315 1539 2353 ipsorum
1566 2313 1604 2342 de
1632 2312 1728 2341 verbo
1754 2311 1791 2340 ad
1822 2311 1955 2340 verbuni
1987 2309 2186 2348 presentibus

1178 2369 1313 2399 fecimus
1328 2366 1487 2402 annotari,
1508 2366 1564 2404 qui
1581 2365 1652 2395 talis
1668 2369 1715 2393 est
1734 2377 1739 2393 ε

1220 2434 1232 2449 α
1259 2421 1466 2457 Fredericus,
1488 2420 1597 2448 divina
1622 2419 1747 2448 favente
1772 2418 1942 2447 clementia
1966 2417 2186 2446 Romanorum

1181 2488 1193 2503 n
1218 2476 1391 2514 imperator
1410 2483 1535 2512 semper
1557 2476 1721 2510 augustus,
1741 2471 1930 2502 Jerosolime
1949 2475 1977 2500 et
1994 2469 2102 2500 Sicilie
2119 2478 2184 2498 rex.

1181 2542 1194 2557 »
1220 2530 1256 2559 In
1276 2528 1434 2558 eminenti
1458 2527 1536 2557 solio
1559 2525 1736 2564 imperialis
1754 2524 1907 2554 culminis
1925 2523 2103 2559 constituti,
2124 2530 2187 2561 quo

1181 2595 1195 2611 n
1220 2581 1371 2621 subjectis
1388 2580 1523 2618 imperio
1541 2583 1647 2609 nostro
1661 2578 1786 2617 populis
1799 2582 1946 2607 tenemur
1961 2586 2041 2615 equa
2058 2576 2143 2614 pacis
2158 2580 2188 2605 et

1182 2648 1194 2664 n
1217 2635 1342 2675 justitie
1365 2634 1584 2663 moderatione
1612 2633 1779 2671 proficere,
1804 2632 1955 2661 docemur
1981 2629 2188 2660 ecclesiarum

1182 2703 1195 2717 n
1221 2689 1279 2718 Dei
1305 2697 1341 2717 ac
1366 2688 1508 2716 virorum
1535 2685 1758 2723 religiosorum
1783 2685 1817 2713 in
1845 2684 1888 2713 eis
1911 2683 2096 2721 degentium
2123 2681 2188 2712 cle-

1183 2754 1196 2769 »
1222 2744 1345 2771 menter
1360 2739 1530 2777 invigilare
1546 2738 1735 2777 profectibus
1753 2741 1800 2773 et,
1823 2740 1857 2766 ut
1874 2745 1984 2766 eorum
2003 2739 2102 2765 status
2121 2744 2189 2764 ser—

1184 2807 1198 2822 »
1223 2799 1314 2824 vetur
1329 2793 1509 2831 integritas,
1527 2792 1566 2821 ob
1584 2790 1674 2821 illius
1690 2791 1838 2820 virtutem
1861 2790 1930 2828 (ms.
1950 2787 2119 2827 virtutum)
2134 2797 2189 2826 per

1183 2861 1197 2875 »
1222 2857 1317 2886 quern
1348 2856 1437 2884 reges
1461 2849 1490 2875 et
1516 2853 1614 2883 regna
1639 2844 1828 2880 consistunt,
1854 2842 1967 2872 collata
1993 2842 2114 2872 dudum
2142 2842 2190 2871 eis

1184 2914 1197 2929 ι»
1222 2906 1328 2931 nostre
1346 2899 1543 2929 liberalitatis
1558 2897 1715 2927 beneficia
1734 2905 1815 2926 nova
1831 2896 1932 2934 gratie
1947 2904 1983 2925 ac
1999 2895 2097 2933 digne
2114 2903 2186 2933 pro-

1184 2968 1197 2982 »
1223 2953 1356 2984 visionis
1389 2952 1547 2982 soliditate
1578 2951 1725 2985 firmare,
1757 2958 1797 2980 ne
1826 2957 1973 2987 processu
2008 2952 2188 2987 temporum

1192 3020 1197 3033 ›
1224 3007 1320 3047 possit
1336 3007 1369 3035 in
1386 3005 1479 3035 bonis
1494 3005 1561 3034 suis
1577 3004 1736 3034 cultorum
1753 3003 1810 3032 Dei
1827 3002 1945 3032 turbari
1961 3001 2186 3040 tranquillitas,

1185 3073 1198 3089 n
1224 3060 1287 3090 nisi
1303 3068 1358 3098 per
1380 3057 1579 3097 imperialem
1595 3056 1799 3087 clementiam
1823 3064 1878 3094 pro
1899 3055 2058 3094 exigentia
2080 3063 2189 3084 rerum

2015 3121 2048 3148 68
