2477 3637
213 382 271 413 210
961 372 1198 404 REGISTRES
1221 372 1275 402 DE
1298 370 1482 402 NICOLAS
1504 371 1562 401 IV.

213 448 275 478 cim
291 455 392 476 annos
410 449 520 480 natus,
539 447 568 472 et
588 446 694 480 postea
709 440 747 470 de
765 439 958 478 Moydrisie,
977 438 1015 468 de
1031 438 1219 477 Achnetyg,

212 501 252 531 de
269 505 370 530 castro
387 497 558 528 Ocouheur
573 500 603 524 et
619 495 656 524 de
672 493 884 532 Tyrnactnin,
902 491 1126 527 Cassellensis,
1146 492 1221 521 Lao-

213 555 338 589 nensis,
360 550 550 581 'I'uameusis
570 554 600 578 et
625 547 797 577 Aladensis
822 546 1034 582 dioecesium,
1056 545 1175 583 recepit
1191 549 1221 574 et

212 606 346 638 insimul
375 604 531 639 detinuit,
563 610 620 631 nec
653 610 685 630 se
718 600 751 630 in
785 599 1006 638 presbyterum
1040 598 1219 637 promoveri

212 661 295 691 fecit.

252 726 263 740 α
288 711 487 742 Constitutus
503 708 624 738 dudum
641 708 713 738 in...
732 723 770 728 —
788 707 858 737 Dat.
876 706 992 741 Reate,
1010 715 1050 735 xv
1066 704 1220 735 kalendas

207 766 309 806 Junii,
330 772 415 793 anuo
432 762 582 792 secundo.
609 774 622 787 υ

279 925 365 954 9⁸23
556 919 928 953 Saintc-Marie-Majcure,
945 918 960 945 6
979 917 1047 944 avril
1068 916 1146 944 1289.

245 989 287 1016 De
311 985 493 1014 contentione
518 985 590 1010 inter
617 983 823 1009 monasterium
849 980 946 1007 Sancti
962 979 1221 1006 EvurtiiAurelia-

209 1046 298 1065 nense
326 1040 353 1062 et
381 1034 549 1070 episcopum
579 1036 607 1059 ct
634 1032 791 1066 capitulum
814 1030 1040 1057 Aurelianenses
1067 1028 1149 1061 (Rae.
1168 1028 1218 1060 44,

208 1095 234 1114 c.
251 1087 317 1119 251,
336 1085 354 1111 f.
376 1084 418 1111 161
439 1090 479 1113 1·⁰;
498 1081 564 1108 Lar.
582 1090 616 1108 nu
631 1080 739 1111 Tuam,
757 1079 798 1112 ΙΙ,
819 1079 888 1111 129.)

256 1188 421 1218 Venerabili
432 1187 528 1223 fratri
540 1208 559 1214 ..
574 1185 705 1222 episcopo
717 1183 944 1212 Aurelianensi.
959 1193 973 1207 α
989 1180 1054 1211 Sua
1070 1180 1162 1210 nobis
1173 1179 1220 1209 di-

209 1242 281 1272 lecti
298 1240 356 1270 filii
378 1264 397 1269 ..
414 1238 510 1268 abbas
527 1243 555 1267 et
571 1241 748 1267 conventus
764 1235 950 1265 monasterii
968 1233 1077 1264 Sancti
1092 1232 1219 1263 Evurtii

208 1292 466 1326 Aurelianensis,
483 1291 607 1321 ordinis
627 1290 658 1320 S.
677 1289 871 1326 Augustini,
889 1288 1040 1327 petitione
1059 1291 1219 1317 monstra-

208 1352 284 1378 runt
300 1345 383 1385 quod
402 1346 482 1375 boue
497 1344 650 1373 memorie
669 1366 688 1372 ..
708 1343 885 1381 episcopus,
900 1342 1040 1371 decanus
1056 1345 1086 1371 et
1101 1341 1220 1379 capitu-

207 1400 276 1431 lum
300 1398 554 1429 Aurelianenses
572 1397 693 1427 eisdem
709 1396 817 1426 abbati
835 1399 866 1425 et
885 1394 1075 1431 couventui,
1095 1394 1220 1432 pietatis

208 1453 341 1488 iutuitu,
357 1452 415 1481 sub
432 1461 468 1481 ea
484 1451 588 1481 forma
605 1450 748 1489 ejusdem
766 1449 898 1479 ecclesie
910 1449 1144 1488 prebendarum
1160 1457 1220 1478 an-

208 1506 319 1537 nualia
335 1509 561 1535 concesserunt
576 1508 620 1540 ut,
635 1503 904 1542 quandocumque
920 1506 949 1532 et
965 1511 1000 1531 ex
1016 1510 1220 1540 quacumque

207 1569 304 1591 causa
317 1569 353 1589 ex
371 1563 446 1588 tunc
461 1557 603 1597 aliquam
616 1557 811 1596 prebendam
823 1556 1023 1593 contingeret
1038 1555 1071 1584 in
1086 1554 1220 1585 ecclesia

208 1613 349 1653 predicta
365 1620 493 1648 vacare,
513 1611 591 1641 dicti
608 1611 704 1641 abbas
720 1614 750 1640 et
771 1614 948 1640 conventus
963 1610 1085 1639 fructus
1102 1614 1132 1638 et
1151 1617 1220 1648 pro-

208 1671 323 1697 ventus
338 1666 437 1704 ipsius
450 1664 610 1703 prebende
621 1673 678 1703 per
689 1672 789 1694 unum
807 1672 930 1693 annum
944 1663 1069 1701 integre
1079 1671 1115 1693 eo
1127 1663 1220 1693 modo

209 1721 409 1761 perciperent
421 1724 451 1748 et
461 1718 617 1748 haberent
627 1726 691 1756 quo
702 1721 776 1747 ante
787 1717 986 1747 vacationem
998 1717 1142 1756 ejusdem
1152 1726 1219 1756 pre-

210 1773 315 1804 bende
331 1772 505 1803 canonicus
518 1771 662 1810 ejusdem
675 1770 807 1801 ecclesie
820 1771 1014 1809 prebendam
1026 1771 1129 1810 ipsam
1142 1771 1221 1801 obti-

211 1835 293 1857 nens
309 1826 429 1856 fructus
442 1825 634 1864 percipiebat
648 1824 788 1862 eosdem,
802 1825 867 1854 sive
884 1829 920 1854 ut
936 1824 1084 1854 assiduus
1101 1825 1135 1854 in
1151 1825 1222 1864 ipsa

212 1880 346 1912 ecclesia
364 1879 430 1908 sive
448 1878 597 1908 foraneus
613 1877 794 1914 haberetur,
813 1882 842 1907 et
862 1877 956 1916 quod,
978 1878 1005 1907 si
1021 1879 1223 1916 contingeret

211 1936 295 1973 ipsos
312 1934 494 1972 episcopum
509 1956 515 1967 ,
532 1931 689 1961 decanum
709 1935 739 1961 et
753 1931 928 1970 capitulum
950 1932 1145 1970 prebendam
1161 1932 1222 1962 ali-

211 1996 311 2027 quam
328 1986 465 2025 predicte
481 1985 615 2015 ecclesie
625 1985 723 2015 alicui
738 1984 870 2015 cenobio
886 1985 1069 2021 concedere,
1081 1985 1130 2015 vel
1142 1985 1221 2016 alias

211 2041 246 2071 in
275 2040 343 2079 pios
373 2048 450 2068 usus
473 2042 623 2077 perpetuo
652 2037 815 2076 deputare,
833 2046 889 2076 pro
909 2037 1044 2067 annuali
1060 2039 1221 2077 prebende

211 2102 359 2124 concesse
378 2102 433 2122 seu
450 2092 598 2130 deputate
616 2090 729 2128 taliter,
757 2090 795 2120 ad
815 2095 934 2120 certam
951 2092 1221 2130 recompensatio-

213 2156 287 2177 nem
317 2146 447 2186 prefatis
475 2145 581 2175 abbati
605 2149 635 2175 et
655 2144 827 2175 conventui
851 2148 1054 2181 tenerentur,
1079 2146 1220 2184 proutin

212 2199 395 2240 patentibus
414 2198 530 2228 litteris
547 2198 621 2228 inde
637 2198 801 2234 confectis,
821 2197 978 2227 dictorum
995 2199 1144 2237 episcopi,
1165 2199 1221 2229 de-

211 2253 286 2284 cani
302 2258 332 2282 et
347 2252 478 2291 capituli
495 2251 610 2289 sigillis
623 2252 767 2288 munim,
780 2251 1030 2289 diciturplenius
1045 2253 1219 2291 contineri,

212 2307 316 2337 felicis
353 2314 479 2345 quoque
518 2305 745 2335 recordationis
784 2305 965 2343 Rogemus,
999 2306 1162 2336 Adrianus
1193 2312 1224 2338 et

212 2360 396 2391 Alexander
414 2359 498 2395 IIII,
517 2359 756 2398 predecessores
783 2359 883 2389 nostri
901 2359 1025 2389 romani
1041 2361 1220 2398 pontificeS,

211 2413 296 2454 quod
315 2422 410 2452 super
428 2413 491 2442 hiis
506 2413 546 2442 ab
561 2413 682 2442 eisdem
698 2412 856 2452 episcopo,
873 2412 993 2443 decano
1010 2437 1016 2449 ‚
1038 2418 1067 2444 et
1085 2414 1223 2453 capitulo

213 2466 349 2497 totaliter
364 2470 469 2496 actum
487 2466 590 2495 extitit
615 2469 720 2495 ratum
742 2465 895 2496 habentes
922 2470 952 2495 et
976 2470 1124 2504 gratum,
1142 2467 1222 2498 illud

212 2529 268 2559 per
280 2528 390 2550 eorum
403 2518 525 2549 litteras
539 2528 574 2548 ex
587 2523 672 2549 certa
681 2519 815 2549 scientia
828 2519 1069 2550 confirmarunt.
1085 2521 1221 2559 Verum,

212 2582 286 2603 cum
302 2572 444 2611 aliquam
471 2572 666 2610 prebendam
681 2571 818 2611 alicujus
834 2573 982 2603 canonici
1000 2573 1132 2604 ecclesie
1150 2583 1220 2613 pre-

213 2626 315 2662 dicte,
333 2626 385 2655 cui
404 2629 450 2655 cst
475 2635 512 2655 ex
538 2625 663 2655 indulto
686 2625 857 2664 apostolice
875 2626 958 2656 sedis
978 2635 1165 2658 concessum
1190 2633 1224 2658 ut

214 2680 333 2709 fructus
350 2683 379 2708 et
403 2682 575 2717 proventus
600 2679 700 2717 ipsius
718 2679 879 2718 prebende
902 2679 936 2708 in
958 2679 1104 2710 absentia
1121 2690 1222 2720 usque

213 2732 252 2761 ad
269 2731 398 2770 aliquod
415 2737 535 2761 certum
561 2733 712 2770 temporis
737 2732 894 2771 spatium,
919 2733 1092 2764 cotidianis
1114 2734 1222 2764 distri-

214 2784 396 2814 butionibus
415 2784 579 2814 dumtaxat
597 2785 752 2823 exceptis,
772 2785 933 2824 percipere
949 2786 1052 2816 valeat
1076 2796 1112 2817 ac
1141 2788 1169 2818 si
1188 2788 1223 2818 in

214 2837 325 2867 eadem
354 2837 486 2867 ecclesia
514 2838 724 2876 personaliter
748 2839 914 2877 resideret,
933 2839 1018 2870 infra
1034 2840 1223 2880 hujusmodi

215 2890 311 2920 etiam
329 2894 451 2927 teinpus
468 2900 578 2921 vacare
593 2892 770 2930 contingit,
785 2892 866 2922 >dicti
884 2915 904 2922 ..
929 2893 1069 2924 decanus
1092 2897 1121 2924 et
1137 2895 1223 2934 capi-

195 2952 199 2956 ·
216 2942 318 2973 tulum
348 2943 500 2973 annualia
536 2944 636 2982 ipsius
672 2945 831 2984 prebende
866 2946 965 2976 unius
994 2947 1095 2985 anni,
1132 2952 1224 2987 prout

215 2996 281 3035 ipse
296 2996 469 3025 canonicus
503 2998 693 3036 percipiebat
725 2999 847 3035 eadem,
875 2999 1024 3038 predictis
1055 3001 1162 3031 abbati
1193 3004 1223 3031 et

214 3049 386 3080 conventui
413 3049 573 3080 exhibere.
608 3060 662 3090 pro
687 3052 884 3083 annualibus
917 3053 1050 3093 insuper
1077 3054 1223 3093 ejusdem

1304 437 1463 477 prebende
1476 437 1576 476 ipsius
1588 435 1730 473 ecclesie,
1744 444 1841 475 quam
1855 436 1889 465 in
1902 441 2112 474 augmentum
2128 437 2310 468 reddituum

1303 490 1401 530 partis
1425 490 1654 520 canonicorum
1680 489 1824 528 ejusdem
1851 489 1982 519 ecclesie
2009 495 2157 529 perpetuo
2182 490 2313 530 deputa-

1303 548 1390 580 runt,
1418 542 1749 582 recompensationem
1778 542 1920 572 debitam
1955 543 2000 572 eis
2026 543 2128 574 facere
2155 543 2313 582 denegant

1304 598 1411 627 minus
1427 598 1530 636 juste,
1550 595 1630 626 alias
1653 595 1775 626 eisdem
1792 596 1898 626 abbati
1927 601 1958 626 et
1977 597 2151 627 conventui
2175 597 2314 637 dampna

1302 650 1412 689 gravia
1428 655 1457 680 et
1473 650 1517 689 inj
1525 650 1609 680 urias
1627 649 1810 687 irrogando.
1826 649 1932 686 Quare
1948 649 2060 688 prefati
2077 650 2174 680 abbas
2189 655 2220 681 et
2234 659 2327 682 con-—

1302 708 1417 733 ventus
1435 703 1527 733 nobis
1544 702 1711 732 humiliter
1734 702 1958 742 supplicarunt
1983 707 2033 740 ut,
2061 711 2132 733 cum
2155 703 2201 733 eis
2222 703 2312 735 valde

1302 756 1543 795 dispendiosum
1561 756 1711 786 existeret
1726 764 1822 794 super
1837 755 2004 794 premissis
2025 764 2098 786 cum
2122 756 2243 787 eisdem
2258 756 2333 793 ‹ie-4,

1303 818 1382 840 cano
1394 815 1424 840 et
1439 809 1577 849 capitulo
1593 810 1627 839 iu
1645 809 1711 839 illis
1727 809 1871 848 partibus
1886 809 2026 847 litigare,
2044 818 2140 849 super
2155 810 2219 840 hiis
2234 809 2312 850 ipsis

1303 863 1447 893 exhiberi
1466 863 1626 903 justitiam
1647 862 1731 902 apud
1757 862 1865 893 sedem
1889 862 2094 901 apostolicam
2122 863 2310 895 faceremus.

1302 917 1456 953 Quocirca
1481 917 1673 947 fraternitati
1694 921 1745 946 tue
1763 925 1817 955 per
1843 915 2015 955 apostolica
2035 917 2152 956 scripta
2179 917 2311 948 manda-

1302 979 1374 1000 mus
1393 975 1551 1009 quatenus
1563 993 1571 1007 ‚
1590 970 1732 1009 partibus
1752 970 1935 1000 convocatis
1947 992 1955 1006 ,
1981 978 2111 1000 causam
2128 969 2312 1010 hujusmodi

1302 1022 1413 1054 audias
1429 1027 1459 1053 et
1474 1032 1544 1053 eam
1560 1023 1646 1053 infra
1660 1023 1758 1053 unius
1772 1023 1850 1053 anni
1861 1023 1999 1062 spatium
2015 1027 2085 1062 post
2098 1020 2312 1062 receptionem

1302 1077 1502 1116 presentium
1514 1077 1647 1116 judicio,
1666 1077 1728 1113 vel,
1741 1076 1769 1105 si
1787 1076 1826 1107 de
1845 1077 1983 1116 partium
2006 1076 2171 1107 voluntate
2187 1084 2312 1116 proces·-

1303 1131 1390 1167 serit,
1408 1130 1588 1168 concordia,
1607 1131 1780 1160 terminare
1797 1138 1957 1168 procures,
1977 1129 2097 1160 faciens
2107 1129 2192 1169 quod
2208 1129 2325 1161 decre--

1302 1185 1387 1214 veris
1419 1194 1474 1223 per
1498 1193 1668 1214 censuram
1698 1183 1948 1214 ecclesiasticam
1976 1183 2112 1214 firmiter
2138 1183 2330 1215 observari.·

1302 1238 1411 1268 Testes
1446 1242 1554 1268 autem
1586 1242 1644 1268 etc.
1685 1238 1839 1277 Alioquin
1873 1247 1909 1267 ex
1943 1242 2019 1268 tunc
2047 1246 2176 1267 causam
2198 1237 2312 1277 ipsam,

1302 1292 1494 1322 instructam
1509 1291 1560 1321 vel
1577 1300 1638 1322 nou
1656 1291 1857 1326 instructam,
1869 1291 1908 1321 ad
1920 1290 2090 1330 apostolice
2104 1290 2188 1321 sedis
2203 1291 2329 1322 remib.
2352 1295 2353 1298 ’
2402 1329 2404 1336 Ι

1304 1350 1349 1376 tas
1365 1355 1498 1379 examen
1510 1369 1518 1383 ‚
1537 1345 1656 1384 prefixo
1672 1346 1814 1385 partibus
1840 1346 1918 1384 ipsis
1944 1345 2083 1375 termino
2104 1344 2330 1384 peremptorio.

1302 1399 1508 1438 competenti,
1521 1408 1584 1438 quo
1597 1409 1652 1438 per
1663 1408 1697 1428 se
1708 1398 1758 1429 vel
1776 1408 1830 1438 per
1841 1403 2060 1438 procuratores
2076 1398 2228 1438 ydoneos.
2241 1406 2315 1428 cum

1301 1453 1454 1484 omnibus
1471 1453 1550 1484 actis
1562 1453 1711 1492 ,juribus
1738 1458 1768 1484 et
1792 1453 2004 1483 munimentis
2021 1453 2088 1483 suis
2109 1452 2227 1483 dictam
2243 1460 2330 1483 cau-u

1303 1516 1371 1538 sam
1391 1507 1673 1546 contingentibus,
1694 1506 1866 1546 apostolico
1883 1515 1916 1536 se
1932 1507 2116 1546 conspectui
2149 1514 2314 1545 represen-
2348 1489 2366 1547 'f

1304 1565 1382 1598 tent,
1399 1561 1520 1591 facture
1534 1564 1564 1591 et
1580 1565 1746 1600 receptore
1762 1569 1857 1599 super
1873 1560 1938 1590 hiis
1955 1559 2040 1599 quod
2056 1559 2133 1591 ordo
2148 1558 2316 1590 dictaverit
2351 1561 2366 1586 ὃ

1303 1615 1446 1645 rationis.
1458 1614 1554 1644 Diem
1571 1622 1646 1644 vero
1664 1613 1824 1644 citationis
1892 1613 1964 1643 Dat.
1983 1613 2097 1649 Rome,
2117 1611 2203 1652 apud
2220 1611 2316 1643 Sanc·
2336 1596 2366 1648 ’.1,

1304 1672 1368 1698 tam
1388 1668 1526 1698 Mariam
1542 1667 1710 1706 Majorem,
1728 1676 1786 1697 vm
1806 1667 1878 1697 idus
1892 1665 2014 1706 aprilis,
2027 1674 2114 1697 anno
2129 1665 2282 1697 secundo.
2297 1677 2312 1694 n
2332 1630 2366 1703 '³3

1375 1827 1565 1856 aso-981
1928 1825 2019 1857 Rieti,
2037 1824 2070 1852 ‘32
2083 1825 2148 1860 juin
2164 1824 2243 1852 1289.

1340 1890 1459 1917 Collatio
1483 1889 1616 1916 beneficii
1631 1892 1659 1915 et
1674 1888 1851 1924 dispensatio
1872 1897 1961 1923 super
1983 1889 2143 1924 pluralitate
2160 1887 2314 1916 beneficio·
2343 1897 2358 1919 ,μ

1304 1947 1378 1966 rum.
1396 1939 1479 1972 (Rea.
1498 1939 1529 1965 44
1542 1959 1548 1969 ‚
1565 1946 1590 1965 c.
1608 1938 1677 1972 252,
1695 1938 1714 1964 f.
1733 1944 1774 1971 1·⁰;
1792 1937 1858 1964 Lar.
1877 1947 1912 1965 nu
1927 1937 2026 1969 Tasta,
2043 1936 2088 1969 11,
2108 1936 2182 1970 131.)

1343 2043 1449 2081 Eqidio
1464 2040 1610 2079 Aycelini,
1625 2041 1711 2078 juris
1729 2041 1830 2070 civilis
1841 2041 2018 2078 professori,
2033 2039 2189 2078 capellano
2200 2043 2312 2076 nostro,
2328 2037 2360 2058 ³²,

1303 2097 1448 2126 canonico
1465 2095 1633 2132 Bajocensi.
1648 2106 1662 2121 «
1679 2093 1862 2133 Apostolice
1877 2093 1961 2124 sedis
1977 2093 2201 2132 benignitas...
2216 2092 2316 2125 Cano-
2344 2096 2359 2114 ³

1304 2148 1445 2177 nicatum
1463 2146 1596 2176 ecclesie
1614 2146 1810 2185 Bajocensis,
1822 2155 1895 2176 cum
1905 2145 2108 2184 plenitudine
2121 2145 2204 2185 juris
2218 2152 2313 2176 cano-

1304 2201 1382 2239 nici,
1400 2199 1568 2239 apostolica
1584 2200 1774 2230 auctoritate
1790 2200 1848 2230 tibi
1864 2199 2062 2230 conserimus
2073 2189 2334 2238 etprovidemusss⁴

1304 2255 1344 2285 de
1362 2254 1427 2289 illo,
1446 2258 1540 2292 teque
1555 2253 1594 2283 de
1609 2253 1677 2292 ipso
1693 2262 1748 2292 per
1766 2257 1913 2283 nostrum
1930 2253 2066 2283 anulum
2082 2251 2356 2292 presentialiter-0

1305 2307 1514 2343 investimus,
1554 2306 1750 2345 prebendam
1783 2315 1909 2346 quoque
1937 2306 2099 2345 integram
2121 2314 2186 2337 non
2212 2314 2314 2337 sacer-
2327 2295 2357 2327 *3⁴

1306 2361 1441 2392 dotalem
1458 2365 1488 2391 et
1498 2360 1688 2398 dignitatem
1706 2369 1764 2390 seu
1776 2364 1996 2399 personatum,
2008 2369 2083 2391 cum
2097 2368 2174 2391 cura
2186 2348 2362 2394 velsinezff'

1305 2424 1392 2452 cura,
1412 2413 1495 2444 nulli
1511 2413 1567 2443 alii
1585 2413 1624 2443 de
1637 2414 1710 2453 jure
1726 2413 1865 2452 debitos,
1882 2422 1963 2453 quos
1979 2413 2178 2454 conjunctim
2196 2412 2246 2444 vel
2267 2411 2315 2444 di·
2348 2415 2355 2444 ς

1304 2468 1401 2498 visim
1417 2467 1547 2497 duxeris
1565 2467 1793 2505 acceptandos,
1817 2467 1885 2497 sive
1903 2467 1929 2496 si
1945 2466 2107 2506 prebenda
2122 2467 2191 2506 ipsa
2205 2465 2314 2506 hujus·

1305 2522 1391 2553 modi
1413 2521 1562 2559 dignitati
1584 2519 1633 2550 vel
1662 2521 1846 2559 personatui
1871 2521 1913 2550 sit
1932 2529 2077 2557 annexa,
2099 2520 2167 2551 sive
2185 2527 2248 2551 non
2261 2542 2269 2556 ,
2287 2511 2361 2551 εἰμ’

1305 2574 1551 2606 vacantibidem
1568 2573 1607 2603 ad
1626 2582 1775 2612 presens,
1794 2573 1844 2604 vel
1859 2573 2102 2613 quamprimum
2127 2582 2180 2605 eos
2203 2580 2327 2604 vacare⁴
2342 2566 2353 2577 ”

1304 2628 1482 2666 contigerit,
1500 2626 1709 2657 conferendos
1730 2626 1787 2657 tibi
1803 2627 1968 2658 donationi
1985 2626 2158 2666 apostolice
2177 2627 2358 2657 reserva-*A

1305 2691 1387 2712 mus.
1406 2680 1557 2711 Volentes
1573 2679 1657 2719 quod
1686 2689 1760 2710 cum
1788 2681 1865 2720 ipsis
1889 2680 2047 2719 dignitate
2063 2680 2113 2710 vel
2131 2670 2349 2719 personatus?

2421 2132 2430 2156 ι,
2420 1734 2433 2109 ”W
2421 1479 2431 1720 —m—„o—‘aev-v—

2423 2270 2433 2317 ,.-⁴
2422 2229 2428 2258 -
2422 2166 2428 2214 ..-

1307 2734 1355 2765 vel
1371 2735 1442 2764 sine
1465 2733 1555 2772 ipsis,
1576 2736 1742 2763 vacantem
1764 2733 1812 2764 vel
1830 2737 2015 2764 vacaturam
2033 2732 2230 2772 prebendam
2244 2739 2348 2762 res·
2375 2735 2378 2737 ’
2403 2734 2405 2749 ³

1305 2797 1401 2827 puere
1417 2787 1533 2824 valeas,
1552 2786 1612 2823 vel,
1629 2787 1655 2816 si
1675 2787 1839 2824 malueris,
1856 2791 2034 2826 acceptare;
2049 2786 2241 2825 dignitatem
2257 2793 2314 2816 au-

1307 2845 1370 2871 tem
1386 2849 1441 2870 seu
1458 2844 1663 2879 personatum
1691 2840 1888 2879 hujusmodi,
1911 2849 1985 2870 cum
2001 2839 2164 2879 prebenda
2179 2837 2230 2869 vel
2243 2837 2327 2868 sine·

1305 2893 1466 2934 prebenda
1482 2901 1578 2932 quam
1595 2901 1669 2923 cum
1690 2893 1736 2923 eis
1752 2902 1863 2923 vacare
1878 2893 2066 2931 contigerit,
2083 2896 2177 2932 prout
2191 2889 2312 2922 malus·
2349 2927 2354 2930 ¹

1304 2947 1361 2985 ris,
1371 2946 1470 2977 libere
1480 2946 1711 2985 acceptando...
1732 2946 1804 2977 Non
1814 2946 2053 2978 obstantibus...
2067 2944 2152 2984 quod
2167 2944 2203 2974 in
2213 2941 2321 2975 ecole-

1304 3001 1351 3031 sia
1363 2999 1619 3031 Claromontensi
1637 2999 1868 3039 preposituram
1882 3003 1913 3030 et
1925 2998 2239 3034 archidiaconatum,
2257 2993 2313 3036 qui

1304 3059 1351 3086 est
1373 3054 1479 3085 eidem
1502 3053 1700 3093 prepositure
1725 3062 1889 3090 annexus,
1914 3061 1951 3084 ac
1975 3053 2010 3083 in
2034 3061 2071 3083 ea
2090 3055 2120 3082 et
2137 3050 2310 3082 Rothoma-

2421 2435 2432 2579 σιν-ν’-
2420 2379 2431 2418 aa·
2423 2333 2428 2362 .—
