2477 3637
207 400 263 431 556
955 393 1190 425 REGtSTRES
1212 393 1267 424 DE
1288 392 1473 424 NICOLAS
1497 393 1551 423 IV.

770 462 897 491 Orvieto.
917 461 947 488 12
964 469 1040 487 mars
1060 461 1135 487 tim.

248 528 283 556 lu
302 537 328 556 e.
347 537 389 556 tn.
407 526 538 562 eisdem,
557 534 610 564 pro
625 524 798 555 cathedrali
815 524 946 554 ecclesia
961 522 1159 557 Lexoviensi,
1173 522 1206 551 in

205 580 358 611 honorem
381 579 412 609 S.
437 579 521 608 Petri
538 578 668 617 apostoli
690 582 884 614 constructa,
906 578 937 607 in
960 577 1066 607 beatae
1089 576 1208 606 Mariae

204 634 340 671 virginis
357 637 386 662 et
402 636 581 661 sauctorum
601 632 696 666 Petri,
717 631 826 661 Ursini
843 636 872 660 et
888 630 1041 669 Stephani
1057 629 1206 659 [estivita-

205 686 286 716 tibus
304 690 333 715 et
352 695 407 724 per
420 689 488 715 octo
505 685 572 714 dies
587 689 765 723 sequentes.

245 751 258 767 ι
276 739 355 769 Cum
372 739 409 768 ad
425 738 670 776 premerenda...
688 755 725 758 —
742 739 811 767 Dat.
829 737 911 775 apud
932 737 1204 771 Urbemveterem,

204 801 249 821 1111
267 791 337 821 idus
354 791 471 821 martii.
489 798 574 820 auno
590 795 711 829 quarto.
732 802 745 816 n

763 871 888 902 Orrieto,
911 871 946 897 1ετ
962 879 1038 897 mars
1059 870 1132 897 t‘29t.

244 934 279 963 ln
292 943 319 963 e.
336 943 378 962 m.
394 933 526 969 eisdem,
542 943 596 972 pro
611 933 743 963 ecclesia
754 933 863 964 Sancti
877 933 1004 971 Georgii
1020 932 1059 963 de
1073 933 1202 968 Vizano,

202 986 404 1017 Florentinae
419 987 582 1024 dioecesis,
600 987 632 1016 in
649 988 681 1017 S.
698 987 839 1025 Georgii,
856 987 964 1016 beatae
981 987 1101 1016 Mariae
1119 986 1205 1023 Mag-

203 1039 335 1070 dalenae
352 1045 382 1070 et
397 1045 522 1070 sanctae
542 1041 657 1070 Luciae
673 1040 906 1071 festivitatibus.

244 1105 257 1120 α
280 1094 366 1123 Licet
381 1094 408 1123 is
427 1093 501 1124 de...
518 1110 557 1116 —
574 1094 643 1123 Dat.
660 1094 744 1133 apud
762 1094 1041 1129 Urbemveterem‚
1057 1093 1204 1123 kalendis

201 1147 318 1183 martii,
337 1155 422 1177 anno
438 1151 561 1186 quarto.
580 1160 593 1174 ι)

763 1200 894 1231 Orvieto.
914 1200 944 1227 1‘2
961 1208 1037 1227 mars
1057 1200 1131 1227 1⁶29t.

240 1262 276 1290 ln
292 1271 318 1291 e.
338 1271 380 1290 m.
396 1262 527 1299 eisdem,
542 1262 676 1292 eandem
690 1262 927 1300 indulgentiam
941 1262 1085 1292 concedit
1099 1263 1204 1300 poeni-

201 1315 339 1344 tentibus
359 1319 389 1344 et
407 1315 559 1345 confessis
578 1316 633 1354 qui
652 1316 690 1345 ad
712 1338 733 1345 ..
755 1315 944 1353 magistrum
965 1319 995 1345 et
1015 1315 1126 1344 fratres
1146 1315 1202 1344 do-

200 1375 270 1395 mus
286 1366 480 1404 leprosorum
500 1367 538 1396 de
557 1368 658 1403 Putot,
682 1367 865 1397 Baiocensis
880 1367 1050 1403 dioecesis,
1068 1375 1201 1396 manum

199 1419 337 1449 caritatis
358 1421 564 1457 porrexerint.
588 1432 601 1447 «
626 1421 793 1450 Prosentes
813 1428 888 1450 vero
907 1420 1029 1450 litteras
1046 1420 1127 1450 mitti
1147 1429 1202 1459 per

199 1473 394 1511 questum-ios
410 1473 584 1503 districtius
599 1473 799 1504 inhibemus.
819 1486 832 1500 n

239 1538 251 1552 «
281 1526 439 1562 Quoniam
468 1530 501 1556 ut
525 1526 673 1559 ait...‚—
705 1527 776 1557 Dat.
804 1527 887 1566 apud
918 1527 1199 1564 Urbemveterem.

197 1588 243 1608 1111
261 1579 330 1608 idus
347 1579 464 1616 martii,
480 1588 565 1608 anuo
580 1585 704 1618 quarto.
723 1592 735 1606 v

237 1632 310 1662 Ine.
324 1641 382 1670 m.,
397 1641 452 1671 pro
470 1656 488 1661 ..
505 1633 656 1671 magistro
667 1638 698 1663 et
713 1633 864 1664 fratribus
877 1634 989 1664 domus
1002 1634 1198 1674 leprosorum

197 1686 410 1716 Lexovieusis.
427 1686 487 1724 (En
504 1686 632 1726 marga.)

764 1739 890 1774 Ort-icto,
910 1742 941 1768 15
957 1750 1033 1769 mars
1050 1743 1128 1770 1291.

236 1803 271 1832 ln
289 1811 317 1833 e.
330 1811 387 1838 m..
402 1811 491 1842 pro..
506 1804 657 1840 magistro
669 1807 699 1833 et
710 1803 860 1834 fratribus
875 1804 988 1835 domus
1002 1805 1199 1845 leprosorum

196 1856 300 1886 Sancti
321 1855 449 1893 Georgii
472 1855 510 1885 de
533 1856 793 1895 Bauquiervilla,
818 1857 1086 1896 Rothomagensis
1109 1859 1198 1890 dioe-

196 1910 287 1940 cesis.
318 1910 388 1939 Dat.
415 1909 498 1948 apud
525 1909 807 1947 Urbemveterem,
833 1911 940 1941 idibus
967 1913 1090 1949 martii,
1115 1923 1200 1944 anno

195 1966 317 2002 quarto.
337 1961 439 2001 (Ibid.)

235 2017 271 2045 In
291 2024 318 2046 e.
338 2025 400 2046 m..
418 2024 474 2054 pro
495 2040 514 2046 ..
537 2016 690 2053 magistro
711 2021 741 2046 et
761 2017 914 2048 fratribus
930 2018 1042 2049 domus
1060 2019 1199 2058 leproso-

194 2078 264 2099 rum
279 2069 317 2099 de
334 2069 440 2100 Monte
459 2070 667 2108 Leprosorum
681 2071 771 2109 juxta
788 2071 1035 2110 Rothomagum.
1054 2073 1157 2112 (Ibid.)

234 2123 271 2152 In
295 2131 322 2152 e.
350 2131 413 2158 m.,
436 2131 493 2161 pro
519 2145 539 2154 ..
562 2123 713 2161 magistro
736 2128 765 2153 et
788 2124 939 2155 fratribus
959 2125 1073 2156 domus
1096 2127 1199 2166 lepro-

193 2183 300 2205 sorum
331 2175 440 2205 Sancti
468 2175 607 2205 Romaui
639 2176 678 2205 de
710 2176 898 2214 Colobosco,
927 2178 1198 2217 Rothomagensis

194 2227 356 2258 dioecesis.
375 2228 480 2267 (Ibid.)

777 2282 904 2318 Orvieto,
922 2285 936 2311 7
953 2292 1029 2311 mars
1047 2285 1124 2312 1291.

233 2346 268 2375 In
292 2354 319 2375 e.
344 2354 386 2374 m.
412 2344 547 2375 eandem
567 2345 803 2383 indulgentiam
823 2347 969 2377 concedit
990 2348 1197 2380 visitantibus

192 2399 356 2429 ecclesiam
373 2399 536 2437 hospitalis
553 2399 660 2430 Sancti
674 2400 789 2430 Jacobi
802 2401 841 2430 ad
854 2400 1006 2431 Sanctum
1021 2403 1194 2434 Eusebium

191 2452 303 2482 domus
321 2451 515 2490 leprosorum
537 2453 624 2490 juxta
648 2453 859 2490 Florentiam,
881 2454 914 2483 in
937 2460 1119 2486 sanctorum
1139 2457 1195 2487 Ja-

190 2506 258 2536 cobi
278 2510 308 2535 et
330 2505 459 2535 Eusebii
480 2505 721 2543 festivitatibus,
738 2507 771 2536 in
788 2508 947 2538 dominica
962 2508 1014 2539 die
1032 2510 1195 2542 Passionis

189 2562 219 2589 et
234 2568 288 2598 per
303 2563 372 2589 octo
387 2558 456 2588 dies
474 2564 654 2598 sequentes.

231 2624 243 2639 α
272 2612 358 2642 Licet
378 2612 406 2641 is
428 2611 504 2641 de...
530 2628 569 2633 —
594 2613 664 2643 Dat.
690 2614 772 2651 apud
797 2614 1076 2654 Urbemveterem‚
1099 2619 1194 2649 nonis

188 2664 306 2701 martii,
322 2673 407 2695 anno
422 2668 543 2703 quarto.
563 2677 577 2693 ιι
596 2665 700 2706 (Ibid.)

755 2734 881 2768 Orvieto,
902 2735 931 2762 18
949 2744 1024 2763 mars
1044 2737 1118 2765 1991.

229 2794 263 2823 ln
286 2803 312 2824 e.
332 2803 395 2830 m.,
415 2802 470 2832 pro
490 2794 621 2825 ecclesia
643 2819 662 2826 ..
682 2796 861 2827 abbatissae
882 2804 912 2827 et
930 2804 1105 2829 conventus
1125 2809 1191 2831 mo-

187 2847 315 2877 nasterii
333 2847 465 2878 Sanctae
484 2848 602 2878 Mariae
618 2849 655 2878 de
672 2849 851 2886 Minorisci,
868 2851 993 2881 ordinis
1009 2852 1041 2882 S.
1064 2855 1190 2892 Angus-

189 2901 262 2933 tini,
283 2900 428 2930 Vicensis
449 2901 618 2937 dioecesis.
638 2902 671 2932 in
691 2902 800 2933 heatae
819 2904 938 2934 Mariae
956 2905 1090 2943 virginis
1107 2911 1136 2936 et
1156 2908 1188 2938 S.

186 2954 358 2991 Augustini
380 2953 603 2985 festivitatibus
623 2964 658 2986 ac
680 2965 734 2995 per
749 2961 816 2987 octo
832 2957 898 2987 dies
917 2964 1097 2997 sequentes,
1117 2960 1189 2990 Dat.

185 3005 268 3044 apud
287 3006 557 3045 Urbemveterem,
572 3017 611 3037 xv
628 3007 779 3038 kalendas
795 3009 915 3049 aprilis,
930 3019 1016 3041 anuo
1032 3017 1156 3050 quarto.

184 3057 289 3096 (Ιωιι.)

1333 459 1368 488 ln
1386 469 1412 489 e.
1433 468 1489 495 m.,
1507 467 1562 498 pro
1577 459 1712 489 ecclesia
1727 459 1766 489 de
1781 459 1938 495 Stracton‚
1953 459 2200 491 Saresbiriensis
2214 460 2298 492 dioe-

1290 512 1388 547 cesis,
1418 513 1451 541 in
1486 512 1594 542 beatae
1621 513 1740 543 Mariae
1767 512 1916 551 virginis,
1942 518 2126 544 sanctorum
2157 514 2243 544 Petri
2269 518 2299 545 et

1292 565 1384 594 Pauli
1410 565 1644 603 apostolorum,
1677 565 1839 595 Edmnndi
1867 566 2017 605 martyris
2042 569 2072 596 et
2102 567 2299 605 Margaretae

1289 618 1425 656 virginis
1447 618 1671 648 festivitatibus
1691 623 1722 648 et
1743 627 1800 657 per
1818 623 1887 650 octo
1905 619 1974 649 dies
1992 624 2173 658 sequentes.
2191 618 2297 660 (ibid.)

1863 698 1989 731 Orvieto‚
2005 699 2037 726 ‘zt
2057 708 2133 727 mars
2147 699 2226 727 1291.

1330 760 1367 790 In
1391 770 1418 790 e.
1442 769 1485 790 m.
1498 783 1506 797 ‚
1523 769 1580 799 pro
1595 760 1728 791 ecclesia
1747 785 1766 791 ..
1786 761 1957 800 guardiani
1976 767 2006 792 et
2022 762 2156 793 fratrum
2175 763 2297 795 ordinis

1288 815 1450 845 minorum
1473 814 1748 852 Tholosanorum,
1773 816 1806 845 in
1830 816 1940 846 beatae
1962 816 2084 846 Mariae
2108 816 2245 855 virginis
2267 821 2298 848 et

1287 873 1469 898 sanctorum
1491 868 1655 898 Francisci
1672 873 1702 898 et
1717 869 1851 899 Antonii
1867 869 2092 899 festivitatibus
2106 878 2213 909 ac-per
2227 874 2296 901 octo

1287 921 1355 951 dies
1375 926 1555 960 sequentes.
1576 921 1648 952 Dat.
1670 921 1754 961 apud
1775 921 2036 952 Urbemveterem
2050 945 2058 958 ,
2077 931 2120 952 x11
2143 922 2297 954 kalendas

1287 974 1411 1014 aprilis,
1427 983 1514 1004 anuo
1530 979 1653 1013 quarto.
1672 974 1780 1014 (Ibid.)

1358 1149 1615 1178 4552-4553
1873 1148 2004 1182 Orvieto,
2022 1149 2038 1176 8
2055 1157 2131 1177 mars
2147 1149 2226 1178 1291.

1322 1211 1441 1239 Collatio
1459 1212 1674 1239 beneficiorum.
1693 1212 1775 1245 (Rso.
1793 1212 1841 1246 46,
1858 1221 1882 1240 c.
1902 1213 1950 1248 41,
1967 1213 1986 1239 f.
2003 1213 2019 1240 8
2035 1215 2083 1246 ro.)

1326 1315 1468 1355 Magistro
1493 1316 1619 1344 Waltero
1642 1315 1675 1344 de
1695 1316 1863 1353 Εαηςειοη,
1880 1316 2026 1346 canonico
2044 1316 2239 1354 Eboracensi,
2258 1315 2294 1347 Ε.

1285 1369 1371 1408 regis
1396 1369 1533 1407 Angliae
1558 1367 1690 1405 clerico,
1716 1369 1940 1399 canonicatum
1965 1373 1996 1398 et
2022 1368 2237 1407 praebendam
2261 1369 2294 1400 in

1285 1423 1420 1453 ecclesia
1435 1422 1626 1452 Eboracensi
1645 1422 1790 1452 vacantia
1807 1422 1855 1452 vel
1872 1431 1968 1461 quam
1984 1422 2129 1461 proximo
2147 1427 2297 1454 vacatura

1284 1476 1418 1507 confert.

1326 1541 1340 1556 ιι
1360 1531 1537 1559 Personam
1557 1533 1644 1558 tuam
1664 1528 1742 1560 de...
1759 1544 1799 1551 —
1820 1528 1890 1558 Dat.
1908 1529 1993 1568 apud
2010 1529 2293 1568 Urbemveterem‚

1283 1593 1339 1613 vni
1355 1582 1427 1613 idus
1444 1582 1564 1619 martii,
1579 1590 1666 1613 anno
1682 1586 1806 1621 quarto.
1828 1594 1840 1608 n

1323 1637 1360 1666 In
1378 1646 1406 1666 e.
1424 1645 1466 1666 m.
1487 1660 1507 1666 ..
1525 1636 1670 1675 episcopo
1686 1635 1830 1675 Elyensi,
1847 1659 1868 1666 ..
1882 1635 2003 1666 decano
2019 1636 2170 1667 ecclesiae
2184 1636 2296 1669 Sancti

1283 1690 1376 1721 Pauli
1396 1689 1634 1720 Londoniensis
1651 1693 1681 1719 et
1698 1689 1850 1728 magistro
1865 1689 2005 1720 Giffredo
2022 1690 2061 1720 de
2080 1691 2223 1728 Vezano,
2242 1699 2295 1722 ca—

1283 1753 1390 1774 merae
1401 1743 1591 1783 apostolicae
1603 1743 1730 1780 clerico,
1745 1743 1900 1773 canonico
1916 1742 2152 1782 Cameracensi,
2163 1744 2296 1776 mandat

1283 1801 1318 1827 ut
1335 1797 1532 1837 praedictum
1552 1796 1748 1827 Walterium
1768 1796 1803 1826 in
1822 1797 1933 1827 eadem
1955 1797 2089 1828 ecclesia
2107 1801 2141 1829 ut
2160 1799 2295 1830 canoni-

1283 1859 1356 1881 cum
1372 1854 1403 1880 et
1418 1850 1548 1880 fratrem
1566 1850 1666 1888 recipi
1683 1849 1813 1880 faciant.
2326 1844 2339 1859 '²

1325 1915 1339 1931 «
1358 1904 1535 1934 Personam
1551 1903 1662 1933 dilecti
1678 1903 1777 1934 filii...
1794 1897 1833 1924 —‘
1847 1903 1918 1933 Dat.
1938 1907 1971 1933 ut
1986 1912 2093 1943 supra.
2113 1916 2126 1932 n

1352 2083 1475 2113 4554
1875 2082 2004 2118 Orvieto‚
2020 2084 2034 2110 7
2051 2091 2129 2111 mars
2143 2084 2222 2113 129¹.

1318 2146 1503 2182 Dislwnsatio
1520 2146 1702 2173 matrimonii.
1721 2146 1804 2180 (Rso.
1822 2146 1866 2177 46,
1883 2154 1909 2173 c.
1926 2146 1969 2178 42,
1986 2146 2006 2173 f.
2023 2146 2038 2174 8
2054 2147 2101 2182 ro.)

1328 2250 1494 2279 Venerabili
1512 2251 1610 2286 fratri
1635 2272 1654 2278 ..
1678 2250 1812 2287 episcopo
1836 2249 2040 2279 Lincolniensi
2063 2249 2236 2280 committit
2258 2239 2302 2281 ut·

1280 2313 1353 2334 cum
1380 2303 1520 2334 Henrico
1542 2303 1581 2332 de
1604 2302 1816 2333 Sausthorum
1844 2307 1874 2332 et
1900 2303 2080 2341 Margareta
2104 2303 2228 2342 Hongri
2252 2302 2292 2334 de

1280 2357 1435 2396 Serveby,
1451 2365 1526 2386 suae
1538 2355 1702 2389 dioecesis,
1718 2356 1882 2395 dispenset
1893 2361 1928 2386 ut
1939 2356 1974 2386 in
1988 2356 2195 2387 matrimonio
2205 2355 2291 2396 quod

1278 2411 1355 2441 olim
1367 2435 1374 2447 ,
1391 2411 1577 2448 ignorantes
1593 2419 1626 2440 se
1641 2409 1798 2440 affinitate
1813 2419 1883 2440 esse
1900 2411 2106 2448 conjunctos,
2124 2413 2290 2441 contraxe-

1278 2469 1355 2494 runt
1370 2473 1538 2494 remanere
1552 2463 1687 2502 possint,
1702 2472 1888 2502 quanquam
1905 2463 2068 2502 quondam
2084 2464 2196 2502 Agnes
2210 2463 2290 2494 Nor·
2308 2476 2319 2507 χ

1279 2518 1385 2556 thiby‚
1409 2519 1495 2557 prior
1517 2517 1650 2547 Henrici
1677 2526 1769 2554 uxor,
1794 2517 1899 2548 eidem
1923 2517 2123 2555 Margaretae
2146 2516 2238 2548 tertio
2259 2519 2291 2548 et
2311 2514 2323 2533 ·’

1276 2577 1389 2611 quarto
1402 2572 1691 2610 consanguinitatis
1705 2571 1805 2610 gradu
1821 2571 1987 2602 attinebat.

1318 2637 1331 2652 ιι
1358 2625 1472 2655 Petitio
1493 2624 1601 2654 dilecti
1622 2624 1721 2656 filii...
1744 2640 1782 2648 -
1805 2625 1875 2655 Dat.
1901 2624 1986 2664 apud
2010 2624 2286 2662 Urbemveterem,

1276 2678 1371 2708 nonis
1387 2678 1504 2715 martii,
1522 2686 1608 2708 anno
1623 2681 1745 2717 quarto.
1765 2689 1780 2706 »

1344 2852 1463 2880 4555
1866 2850 1993 2882 Οννίεῐο,
2012 2850 2027 2878 5
2043 2858 2119 2877 mars
2136 2849 2214 2878 1291.

1311 2912 1495 2949 Dispensatio
1510 2914 1694 2941 matrimonii.
1712 2913 1796 2947 (Rso.
1813 2914 1856 2946 46,
1873 2922 1900 2942 c.
1915 2913 1960 2945 43,
1975 2913 1996 2940 f.
2015 2912 2030 2940 8
2047 2913 2094 2946 ro.)

1321 3015 1485 3046 Venerabili
1501 3017 1598 3053 fratri
1617 3039 1637 3046 ..
1656 3017 1788 3055 episcopo
1805 3016 2048 3054 Nuemburqensi
2062 3012 2234 3045 committit
2247 3015 2283 3043 ut

1273 3076 1345 3098 cum
1365 3069 1504 3100 Henrico
1519 3069 1558 3100 de
1574 3069 1668 3100 Nuliz
1684 3074 1716 3100 et
1731 3069 1899 3108 Hedewigi
1913 3068 1952 3099 de
1968 3067 2086 3106 Mosin,
2101 3075 2176 3098 suae
2191 3065 2280 3096 dioe-
