2477 3637
261 383 317 413 534
1004 372 1239 404 REGISTRES
1262 371 1316 401 DE
1338 369 1522 400 NICOLAS
1545 370 1601 400 IV.

260 447 407 478 Andreae
421 445 583 475 dioecesis.
600 445 668 474 Dat.
684 448 835 481 utsupra,
854 450 908 470 vin
926 440 998 470 idus
1013 439 1158 475 octobris,
1176 445 1262 467 anno

261 501 362 531 tertio.
379 499 481 537 (Ibid.)

805 548 930 577 Orvicto,
948 547 963 572 7
979 546 1095 572 octobre
1115 545 1188 572 1390.

300 616 337 644 In
354 624 380 645 e.
399 624 441 645 m.
460 613 597 649 eisdem,
621 621 673 651 pro
693 610 823 641 ecclesia
843 609 1028 640 monasterii
1049 631 1068 639 ..
1086 607 1263 637 abbatissae

259 673 289 699 et
304 671 478 698 conventus
494 665 677 696 monasterii
693 664 826 694 Sanctae
843 662 986 701 Agatliae
1003 662 1041 691 de
1057 661 1167 699 Capite
1182 668 1261 699 pon-

260 722 299 751 tis
318 720 483 755 Bisanffls,
501 727 595 758 prope
616 718 772 754 Jannam,
791 715 1012 747 Cisterciensis
1035 714 1170 745 ordinis.
1190 713 1261 744 Dat.

259 778 292 804 ut
309 782 413 812 supra,
432 772 525 802 nonis
541 771 690 808 octobriS,
707 779 792 800 anno
812 770 912 800 tertio.
931 768 1034 807 (thid.)

733 850 864 882 Orvieto‚
881 849 916 876 ‘28
932 849 1094 884 septembre
1112 847 1189 875 1290.

299 915 335 944 In
357 923 384 944 e.
409 923 451 943 m.
476 913 614 946 eisdem.
639 921 694 951 pro
717 912 848 943 ecclesia
869 912 977 942 Sancti
999 911 1123 941 Nicolai
1142 911 1180 940 de
1202 911 1262 940 Pe-

259 971 374 997 nestre.
395 967 465 996 Dat.
482 967 565 1005 apud
584 966 859 1002 Urbemveterem,
877 975 921 995 1111
939 965 1090 994 kalendas
1107 964 1260 1001 octobris,

258 1029 343 1050 anno
359 1021 459 1050 tertio.
478 1019 582 1058 (Ibz'd.)

805 1078 930 1108 Orvieto,
949 1079 963 1104 7
981 1078 1096 1105 octobre
1115 1078 1190 1105 ¹290.

300 1142 336 1171 ln
359 1151 385 1172 e.
408 1151 451 1172 m.
471 1141 611 1178 eisdem,
634 1149 688 1180 pro
708 1140 880 1171 cathedrali
899 1140 1031 1170 ecclesia
1054 1140 1261 1170 Nivernensi.

261 1196 330 1225 Dat.
356 1195 437 1234 apud
460 1195 737 1230 Urbemveterem,
762 1195 856 1224 nonis
875 1194 1027 1230 octobris,
1049 1202 1134 1224 anno
1158 1194 1261 1223 tertio.

258 1249 362 1288 (Ibid.)

328 1407 443 1436 3419

294 1468 474 1503 Dispensatio
490 1477 577 1503 snper
592 1468 704 1495 defectu
724 1469 857 1495 natalium
878 1474 905 1495 et
926 1469 1086 1503 pluralitate
1106 1470 1263 1496 beneficio-

258 1526 329 1544 rum⁴
347 1518 429 1552 (Heu.
449 1518 490 1551 45,
506 1525 531 1544 c.
549 1517 599 1544 456
616 1518 664 1551 bis,
684 1518 702 1544 f.
721 1518 753 1545 9⁶2
770 1520 815 1548 τῦ.)

736 1406 865 1438 Orvieto,
887 1407 912 1433 ll
932 1407 1095 1442 septembre
1114 1407 1189 1435 1290.

298 1614 320 1642 E
325 1613 431 1642 mondo
444 1613 479 1641 (Ie
501 1613 675 1642 l'semburclz
687 1636 695 1649 ,
714 1614 857 1643 canonico
876 1614 991 1643 ecclesie
1007 1615 1170 1651 Fossensis,
1191 1616 1262 1644 Leo-

258 1667 369 1695 dfensis
390 1667 522 1702 diocesis,
546 1666 692 1704 indulget
711 1671 744 1696 ut
763 1666 929 1696 Fossensis
949 1671 979 1696 et
1002 1667 1264 1698 Monasteriensis

258 1719 482 1756 ecelesiarum,
506 1720 689 1750 Leodiensis
708 1720 878 1755 dioecesis,
902 1722 1108 1752 canonicatus
1125 1727 1155 1752 et
1170 1732 1263 1761 prae-

260 1773 390 1809 bendas,
405 1782 468 1802 una
481 1782 553 1803 cum
567 1773 669 1803 officio
685 1776 863 1811 arqentor-ia
879 1774 1052 1812 vulgariter
1067 1780 1261 1815 nuncupato,

261 1827 398 1855 retinere
414 1826 525 1862 valeat,
546 1826 617 1856 licet
632 1827 776 1856 amiserit
798 1827 920 1857 litteras
939 1828 1055 1866 quibus
1075 1829 1177 1859 bonae
1195 1839 1263 1860 me-

261 1881 380 1909 moriae
399 1880 569 1916 Henricus,
591 1881 777 1910 Leodiensis
794 1881 969 1920 episcoan,
987 1891 1060 1912 cum
1076 1891 1112 1912 eo
1127 1884 1262 1914 auctori-

262 1938 322 1962 tate
341 1933 508 1971 apostoliea
527 1934 724 1972 dispensavit
741 1943 835 1973 super
855 1935 977 1965 defectu
994 1936 1150 1966 natalium
1167 1946 1263 1976 quem

260 1986 387 2024 patitur,
408 1995 424 2015 e
439 1986 634 2017 subdiacono
650 1987 777 2025 genitus
793 1991 823 2017 et
839 1987 950 2018 soluta.

303 2051 315 2065 α
335 2039 459 2069 Meritis
473 2044 524 2069 tue
541 2040 742 2079 probitatis...
757 2058 794 2062 —
807 2041 878 2071 Dat⁴
891 2042 974 2080 apud
987 2043 1262 2083 Urbemveterem,

259 2103 279 2122 v
294 2092 364 2123 idus
379 2093 527 2131 octobris,
544 2102 629 2124 anno
646 2094 749 2124 tertio.
771 2107 784 2121 ‚,

331 2252 448 2281 3420
739 2254 865 2287 Orvieto,
886 2254 915 2281 16
932 2256 1094 2290 septembre
1112 2257 1190 2284 1290.

295 2312 460 2339 'Willelmus
485 2313 679 2341 Landavensis
706 2316 860 2351 episcopus
886 2321 1080 2345 consecratur.
1108 2318 1190 2353 (Rso.
1214 2321 1261 2352 45,

259 2371 284 2389 c.
302 2363 351 2389 457
368 2363 418 2394 bis,
435 2363 453 2389 f.
470 2363 501 2389 9⁶3
517 2365 563 2396 r0.)

304 2458 469 2488 Venerabili
491 2461 586 2495 fratri
612 2482 631 2489 ..
654 2461 874 2499 archiepiscopo
898 2461 1115 2493 cantuariensi
1132 2464 1264 2495 mandat

258 2516 414 2550 quatenus
428 2519 545 2541 munus
558 2513 807 2543 consecrationis
821 2514 983 2553 impendat
995 2516 1083 2546 fratri
1097 2517 1263 2548 Willelmo

257 2563 296 2593 de
314 2563 470 2598 Hothnm,
495 2564 617 2594 ordinis
634 2566 883 2604 praedicatorum
898 2592 904 2604 ,
925 2568 1144 2600 Landavensis
1162 2571 1262 2601 eccle-

257 2617 323 2647 siae
341 2618 495 2656 episcopo.

298 2683 311 2697 α
332 2671 411 2700 Cum
436 2680 471 2700 ex
496 2672 702 2710 apostolice...
724 2690 762 2695 —
783 2674 852 2704 Dat.
875 2676 960 2714 apud
983 2677 1259 2717 Urbemveterem‚

256 2732 308 2752 xw
324 2722 476 2753 kalendas
491 2725 636 2760 octobris,
654 2734 739 2756 anno
756 2728 856 2758 tertio.
879 2740 892 2754 »

328 2883 581 2913 3421-3433
794 2886 925 2922 Orvieto,
943 2890 958 2916 7
975 2890 1092 2917 octobre
1110 2891 1187 2918 1290.

294 2944 497 2979 Indulgentiae,
516 2947 597 2977 (itm.
613 2948 656 2981 45,
673 2956 699 2975 c.
717 2949 766 2975 457
780 2950 840 2982 bt's‘2,
857 2950 876 2977 f.
895 2951 927 2978 9‘2
945 2953 990 2985 r⁰.)

301 3040 451 3069 suivant-is
472 3042 583 3071 (ΤΙιι-ἱείί
600 3043 738 3079 fidelibus
754 3051 901 3082 presentes
927 3047 1041 3078 litteras
1065 3050 1255 3086 inspecturis.

1346 435 1585 473 Indulgentiam
1603 435 1700 465 unius
1717 434 1795 465 anni
1813 438 1844 464 et
1859 443 1896 464 xt.
1912 433 2039 464 dierum
2062 434 2207 464 concedit
2229 434 2275 464 eis
2296 435 2352 474 qui

1346 488 1511 518 ecclesiam
1539 488 1822 527 Stawangrensem
1837 511 1843 524 ,
1877 487 1910 516 in
1938 486 2094 517 honorem
2122 486 2154 517 S.
2186 486 2352 519 Swichuni

1344 546 1570 578 constructam,
1588 541 1620 571 in
1641 541 1785 580 ejusdem
1801 540 1902 571 sancti
1921 540 2090 570 festivitate
2104 543 2134 570 et
2148 540 2184 570 in
2199 541 2351 572 anniver-

1345 594 1427 624 sario
1442 594 1495 624 die
1508 593 1719 624 dedicationis
1736 594 1832 633 hujus
1851 593 2004 624 ecclesiae
2019 593 2232 624 visitaverint.

1387 661 1401 675 «
1427 648 1513 678 Licet
1532 648 1560 677 is
1584 648 1661 678 de...
1682 664 1720 669 —
1747 647 1818 678 Dat.
1848 647 1932 687 apud
1953 647 2233 683 Urbemveterem‚
2257 647 2352 679 nonis
2405 675 2412 683 ,

1344 701 1488 737 octobris,
1507 709 1592 731 anno
1611 701 1713 731 tertio.
1732 713 1746 727 r»

1895 780 2022 812 Orvicto‚
2039 781 2054 807 7
2071 780 2187 807 octobre
2202 779 2280 808 1290.

1384 844 1423 874 In
1440 853 1466 873 e.
1485 852 1528 875 m.
1549 843 1688 881 eisdem,
1713 851 1767 883 pro
1786 842 1919 874 ecclesia
1935 843 2128 880 Venetensi‚
2144 843 2178 873 in
2195 842 2350 874 honorem

1345 897 1377 928 S.
1396 897 1483 927 Petri
1498 896 1631 936 apostoli
1647 900 1836 927 constructa.
1856 896 1927 926 Dat.
1952 900 2108 935 utsupra.

1895 982 2022 1015 Orvieto,
2039 983 2053 1009 li
2071 983 2187 1010 octobre
2203 981 2281 1010 1290.

1385 1048 1424 1077 In
1441 1056 1467 1077 e.
1486 1056 1528 1077 m.
1547 1046 1689 1083 eisdem,
1715 1055 1769 1087 pro
1786 1045 1918 1077 ecclesia
1942 1045 2031 1076 Beati
2053 1045 2142 1075 Petri
2160 1044 2292 1084 apostoli
2315 1044 2355 1077 de
2383 1059 2386 1061 >

1346 1101 1539 1131 Monasterio
1555 1110 1650 1139 supra
1666 1100 1860 1136 Sambriam,
1878 1098 2066 1129 Leodiensis
2080 1098 2247 1129 dioecesis.

1387 1167 1401 1181 «
1418 1155 1501 1185 Loca
1517 1158 1700 1184 sanctorum
1720 1153 1908 1184 omniurn...
1927 1169 1965 1174 —
1982 1152 2054 1182 Dat.
2073 1151 2157 1191 apud
2173 1151 2354 1183 Urbemve-

1347 1212 1457 1244 terem,
1477 1217 1522 1237 1111
1540 1216 1642 1238 nonas
1658 1207 1806 1243 octobris,
1825 1214 1911 1237 anno
1926 1206 2026 1236 tertio.
2047 1218 2060 1233 n

1887 1294 2004 1321 Orvieto
2016 1316 2022 1326 ,
2038 1295 2055 1321 7
2071 1293 2187 1320 octobre
2203 1292 2283 1321 1290.

1386 1359 1426 1389 In
1444 1368 1471 1392 e.
1492 1368 1535 1388 m.
1556 1358 1697 1394 eisdem,
1716 1366 1772 1397 pro
1786 1357 1907 1397 capella
1935 1356 2051 1387 nobilis
2075 1355 2134 1386 viri
2155 1356 2205 1393 T„
2229 1354 2356 1386 comitis
2382 1378 2388 1383 .

1346 1412 1528 1449 Barrensis,
1538 1412 1576 1442 de
1591 1411 1750 1449 Marvilla,
1760 1411 1968 1441 Treverensis
1981 1409 2187 1447 dioecesis,in
2200 1409 2355 1440 honorem

1344 1465 1454 1496 beatae
1471 1465 1639 1506 Catarinae
1655 1465 1792 1503 virginis
1807 1468 1838 1494 et
1851 1464 2006 1503 martyris
2021 1462 2178 1493 dedicata.

1387 1531 1401 1546 «
1418 1519 1501 1549 Loca
1516 1522 1702 1549 sanctorum
1716 1517 1902 1547 omnium...
1920 1533 1958 1538 —
1981 1517 2052 1546 Dat.
2072 1516 2157 1555 apud
2174 1515 2356 1547 Urbemve-
2398 1517 2402 1524 “

1346 1576 1457 1609 terem,
1477 1572 1573 1602 nonis
1588 1571 1736 1608 octobris,
1754 1578 1840 1600 anno
1860 1570 1963 1600 tertio.
1985 1581 1999 1596 ³»

1898 1657 2026 1691 (Ji-vieto,
2043 1658 2057 1684 7
2073 1657 2190 1684 octobre
2205 1657 2284 1684 1290.

1386 1723 1424 1753 Iu
1437 1732 1464 1753 e.
1479 1731 1521 1752 m.
1539 1722 1673 1759 eisdem,
1689 1730 1745 1761 pro
1755 1714 1888 1751 ecclesia
1902 1721 2018 1750 Beatae
2033 1720 2152 1750 Mariae
2163 1718 2356 1750 monialium

1347 1778 1385 1809 de
1400 1777 1548 1816 Figiaco,
1565 1776 1690 1807 ordinis
1705 1775 1739 1805 S.
1758 1774 1944 1811 Benedicti,
1964 1773 2169 1804 Caturcensis
2189 1772 2356 1805 dioecesis.

1388 1843 1402 1858 (ι
1421 1830 1586 1861 Gloriosus
1602 1830 1688 1860 Deus
1702 1829 1776 1859 in...
1795 1845 1832 1850 --
1850 1828 1920 1858 Dat.
1939 1832 2094 1866 utsupra.
2112 1839 2126 1854 n

1822 1893 1964 1950 -Orvieto‚
1978 1914 2012 1942 27
2027 1913 2191 1950 septembre
2209 1913 2286 1942 1290.

1387 1985 1426 2014 In
1443 1993 1470 2014 e.
1489 1992 1532 2013 m.
1554 1981 1692 2018 eisdem,
1711 1988 1767 2019 pro
1790 1979 1923 2010 ecclesia
1947 1978 2060 2008 Beatae
2081 1976 2202 2007 Mariae
2223 1977 2262 2008 de
2279 1975 2356 2008 Fut·
2382 1987 2385 1990 ·

1346 2045 1475 2077 gereyo,
1490 2034 1735 2073 Andegavensis
1747 2032 1915 2063 dioecesis.

1389 2103 1402 2118 <t
1422 2091 1493 2121 Vite
1511 2089 1662 2129 perennis
1682 2087 1822 2126 gloria...
1845 2102 1884 2110 -·
1904 2086 1975 2115 Dat.
1999 2094 2017 2114 v
2032 2083 2187 2115 kalendas
2203 2083 2354 2122 octobris,

1346 2153 1432 2176 anno
1449 2144 1550 2175 tertio.
1573 2155 1586 2169 n

1826 2220 1958 2254 Orvieto,
1975 2219 2007 2246 27
2024 2218 2187 2254 septembre
2203 2217 2283 2245 1290.

1387 2289 1426 2318 In
1443 2297 1470 2318 e.
1484 2296 1526 2316 m.
1541 2285 1673 2322 eisdem,
1689 2292 1744 2323 pro
1757 2282 1889 2313 ecclesia
1903 2281 2038 2312 Sanctae
2054 2280 2175 2310 Mariae
2187 2280 2226 2310 de
2243 2280 2358 2320 Maeyo
2408 2310 2414 2322 .

1347 2351 1442 2382 super
1457 2340 1609 2376 Oulnam,
1629 2337 1812 2369 Baiocensis
1829 2336 1992 2367 dioecesis.
2012 2335 2083 2365 Dat.
2101 2338 2136 2364 ut
2151 2343 2257 2374 supra.

1830 2424 1957 2456 Orvieto,
1977 2422 2009 2450 30
2025 2421 2190 2458 septembre
2205 2421 2284 2449 1290.

1386 2493 1424 2523 In
1445 2501 1472 2523 e.
1498 2500 1542 2521 m.
1564 2489 1698 2525 eisdem,
1727 2496 1782 2526 pro
1802 2485 1977 2517 cathedrali
2001 2484 2135 2515 ecclesia
2161 2483 2354 2514 Lectorensi.

1295 2550 1298 2552 '
1346 2548 1418 2578 Dat.
1444 2544 1528 2584 apud
1557 2543 1832 2577 Urbemveterem‚
1861 2549 1882 2569 n
1912 2538 2065 2569 kalendas
2092 2537 2240 2575 octobris,
2270 2544 2356 2568 anno

1346 2600 1450 2631 tertio.
1469 2598 1526 2637 (Εη
1545 2595 1677 2635 marye.)

1825 2672 1941 2701 Orvieto
1953 2694 1959 2704 ,
1977 2672 2006 2698 11
2024 2670 2187 2706 septembre
2204 2669 2283 2698 1290.

1385 2745 1422 2774 Iu
1440 2752 1467 2774 e.
1488 2751 1530 2771 m.
1552 2739 1693 2773 eisdem.
1717 2745 1773 2777 pro
1796 2736 1917 2776 capella
1934 2736 2048 2766 Beatae
2066 2733 2187 2764 Mariae
2201 2733 2241 2764 de
2256 2731 2352 2770 Orta,

1345 2795 1550 2829 Dei-tusensis
1566 2793 1731 2824 dioecesis⁴
1748 2792 1818 2821 Dat.
1834 2789 1918 2829 apud
1936 2789 2211 2824 Urbemveterem,
2229 2796 2263 2817 111
2280 2785 2353 2817 idus

1344 2850 1544 2891 septembris,
1563 2855 1648 2878 anno
1671 2845 1772 2876 tertio.
1792 2844 1896 2885 (Ibid.)

1823 2924 1956 2958 Orvieto,
1976 2923 2002 2950 ll
2022 2922 2187 2958 septembre
2203 2921 2281 2949 1290.

1383 2996 1420 3025 In
1434 3003 1462 3024 e.
1481 3002 1524 3024 m.
1538 2992 1671 3028 eisdem,
1687 2998 1742 3029 pro
1756 2988 1888 3019 ecclesia
1900 2986 2034 3017 Sanctae
2047 2985 2168 3016 Mariae
2183 2983 2221 3014 de
2237 2983 2349 3020 Plano,

1341 3046 1588 3079 Terraconensis
1604 3043 1769 3074 dioecesis.
1789 3042 1860 3072 Dat.
1879 3043 1913 3071 ut
1928 3048 2035 3079 supra.
2052 3037 2158 3078 (thid.)
