2342 3652
74 433 146 455 rum
160 423 260 454 libera
274 423 493 462 resignatione
509 422 694 453 auctoritate
708 425 815 452 nostra
830 426 965 461 recepta,
984 423 1084 461 prefa-

52 472 53 475 '
76 481 140 508 tam
156 476 323 507 ecclesiam
343 476 381 506 de
398 476 582 515 Campestro
600 475 703 505 eidem
719 475 871 513 magistro
886 476 998 511 Petro,
1016 476 1084 505 dic-

75 534 139 560 tam
165 537 239 559 vero
263 528 431 559 ecclesiam
457 527 566 558 Sancti
591 527 611 557 J
613 527 719 557 uliaui
745 527 866 566 prefato
891 527 1081 563 Guillelmo,

74 591 130 624 per
146 586 176 612 te
190 581 243 612 vel
257 591 313 620 per
328 581 430 612 alium
449 590 506 611 seu
523 580 603 610 alios
615 603 622 617 ,
641 580 787 610 conseras
804 584 834 610 et
848 581 991 618 assignes
1005 604 1011 617 ‚
1030 580 1083 609 in-

75 636 194 667 ducens
208 635 346 665 eundem
362 633 576 664 Guillelmum
593 633 627 662 in
651 633 794 670 ejusdem
814 633 922 663 Sancti
937 632 1061 662 Juliani
1077 656 1083 669 ,

76 692 108 720 et
121 688 241 718 dictum
255 688 447 725 magistrum
464 687 596 716 Petrum
612 686 646 714 in
663 685 764 724 ipsius
780 685 819 715 de
834 685 1018 724 Campestro
1034 694 1083 715 ec-

75 741 244 773 clesiarum
260 739 456 779 corporalem
472 739 716 778 possessionem,
733 743 762 768 et
777 738 954 768 defendens
967 738 1083 768 induc-

75 798 122 826 tos
135 802 172 824 ac
185 793 305 823 faciens
319 793 365 823 eis
381 793 419 822 de
433 793 577 831 ipsarum
594 791 759 823 fructibus.
775 791 951 830 redditibus
966 795 996 820 et
1012 800 1083 830 pro-

40 870 43 874 .
74 846 224 878 ventibus
239 845 385 884 plenarie
400 854 436 875 30
452 845 578 883 integre
594 844 790 883 responderi.
809 844 882 874 Non
898 844 1080 874 obstante...

75 899 161 940 quod
176 899 263 929 idem
287 898 482 929 Guillelmus
499 899 533 927 in
549 897 695 937 Aquensi
707 897 851 934 ecclesia,
868 897 927 927 sub
939 902 1081 936 expecta-

41 943 57 988 ζζ
76 953 162 984 tione
175 952 337 991 prebende
352 956 501 982 vacature
511 975 519 989 ,
536 951 723 982 auctoritate
735 951 924 989 apostolica,
938 951 973 980 in
989 959 1082 981 cano-

35 995 51 1008 ⁸
74 1005 184 1036 uicum
206 1009 254 1035 est
273 1009 458 1044 receptus...
486 1005 558 1035 Dat.
578 1005 697 1042 Reate,
718 1003 868 1034 kalendis
883 1003 978 1043 julii,
995 1013 1081 1034 anno

43 1078 46 1090 .
74 1058 224 1090 secundo.
242 1070 256 1086 n
696 1066 699 1069 ·

38 1115 56 1159 f,

37 1177 53 1190 ⁸.

42 1195 58 1210 ’ἐ

36 1222 49 1262 ζ
145 1218 260 1247 1315
688 1216 780 1248 Rieti,
798 1216 829 1243 31
846 1217 915 1243 amit
931 1216 1008 1244 1289.

35 1286 59 1357 ξ
105 1281 291 1316 Dispensatio
306 1280 490 1307 matrimonii.
508 1279 592 1314 (Rea.
609 1280 654 1312 44,
669 1288 694 1306 0.
708 1280 770 1312 434,
786 1280 806 1306 f.
820 1279 870 1307 ‘203
886 1281 938 1313 v0.)

33 1376 51 1404 ἲ
116 1383 288 1413 Venerabili
301 1384 397 1420 fratri
416 1406 436 1412 ..
455 1383 586 1420 episcopo
603 1383 742 1412 Civitatis
761 1382 928 1412 Castellane
949 1382 1082 1412 mandat

39 1437 59 1481 ἰ
72 1440 230 1477 quatenus
242 1444 316 1466 cum
327 1435 471 1473 Nicolao,
486 1439 560 1465 nato
574 1435 691 1465 nobilis
702 1435 765 1465 viri
781 1436 895 1465 Mazeti
908 1436 946 1465 de
960 1437 1079 1474 Burgo,

36 1493 50 1528 J
73 1489 183 1521 Sancti
203 1489 351 1528 Sepulcri
371 1488 557 1526 domicello,
581 1493 611 1518 et
633 1488 763 1522 suecia,
787 1494 861 1519 nata
880 1488 998 1519 nobilis
1019 1490 1082 1519 viri

37 1563 43 1571 ,
71 1542 178 1580 Baldi,
197 1542 362 1573 castellani
376 1542 438 1573 loci
451 1542 606 1581 ejusdem,
623 1542 843 1581 dispensetut,
861 1551 925 1573 non
937 1543 1081 1573 obstante

40 1630 42 1633 ,
71 1600 183 1637 quarto
194 1596 487 1634 consanguinitatis
499 1596 599 1634 gradu
613 1604 676 1634 quo
689 1596 855 1635 conjuncti
866 1601 951 1632 sunt,
968 1597 1001 1625 in
1016 1605 1081 1626 ma-

73 1649 223 1680 trimonio
239 1649 336 1688 quod,
351 1649 449 1688 hujus
465 1649 689 1688 impedimenti
708 1649 826 1687 ignari,
839 1654 1078 1687 contraxerunt,

51 1693 61 1714 .‘
74 1703 153 1733 etin
170 1711 233 1742 quo
246 1702 355 1742 plures
370 1702 454 1733 filios
469 1707 691 1741 procrearunt,
712 1712 884 1733 remanere
899 1703 1038 1734 valeant.

113 1768 128 1784 α
146 1756 291 1786 Dilectus
307 1755 394 1786 filius
410 1755 600 1786 Nicotaus...
618 1773 657 1778 —
673 1756 743 1786 Dat.
762 1756 872 1794 Reate,
891 1766 913 1786 11
927 1756 1080 1786 kalendas

73 1808 273 1848 septembris,
289 1817 376 1839 anno
392 1808 545 1839 secundo.
565 1820 578 1836 ι)

144 1968 258 1997 1316

109 2029 257 2058 Dissentio
272 2030 348 2057 inter
362 2030 518 2056 canonicos
541 2033 569 2056 et
584 2029 717 2056 abbatem
733 2015 899 2057 monasterii
918 2030 1082 2065 Appamia-

38 2103 49 2117 ,ι
61 2087 145 2112 =rum,
160 2078 339 2106 Tholosanae
353 2079 506 2106 dioecesis.
524 2078 608 2113 (Rm.
626 2078 669 2112 44,
687 2087 712 2105 0.
731 2078 792 2110 435,
808 2079 828 2105 f.
844 2078 896 2106 203
911 2081 964 2111 νο.)

685 1966 780 2002 Rieu,
797 1967 830 1994 27
847 1968 914 1994 aout
929 1967 1006 1995 1289.

45 2202 79 2216 0,
117 2181 286 2211 Venerabili
306 2181 403 2217 fratri
419 2181 470 2217 B.‚
495 2181 626 2218 episcopo
648 2181 818 2210 Porluensi.
843 2192 855 2206 α
877 2180 995 2210 Dilecti
1020 2181 1082 2210 filii

46 2318 50 2322 ,
73 2287 182 2318 Monte
197 2289 306 2323 lauro,
325 2291 356 2317 et
370 2286 442 2323 alii,
463 2286 583 2316 eisdem
601 2286 733 2325 Hugoni
749 2291 779 2316 et
797 2287 946 2316 Maurino
966 2287 1000 2316 in
1021 2286 1081 2318 hac

70 2344 160 2380 parte
188 2340 395 2377 adherentes,
429 2340 579 2370 canonici
609 2340 800 2370 monasterii
827 2341 1059 2379 Appamiarum
1073 2366 1079 2378 ,

42 2411 61 2432 --,
73 2393 196 2425 ordinis
213 2393 323 2423 Sancti
339 2393 533 2431 Augustini,
553 2392 734 2423 Tholosane
754 2393 904 2430 diocesis,
922 2393 1014 2423 nobis
1037 2393 1079 2423 si-

67 2446 228 2485 gnificare
253 2450 409 2476 curarunt
425 2446 509 2485 quod
521 2470 528 2482 ,
548 2446 670 2476 dudum
688 2447 775 2476 inter
792 2447 876 2485 ipsos
891 2447 1078 2484 canonicos,

75 2508 112 2530 ex
127 2505 217 2539 parte
239 2508 305 2530 una
320 2524 327 2537 ,
347 2504 377 2529 et
397 2499 535 2529 eundem
557 2499 721 2536 abbatem,
739 2508 776 2529 ex
799 2499 914 2535 altera,
935 2509 1030 2539 super
1045 2509 1081 2530 οο

75 2553 160 2592 quod
173 2553 272 2582 iidem
290 2552 451 2589 canonici,
470 2561 488 2582 a
499 2552 692 2583 monasterio
707 2552 775 2591 ipso
786 2561 842 2591 per
852 2553 973 2582 dictum
989 2553 1081 2583 abba-

74 2608 139 2636 tem
153 2629 160 2644 ‚
175 2609 213 2636 ut
233 2606 399 2642 dicebant,
417 2605 510 2644 eJecti
524 2628 531 2641 ,
553 2614 586 2635 se
607 2605 647 2635 ad
663 2605 743 2635 illud
764 2605 906 2643 restitui;

115 2662 146 2689 et
163 2659 199 2688 in
215 2658 272 2689 illo
287 2658 429 2697 suppleri
446 2667 631 2695 numerum,
655 2662 719 2688 tam
736 2659 966 2689 canonicorum
983 2668 1080 2698 quam

57 2703 332 2752 'presbyterorum
349 2715 380 2741 et
396 2711 587 2742 clericorum
608 2720 643 2741 ac
661 2711 798 2742 aliorum
816 2712 1008 2742 servitorum
1029 2722 1079 2742 se-

75 2764 234 2796 cularium
247 2790 255 2804 ,
269 2765 391 2796 ibidem
405 2765 445 2795 ab
460 2765 593 2803 antiquo
607 2774 676 2794 esse
692 2765 835 2804 solitum,
851 2774 923 2795 cum
937 2765 1079 2803 ejusdem

74 2819 260 2851 monasterii
277 2818 318 2848 ad
338 2819 398 2849 hoc
413 2822 584 2857 suppetant.
597 2818 780 2855 facultates;

114 2872 277 2902 canonicis
295 2880 423 2911 quoque
439 2871 576 2910 predicti
592 2871 780 2901 monasterii
794 2871 901 2902 officia
912 2880 967 2901 seu
981 2871 1079 2900 admi-

75 2923 281 2955 nistrationes
296 2924 403 2961 illius,
424 2927 454 2953 et
469 2923 595 2961 aliquas
613 2923 762 2953 ecclesias
780 2933 836 2962 per
855 2924 963 2962 ipsum
985 2924 1080 2953 abba-

75 2980 155 3016 tem,
173 2977 212 3008 de
227 2986 386 3009 consensu
403 2975 535 3015 capituli
553 2976 614 3014 sui,
633 2977 679 3006 eis
695 2977 833 3007 conferri
849 2976 969 3012 solitas,
989 2986 1078 3016 quas,

49 3068 59 3076 ³
76 3035 210 3070 quatuor
227 3040 263 3062 ex
285 3030 351 3061 illis
371 3030 534 3061 dumtaxat
556 3029 710 3068 exceptis,
735 3030 802 3068 ipse
820 3030 917 3060 abbas
938 3030 973 3059 in
1005 3040 1079 3060 usus

47 2219 275 2270 Bernartius,
305 2234 419 2270 abbas,
452 2234 546 2271 Hugo
579 2233 617 2262 (10
647 2233 807 2270 Callardo,
840 2234 1009 2264 Maurinus
1044 2234 1083 2264 de
1115 2230 1117 2233 ’

914 348 1144 388 011οΧ1000
1165 346 1322 387 ANNE'E.
2108 361 2165 391 267

1165 423 1307 461 proprios
1321 423 1461 461 detinet,
1482 425 1650 463 assignari,
1666 434 1725 455 nec
1742 426 1882 455 amoveri
1899 433 1989 463 posse
2011 434 2068 464 per
2091 435 2165 457 eum

1164 475 1204 505 ab
1219 474 1286 504 illis
1300 500 1306 512 ‚
1322 476 1384 506 nisi
1399 477 1485 515 justa
1500 487 1610 515 causa,
1637 479 1671 508 in
1693 478 1788 517 pleno
1814 478 1952 517 capitulo
1978 479 2017 509 ab
2044 479 2164 510 eisdem

1164 527 1276 557 abbate
1299 533 1330 558 et
1351 530 1488 568 capitulo
1511 532 1639 569 cognita
1660 536 1689 561 et
1711 532 1855 570 probata3

1203 581 1310 618 ipsum
1332 591 1406 612 vero
1422 583 1566 614 abbatem
1592 585 1657 614 fore
1677 589 1861 614 contentum
1879 584 1983 615 solum
2004 584 2069 614 illis
2091 585 2165 615 red-

1164 633 1283 663 ditibus
1300 639 1329 663 et
1351 636 1480 673 juribus
1494 646 1555 675 que
1576 638 1625 666 sui
1646 638 1882 675 predecessores
1902 638 2057 667 hactenus
2076 647 2166 668 rece-

1165 691 1295 724 perunt,
1315 693 1485 727 ceteraque
1505 690 1587 718 bona
1608 690 1708 728 ipsius
1725 691 1912 720 monasterii
1929 691 2043 720 debere
2065 691 2166 730 recipi

1164 748 1220 777 per
1235 740 1416 771 cellerarios
1431 743 1645 772 communiter
1662 743 1787 780 electos,
1805 744 1861 781 qui
1877 748 1940 773 tam
1956 744 2040 773 (11010
2059 744 2165 774 abbati

1165 797 1195 822 et
1215 794 1282 831 ejus
1300 794 1422 824 familie
1440 804 1537 833 quam
1555 796 1719 825 canonicis
1738 800 1767 825 et
1790 796 1926 834 singulis
1951 797 2094 835 personis
2116 798 2166 836 ip-

1164 845 1229 874 sius
1246 848 1430 876 monasterii
1442 848 1619 886 providere,
1633 849 1724 887 juxta
1740 857 1862 878 morem
1879 849 2021 885 solitum,
2039 850 2076 879 de
2088 850 2166 888 ipsis

1163 897 1256 927 bonis
1273 900 1498 929 communibus
1514 904 1720 936 tenerentur;

1203 955 1233 979 et
1248 951 1380 991 insuper
1396 954 1539 982 revocari
1555 953 1693 991 quedam
1710 954 1937 990 instrumenta,
1955 958 1985 983 et
2000 955 2167 993 presertim

1162 1002 1283 1033 litteras
1299 1004 1338 1033 de
1356 1014 1438 1034 novo
1454 1005 1609 1043 sigillatas
1621 1005 1728 1042 sigillo
1743 1006 1841 1043 ipsius
1857 1006 1999 1043 capituli,
2016 1016 2072 1045 per
2089 1016 2167 1046 quas

1162 1056 1202 1086 ab
1224 1057 1269 1086 eis
1287 1057 1359 1086 data
1382 1057 1500 1087 dicitur
1514 1061 1649 1096 potestas
1666 1058 1768 1087 eidem
1785 1058 1891 1087 abbati
1906 1067 2008 1097 usque
2025 1059 2064 1088 ad
2080 1068 2167 1089 sum-

1163 1118 1249 1139 mam
1265 1110 1451 1148 quindecim
1464 1110 1592 1140 milium
1608 1111 1763 1140 librarum
1781 1111 2002 1141 turonensium
2018 1116 2168 1142 mutuum

1163 1163 1394 1201 contrahendi,
1415 1168 1445 1193 et
1459 1164 1493 1193 in
1511 1163 1570 1193 hoc
1592 1164 1698 1202 ipsum
1726 1164 1960 1194 monasterium
1983 1164 2166 1203 obligandi;

1203 1220 1345 1254 preterea
1367 1217 1521 1255 quasdam
1545 1217 1745 1253 elemosinas,
1763 1217 1910 1256 capitulo,
1929 1218 2120 1256 presbyteris
2139 1222 2170 1248 et

1163 1268 1287 1299 clericis
1309 1270 1498 1308 supradictis
1515 1279 1533 1299 a
1556 1270 1676 1300 Christi
1698 1271 1847 1300 fidelibus
1871 1271 1948 1300 olim
1968 1271 2107 1308 oblatas,
2130 1280 2167 1302 ex

1163 1323 1279 1361 quibus
1311 1331 1365 1361 pro
1394 1323 1565 1353 animabus
1592 1323 1748 1353 dictorum
1771 1323 1916 1353 fidelium
1939 1328 2022 1354 certa
2049 1324 2168 1354 fiebant

1162 1376 1267 1405 officia
1282 1400 1288 1411 ,
1307 1381 1337 1405 et
1355 1376 1475 1406 eisdem
1494 1376 1648 1414 capitulo,
1664 1377 1859 1415 presbyteris
1875 1381 1905 1406 et
1919 1376 2044 1406 clericis
2059 1377 2168 1416 aliqua

1162 1430 1404 1468 prestabantur,
1438 1439 1598 1468 quasque,
1627 1430 1704 1468 ipsis
1726 1430 1921 1469 presbyteris
1944 1435 1974 1460 et
2000 1431 2124 1460 clericis
2149 1440 2168 1460 3

1161 1484 1353 1513 monasterio
1375 1485 1443 1522 ipso
1470 1484 1578 1522 ejectis
1594 1508 1600 1520 ,
1624 1484 1710 1513 idem
1726 1484 1821 1513 abbas
1839 1484 1878 1513 ad
1896 1492 2012 1514 manus
2028 1493 2100 1514 5035
2115 1493 2166 1514 re-

1164 1538 1251 1573 tinet,
1269 1538 1302 1566 in
1319 1542 1435 1567 statum
1450 1537 1578 1567 solitum
1591 1545 1758 1573 revocare3

1202 1596 1232 1620 et
1254 1591 1338 1629 quod
1353 1591 1439 1620 idern
1453 1590 1548 1620 abbas
1565 1590 1603 1620 de
1619 1599 1700 1620 novo
1727 1598 1791 1619 non
1808 1594 1891 1619 creet
1907 1589 2091 1625 canonicos,
2115 1589 2167 1620 vel

1161 1645 1317 1675 beneficia
1332 1644 1471 1683 quelibet
1499 1653 1561 1673 nou
1587 1643 1748 1677 conferat,
1771 1648 1825 1672 aut
1852 1646 2005 1678 rectores,
2032 1642 2097 1671 sive
2117 1642 2165 1672 vi-

1162 1700 1262 1729 carios
1279 1707 1343 1728 non
1360 1702 1518 1737 presentet
1532 1697 1571 1727 ad
1587 1697 1654 1733 illa,
1671 1696 1829 1735 petebanty
1847 1701 1913 1725 orta
1930 1695 2062 1725 materia
2077 1704 2167 1734 ques-

1162 1752 1271 1789 tionis,
1289 1751 1416 1781 demum
1433 1751 1545 1790 prefati
1559 1751 1664 1784 abbas,
1683 1750 1786 1787 Hugo,
1800 1749 1907 1786 etalii,
1920 1748 2167 1787 procurantibus

1162 1810 1217 1835 aut
1233 1805 1439 1835 tractantibus
1455 1804 1567 1833 amicis
1583 1803 1821 1840 communibus,
1841 1802 1879 1831 ad
1896 1802 2111 1838 concordiam,
2123 1801 2169 1830 si-

1162 1864 1214 1889 cut
1231 1862 1395 1894 asserunt,
1415 1858 1626 1887 devenerunt.
1649 1856 1754 1892 Quare
1781 1855 1965 1894 suppliciter
1986 1853 2135 1892 petebant
2151 1862 2169 1883 3

1162 1913 1256 1943 nobis
1272 1917 1306 1942 ut
1325 1921 1420 1950 super
1437 1911 1497 1941 hoc
1512 1909 1681 1949 apostolice
1696 1909 1779 1939 sedis
1795 1913 1898 1947 partes
1913 1908 2036 1937 adicere
2054 1907 2093 1936 de
2112 1907 2169 1936 be-

1163 1966 1321 2004 nignitate
1346 1965 1439 1995 solita
1466 1964 1684 2002 dignaremur.
1717 1963 1870 1998 Quocirca
1900 1960 2090 1990 fraternitati
2118 1963 2169 1989 tue

1162 2019 1360 2059 presentium
1378 2023 1485 2048 tenore
1501 2017 1730 2047 committimus
1749 2020 1793 2052 ut,
1811 2024 1904 2053 super
1920 2013 2084 2052 premissis
2100 2021 2169 2042 om-

1163 2073 1270 2109 nibus,
1291 2081 1346 2111 per
1365 2076 1393 2102 te
1410 2071 1459 2100 vel
1475 2080 1531 2109 per
1545 2070 1646 2100 alium
1657 2068 1998 2107 autalios‚iuquirens,
2012 2067 2050 2096 de
2061 2066 2167 2105 plano,

1163 2126 1233 2156 sine
1250 2126 1385 2164 strepitu
1401 2129 1430 2154 et
1446 2125 1548 2162 figura
1559 2123 1684 2162 judicii,
1697 2122 1830 2153 sollicite
1848 2122 2026 2155 veritatem,
2040 2119 2168 2149 ordines

1163 2185 1192 2210 et
1205 2180 1365 2218 disponas,
1377 2179 1561 2208 auctoritate
1574 2182 1691 2214 nostra,
1704 2177 1789 2205 inter
1800 2175 1946 2205 abbatem
1958 2180 1987 2203 et
1998 2174 2167 2211 Hugouem

1163 2242 1198 2263 ae
1213 2232 1293 2262 alios
1309 2231 1505 2270 supradictos
1518 2253 1526 2267 ‚
1544 2235 1635 2269 prout
1655 2229 1830 2259 secuudum
1857 2228 1960 2257 Deum
1983 2227 2028 2256 015
2052 2225 2168 2254 videris

1164 2286 1323 2325 expedire.
1348 2284 1602 2315 Contradictores
1628 2287 1686 2313 etc.
1715 2283 1784 2311 Dat.
1813 2282 1930 2317 Reate,
1956 2289 1986 2309 VI
2017 2278 2169 2308 kalendas

1164 2340 1362 2378 septembris,
1381 2347 1466 2368 anno
1484 2337 1634 2367 secundo.
1655 2348 1668 2363 n

1784 2493 1874 2525 Rioti,
1891 2491 1924 2517 ‘23
1946 2491 2000 2517 mat
2020 2488 2095 2516 1289.

1237 2499 1349 2527 1317

1198 2559 1383 2596 Dispensatio
1413 2567 1501 2593 super
1530 2557 1643 2584 defectu
1674 2555 1820 2582 natalium.
1852 2554 1938 2586 (Res.
1966 2552 2015 2583 ³14,
2043 2559 2068 2578 c.
2099 2550 2165 2580 436,

1162 2612 1182 2638 f.
1199 2610 1250 2637 204
1267 2615 1309 2642 r⁰;
1328 2608 1395 2634 Lip.
1413 2616 1448 2634 nt·
1462 2606 1561 2640 Tam,
1578 2605 1614 2637 H,
1632 2605 1706 2637 ⁵235.)

1208 2710 1373 2741 Venerabili
1388 2710 1482 2746 fratri
1499 2730 1519 2737 ..
1537 2708 1667 2744 episcopo
1684 2702 1921 2742 Petraqoricensi
1942 2700 2073 2730 mandat
2088 2708 2167 2738 qua-

1162 2768 1254 2795 tenus
1282 2771 1354 2792 cum
1381 2760 1532 2791 Gaufrido
1564 2759 1603 2788 de
1635 2756 1838 2794 Hortiguerio
1850 2778 1858 2792 ,
1892 2752 2166 2790 Petragoricensis

1161 2816 1326 2852 dioecesis,
1353 2814 1513 2852 dispenset
1539 2815 1583 2849 ut,
1601 2820 1665 2841 non
1689 2810 1831 2840 obstante
1857 2808 1980 2837 (1010010
2006 2804 2166 2834 natalium

1162 2879 1256 2909 quem
1269 2869 1402 2907 patitur,
1421 2876 1437 2895 0
1453 2865 1553 2895 501010
1569 2864 1694 2902 genitus
1714 2866 1743 2892 et
1763 2860 1906 2891 Arnalda
1927 2859 1966 2889 de
1991 2857 2145 2887 Mal-sales
2158 2880 2166 2895 ‚

1162 2924 1251 2962 cujus
1270 2921 1418 2957 maritus,
1443 2918 1605 2957 quondam
1622 2915 1792 2951 Nicotaus,
1816 2913 1855 2942 ab
1877 2921 1913 2942 ea
1931 2911 2112 2947 divertens,
2132 2909 2166 2938 in

1162 2974 1291 3006 remotis
1311 2972 1452 3012 partibus
1475 2971 1552 3000 adeo
1568 2969 1698 3007 longam
1720 2975 1842 2996 moram
1863 2967 2061 2995 contraxerat
2079 2961 2165 3001 quod

1163 3033 1304 3059 mortuus
1319 3025 1494 3060 tenebatur,
1506 3023 1545 3052 ad
1556 3030 1667 3052 omnes
1686 3019 1814 3050 ordines
1827 3016 2008 3057 promoveri
2021 3019 2051 3046 et
2063 3022 2167 3045 unum
