2477 3637
199 356 256 386 244
502 385 507 391 ,
547 387 550 389 ,
946 350 1182 381 REGISTRES
1205 351 1259 381 DE
1281 348 1466 380 NICOLAS
1490 349 1544 379 tv.

199 427 352 460 tanquam
374 429 391 450 a
410 418 627 459 superioribus
649 421 756 447 tenere
775 416 915 456 predicta
926 427 936 454 ,-
956 419 986 447 et
1008 417 1036 447 si
1057 417 1130 457 quis
1153 426 1206 448 eos

198 473 399 513 compelleret
411 473 450 502 ad
470 472 639 510 premissa,
657 470 813 500 incideret
827 470 861 500 in
878 478 1034 501 canonem
1048 471 1205 501 sententie

198 527 416 567 promulgate,
444 523 714 554 submissionibus
741 527 772 553 et
796 523 1068 561 recognitionibus
1089 523 1204 564 hujus—

197 581 284 611 modi
313 579 437 609 nullum
468 586 595 616 prorsus
621 577 716 607 robur
746 577 938 607 habentibus
967 577 1136 607 firmitatis.
1165 577 1204 607 In

199 633 362 674 premissis
384 636 488 661 tamen
508 631 571 660 sere
590 630 741 660 omnibus
764 630 904 669 predicta
925 630 1056 661 ecclesia
1072 631 1204 669 Lugdu—

197 687 307 717 nensis
325 686 364 715 ab
378 685 454 714 olim
467 685 632 714 carissimo
647 685 680 714 in
695 683 822 715 Christo
837 684 902 714 filio
917 688 1024 715 nostro
1043 684 1203 723 Philippo,

197 749 271 778 rege
288 740 481 769 Francorum
501 738 618 775 illustri
633 761 640 774 ,
658 738 997 777 suisquejustitiariis,
1014 737 1205 768 officialibus

197 798 227 823 et
240 792 385 828 ballivis,
405 791 470 821 illis
493 791 658 830 presertim
680 800 758 830 quos
779 791 811 820 in
835 791 963 821 civitate
978 800 1033 821 seu
1053 791 1205 821 comitatu

197 845 426 876 Matisconensi
441 845 595 875 hactenns
611 845 721 874 habuit
733 868 740 881 ,
760 853 902 884 quosque
918 845 950 874 in
967 845 1203 883 presentiarum

196 899 314 929 habere
335 898 524 934 dinoscitur,
546 897 719 927 multifarie
744 897 918 936 multisque
937 897 1042 928 modis
1066 897 1205 928 vicibus-

197 963 262 994 que
275 962 338 984 non
359 953 451 983 facile
467 952 640 989 mirandis,
658 957 768 983 contra
783 952 942 991 justitiam
956 976 962 988 ,
983 957 1111 991 gravata
1128 952 1202 983 exti-

197 1008 235 1038 tit
251 1012 280 1037 et
297 1015 456 1046 oppressa.
475 1006 595 1036 Verum
612 1010 646 1036 ut
669 1005 752 1036 idem
771 1015 824 1036 rex
845 1015 939 1045 super
962 1006 1204 1044 gravaminibus

197 1061 341 1099 ejusdem
357 1059 488 1090 ecclesie
507 1059 606 1098 possit
620 1059 818 1090 commodius
838 1065 868 1089 et
893 1060 1037 1094 facilius„
1059 1064 1093 1089 ut
1109 1069 1201 1098 expe-

196 1114 260 1149 dit,
281 1113 464 1152 providere,
489 1121 525 1142 ea
548 1121 609 1152 que
633 1112 833 1151 presentibus
855 1113 991 1142 inferius
1013 1113 1206 1143 enarrantur

195 1167 231 1196 in
258 1165 375 1196 uostris
399 1165 513 1195 litteris
543 1165 608 1203 regi
633 1165 762 1195 directis
792 1165 894 1195 eidem
923 1166 1074 1195 duximus
1097 1166 1205 1204 expri-

196 1219 325 1250 menda.

236 1271 452 1311 Conqueritur
480 1272 639 1311 siquidem
662 1272 802 1310 predicta
824 1271 957 1302 ecclesia
980 1272 1207 1310 Lugdunensis

196 1326 293 1365 quod,
311 1334 383 1355 cum
403 1325 509 1355 dilecti
529 1324 587 1354 filii
615 1346 636 1354 ..
660 1325 800 1354 decanus
821 1329 850 1354 et
869 1325 1046 1363 capitulum
1062 1325 1205 1364 ejusdem

197 1378 351 1415 ecclesie,
378 1377 426 1408 vel
450 1386 560 1408 eorum
588 1377 725 1414 subditi,
753 1386 771 1407 a
795 1377 914 1416 prefato
941 1386 1013 1416 rege
1038 1387 1100 1408 non
1124 1378 1206 1408 obti-

197 1437 296 1462 neant
313 1431 443 1471 aliquod
459 1431 650 1470 temporale,
668 1435 793 1470 propter
810 1431 893 1470 quod
907 1431 1005 1461 iidem
1024 1432 1163 1461 decanus
1178 1435 1208 1462 et

195 1485 371 1524 capitulum
386 1508 394 1523 ‚
411 1494 467 1514 seu
489 1484 626 1521 subditi,
644 1484 790 1523 eiusdem
806 1484 906 1522 regis,
927 1484 978 1514 vel
994 1484 1206 1521 ballivorum,

195 1548 250 1568 seu
264 1537 514 1577 justitiariorum
532 1541 561 1566 et
579 1537 768 1567 officialium
784 1537 895 1576 ipsius,
911 1537 1020 1567 subire
1033 1537 1207 1577 judicium,

195 1595 250 1621 aut
263 1599 372 1621 eorum
387 1590 607 1629 jurisdictioni
624 1590 753 1621 subesse
773 1590 1011 1630 quomodolibet
1027 1595 1208 1629 teneantur,

195 1653 255 1674 nec
272 1643 350 1673 alias
370 1643 449 1681 regi,
465 1653 519 1673 seu
536 1643 665 1673 ballivis
680 1648 735 1674 aut
746 1644 931 1683 justitiariis
946 1644 1035 1683 ipsis,
1051 1644 1104 1683 jus
1120 1653 1208 1675 com-

195 1702 282 1737 petat
300 1698 333 1726 iu
357 1697 485 1727 eosdem
508 1697 666 1727 decanum
694 1702 724 1727 et
748 1697 943 1736 capitulum,
970 1706 1024 1727 seu
1040 1697 1207 1742 subditos,

195 1751 457 1790 jurisdictionem
473 1750 615 1789 aliquam
633 1750 812 1788 exercendi,
824 1750 1017 1781 Guillelmus
1034 1751 1073 1781 de
1089 1752 1208 1791 Hippe-

199 1805 265 1841 ria,
293 1803 430 1834 ballivus
453 1803 530 1834 dicti
556 1804 660 1842 regis,
691 1805 725 1834 iu
752 1804 878 1834 civitate
905 1805 1155 1843 Matisconensi‚
1179 1811 1210 1836 et

200 1857 351 1889 nonnulli
366 1857 443 1894 alii,
461 1857 517 1896 qui
533 1862 606 1887 aute
623 1858 725 1897 ipsam
743 1857 908 1888 balliviam
924 1858 1206 1898 Matisconensem‚

200 1911 333 1942 nomine
351 1902 456 1949 regio,
473 1910 610 1949 gessisse
628 1915 820 1948 noscuntur,
837 1912 1096 1950 jurisdictionem
1114 1913 1208 1943 inde-

199 1965 301 1995 bitam
318 1964 352 1993 in
376 1965 460 2003 ipsos
481 1964 639 1994 decanum
664 1969 694 1994 et
712 1964 887 2003 capitulum
906 1969 935 1995 et
954 1966 1095 1996 subditos
1115 1976 1209 1996 usur-

200 2026 275 2057 pare
292 2021 410 2047 temere
421 2016 601 2054 molientes,
616 2026 667 2048 eos
681 2018 846 2048 occasione
860 2018 1046 2057 hujusmodi
1059 2020 1209 2057 gravibus

200 2071 377 2101 affecerunt
400 2069 529 2108 injuriis
552 2075 582 2100 et
610 2070 763 2101 molestiis
776 2072 1028 2110 ‘pei-turbarunt,
1052 2077 1082 2102 et
1104 2073 1210 2103 adhuc

199 2123 286 2154 idem
309 2123 506 2154 Guillelmus
520 2148 527 2160 ,
551 2123 604 2153 tali
621 2124 801 2162 occasione,
819 2124 915 2155 dictis
935 2125 1055 2156 decano
1072 2130 1102 2156 et
1123 2127 1209 2166 capi-

201 2176 268 2207 tulo
290 2181 321 2207 et
347 2176 483 2207 subditis
505 2176 647 2207 diversas
669 2178 890 2217 oppressiones
910 2183 940 2208 et
962 2179 1097 2218 injurias
1113 2184 1210 2219 atque

201 2230 404 2270 gravamina,
418 2230 452 2260 in
468 2230 611 2269 ipsorum
623 2231 737 2261 decani
752 2236 783 2262 et
798 2231 930 2271 capituli
947 2236 977 2262 et
993 2233 1124 2264 ecclesie
1137 2243 1209 2273 pre-

198 2285 373 2324 judicium,
386 2284 616 2314 contumeliam
627 2287 657 2315 et
662 2285 834 2324 jacturam,
846 2294 909 2316 non
923 2286 1043 2316 desinit
1055 2287 1208 2326 irrogare.

200 2338 314 2368 Dictus
336 2346 475 2377 namque
498 2337 710 2375 Guillelmus,
737 2343 902 2378 postquam
925 2339 985 2370 fuit
1007 2340 1045 2370 ad
1068 2341 1210 2371 officium

201 2391 341 2431 predicte
365 2390 494 2421 ballivie
518 2391 764 2422 Matiscouensis
787 2397 986 2431 assumptus,
1014 2393 1072 2423 Dei
1099 2394 1212 2425 timore

201 2445 384 2484 postposito,
401 2449 551 2484 tanquam
568 2445 693 2485 proprie
706 2445 818 2476 salutis
835 2455 964 2485 prorsus
976 2447 1106 2485 oblitus,
1120 2457 1212 2478 suam

201 2497 359 2528 malitiam
387 2502 498 2528 contra
527 2497 694 2528 ecclesiam
724 2503 933 2529 memoratam
966 2509 1139 2536 exercenS‚
1176 2501 1212 2530 in

201 2551 447 2590 quampluribus
469 2551 556 2582 villis
576 2556 671 2591 atque
693 2552 790 2590 locis,
816 2553 856 2583 ad
877 2553 976 2584 dictos
1004 2554 1161 2584 decanum
1183 2559 1214 2585 et

201 2603 376 2643 capitulum
399 2603 532 2635 ecclesie
556 2605 693 2644 predicte
716 2606 931 2645 spectantibus
945 2630 953 2644 ‚
980 2607 1154 2638 nonnullos
1176 2617 1213 2638 ex

202 2657 355 2687 villarum
379 2663 409 2688 et
424 2658 566 2697 locorum
586 2659 729 2698 ipsorum
752 2659 953 2697 homiuibus,
978 2661 1012 2690 in
1035 2669 1115 2699 quos
1137 2661 1214 2691 dicti

203 2710 343 2741 decanus
359 2716 389 2741 et
410 2711 587 2750 capitulum
609 2712 867 2751 jurisdictionem
890 2713 1036 2744 obtinent
1054 2718 1213 2752 tempora-

203 2763 266 2794 lem
281 2788 286 2799 .,
304 2765 400 2795 boves
417 2765 544 2804 aliaque
560 2766 733 2803 animalia,
753 2775 879 2797 necnon
898 2771 1002 2797 vestes
1018 2771 1049 2797 et
1066 2776 1116 2797 res
1134 2767 1215 2798 alias

204 2816 360 2847 dictorum
379 2818 548 2849 hominum
565 2819 686 2850 ibidem
708 2820 840 2850 inventa
863 2820 1020 2851 violenter
1041 2821 1139 2860 cepit,
1159 2829 1215 2851 seu

205 2870 273 2908 capi
293 2870 381 2906 fecit,
400 2880 435 2901 ac
452 2872 567 2903 exinde
582 2873 622 2903 ad
637 2873 799 2904 civitatem
815 2874 1085 2904 Matisconensem
1105 2877 1137 2904 et
1152 2873 1216 2904 alia

205 2921 273 2952 loca
296 2922 410 2953 adduci
431 2925 586 2955 animalia
608 2926 675 2965 ipsa
694 2931 724 2957 et
742 2936 792 2957 res
815 2926 896 2957 alias
919 2927 1088 2966 asportari,
1116 2936 1215 2966 eaque

206 2975 250 3006 sic
268 2981 357 3014 capta
373 2977 453 3007 inibi
479 2978 626 3009 detineri.
653 2980 690 3009 Et
714 2981 863 3019 quamvis
888 2989 942 3019 pro
964 2984 1052 3019 parte
1073 2981 1215 3020 ipsorum

206 3038 288 3068 quos
302 3034 408 3069 captos
423 3031 507 3061 idern
525 3032 718 3063 Guillelmus
737 3033 915 3071 detinebat,
933 3038 961 3063 et
979 3033 1117 3064 aliorum
1135 3041 1215 3072 quo-

1289 425 1360 446 rum
1391 419 1482 446 erant
1512 424 1560 444 res
1591 419 1622 444 et
1648 414 1804 444 animalia
1836 415 2033 454 supradicta,
2065 416 2150 447 dicto
2177 417 2292 451 ballivo

1288 470 1413 509 ydouea
1435 469 1539 499 cautio
1563 468 1601 499 de
1627 468 1738 499 stando
1759 468 1825 506 juri
1847 477 1953 499 coram
1978 471 2168 509 competenti
2187 471 2294 510 Judice

1288 522 1394 553 oblata
1417 522 1545 558 suisset,
1569 526 1600 552 et
1624 521 1708 560 quod
1735 521 1903 558 homines,
1923 522 2080 553 animalia
2103 526 2133 554 et
2156 533 2206 555 res
2222 533 2292 564 pre·
2341 515 2347 542 ἶ
2393 533 2398 542 ’

1288 577 1387 612 dicta,
1417 576 1462 606 sic
1489 576 1633 612 detenta,
1664 575 1859 611 recrederet,
1886 574 2054 606 humiliter
2079 577 2292 616 postulatum,
2326 594 2330 602 ·

1287 630 1354 668 ipse
1375 633 1480 659 tamen
1497 638 1530 658 se
1548 628 1580 658 id
1603 628 1704 658 facere
1724 627 1809 658 nolle
1826 629 2005 668 respondit,
2028 629 2092 660 nisi
2111 630 2188 661 dicti
2202 621 2322 663 deca-«⁴.

1288 691 1349 712 nus
1371 687 1401 712 et
1417 682 1590 721 capitulum
1608 682 1647 711 de
1672 681 1812 721 parendo
1833 682 1902 721 juri
1920 691 2026 712 coram
2046 691 2082 713 eo
2100 683 2246 715 sufficieu
2311 701 2314 709 ·

1287 740 1452 772 caverent,
1476 734 1598 765 nullam
1629 734 1853 765 rationabilem
1875 743 2004 765 causam
2025 735 2169 774 allegans
2197 745 2251 776 qu
2272 752 2296 768 ι,

1288 788 1346 818 hoc
1366 789 1468 819 facere
1488 789 1585 818 iidem
1602 788 1742 818 decanus
1766 792 1795 817 et
1812 787 1988 827 capitulum
2010 792 2206 820 tenerentur.
2225 789 2282 822 Si>
2301 821 2306 827 ,

1287 851 1350 881 que
1372 846 1458 872 tanto
1481 846 1620 881 ternpore
1638 841 1742 871 taliter
1763 841 1900 871 detinuit
1920 841 2068 873 homines
2089 847 2120 873 et
2140 843 2241 875 anim
2264 843 2297 870 ”,,

1287 895 1467 934 supradicta
1487 895 1570 934 quod
1593 894 1746 934 quosdam
1763 904 1799 925 ex
1817 895 1894 934 ipsis
1911 894 2098 926 hominibus
2109 901 2141 926 et
2151 896 2242 936 plura
2261 910 2266 923 ι
2303 924 2310 930 .,

1287 948 1437 987 predictis
1451 948 1647 978 animalibus
1658 957 1731 979 casu
1748 948 1860 978 mortis
1875 949 2008 987 contigit
2020 950 2164 988 periisse,
2175 953 2207 981 et
2214 949 2290 989 alia„

1287 1011 1339 1032 res
1355 1002 1509 1041 predictas
1525 1002 1659 1032 distrahi
1678 1007 1708 1031 et
1722 1002 1874 1041 dispergi.
2268 993 2275 998 “
2292 990 2296 998 ’

1328 1055 1452 1086 Similia
1476 1064 1601 1094 quoque
1619 1056 1811 1093 gravamina
1832 1060 1862 1085 et
1882 1055 1998 1094 pejora'
2012 1061 2120 1087 contra
2139 1057 2228 1096 prefa
2249 1071 2252 1085 ;
2270 1071 2307 1092 *n-

1288 1108 1454 1139 ecclesiam
1467 1109 1676 1147 attemptavit,
1690 1117 1753 1139 non
1771 1108 1875 1138 solum
1894 1118 1943 1138 res
1955 1109 2114 1140 dictorum
2128 1109 2298 1142 hominu'

1288 1162 1343 1192 sed
1359 1166 1461 1192 vestes
1477 1166 1507 1193 et
1522 1161 1584 1192 alia
1600 1162 1682 1193 bona
1699 1161 1831 1193 mobilia
1851 1170 1987 1192 uxorum
2003 1167 2033 1193 et
2050 1162 2174 1193 familie
2188 1155 2282 1195 homi.
2302 1174 2306 1182 ι

1288 1225 1368 1246 num
1394 1216 1581 1246 eorumdem
1601 1225 1654 1255 per
1674 1215 1862 1246 violentiam
1879 1216 2075 1255 occupando,
2093 1215 2214 1259 illaque
2236 1216 2298 1244 Nu-

1288 1269 1462 1308 pergendo,
1479 1278 1514 1299 ac
1533 1269 1697 1299 interdum
1713 1269 1745 1298 iu
1753 1273 1797 1299 ter
1812 1268 1987 1298 familiares
2003 1278 2093 1307 suos,
2110 1278 2152 1300 ne
2167 1278 2282 1310 recup¹

1289 1323 1354 1353 rari
1382 1321 1524 1352 valerent
1551 1322 1591 1352 ab
1616 1322 1694 1361 ipsis
1721 1322 1919 1359 hominibus,
1944 1322 2136 1360 dividendo;
2157 1322 2309 1354 reddi

1289 1376 1363 1405 insu
1370 1374 1423 1415 p'er
1434 1380 1464 1406 et
1473 1375 1536 1406 alia
1549 1376 1631 1406 bona
1643 1377 1869 1406 canonicorum
1881 1380 1910 1406 et·
1921 1376 2184 1408 beneficiatorum
2195 1376 2299 1416 ipsi

1290 1429 1441 1466 ecclesie,
1461 1429 1497 1458 in
1515 1429 1601 1459 villis
1623 1434 1653 1460 et
1674 1431 1785 1460 castris
1801 1430 1915 1460 decani
1940 1435 1970 1460 et
1991 1430 2123 1470 capituli
2140 1430 2249 1471 predic
2268 1444 2298 1458 ι>

1290 1491 1364 1513 rum
1382 1483 1598 1519 consistentia,
1620 1483 1694 1513 fecit
1711 1483 1834 1519 saisiri,
1856 1492 1956 1523 eaque
1972 1485 2019 1514 sic
2036 1484 2145 1514 saisita
2162 1484 2296 1521 datin-‚³-

1290 1545 1348 1575 pro
1369 1545 1425 1566 sue
1441 1535 1531 1567 libito
1549 1536 1732 1567 voluntatis.
2283 1526 2290 1534 ’

1331 1589 1424 1620 Cives
1446 1593 1554 1620 autem
1582 1590 1814 1628 Lugdunenses
1840 1595 1870 1621 et
1897 1590 1978 1621 alios
2003 1591 2153 1630 predictis
2179 1591 2292 1628 deca-‘5

1292 1648 1322 1674 et
1346 1643 1483 1683 capitulo
1510 1652 1546 1674 ac
1567 1643 1697 1674 ecclesie
1716 1644 1937 1683 jurisdictioni
1967 1645 2144 1684 subjectos,
2167 1645 2203 1675 in

1291 1697 1377 1726 diam
1393 1697 1473 1726 dicti
1495 1697 1599 1735 regis,
1619 1701 1730 1727 contra
1748 1697 1944 1727 xoluntatem
1962 1697 2124 1728 dictorum
2141 1697 2256 1729 decani
2267 1698 2301 1730 ’6
2303 1687 2305 1689 ¹

1291 1750 1433 1790 capituli,
1452 1751 1568 1790 passim
1590 1751 1716 1789 recipit
1741 1751 1768 1780 si
1792 1755 1917 1790 propte1
1942 1751 2003 1782 hoc
2026 1760 2045 1782 a
2069 1751 2186 1782 talibus
2205 1759 2299 1792 Ρωμ,

1291 1805 1344 1834 nia
1356 1803 1531 1842 persoluta,
1548 1803 1626 1834 alios
1640 1808 1746 1833 autem
1761 1804 1968 1843 quamplures
1979 1805 2138 1844 prioratus
2150 1809 2181 1835 et
2191 1804 2256 1836 don
2346 1804 2349 1807 '
2394 1803 2395 1806 ’

1292 1856 1472 1895 religiosas,
1489 1865 1551 1895 que
1566 1856 1698 1887 fuerunt
1715 1857 1754 1886 ab
1771 1857 1905 1896 antiquo
1929 1857 1988 1888 sub
2008 1857 2121 1896 gardia
2142 1857 2257 1890 decani
2272 1847 2305 1894 f„

1290 1910 1420 1949 capituli
1435 1919 1472 1941 ac
1487 1910 1620 1941 ecclesie
1633 1910 1861 1949 predictorum,
1882 1912 1915 1940 in
1933 1915 2143 1942 memoratam
2156 1901 2298 1951 ςαιᾰὶαι

1291 1963 1368 1993 dicti
1390 1964 1473 2001 regis
1488 1963 1583 1993 modo
1601 1963 1701 1993 simili
1723 1964 1938 2001 admittendo;
1960 1965 2113 2004 regiaque
2131 1964 2251 2003 vexilla
2266 1963 2283 1972 '⁷

1293 2017 1386 2047 terris
1406 2021 1436 2046 et
1453 2016 1531 2047 locis
1553 2016 1591 2046 de
1609 2017 1830 2055 iurisdictione
1851 2017 1966 2047 decani
1983 2022 2014 2047 et
2028 2018 2160 2058 capituli
2175 2017 2280 2058 predi*
2295 2036 2303 2062 3

1293 2074 1396 2100 torum
1425 2069 1635 2100 existentibus
1658 2070 1732 2100 facit
1754 2071 1881 2110 apponi.
1906 2071 2019 2110 Nuper
2041 2080 2183 2112 namque
2199 2071 2302 2108 dic‘·

1292 2123 1430 2154 ballivus
1444 2123 1588 2163 quinque
1604 2128 1706 2154 castra
1725 2124 1811 2154 deca·
1806 2125 1837 2154 u
1861 2129 1892 2154 et
1909 2125 2042 2164 capituli
2063 2126 2220 2166 predic-,tor
2243 2140 2303 2163 ιιι-,

1292 2177 1441 2208 videlicet
1467 2176 1721 2214 Briandascum,
1748 2178 2020 2216 Manximiacum,
2046 2179 2300 2229 Vauneriaoumf

1293 2229 1489 2269 Soceyacum
1506 2234 1536 2259 et
1551 2228 1702 2269 Charnay
1706 2239 1772 2266 um,
1788 2230 1870 2260 clam
1887 2235 1918 2261 et
1932 2231 2150 2263 fraudolenter
2165 2231 2303 2271 intrata&

1293 2291 1330 2313 ea
1356 2287 1387 2312 et
1407 2282 1556 2313 ecclesias
1582 2283 1767 2313 eoiumdem
1786 2288 1984 2321 castrorum,
2005 2285 2045 2315 ad
2067 2293 2121 2316 eos
2141 2290 2172 2316 et
2185 2285 2219 2316 di
2299 2275 2302 2278 ⁴

1294 2336 1545 2375 Lugdunensem
1570 2336 1737 2366 ecclesiam
1762 2336 1857 2376 pleno
1877 2338 1950 2375 jure
1967 2342 2165 2378 spectantes,
2189 2347 2226 2370 ac

1293 2390 1404 2427 cimas,
1432 2389 1575 2420 redditus
1596 2394 1626 2419 et
1653 2394 1825 2429 proventus
1849 2391 1978 2430 aliaque
1998 2393 2074 2430 jura
2095 2391 2246 2424 ecolesim-

1294 2447 1325 2473 et
1339 2447 1514 2473 castrorum
1528 2442 1715 2473 eorumdem
1732 2448 1850 2474 temere
1861 2445 2026 2484 occupavit
2037 2449 2068 2476 et
2077 2445 2199 2477 detinet
2212 2453 2231 2478 o
2256 2431 2297 2472 ν’]

1294 2501 1378 2536 pata.
2276 2503 2278 2505 '

1334 2549 1386 2580 Ad
1410 2549 1470 2580 hec
1492 2550 1632 2589 prefatus
1661 2550 1800 2581 ballivus
1829 2555 1947 2582 temere
1972 2555 2003 2582 et
2035 2551 2194 2584 violenter
2219 2534 2300 2612 ο6ιίἶ

1295 2603 1500 2644 quamplures
1519 2608 1582 2633 tam
1603 2603 1735 2635 clericos
1755 2604 1846 2635 chori
1870 2614 1968 2644 quam
1991 2605 2107 2644 laicos,
2131 2606 2247 2638 servies

1295 2657 1439 2697 eJ'usdem
1463 2656 1594 2687 ecclesie
1613 2657 1854 2696 Lugdunensis,
1880 2658 2032 2698 ipsosque
2051 2660 2171 2691 carceri
2186 2668 2229 2690 m

1295 2711 1398 2750 pavit,
1415 2719 1552 2750 quorum
1573 2710 1702 2749 quidem
1720 2711 1877 2742 laicorum
1893 2711 2016 2751 aliqui'
2008 2721 2043 2742 in
2059 2712 2208 2744 eodemus
2241 2726 2246 2738 ι

1296 2764 1517 2801 decesserunt3
1535 2767 1563 2793 et
1581 2763 1814 2795 nichilominus
1827 2765 2031 2804 postmodum
2043 2765 2206 2805 quandam
2216 2773 2235 2796 ο

1297 2817 1436 2854 tionem,
1469 2817 1666 2847 menialciam
1697 2816 1874 2856 vulgariter
1904 2823 2123 2858 nuncupatam
2137 2843 2145 2858 ,
2174 2817 2304 2851 nor-Ma
2390 2854 2395 2864 ¹

1297 2879 1509 2910 expensarum
1530 2870 1684 2900 factarum
1702 2871 1735 2900 in
1754 2871 1832 2910 ipsis
1848 2870 2076 2903 decedentibus
2089 2896 2096 2910 ,
2113 2876 2147 2903 ut
2165 2871 2248 2904 dios·
2273 2882 2302 2909 1421,
2386 2865 2394 2908 ζ

1296 2924 1374 2955 dum
1392 2923 1542 2954 vivebant
1564 2929 1594 2954 et
1615 2924 1649 2953 in
1667 2924 1751 2954 dicto
1772 2933 1898 2955 carcere
1919 2925 2158 2964 detinebantur,
2181 2929 2212 2957 et
2250 2937 2251 2944 ¹
2265 2916 2305 2965 ⁵:²⁷4

1297 2979 1330 3008 in
1343 2977 1452 3008 eodem
1469 2986 1594 3007 carcere
1609 2977 1654 3007 sic
1668 2977 1816 3016 detentis,
1834 2986 1853 3008 a
1867 2978 2056 3018 propinquis
2070 2983 2101 3010 et
2115 2987 2248 3013 consan
2262 2971 2306 3004 ι“;”

1298 3031 1367 3061 neis
1385 3030 1527 3070 ipsorum
1547 3031 1688 3061 extorsit.

2459 2511 2477 3077 —a-zdzv‘a-ffmz‘ffifl
2458 2423 2476 2477 L'*
