2342 3652
906 377 1132 415 DEUXIEME
1155 383 1312 413 ANNEE.
2093 382 2148 412 299

142 453 393 484 1558-1582
650 451 738 482 Rieti,
755 452 768 477 7
786 451 902 477 octobre
922 450 996 477 1289.

103 517 272 545 Dominicus
280 514 471 542 Ulixbonensi
479 513 618 540 ecclesiae
629 514 784 547 episcopus
794 513 971 547 praeficitur.
985 511 1067 544 (Rae.

69 566 112 598 44,
128 573 153 592 c.
170 564 231 595 554,
247 563 267 590 f.
284 562 335 589 ‘235
350 564 402 593 vv.)

113 666 280 698 Venerabili
289 664 383 701 fratri
393 664 560 699 Dominico,
572 664 705 701 episcopo
718 662 1070 691 Ulz'aebonensiNacante

70 718 279 752 ulixbonensi
294 716 427 747 ecclesia
442 725 497 754 per
513 719 648 745 mortem
664 715 829 754 Stephani,
846 715 903 744 alii
921 723 956 744 ex
973 723 1069 744 cano-

69 773 149 805 nicis
163 771 381 806 Dominicum‚
400 773 475 799 tunc
492 769 698 799 Elborensem
717 768 912 807 episcopum,
929 767 1070 806 postula-

68 830 160 863 runt,
174 825 230 855 alii
245 832 319 854 vero
334 823 482 859 Petrum,
500 821 692 851 canonicum
706 820 989 855 Colimbriensem,
1007 819 1070 850 ele-

69 882 192 920 gerunt.
207 878 273 907 Hoc
285 885 361 906 vero
376 875 502 914 negotio
514 874 554 905 ad
567 874 674 904 sedem
690 873 895 912 apostolicam
910 873 1070 910 devoluto,

70 933 182 964 Petrus
197 931 385 961 electionem
400 937 491 959 suam
509 928 658 967 prosequi
675 927 825 965 neglexit,
843 935 976 965 eamque
992 935 1071 965 papa

69 985 203 1018 cassavit
217 988 247 1014 et
263 992 350 1014 nunc
366 982 575 1013 Dominicum
589 981 740 1011 ecclesiae
759 980 971 1011 Ulixbonensi
986 980 1071 1018 epis—

69 1047 181 1080 copum
197 1037 350 1077 praeficit.

109 1104 124 1120 ι
154 1091 243 1121 Inter
271 1090 349 1120 alias
378 1089 647 1120 sollicitudines...
673 1105 712 1110 —
738 1088 810 1117 Dat.
835 1087 950 1123 Reate,
976 1087 1071 1117 nonis

66 1145 219 1181 octobris,
235 1152 321 1174 anno
337 1142 487 1173 secundo.
510 1154 524 1169 a>
558 1170 561 1172 .

105 1198 146 1228 In
168 1206 195 1227 e.
222 1206 266 1226 m.
289 1195 428 1235 capitulo
452 1195 603 1225 ecclesiae
627 1194 855 1225 Ulixbonensis
879 1194 1010 1224 mandat
1037 1199 1072 1224 ut

67 1251 170 1283 eidem
187 1250 331 1289 episcopo
347 1249 486 1279 debitam
501 1248 716 1279 obedientiam
735 1248 894 1287 praebeat.

105 1305 145 1335 In
160 1314 187 1334 e.
204 1313 248 1334 m.
267 1304 352 1334 clero
367 1303 505 1333 civitatis
521 1307 552 1332 et
567 1303 719 1332 dioecesis
735 1302 985 1333 Ulixbonensis„

106 1359 146 1388 Iu
162 1367 189 1387 e.
205 1366 249 1387 m.
267 1356 382 1396 populo
399 1356 537 1387 civitatis
552 1360 582 1386 et
597 1356 750 1386 dioecesis
769 1355 1008 1386 Ulixbouensis.

106 1411 145 1442 In
160 1420 187 1441 e.
204 1420 248 1440 m.
268 1432 288 1440 ..
305 1419 413 1448 regem
431 1409 645 1447 Portugalliae
667 1413 755 1447 rogat
770 1413 805 1439 ut
822 1408 962 1439 eundem
984 1409 1069 1447 epis-

66 1473 179 1505 copum
196 1468 348 1503 protegat.

108 1530 123 1545 «
145 1517 196 1548 Ad
213 1517 387 1548 fovendum
403 1517 476 1547 in...
493 1533 532 1540 —
547 1517 619 1547 Dat.
637 1521 672 1546 ut
687 1525 790 1555 supra.
813 1529 826 1543 ›

49 1749 57 1756 ⁹
101 1753 287 1789 Dispensatio
303 1753 486 1780 matrimonii.
506 1753 589 1786 (Rae.
607 1753 650 1787 44,
666 1761 692 1780 c.
709 1754 769 1785 555,
785 1754 804 1780 f.
828 1754 880 1781 236
896 1761 935 1787 r⁰;
952 1753 1020 1781 Ln.
1038 1763 1072 1781 nu

49 1839 51 1841 .
67 1801 168 1836 Tam,
181 1801 209 1828 II
219 1823 227 1836 ‚
243 1802 318 1836 285.)
807 1798 810 1800 ’

652 1690 743 1721 Rieti,
762 1691 776 1716 7
792 1690 909 1717 octobre
922 1690 999 1718 1289.

113 1905 278 1934 Venerabili
295 1906 390 1942 fratri
404 1927 424 1934 ..
438 1906 658 1943 archiepiscopo
674 1905 838 1934 Senonensi
853 1905 1023 1935 committit
1038 1909 1074 1935 ut

69 1965 142 1988 cum
164 1956 264 1987 nobili
290 1957 358 1987 viro
379 1957 524 1987 Goffrido
547 1957 586 1987 de
606 1957 750 1993 Miliaco,
772 1957 894 1994 milite,
917 1962 947 1987 et
970 1957 1073 1988 nobili

69 2009 204 2040 muliere
224 2010 410 2048 Margarita,
428 2014 502 2040 nata
523 2009 687 2049 quondam
703 2010 863 2040 dohannis
886 2011 925 2041 de
941 2011 1074 2041 Cecchi-

51 2058 178 2103 fniaoo,
195 2063 323 2099 militis,
337 2063 500 2102 dispenset
517 2067 550 2094 ut
567 2064 603 2093 in
627 2064 831 2094 matrimonio
846 2064 924 2095 olim
942 2065 981 2094 ab
996 2065 1074 2104 ipsis

61 2120 243 2154 ⁴contracto,
258 2118 293 2147 in
309 2125 372 2157 quo
387 2117 488 2147 filiam
507 2122 725 2156 procrearunt,
744 2127 910 2148 remanere
929 2119 1071 2155 valeant,

62 2178 254 2210 „quanquam
287 2171 451 2202 Goffridus
479 2172 676 2210 Margaretae
700 2176 812 2210 quarto
837 2176 868 2202 et
893 2173 1074 2210 Margareta

59 2222 212 2254 Goffrido
236 2224 327 2254 tertio
346 2224 510 2254 affinitatis
533 2224 685 2262 gradibus
705 2225 869 2264 conjuncti
887 2229 972 2256 sunt.

55 2282 73 2293 ν’
112 2288 127 2304 «
149 2276 298 2307 Exhibita
317 2277 410 2308 nobis
431 2277 575 2308 dilecti...
592 2295 631 2300 —
648 2278 720 2308 Dat.
742 2279 858 2314 Reate,
879 2280 971 2309 nonis
989 2283 1074 2310 octo-

42 2327 152 2368 <flu-is,
167 2338 253 2361 anno
268 2331 418 2361 secundo.
442 2343 455 2358 n

145 2518 259 2547 1584
654 2519 740 2551 Rieti,
759 2520 772 2545 7
790 2520 906 2546 octobre
926 2520 1002 2548 1289.

107 2579 291 2616 Dispensatio
311 2582 494 2608 matrimonii.
512 2581 595 2614 (Rea.
614 2582 644 2607 44
660 2604 664 2611 ,
682 2590 707 2608 c.
724 2582 805 2612 555²,
824 2582 842 2608 f.
863 2582 912 2608 ι336
938 2588 982 2613 v⁰;
1007 2582 1073 2608 [ΛΡ.

66 2636 110 2658 -Μ
121 2629 225 2661 Tanis..
243 2629 286 2660 ΙΙ,
304 2629 376 2658 2861.

63 2728 66 2731 ⁴
114 2731 234 2762 Dilectis
247 2732 321 2769 filiis
335 2755 356 2761 ..
372 2732 482 2762 decano
497 2737 523 2761 ez
538 2755 558 2761 ..
573 2732 691 2769 officiali
706 2732 892 2762 Tullensibus
907 2732 1078 2763 committit

60 2787 113 2815 ut
123 2793 196 2816 cum
210 2784 352 2824 Symone
367 2785 529 2824 quondam
545 2785 670 2815 Nicolai
685 2785 761 2815 dicti
776 2785 873 2816 Guiot
885 2785 930 2824 (1)
949 2790 980 2815 et
1000 2785 1076 2815 Hel-

46 2872 49 2873 ,
72 2836 164 2875 Jvide,
188 2842 260 2868 nata
278 2838 440 2877 quondam
460 2838 582 2868 Terrici
607 2838 683 2868 dicti
708 2838 930 2877 Ramponnel‚
955 2838 1077 2868 civibus

63 2883 289 2928 '³''1'ullensibus,
309 2891 473 2930 dispenset
490 2895 525 2921 ut
541 2891 575 2920 in
594 2892 800 2921 matrimonio
813 2891 897 2930 quod
909 2891 1000 2929 olim,
1017 2892 1076 2920 im-

71 2942 294 2982 ,pedimentum
320 2953 388 2974 esse
410 2944 611 2982 ignorantes,
636 2948 877 2981 contraxerunt,
901 2949 931 2974 et
957 2944 990 2973 in
1017 2953 1078 2982 quo

59 3077 64 3083 .
111 3056 142 3094 (l)
157 3056 199 3081 Ou
215 3057 316 3081 Ginsoe?

1151 448 1257 487 plures
1270 448 1354 479 filios
1368 454 1582 487 procrearunt,
1600 458 1765 480 remanere
1778 449 1916 485 valeant,
1929 457 1993 478 non
2009 448 2151 478 obstante

1152 506 1264 540 quarto
1280 503 1570 540 consanguinitatis
1584 503 1684 541 gradu
1699 511 1761 541 quo
1776 502 1938 541 conjuncti
1954 505 2039 531 sunt.

1194 566 1207 580 α
1232 554 1346 584 Petitio
1369 554 1474 585 dilecti
1495 555 1593 585 filii...
1611 572 1648 577 —-
1664 556 1735 585 Dat.
1753 556 1866 592 Reate,
1883 555 1978 584 nonis
1999 554 2149 584 octobris.

1152 615 1237 636 anno
1254 607 1404 637 secundo.
1427 619 1441 634 »

1229 779 1249 806 1
1257 780 1344 809 565

1190 840 1236 866 Ad
1252 841 1490 867 sustentationem
1502 841 1549 872 G.,
1559 841 1664 875 Regini
1673 841 1889 875 archiepiscopi.
1902 841 1984 868 (Rae.
1998 842 2040 875 44,
2054 849 2079 868 c.
2093 842 2152 873 556,

1154 888 1172 914 f.
1191 889 1242 916 236
1258 890 1309 917 vo.)

1717 779 1806 810 Rieu,
1827 781 1853 805 tt
1871 780 1986 805 octobre
2004 779 2080 806 1239.

1201 991 1365 1020 Venerabili
1389 992 1483 1027 fratri
1501 1012 1522 1019 ..
1542 992 1672 1027 episcopo
1695 991 1882 1025 Peneslrz'nO,
1903 992 2060 1027 apostolice
2081 991 2157 1019 seclis

1156 1044 1267 1081 leyato,
1290 1043 1420 1072 mandat
1440 1047 1474 1072 ut
1499 1043 1537 1072 de
1559 1043 1712 1072 fructibus
1734 1046 1764 1071 et
1783 1042 1988 1080 proventibus
2009 1042 2157 1072 ecclesia-

1154 1105 1226 1126 rum
1245 1096 1477 1125 cathedralium
1493 1095 1543 1125 vel
1559 1095 1695 1125 aliarum
1712 1094 1895 1124 vacantium
1911 1095 1944 1123 in
1961 1103 2058 1132 regno
2074 1094 2157 1124 Sici-

1153 1149 1215 1179 liae
1234 1150 1312 1178 citra
1328 1149 1457 1185 Farum,
1475 1157 1575 1187 usque
1591 1148 1631 1178 ad
1646 1153 1763 1178 certam
1779 1157 1949 1181 summam,
1968 1147 2019 1183 G.,
2036 1147 2157 1177 archie-

1154 1203 1281 1241 piscopo
1296 1203 1433 1241 Regino,
1451 1202 1551 1232 donec
1566 1201 1605 1231 ad
1621 1201 1787 1232 eeclesiam
1806 1210 1895 1231 suam
1911 1201 2015 1231 redire
2034 1201 2157 1239 poterit,

1154 1256 1327 1295 provideat.

1196 1321 1211 1336 «
1236 1309 1382 1348 Exposita
1404 1308 1494 1338 nobis
1519 1307 1750 1338 venerabilis...
1771 1324 1810 1330 —
1826 1308 1897 1336 Dat.
1922 1308 2033 1342 Reate,
2051 1317 2071 1335 v
2087 1306 2159 1336 idus

1155 1363 1305 1399 octobris,
1323 1370 1409 1392 anno
1427 1361 1578 1392 secundo.
1604 1373 1617 1387 >a

1717 1519 1809 1549 Rieti,
1830 1520 1865 1544 ler
1879 1519 1994 1545 octobre
2014 1519 2086 1546 1282».

1230 1521 1479 1550 1583-1528

1191 1578 1399 1612 Indulgentiae.
1420 1577 1501 1609 (Rea.
1521 1577 1563 1608 44,
1581 1585 1606 1603 c.
1625 1577 1685 1609 557,
1702 1576 1721 1602 f.
1739 1576 1790 1603 236
1805 1581 1856 1603 νῦ.)

1199 1682 1351 1710 L'nicersis
1370 1680 1483 1709 Christi
1503 1677 1640 1716 fidelibus
1658 1683 1809 1716 presentes
1833 1678 1949 1707 litteras
1971 1679 2158 1715 inspecturis.

1155 1734 1397 1772 Indulgentiam
1412 1736 1541 1762 centum
1558 1731 1684 1761 dierum
1701 1730 1846 1760 concedit
1862 1730 1906 1760 eis
1922 1731 1977 1768 qui
1994 1729 2161 1760 ecclesiam

1157 1789 1274 1818 Beatae
1289 1787 1410 1816 Mariae
1427 1785 1525 1816 Medii
1537 1784 1724 1814 monasterii
1738 1784 1962 1819 Bituricensis,
1979 1784 2011 1812 in
2023 1782 2160 1820 singulis

1155 1842 1265 1871 beatae
1284 1840 1406 1870 Mariae
1427 1844 1456 1868 et
1477 1838 1508 1868 S.
1536 1837 1716 1875 Fulgentii‚
1738 1837 1829 1875 cujus
1853 1845 1966 1874 corpus
1990 1837 2024 1865 in
2051 1835 2161 1865 eadem

1157 1894 1288 1925 ecclesia
1304 1893 1487 1931 requiescit,
1502 1891 1737 1927 festivitatibus,
1747 1894 1777 1920 et
1792 1899 1846 1928 per
1861 1894 1930 1920 octo
1945 1889 2011 1919 dies
2028 1897 2161 1927 sequen-

1158 1953 1218 1985 tes,
1238 1947 1450 1977 visitaverint.

1199 2014 1212 2028 «
1246 2001 1318 2031 Vite
1343 2000 1525 2039 perempnis
1551 1998 1690 2036 gloria...
1714 2013 1754 2019 -
1775 1997 1846 2027 Dat.
1874 1997 1989 2032 Reate,
2016 1996 2161 2026 kalendis

1157 2055 1307 2089 octobris,
1325 2062 1411 2084 anuo
1426 2052 1578 2083 secundo.
1601 2064 1614 2078 »

1742 2104 1829 2137 Rieu,
1847 2104 1863 2131 9
1878 2104 1996 2130 octobre
2016 2103 2090 2130 1289.

1197 2173 1236 2202 ln
1252 2181 1280 2202 e.
1297 2181 1340 2200 m.
1359 2170 1490 2201 eisdem.
1508 2167 1748 2206 Indulgentiam
1771 2167 1867 2197 unius
1889 2167 1968 2196 anni
1990 2171 2020 2196 et
2037 2176 2075 2196 xi„
2093 2166 2161 2196 die-

1119 2233 1123 2235 ’
1156 2235 1229 2256 rum
1245 2224 1387 2255 concedit
1402 2223 1446 2253 eis
1461 2223 1517 2261 qui
1532 2221 1699 2252 ecclesiam
1714 2220 1828 2251 domus
1843 2219 2039 2258 leprosorum
2055 2220 2158 2248 Aver—

1158 2288 1271 2315 sanae,
1288 2279 1323 2307 in
1339 2277 1495 2307 honorem
1510 2276 1619 2305 beatae
1635 2274 1755 2304 Mariae
1771 2272 1978 2311 Magdalenae
1997 2277 2161 2302 construc—

1160 2338 1239 2369 tam,
1262 2332 1297 2361 in
1322 2329 1461 2368 singulis
1483 2333 1611 2358 sanetae
1632 2327 1752 2357 Mariae
1772 2326 1979 2364 Magdalenae
2004 2330 2034 2355 et
2053 2325 2161 2354 beatae

1160 2386 1279 2416 Mariae
1295 2383 1428 2422 virginis
1445 2381 1679 2416 festivitatibus,
1697 2384 1728 2410 et
1741 2388 1797 2418 per
1813 2383 1882 2409 octo
1898 2379 1965 2408 dies
1981 2382 2157 2416 sequentes,

1159 2438 1368 2469 visitaverint.
1385 2437 1455 2466 Dat.
1474 2436 1584 2471 Reate,
1601 2443 1645 2463 vn
1660 2433 1732 2463 idus
1746 2433 1891 2469 octobris,
1909 2440 1994 2461 anno
2010 2431 2157 2461 secundo.

1722 2513 1798 2540 Rieti
1807 2534 1814 2546 ,
1834 2502 1868 2539 14'
1879 2512 1994 2539 octobre
2012 2510 2088 2538 1289.

1200 2584 1236 2613 In
1259 2591 1286 2611 e.
1308 2590 1351 2610 m.
1371 2579 1502 2609 eisdem.
1525 2577 1666 2607 Eandem
1688 2575 1922 2613 indulgentiam
1949 2573 2092 2604 concedit
2115 2573 2159 2603 eis

1158 2638 1212 2676 qui
1229 2634 1394 2665 ecclesiam
1409 2631 1516 2662 Sancti
1534 2628 1720 2659 qulfranni
1736 2628 1770 2657 in
1786 2625 2006 2661 Abbatisvilla,
2024 2626 2158 2655 Ambia-

1159 2690 1269 2720 nensis
1293 2686 1456 2717 dioecesis,
1473 2684 1507 2712 in
1526 2683 1626 2712 sancti
1644 2680 1834 2711 Wutfranni
1850 2685 1880 2709 et
1897 2682 2032 2718 quatuor
2051 2678 2159 2708 beatae

1161 2742 1282 2773 Mariae
1294 2738 1430 2777 virginis
1450 2735 1686 2771 festivitatibus,
1704 2738 1734 2763 et
1745 2742 1800 2771 per
1815 2736 1883 2762 octo
1899 2732 1965 2761 dies
1981 2735 2159 2770 sequentes,

1162 2793 1370 2826 visitaverint.
1390 2791 1460 2821 Dat.
1479 2790 1596 2823 Reate,
1616 2797 1637 2816 11
1655 2787 1726 2816 idus
1740 2785 1890 2815 octobris.
1908 2793 1992 2814 anno
2010 2783 2158 2814 secundo.

1740 2866 1830 2895 Rieti,
1848 2866 1861 2891 Τ
1879 2865 1994 2891 octobre
2012 2864 2089 2891 1289.

1202 2940 1237 2968 lu
1255 2947 1283 2967 e.
1300 2945 1343 2965 m.
1361 2933 1492 2964 eisdem.
1510 2930 1748 2968 Indulgentiam
1765 2933 1892 2958 centum
1907 2927 2033 2956 dierum
2049 2934 2160 2956 conce—

1162 2993 1208 3023 dit
1228 2992 1273 3022 eis
1295 2989 1350 3028 qui
1373 2986 1538 3017 ecclesiam
1559 2984 1779 3021 Beguinarum
1800 2981 2015 3010 Parisiensem
2030 3004 2036 3016 ,
2053 2979 2086 3008 in
2103 2978 2159 3008 ho-

1164 3053 1274 3076 norem
1291 3043 1424 3072 Sanctae
1434 3038 1606 3069 Kateriuae
1618 3039 1840 3070 constructam,
1851 3034 1884 3063 in
1897 3033 2066 3063 festivitate
2078 3032 2103 3070 ej
2110 3041 2161 3061 us-
