2477 3637
200 387 259 418 <538
942 377 1178 410 REGISTRES
1200 377 1254 408 DE
1277 375 1460 406 NICOLAS
1483 375 1539 405 IV.

268 451 385 480 43⁷8
678 448 804 478 Orvieto,
825 447 854 473 13
870 446 1032 481 septembre
1050 445 1126 472 1290.

235 514 331 541 Eidem
351 513 442 546 legato
460 510 572 537 mandat
590 514 619 536 ut
635 518 730 544 regem
748 508 890 535 infidelem
906 509 933 534 in
951 506 1077 541 Ungaria
1091 505 1202 532 admitti

200 562 342 598 impediat.
359 561 441 594 (lieo.
460 561 501 590 45,
519 568 544 586 c.
561 559 608 589 85,
626 559 644 585 1“.
667 558 713 584 172
731 559 778 590 νο.)

237 665 351 694 Eidem.
371 676 384 689 u
402 661 451 691 Ad
467 665 582 690 statum
604 659 734 697 regni...
759 657 952 687 fraternitati
969 660 1020 686 tue
1040 664 1095 694 per
1113 663 1202 694 apos-

200 717 290 748 tolica
305 715 421 754 scripta
437 713 579 744 districte
596 711 801 752 precipiendo
819 710 1010 740 mandamus
1026 712 1200 748 quatenus,

197 771 236 800 de
258 770 356 809 ipsius
378 767 471 806 regni
499 771 581 796 statu
607 765 762 796 sollicitus
788 770 817 794 et
840 768 992 799 attentus,
1020 767 1072 792 tua
1097 761 1203 791 studia

198 828 313 861 tueque
335 821 492 851 facultatis
515 820 609 855 vires,
635 818 710 848 dicti
737 817 829 855 regni
855 817 1034 847 turbatione
1054 815 1201 851 durante,

197 884 270 906 cum
283 874 372 905 omni
385 873 557 903 attentione
571 874 736 902 convertas
752 870 790 900 ad
805 869 1001 900 obviandum
1017 867 1202 898 infidelium

197 929 326 959 ausibus
347 937 381 958 ac
400 928 445 957 eis
465 926 633 956 efficaciter
653 924 888 960 resistendum,
913 923 938 952 si
957 923 1011 961 qui
1030 922 1136 952 forsan
1151 921 1202 950 in-

199 988 290 1018 trare,
309 981 457 1011 invadere
475 979 523 1009 vel
539 987 690 1016 occupare
707 977 913 1007 intenderent
931 984 1065 1014 regnum
1082 975 1201 1013 ipsum,

199 1045 234 1066 ac
247 1036 309 1065 hiis
320 1035 414 1065 etiam
428 1034 482 1072 qui
493 1033 633 1071 aliquem
649 1031 814 1061 infidelem
829 1036 884 1060 aut
895 1030 933 1059 de
947 1029 1008 1058 fide
1020 1032 1203 1067 suspectum

198 1090 232 1118 in
250 1088 391 1127 Ungaric
408 1096 512 1123 regem
531 1085 699 1115 admittere
715 1088 950 1122 attemptarent,
968 1087 1077 1112 contra
1093 1081 1202 1119 hujus-

197 1142 284 1172 modi
306 1140 451 1170 inssdeles
474 1138 676 1169 convocando
700 1137 808 1167 fideles
832 1142 861 1166 et
886 1135 1093 1175 predicando,
1111 1139 1204 1173 prout

198 1194 344 1233 expedire
361 1193 488 1228 videris,
505 1193 637 1221 verbum
656 1192 797 1221 crucis...
818 1191 877 1220 Dat
893 1194 926 1219 ut
941 1198 1048 1228 supra.
1065 1200 1078 1214 ›

266 1353 382 1381 4329
671 1350 801 1381 Orvieto,
825 1349 854 1376 13
870 1348 1033 1383 septembre
1052 1347 1130 1375 1290.

232 1415 327 1442 Eidem
346 1416 436 1449 legato
454 1414 568 1441 mandat
586 1417 613 1440 ut
631 1421 803 1447 quemquam
820 1420 940 1445 regnum
961 1410 1103 1446 Ungariae
1123 1412 1204 1437 inva-

197 1465 263 1492 dere
278 1464 421 1499 impediat.
438 1463 521 1496 (Rae.
540 1464 582 1495 45,
599 1472 625 1489 c.
643 1463 685 1496 86,
703 1463 721 1489 s.
743 1462 790 1488 172
806 1462 856 1496 νῦ.)

236 1569 337 1597 Eidem
359 1566 488 1596 mandat
504 1570 551 1602 ut,
570 1565 749 1595 convocatis
764 1563 1013 1602 archiepiscopis
1025 1587 1032 1600 ,
1049 1563 1203 1602 episcopis

197 1626 227 1651 et
241 1620 315 1651 aliis
335 1619 539 1650 ecclesiarum
559 1618 719 1657 praelatis,
743 1617 958 1647 saecularibus
982 1621 1012 1647 et
1031 1616 1201 1654 religiosis,

198 1682 320 1704 necnon
342 1673 487 1708 ducibus,
506 1671 759 1707 marchionibus,
779 1670 962 1706 comitibus,
979 1669 1154 1700 baronibus
1173 1673 1204 1699 et

198 1727 358 1758 nobilibus
370 1726 461 1764 regni
475 1725 651 1763 Ungariae,
666 1734 701 1754 ex
716 1728 802 1762 parte
814 1723 897 1753 sedis
912 1723 1114 1762 apostolicae,
1132 1735 1145 1750 α
1163 1722 1204 1752 ad

196 1789 290 1820 quam
313 1789 449 1818 regnum
471 1780 575 1817 ipsum
598 1778 760 1817 pertinere
783 1778 970 1814 dinoscitur,
993 1789 1005 1803 ι»
1029 1776 1156 1815 publice
1174 1779 1205 1806 et

198 1843 342 1873 expresse
357 1833 499 1863 inhibeat
513 1842 552 1862 ne
567 1832 638 1871 quis
651 1831 826 1870 praefatum
842 1839 979 1868 regnum
993 1829 1043 1860 vel
1059 1829 1203 1869 aliquam

198 1887 266 1925 ejus
282 1891 400 1924 partem
419 1884 571 1914 invadere
588 1883 634 1913 vel
653 1892 807 1922 occupare
827 1886 1021 1921 praesumat.

240 1951 251 1965 «
272 1939 380 1977 Nuper
396 1938 434 1967 ad
455 1941 634 1967 nostrum...
652 1953 690 1959 —
707 1937 778 1966 Dat.
798 1942 952 1975 utsupra.
969 1948 983 1963 »

266 2097 384 2127 4:380

232 2161 329 2187 Eidem
352 2161 443 2193 legato
464 2161 628 2187 facultatem
652 2159 828 2195 proponendi
850 2160 946 2186 crucis
964 2159 1082 2186 verbum
1105 2162 1205 2186 eontra

678 2096 809 2128 Orvieto‚
828 2096 859 2123 13
874 2096 1037 2131 septembre
1055 2095 1132 2124 1290.

196 2211 324 2237 infideles
339 2212 364 2236 in
384 2209 508 2244 [lugaria
525 2209 667 2236 concedit.
685 2209 768 2241 (ttso.
786 2210 829 2240 45,
847 2218 872 2235 c.
889 2209 932 2240 87,
953 2209 970 2235 f.
990 2209 1038 2235 172
1054 2210 1105 2241 v0.)

241 2313 407 2342 Venerabili
420 2312 513 2349 fratri
536 2313 580 2348 B.,
602 2313 733 2350 episcopo
754 2313 929 2349 Eztgyttbz'rzo,
949 2312 1110 2350 apostolice
1127 2312 1204 2341 sedis

197 2367 309 2404 legiam,
326 2366 458 2396 mandat
477 2371 524 2403 ut,
545 2375 607 2396 non
633 2366 778 2396 obstante
797 2366 880 2404 regis
900 2365 1064 2404 Ungariae
1086 2370 1201 2402 morte,

194 2418 386 2458 legationem
411 2428 500 2449 suam
525 2424 743 2458 prosequatur,
763 2423 793 2449 et
813 2419 840 2448 si
861 2419 997 2456 Tartari,
1022 2419 1202 2456 Sarraceni,

195 2472 359 2509 Neugerii,
371 2472 497 2510 pagani,
513 2471 662 2502 haeretici
675 2481 729 2501 seu
748 2472 803 2501 alii
819 2472 966 2502 infideles
982 2480 1055 2502 suos
1070 2476 1203 2502 conatus

194 2529 301 2555 contra
318 2525 392 2555 fidei
404 2525 633 2555 cultoresinsra
647 2526 727 2555 fines
742 2526 841 2564 ipsius
855 2525 1024 2564 legationis
1041 2529 1200 2562 moveant,

193 2578 343 2608 adversus
361 2586 413 2608 eos
428 2578 529 2608 crucis
546 2578 677 2608 verbum
695 2582 861 2617 proponat.

235 2643 248 2658 α
268 2631 436 2662 Pastoralis
451 2632 546 2662 officii
562 2632 706 2663 debito...
725 2649 761 2653 —
780 2632 850 2662 Dat.
869 2636 1026 2671 utsupra.
1045 2645 1059 2659 n

262 2791 373 2820 4381
381 2792 516 2821 -4382

229 2852 324 2880 Eidem
341 2854 432 2885 legato
449 2853 562 2880 mandat
580 2857 609 2880 ut
625 2853 669 2886 E..
683 2854 811 2888 reginam
831 2854 984 2889 ungariae,
999 2858 1092 2882 natam
1107 2856 1200 2882 clarae

691 2791 819 2826 Orvieto,
836 2792 851 2818 ‘J
868 2792 1032 2826 septembre
1049 2792 1127 2820 1290.

193 2904 344 2929 memoriae
359 2903 463 2933 Caroli,
483 2904 558 2937 regis
581 2903 711 2934 Siciliae,
727 2903 955 2930 commendatam
973 2904 1076 2932 habeat
1091 2908 1119 2932 et
1134 2907 1200 2940 ejus

194 2951 265 2977 bona
281 2955 308 2977 et
319 2952 383 2985 jura
395 2951 534 2977 dest-ndat.
550 2952 633 2984 (Res.
647 2953 690 2984 45,
703 2960 730 2978 c.
743 2952 787 2984 88,
801 2953 820 2979 s.
839 2953 884 2979 172
898 2958 942 2984 v0;
958 2952 1076 2988 Po‘rTn„
1088 2954 1199 2988 23:387.)

234 3053 344 3082 Eidem.

1327 455 1340 469 α
1365 443 1446 473 Cum
1472 448 1500 472 te
1524 441 1602 472 ad...
1625 457 1665 464 —
1687 441 1755 470 Dat.
1777 439 1862 479 apud
1885 439 2159 470 Urbemveterem.
2182 449 2201 468 v
2221 439 2292 470 idus

1285 495 1488 534 septembris,
1503 502 1590 524 anno
1607 493 1709 524 tertio.
1729 504 1742 519 ιι
2280 484 2283 486 ’

1324 549 1362 579 In
1380 557 1407 578 e.
1425 557 1469 578 m.
1492 571 1511 577 ..
1532 547 1769 586 archiepiscopo
1785 546 2010 585 strigoniensi.

1326 613 1339 628 <a
1358 601 1468 640 Nuper
1486 601 1524 630 ad
1543 603 1728 630 nostrum...
1746 616 1786 622 -—-
1804 599 1874 629 Dat.
1895 603 2050 638 utsupra.
2069 609 2083 626 »

1354 779 1474 808 4383

1321 842 1463 877 Reginam
1477 841 1623 876 Ungariae
1639 841 1770 867 hortatur
1785 843 1817 867 ut
1829 840 1865 867 ad
1881 839 1916 867 B.
1927 860 1934 871 ‚
1951 839 2076 874 legatum
2090 839 2292 874 apostolicum,

1285 896 1313 919 et
1330 913 1349 919 ..
1365 891 1616 926 archiepiscopum
1632 889 1863 924 strigoniensem
1879 888 2096 915 confidenterin
2111 888 2174 915 suis
2188 895 2294 924 oppor-

1284 940 1457 967 tunitatibus
1474 943 1610 966 recurrat.
1629 938 1712 971 (Rs-o.
1730 938 1772 970 45,
1790 946 1817 964 c.
1833 938 1878 969 89,
1891 938 1910 964 f.
1926 938 1974 964 173
1989 943 2032 969 νος
2049 938 2167 971 Pom-Tu„
2183 935 2292 970 23388).

1783 777 1910 809 Orvieto‚
1929 777 1945 805 9
1961 777 2124 812 septembre
2142 777 2221 804 1290.

1326 1043 1487 1072 Carissime
1504 1043 1536 1071 in
1553 1042 1670 1072 Christo
1685 1041 1748 1079 filie
1764 1042 1812 1077 E.‚
1831 1042 1935 1079 reyine
1953 1039 2083 1078 Unyarie
2098 1039 2228 1070 illustri.

1327 1108 1340 1123 <x
1359 1095 1470 1134 Nuper
1485 1095 1525 1126 ad
1541 1099 1724 1125 nostruin...
1740 1111 1778 1116 -
1794 1094 1865 1124 Dat.
1885 1098 1918 1124 ut
1935 1102 2040 1131 supra.
2060 1105 2074 1120 n

1356 1275 1475 1304 4384
1770 1273 1896 1305 Orvieto,
1917 1272 1948 1300 12
1964 1272 2128 1307 septembre
2145 1271 2223 1300 1290.

1321 1338 1435 1366 Gratias
1451 1337 1544 1365 eidem
1560 1338 1654 1372 legato
1671 1336 1779 1372 pridem
1793 1335 1947 1371 legationis
1962 1337 1986 1371 ej
1993 1344 2027 1363 us
2038 1343 2126 1363 causa
2138 1341 2296 1362 concessas

1285 1388 1446 1415 confirmat.
1462 1387 1547 1421 (Rau.
1564 1387 1607 1418 45,
1625 1395 1650 1413 c.
1668 1385 1717 1420 90,
1734 1386 1753 1412 f.
1774 1385 1822 1412 173
1838 1389 1883 1415 νο.)

1332 1491 1499 1520 Venerabili
1517 1489 1613 1526 fratri
1632 1489 1679 1525 B.,
1699 1490 1835 1527 episcopo
1847 1488 2020 1525 Ειιραὸῖηο,
2039 1487 2199 1525 apostolice
2218 1486 2296 1516 sedis
2336 1484 2338 1486 ’

1285 1543 1391 1582 legato.

1328 1609 1342 1625 «
1358 1597 1485 1627 Pridem
1502 1605 1575 1627 cum
1587 1605 1769 1626 essemus...
1784 1612 1823 1618 —
1834 1596 1904 1625 Dat.
1919 1594 2003 1634 apud
2018 1594 2294 1630 Urbemveterem,

1285 1661 1307 1681 11
1325 1651 1398 1681 idus
1417 1650 1617 1689 septembris,
1636 1658 1722 1680 anno
1739 1649 1840 1679 tertio.
1860 1660 1875 1676 »

1356 1832 1476 1860 4385
1829 1829 1963 1862 Orvieto‚
1980 1828 1995 1856 8
2011 1828 2129 1856 octobre
2145 1827 2224 1856 1290.

1321 1894 1454 1926 Nic01a0‚
1478 1894 1654 1929 patriarchae
1677 1892 1928 1922 Jerosolimitano,
1948 1890 2063 1918 mandat
2084 1897 2115 1918 ut
2132 1891 2298 1925 capitaneos

1287 1944 1376 1979 galeis
1392 1947 1420 1970 et
1434 1943 1540 1978 populo
1555 1941 1712 1969 christiano
1728 1942 1757 1968 in
1769 1941 1857 1967 Terra
1868 1940 1973 1967 Sancta
1984 1938 2234 1975 p1·aeficiat.(R.sG.
2252 1939 2296 1971 45,

1286 2001 1313 2020 c.
1329 1993 1374 2024 91,
1392 1993 1412 2020 f.
1429 1992 1478 2019 173
1496 1993 1543 2024 ro.)

1335 2096 1498 2126 Venerabili
1531 2095 1627 2132 fratri
1655 2095 1778 2124 Nicolao
1791 2117 1799 2131 ‚
1829 2093 2004 2132 patriarche
2031 2092 2295 2127 lerosolimitam,

1286 2151 1444 2188 apostolice
1459 2149 1536 2178 sedis
1553 2150 1657 2186 leyato.
1680 2159 1693 2174 α
1711 2146 1899 2177 Exultamus
1915 2146 1950 2175 in
1969 2145 2108 2176 Domino
2124 2148 2155 2174 et
2170 2148 2298 2183 gratum

1286 2208 1515 2242 acceptumque
1531 2211 1596 2232 non
1616 2201 1777 2232 modicum
1797 2200 1942 2231 redditur
1963 2199 2043 2230 votis
2061 2198 2178 2229 nostris
2193 2196 2298 2237 quod,

1287 2257 1368 2286 sicut
1376 2256 1471 2286 habet
1482 2255 1600 2286 nostris
1611 2255 1742 2285 auribus
1753 2253 1992 2292 fidedignorum
2003 2251 2162 2282 inculcata
2173 2250 2296 2288 relatio,

1286 2310 1370 2340 circa
1394 2309 1526 2348 vigilem
1549 2313 1580 2339 et
1601 2317 1667 2339 non
1690 2308 1909 2338 intermissam
1934 2307 2031 2336 Terre
2052 2305 2167 2336 Sancte
2191 2309 2298 2335 custo-

1286 2364 1372 2394 diam
1387 2373 1424 2394 ac
1437 2363 1559 2394 bonum
1577 2367 1607 2392 et
1621 2370 1810 2401 prosperum
1826 2364 1944 2391 statum
1961 2360 2030 2399 ejus
2049 2358 2192 2389 studium
2207 2357 2300 2388 adhi-

1285 2418 1360 2448 bere
1375 2425 1440 2447 non
1457 2415 1581 2446 desinis
1596 2414 1824 2446 sollicitudinis
1840 2413 2012 2451 indefesse,
2027 2416 2153 2452 propter
2168 2411 2253 2451 quod
2268 2413 2299 2442 et

1285 2471 1369 2510 apud
1397 2470 1549 2500 altissimi
1577 2469 1684 2499 filium
1713 2467 1843 2499 cumulo
1871 2467 2060 2497 meritorum
2088 2466 2243 2496 excrescis
2268 2467 2299 2495 et

1284 2533 1382 2564 penes
1407 2523 1552 2554 fidelium
1578 2522 1710 2562 populos
1734 2522 1819 2552 fame
1844 2526 1895 2551 tue
1922 2520 2110 2560 preconium
2136 2517 2298 2550 laudabile
2343 2526 2354 2548 ’.

1285 2579 1417 2617 suscipit
1432 2578 1681 2608 incrementum.
1701 2576 1784 2607 Sane
1800 2575 1894 2615 quia,
1912 2573 2124 2605 consideratis
2141 2572 2298 2603 attentius

1284 2640 1347 2670 que
1363 2631 1613 2662 considerationi
1629 2639 1661 2661 se
1677 2630 1827 2667 offerunt,
1840 2628 1941 2668 ipsius
1957 2632 2037 2658 terre
2051 2626 2146 2657 statui
2162 2633 2297 2666 perpen-

1284 2684 1392 2714 dimus
1417 2683 1583 2723 expedire,
1607 2686 1640 2713 ut
1660 2682 1759 2721 galeis
1783 2690 1862 2721 quas
1885 2690 1941 2720 per
1964 2679 2134 2711 ecclesiam
2155 2679 2192 2709 in
2215 2683 2298 2709 terra

1284 2738 1353 2777 ipsa
1368 2737 1498 2768 retineri
1517 2746 1575 2767 con
1583 2736 1689 2775 tigerit
1706 2741 1808 2766 rector
1824 2734 2010 2774 preficiatur
2029 2733 2175 2773 ydoneus
2193 2735 2224 2762 et
2237 2739 2296 2771 gu-

1283 2792 1433 2822 bernator
1454 2790 1604 2830 providus
1622 2790 1808 2829 deputetur,
1832 2788 1980 2819 volumus
2004 2791 2053 2823 ut,
2074 2786 2183 2817 habito
2202 2793 2297 2825 super
2350 2775 2355 2795 ²

1282 2844 1343 2874 hoc
1356 2853 1428 2875 cum
1444 2843 1657 2883 prudentibus
1674 2843 1750 2873 viris
1765 2842 1899 2873 consilio
1915 2840 2075 2879 diligenti,
2093 2839 2296 2879 capitaneum

1283 2907 1377 2937 super
1392 2897 1498 2937 galeas
1514 2898 1598 2937 ipsas
1614 2897 1803 2927 auctoritate
1818 2900 1927 2927 nostra
1942 2894 2100 2934 preficias,
2113 2893 2170 2933 qui
2185 2899 2295 2923 earum

1282 2951 1450 2982 sollicitam
1470 2956 1500 2982 et
1516 2951 1679 2981 assiduam
1697 2958 1810 2981 curam
1828 2953 1929 2988 gerat.
1948 2948 2116 2985 Preterea,
2133 2946 2209 2986 quia
2225 2953 2295 2976 om·-
2340 2958 2354 2963 *-

1281 3005 1361 3036 nino
1381 3005 1528 3044 expedire
1551 3004 1676 3035 videtur
1699 3008 1749 3041 ut,
1772 3002 1875 3043 quoad
1897 3001 2054 3041 gerendas
2074 3009 2125 3030 res
2145 2997 2292 3036 bellicas,

1280 3058 1398 3098 aliquis
1413 3058 1574 3098 generalis
1590 3058 1747 3098 capitanei
1763 3065 1878 3096 gerens
1897 3055 2039 3087 officium
2056 3054 2156 3093 presit
2171 3052 2205 3082 in
2223 3059 2294 3091 par-
