2342 3652
629 327 848 366 PREMIERE
871 325 1026 365 ANNEE.
1050 351 1090 357 —
1111 335 1295 364 LETTREs
1319 335 1543 365 CURIALES.
2077 335 2127 363 131

49 417 109 448 que
126 416 182 436 vm
206 405 275 434 idus
294 403 428 434 octobris
453 403 604 439 occurrit,
632 411 667 431 ac
690 402 896 432 dedicationis
920 401 1048 431 basilice

50 458 229 494 Salvatoris,
247 465 372 487 necnon
384 461 414 485 et
431 457 465 485 iu
483 455 620 493 singulis
635 455 747 484 diebus
763 455 878 493 quibus
893 458 938 483 est
956 453 1047 483 statio

49 514 84 544 in
97 513 163 552 ipsa
177 509 307 541 basilica
325 509 471 539 ordinata
542 508 620 538 duos
635 516 737 537 annos
758 512 788 537 et
809 507 887 537 duas
910 506 1047 545 quadra-

49 574 144 605 genas
167 565 205 594 de
224 563 379 601 injunctis
401 563 446 592 eis
467 562 649 601 penitentiis
666 560 910 590 misericorditer
928 559 1047 589 relaxa-

49 628 141 655 mus;
165 616 411 647 remissionibus
439 624 492 645 seu
524 614 732 651 indulgentiis
755 613 978 643 accedentibus
1007 613 1046 642 ad

49 671 180 703 eandem
196 669 360 699 basilicam
376 668 455 697 alias
470 676 488 697 a
507 667 670 696 nonnullis
687 667 828 696 romanis
844 665 1046 704 pontificibus

48 722 318 765 predecessoribus
343 721 458 752 nostris
481 720 656 755 concessis,
681 728 759 757 quas
781 719 875 748 etiam
900 727 956 748 nos
985 719 1046 757 ipsi

50 785 148 816 nuper
161 775 407 814 approbavimus
422 783 468 811 ac,
485 779 518 803 ut
533 772 650 803 Christi
661 771 770 801 fideles
783 772 821 801 ad
836 771 951 801 dictam
967 772 1048 802 basi-

0 859 1 862 ,
49 831 142 862 licam
158 829 321 859 venientes
336 827 510 857 reddantur
523 827 562 855 de
576 825 778 864 acquirendis
792 825 868 864 ipsis
886 826 1045 856 remissio-

50 883 142 914 nibus
155 881 304 912 certiores
316 903 324 917 ,
342 880 380 910 de
397 889 478 910 novo
493 880 644 909 duximus
670 878 903 915 concedendas,
926 879 960 908 in
990 888 1047 909 suo

49 937 156 968 robore
173 934 402 964 nichilominus
419 932 590 963 duraturis.
612 932 681 961 Dat.
700 931 819 969 Rome,
844 932 927 970 apud
947 931 1046 961 Sanc-

50 995 112 1021 tam
135 987 268 1018 Mariam
298 987 470 1026 MaJorem,
502 996 521 1015 v
550 985 702 1015 kalendas
732 985 854 1022 martii,
884 994 969 1015 anno
996 994 1045 1015 se-

49 1042 159 1074 cundo.
180 1053 194 1069 n

351 1184 710 1218 Sainte-Marie-Majeure,
727 1184 761 1211 ²24
777 1184 879 1211 fevrier
896 1184 974 1212 Ἰ1289.

117 1188 202 1217 653

82 1249 285 1284 Indulgentiae.
306 1247 387 1282 (Rae.
405 1247 448 1278 44,
465 1255 490 1273 c.
508 1246 549 1278 80,
568 1247 586 1272 f.
609 1246 654 1272 104
671 1248 722 1279 vo.)

85 1351 210 1382 Eisdem.
223 1349 383 1380 Omnibus
400 1357 474 1378 vere
488 1349 728 1387 poenitentibus
740 1354 770 1378 et
785 1349 948 1385 confessis,
967 1350 1047 1379 basi-

49 1404 141 1436 licam
159 1403 265 1434 Sancti
287 1402 391 1440 Petri,
412 1402 445 1431 in
478 1410 541 1440 qua
570 1402 792 1440 pretiosissimi
809 1403 915 1432 vultus
940 1404 1046 1442 imago

51 1466 167 1497 «quam
181 1457 371 1487 Veronicam
388 1455 532 1485 fidelium
550 1464 607 1485 vox
623 1457 804 1486 communis
820 1456 967 1495 appellat,
990 1470 1002 1483 n
1017 1462 1047 1487 et

49 1519 158 1550 corpus
167 1522 180 1538 «
196 1509 336 1540 aetherei
347 1509 513 1545 Janitoris,
525 1513 555 1539 et
564 1509 852 1540 innumerabilium
866 1515 1044 1549 martyrum

49 1563 243 1602 aliorumque
253 1567 435 1592 sanctorum
458 1574 471 1589 1>
490 1562 644 1601 reliquiae
659 1568 862 1599 venerantur,
881 1564 1043 1594 visitanti-

50 1616 516 1655 bus‚indulgentiasconfirmat
527 1625 605 1654 quas
613 1616 869 1655 praedecessores
876 1618 902 1656 ej
908 1627 944 1647 us
956 1630 969 1644 κ
981 1622 1043 1648 tam

50 1679 86 1702 ex
94 1670 213 1710 scriptis
222 1670 361 1709 antiquis
372 1670 404 1699 in
412 1669 542 1700 basilica
555 1670 621 1709 ipsa
631 1671 774 1709 repertis,
786 1680 882 1709 quam
894 1680 930 1700 ex
940 1671 1044 1701 senio-

50 1732 120 1755 rum
129 1723 352 1754 canonicorum
366 1723 509 1762 ejusdem
525 1723 656 1753 basilice
670 1723 822 1754 relatione
839 1738 850 1749 »
870 1729 1045 1754 noscuntur

51 1777 234 1808 concessisse
242 1786 251 1814 ;
270 1776 446 1806 «videlicet
468 1776 501 1805 in
527 1777 710 1806 Nativitatis
733 1777 875 1813 Domini,
896 1778 1044 1817 Epypha-

51 1831 112 1868 nie,
128 1830 281 1861 Gathedre
295 1830 396 1869 ipsius
414 1830 445 1859 S.
464 1830 562 1865 Petri,
585 1818 852 1860 Annuntiationis
868 1832 957 1861 beate
978 1832 1043 1862 Ma-

50 1883 95 1914 rie
109 1883 254 1922 virginis,
276 1884 483 1914 Ascensionis
499 1884 632 1914 Domini
648 1889 677 1913 et
693 1884 838 1923 ejusdem
854 1884 885 1915 S.
906 1885 990 1915 Petri
1009 1895 1044 1916 ac

50 1937 129 1968 beati
151 1937 241 1967 Pauli
260 1937 410 1976 apostoli,
429 1941 459 1966 et
480 1937 696 1967 Dedicationis
720 1938 858 1976 predicte
880 1947 915 1968 ac
944 1939 1044 1977 ipsius

51 1989 152 2021 Sancti
167 1990 259 2021 Pauli
281 1990 485 2020 basilicarum
507 1991 746 2027 festivitatibus,
769 2000 805 2020 ac
823 2001 878 2030 per
894 1996 962 2022 octo
978 1992 1045 2022 dies

50 2043 172 2074 easdem
182 2043 365 2074 festivitates
382 2043 570 2083 Epyphanie
588 2048 618 2073 et
633 2045 773 2082 ipsorum
790 2045 1003 2083 apostolorum
1016 2050 1046 2075 et

50 2095 289 2128 Dedicationum
319 2097 525 2127 basilicarum
559 2097 745 2126 earumdem
776 2098 961 2127 immediate
996 2107 1045 2128 se-

50 2153 187 2188 quentes,
205 2149 384 2189 etquolibet
401 2150 453 2180 die
464 2150 503 2180 ab
519 2150 587 2189 ipsa
600 2150 769 2180 festivitate
785 2151 867 2180 dicte
879 2151 1046 2181 Asceusio-

50 2202 100 2233 nis
119 2212 215 2242 usque
238 2203 277 2233 ad
301 2207 424 2234 octavas
447 2204 518 2234 festi
541 2204 760 2240 Pentecostes,
789 2213 911 2234 necnon
936 2205 969 2234 in
994 2204 1044 2234 die

51 2255 203 2286 dominica
216 2265 279 2295 qua
295 2260 439 2287 cantatur
454 2257 611 2293 Gaudete,
632 2258 709 2287 etin
726 2258 993 2295 quinquagesima
1009 2266 1045 2287 ac

51 2307 88 2339 de
101 2309 250 2340 Passione
265 2309 374 2340 diebus
398 2310 566 2340 dominicis
580 2333 588 2346 ‚
606 2314 636 2340 et
651 2311 862 2340 anniversarii
879 2319 1045 2340 consecra-

51 2360 142 2392 tionis
156 2363 284 2401 maj0ris
298 2363 406 2393 altaris
424 2363 505 2393 dicte
528 2363 668 2398 basilice,
686 2363 772 2393 Cene
792 2363 921 2393 Domini
939 2367 968 2393 et
984 2364 1045 2392 Pa-

0 2415 2 2419 ’
51 2421 172 2445 rasceve
194 2424 230 2446 ac
250 2416 456 2446 Letaniarum
481 2418 637 2455 majorum
664 2416 787 2452 diebus,
814 2425 850 2446 ac
870 2417 965 2446 etiam
995 2416 1046 2446 die

0 2477 2 2485 ³
51 2465 124 2498 lune
139 2473 205 2507 post
222 2469 319 2499 Pasca
332 2493 339 2507 ‚
364 2473 484 2509 septem
501 2479 661 2500 annorum
681 2474 711 2499 et
733 2476 852 2508 septem
869 2469 1045 2508 quadrage-

51 2529 178 2558 narum;
195 2526 224 2552 et
240 2522 279 2552 ab
294 2523 411 2552 octavis
432 2523 631 2553 Pentecostes
655 2523 731 2553 hinc
750 2523 788 2552 ad
813 2523 928 2552 festum
946 2523 1045 2561 ipsius

50 2573 130 2604 beati
146 2575 244 2612 Petri,
261 2580 292 2605 et
305 2576 344 2605 ab
360 2576 476 2606 octavis
498 2576 641 2615 ejusdem
657 2576 729 2606 festi
744 2576 827 2606 beati
843 2576 928 2605 Petri
944 2584 1044 2614 usque

51 2626 89 2657 ad
112 2627 262 2659 kalendas
285 2629 423 2666 Augusti
448 2629 499 2659 die
520 2629 677 2668 quolibet,
708 2629 803 2658 trium
834 2637 993 2658 annorum
1017 2632 1046 2657 et

0 2688 1 2695 ¹
51 2680 145 2711 trium
161 2681 454 2720 quadragenarnm3
473 2682 674 2712 visitantibus
690 2686 796 2712 autem
809 2682 910 2720 ipsam
927 2690 944 2710 a
955 2681 1045 2720 prin-

1130 400 1212 438 cipio
1229 400 1477 439 Quadragesime
1493 409 1595 439 usque
1610 399 1650 430 ad
1666 400 1780 429 festum
1797 399 1905 434 Pasce,
1924 398 2066 437 quolibet
2082 399 2134 428 die

1131 458 1161 482 et
1185 454 1218 482 111
1236 454 1303 492 ipso
1328 454 1421 490 festo,
1450 462 1576 484 necnon
1601 458 1630 483 et
1648 455 1681 483 in
1701 452 1922 483 festivitatibus
1938 452 2131 489 Nativitatis,

1131 507 1367 537 Purificationis
1385 512 1415 537 et
1430 507 1668 545 Assumptionis
1687 507 1827 545 predicte
1846 506 1934 535 beate
1952 505 2052 534 Marie
2069 506 2133 535 vir—

1129 559 1224 596 ginis,
1246 560 1459 590 Dedicationis
1476 565 1505 590 et
1523 560 1742 599 Apparitionis
1759 559 1791 589 S.
1812 558 1980 588 Michaelis
1996 558 2133 587 archan-

1130 611 1204 650 geli,
1220 612 1275 643 SS.
1292 613 1431 650 Andree,
1449 614 1582 649 Thome,
1597 613 1758 643 Johannis
1775 611 1986 650 Evangeliste‚
1998 611 2134 642 Conver-

1129 666 1228 696 sionis
1244 667 1377 705 predicti
1389 666 1420 696 S.
1440 666 1544 702 Pauli,
1561 676 1596 696 ac
1612 667 1744 702 Mathie,
1760 666 1883 702 Jacobi,
1901 665 2131 704 Bartholomei,

1130 719 1260 755 Mathei,
1284 720 1385 756 Luce,
1406 719 1558 758 Symonis
1583 719 1729 755 etJude,
1753 719 1898 754 Nicolai,
1926 719 2044 759 Lucie,
2065 720 2135 750 Ste-

1129 771 1237 809 phani,
1256 771 1412 808 Silvestri,
1430 776 1536 801 octave
1554 772 1735 801 Nativitatis
1755 772 1898 808 Domini,
1920 771 1952 801 S.
1973 772 2133 810 Gregorii,

1129 824 1161 854 S.
1180 825 1340 862 Longini,
1367 825 1568 854 Inventionis
1590 829 1619 854 et
1647 824 1858 854 Exaltationis
1884 829 1991 854 sancte
2009 826 2132 861 crucis,

1129 882 1236 907 sancte
1252 877 1436 915 Petronille,
1461 882 1644 907 sanctorum
1660 877 1820 907 Johannis
1834 881 1863 906 et
1880 876 1981 911 Pauli,
2002 877 2033 907 S.
2054 878 2133 908 Leo-

1129 931 1190 967 nis,
1210 935 1391 961 sauctorum
1408 931 1551 960 Processi
1568 935 1597 960 et
1614 931 1818 966 Martiniani,
1837 930 1868 960 S.
1887 930 2008 966 Alexis,
2027 935 2134 961 sancte

1130 984 1230 1013 Marie
1257 984 1463 1022 Magdalene,
1492 984 1524 1013 S.
1552 983 1741 1019 Laurentii,
1770 983 1802 1012 S.
1830 982 1952 1020 Egidii,
1979 983 2134 1013 Omnium

1130 1037 1331 1074 Sanctorum,
1351 1037 1567 1067 Dedicationis
1591 1036 1728 1066 Basilice
1751 1035 1942 1073 Salvatoris,
1967 1044 2134 1066 consecra-

1131 1090 1225 1120 tionis
1240 1090 1348 1120 altaris
1371 1090 1484 1120 Sancte
1501 1089 1601 1119 Marie
1617 1089 1656 1119 de
1671 1088 1829 1119 Cancellis
1855 1089 1889 1117 in
1913 1089 1981 1128 ipsa
2001 1088 2135 1119 ecclesia

1129 1144 1318 1180 constructi,
1348 1152 1409 1182 que
1431 1147 1540 1173 octavo
1566 1142 1637 1172 idus
1657 1142 1793 1172 octobris
1816 1142 1976 1180 occurrit,
2007 1151 2134 1172 necnon

1128 1197 1278 1228 omnibus
1296 1197 1407 1227 diebus
1425 1199 1560 1235 quatuor
1579 1201 1769 1235 temporum,
1793 1195 1889 1225 unius
1909 1195 1988 1225 anni
2007 1200 2037 1224 et
2057 1204 2135 1235 qua-

1129 1251 1275 1289 draginta
1290 1251 1433 1287 dierum,
1451 1255 1480 1280 et
1503 1249 1634 1289 reliquis
1658 1249 1795 1287 singulis
1812 1250 1889 1278 anni
1906 1249 2038 1286 diebus,
2056 1258 2134 1288 qua-

1129 1304 1274 1342 draginta
1295 1303 1421 1333 dierum
1443 1303 1647 1333 remissiones
1663 1311 1794 1332 suorum
1815 1302 2035 1341 peccaminum
2059 1311 2134 1332 con-

1128 1362 1292 1387 cesserunt
1365 1369 1378 1383 n

1170 1424 1183 1437 ι(
1199 1411 1258 1441 Ι110
1274 1412 1329 1449 qui
1343 1410 1465 1440 solus...
1477 1427 1517 1432 -
1530 1410 1600 1439 Dat.
1621 1411 1720 1439 Rome
1734 1410 1814 1448 apud
1830 1409 1979 1439 Sanctam
1997 1409 2133 1439 Mariam

1130 1465 1294 1503 Majorem.
1312 1474 1343 1493 vr
1361 1463 1514 1493 kalendas
1531 1463 1647 1499 martii,
1667 1471 1752 1492 anno
1769 1462 1919 1492 secundo.
1939 1474 1952 1488 n

1163 1617 1353 1645 654-655

1163 1679 1347 1714 Dispensatio
1363 1687 1451 1713 super
1466 1678 1626 1713 pluralitate
1643 1677 1858 1703 beneficiorum.
1876 1676 1958 1709 (Rae.
1977 1677 2024 1708 44,
2042 1685 2067 1703 c.
2085 1677 2132 1710 81,

1127 1728 1145 1754 f.
1168 1728 1214 1755 lO'o
1231 1730 1278 1759 10.)

1468 1614 1826 1649 Sainte-Marie-Majeure,
1845 1614 1877 1641 30
1889 1615 2001 1649 janvier
2021 1614 2096 1642 1289.

1167 1830 1274 1859 Dilecto
1291 1828 1354 1867 filio
1370 1829 1484 1858 Matheo
1502 1828 1536 1857 cle
1549 1827 1730 1865 Colummza,
1748 1828 1903 1865 capellano
1919 1832 2033 1863 nostre,
2048 1835 2135 1856 cano-

1129 1884 1194 1912 nico
1221 1882 1335 1911 ecclesie
1360 1881 1567 1915 (nimocensis,
1595 1884 1799 1919 personatum
1822 1889 1879 1910 seu
1899 1879 2089 1918 dignitatem
2106 1885 2135 1909 et

1129 1935 1345 1975 praebendam
1373 1934 1407 1963 111
1432 1933 1608 1964 cathedrali
1633 1942 1687 1963 seu
1707 1942 1909 1972 quacumque
1925 1932 1986 1962 alia
2004 1932 2135 1962 ecclesia

1127 1989 1263 2018 civitatis
1287 1993 1317 2017 et
1341 1987 1496 2017 dioecesis
1515 1987 1709 2017 Morinensis
1726 1991 1873 2016 vacantes
1895 1995 1948 2016 seu
1971 1990 2134 2016 vacaturos

1127 2042 1259 2077 confert,
1279 2050 1353 2070 cum
1375 2040 1485 2070 eodem
1510 2040 1699 2078 dispensans
1727 2044 1761 2069 ut
1788 2039 1961 2078 praedictos
1982 2047 2133 2078 persona-

1128 2100 1195 2125 tum
1219 2095 1283 2124 sive
1310 2094 1499 2132 dignitatem
1522 2099 1552 2123 et
1577 2093 1806 2132 praebendam,
1837 2102 1901 2122 una
1927 2101 2002 2122 cum
2026 2100 2132 2130 perso-

1128 2153 1204 2178 natu
1230 2147 1280 2178 vel
1305 2147 1461 2185 dignitate
1487 2155 1583 2185 quem
1606 2146 1655 2176 vel
1680 2155 1778 2185 quam
1799 2146 1833 2174 in
1856 2145 1988 2175 ecclesia
2011 2144 2133 2175 Carno-

1118 2202 1211 2233 tensi
1230 2205 1400 2239 exspectat,
1418 2209 1543 2230 necnon
1562 2199 1830 2229 Laudunensibus
1841 2203 1872 2228 et
1885 2198 2134 2228 Belvacensibus

1127 2255 1368 2285 canonicatibus
1384 2258 1414 2283 et
1429 2253 1620 2292 praebendis
1636 2253 1701 2283 suis
1719 2253 1858 2283 retinere
1872 2252 1985 2282 valeat.

1170 2320 1183 2334 a
1215 2307 1423 2337 Nobilitatem
1458 2307 1585 2345 generis
1615 2307 1832 2336 litterarum...
1858 2322 1898 2329 —
1927 2306 1996 2335 Dat.
2033 2306 2134 2335 Rome

1127 2361 1211 2401 apud
1234 2361 1383 2391 Sanctam
1401 2361 1536 2390 Mariam
1553 2361 1724 2399 Majorem,
1744 2369 1778 2389 111
1797 2359 1949 2389 kalendas
1966 2359 2132 2396 februarii,

1127 2423 1213 2444 anno
1229 2414 1342 2452 primo.
1363 2426 1376 2440 n

1167 2468 1205 2496 In
1223 2476 1250 2496 e.
1271 2476 1312 2496 m.
1332 2489 1352 2496 ..
1375 2467 1569 2496 Viterbiensi
1586 2471 1616 2496 et
1634 2490 1652 2495 ..
1670 2465 1873 2496 Atrebatensi
1890 2464 2043 2503 episcopis
2058 2473 2093 2494 ac
2111 2486 2130 2493 ..

1126 2520 1231 2551 abbati
1255 2520 1440 2550 monasterii
1471 2520 1578 2550 Sancti
1603 2519 1742 2550 Victoris
1767 2519 1979 2555 parisiensis,
2009 2517 2133 2548 ordinis

1129 2574 1237 2604 Sancti
1262 2574 1451 2611 Augustini,
1473 2574 1603 2603 mandat
1627 2578 1660 2603 ut
1683 2573 1842 2612 praedicto
1866 2572 2013 2602 Mathaeo
2033 2571 2134 2601 dictos

1128 2631 1331 2667 personatum
1353 2627 1402 2656 vel
1423 2627 1612 2665 dignitatem
1630 2631 1661 2656 et
1683 2626 1895 2665 praebendam
1912 2624 2057 2655 conferre
2073 2633 2132 2653 cu-

1128 2685 1210 2710 rent.

726 2864 775 2884 FIN
800 2864 838 2884 DU
861 2863 1012 2884 REGISTRE
1034 2863 1072 2883 DE
1096 2864 1133 2883 LA
1155 2858 1310 2882 PREMIERE
1332 2857 1445 2882 ANNEE.
