2477 3637
2414 0 2442 197 l?
2451 167 2454 173 .

2428 211 2440 219 .

269 380 325 406 oti-3
1014 374 1249 405 REGISTRES
1271 375 1325 404 DE
1347 375 1530 405 NICOLAS
1554 376 1610 406 tv.

272 455 284 468 ι
311 443 382 472 licet
398 442 501 471 felicis
514 441 742 471 recordationis
753 440 934 470 Alexander
951 449 1029 479 papa
1044 445 1187 479 quartus,
1206 449 1272 478 pre-

272 510 282 518 ··
307 497 452 525 decessor
469 498 584 529 noster,
602 494 690 524 vobis
701 503 756 532 per
772 503 844 523 suas
856 494 915 523 sub
931 498 1015 523 certa
1031 494 1133 523 forma
1151 493 1272 523 litteras

272 563 280 571 v
307 548 432 577 duxerit
442 538 675 585 indulgendum
689 550 731 584 ut,
743 546 874 576 ecclesia
883 551 986 576 vestra
996 550 1117 586 pastore
1127 551 1269 582 vacante,

270 614 280 626 u
308 601 355 630 vel
379 600 526 639 episcopo
552 605 655 629 vestro
681 600 827 636 absente,
849 603 904 628 aut
927 604 1072 637 presente
1093 604 1124 628 et
1147 608 1165 628 a
1181 599 1271 629 vobis

269 668 280 676 ··
307 653 396 682 tertio
415 652 567 691 requisito
586 661 643 681 nec
661 652 797 681 faciente
819 651 857 681 de
880 651 1139 681 malefactoribus
1160 652 1280 682 vestris·

268 718 280 732 n
303 705 471 743 justitiam,
490 704 611 734 licitum
630 705 719 734 vobis
739 705 778 734 sit
801 705 833 734 in
858 704 1075 734 malefactores
1095 704 1178 743 ipsos
1198 714 1271 743 par-

268 772 278 783 r·
307 759 471 788 rochianos
489 762 617 793 vestros,
631 768 648 797 ι]
655 758 687 787 ui
702 758 782 788 bona
795 757 938 796 ejusdem
954 757 1085 788 ecclesie
1100 757 1149 787 vel
1164 757 1270 788 homi-

267 824 278 835 ι·
305 819 380 839 num
408 815 584 839 vestrorum
609 809 765 839 violenter
789 810 967 839 invaserint
987 809 1036 840 vel
1059 810 1268 848 diripuerint,

266 876 278 887 n
304 863 648 892 excommunit-ationis
674 863 867 892 sententiam
890 862 1108 901 promulgare,
1136 872 1194 893 nec
1219 864 1267 893 fax

265 929 274 941 »
303 917 343 945 sit
359 916 457 945 alicui
477 926 528 946 eos
544 925 623 955 quos
636 918 726 954 juxta
743 917 879 947 formam
896 917 1133 947 constitutionis
1153 917 1268 956 hujus-

266 985 276 991 ··
303 970 385 999 modi
403 970 758 1000 excommunicaveritis
778 971 847 1000 sine
863 970 1060 1000 conscientia
1083 975 1113 1000 et
1135 979 1266 1001 assensu

266 1034 276 1047 n
304 1027 405 1052 vestro
432 1028 461 1052 et
483 1023 602 1062 absque
623 1032 763 1061 congrua
785 1023 1000 1053 satisfactione
1021 1024 1060 1054 ab
1082 1024 1267 1062 hujusmodi

266 1088 275 1100 n
303 1077 633 1106 excommunicatione
656 1077 839 1114 absolvere;
864 1086 899 1107 ac
924 1077 1159 1107 nichilominus
1181 1079 1267 1108 anti-

264 1141 275 1153 »
300 1138 395 1167 quam
413 1129 590 1159 libertatem
610 1131 821 1160 servientium
841 1135 1021 1160 vestrorum
1039 1135 1101 1160 tam
1119 1140 1266 1162 commu-

265 1195 276 1206 υ
303 1182 391 1211 nium
415 1182 547 1212 ecclesie
564 1192 659 1221 quam
676 1183 894 1222 propriorum,
915 1184 970 1222 qui
991 1184 1080 1214 vobis
1097 1185 1130 1214 in
1153 1185 1267 1215 vestris

262 1246 275 1260 ι·
299 1235 447 1264 domibus
469 1236 625 1272 serviunt,
649 1236 794 1266 videlicet
817 1241 851 1266 ut
870 1246 888 1266 a
907 1237 1042 1276 publicis
1065 1238 1216 1268 oneribus
1238 1243 1268 1269 et

263 1300 275 1313 ι
299 1288 516 1318 exactionibus
542 1289 682 1327 ejusdem
710 1290 848 1319 civitatis
876 1290 968 1320 liberi
991 1291 1057 1320 sint
1084 1292 1212 1330 penitus
1236 1297 1267 1323 et

262 1352 274 1366 n
300 1341 471 1375 immunes,
488 1346 586 1370 ratam
602 1341 722 1371 babens
739 1346 768 1372 et
784 1343 910 1372 firmam
927 1352 1062 1382 eamque
1079 1344 1266 1375 auctoritate

261 1405 273 1419 n
298 1393 467 1432 apostolica
478 1394 604 1424 duxerit
614 1395 880 1433 confirmandam,
892 1404 950 1426 nos
961 1400 1078 1431 tamen,
1087 1398 1264 1428 secundum

260 1458 274 1472 n
297 1446 478 1476 dilectionis
493 1448 690 1477 affluentiam
707 1458 803 1487 quam
820 1449 860 1479 ad
876 1449 1044 1480 ecclesiam
1060 1451 1160 1489 ipsam
1177 1451 1265 1489 geri-

259 1509 274 1528 )
298 1509 381 1536 mus,
397 1501 541 1538 eiusdem
559 1501 790 1540 predecessoris
805 1503 906 1533 nostri
923 1504 1035 1534 factam
1053 1505 1142 1535 vobis
1156 1506 1189 1535 in
1205 1505 1265 1536 hac

259 1565 272 1579 ι»
297 1557 384 1592 parte
394 1554 531 1591 gratiam
544 1555 747 1592 ampliantes,
762 1557 947 1586 auctoritate
961 1557 1050 1587 vobis
1063 1559 1263 1596 presentium

260 1618 272 1632 ιι
295 1606 512 1653 indulgemus.
526 1613 574 1643 ut,
595 1608 704 1638 eadem
726 1609 859 1639 ecclesia
874 1610 1124 1642 Cathalaunensi
1141 1617 1264 1652 pastore

259 1672 272 1687 n
296 1660 468 1699 [vacante],
490 1661 538 1691 vel
555 1663 700 1701 episcopo
722 1668 825 1693 vestro
845 1665 987 1702 absente,
1010 1670 1065 1695 aut
1084 1672 1230 1705 presente
1245 1676 1264 1698 a

259 1725 271 1739 a
296 1713 384 1743 vobis
403 1715 492 1744 tertio
509 1716 660 1753 requisito
680 1725 744 1746 non
762 1717 897 1747 faciente
914 1718 1003 1748 vobis
1021 1718 1059 1748 de
1076 1719 1263 1751 malefacto—

259 1778 272 1789 υ
296 1766 383 1796 ribus
396 1767 685 1805 vestrisjnstitiam,
697 1774 730 1798 nt
744 1771 891 1809 superius
905 1775 1158 1810 estexpressum,
1169 1773 1264 1804 liceat

257 1831 271 1846 »
295 1819 384 1849 vobis
407 1819 441 1849 in
464 1825 582 1850 vestros
603 1826 632 1851 et
656 1823 799 1860 ejiisdem
816 1823 947 1854 ecclesie
966 1824 1186 1857 malefactores
1202 1836 1261 1858 no—

258 1885 271 1898 1·
298 1872 390 1902 torios
413 1877 443 1903 et
466 1874 662 1910 manifestos,
685 1877 875 1915 competenti
895 1878 1072 1909 monitione
1092 1880 1259 1918 premissa,

257 1938 271 1949 w
295 1926 479 1956 auctoritate
497 1931 614 1965 nostra,
630 1930 968 1961 excommunicationis
985 1933 1177 1963 sententiam
1193 1943 1262 1973 pro-

296 1977 455 2016 mulgare,
474 1988 532 2009 nec
548 1981 597 2010 fax
614 1982 655 2011 sit
669 1981 765 2012 alieni
781 1991 833 2013 eos
856 1983 926 2013 sine
947 1986 1142 2016 conscientia
1159 1992 1190 2017 et
1209 1996 1262 2018 as-

296 2040 388 2061 sensu
407 2037 521 2070 vestro,
533 2038 562 2063 et
573 2034 692 2073 absque
705 2044 845 2073 congrua
861 2038 1136 2076 satisfactione,ab
1151 2041 1206 2081 huj
1214 2051 1262 2072 us-

296 2084 380 2114 modi
410 2087 738 2118 excommunicatione
764 2089 943 2128 absolvere,
965 2100 1001 2122 ac
1027 2093 1260 2126 nichilominus

295 2138 446 2176 prefatam
461 2140 627 2179 antiquam
643 2141 821 2173 libertatem
841 2145 1050 2175 servientium
1069 2152 1259 2186 vestrorum,

257 2149 269 2164 E
257 2096 269 2109 z
257 2042 269 2057 >5
258 1989 270 2003 U

259 2204 270 2216 n
297 2198 358 2220 tam
377 2193 598 2223 communium
619 2195 751 2225 ecclesie
766 2206 862 2235 quain
877 2199 1077 2237 propriorum
1096 2201 1151 2240 qui
1171 2202 1261 2233 vobis
1293 2192 1297 2195 .

257 2256 269 2269 rr
297 2245 326 2273 in
341 2246 452 2274 vestris
464 2246 610 2276 domibus
625 2249 780 2285 serviunt,
797 2249 942 2281 videlicet
960 2257 992 2281 ut
1007 2262 1024 2282 a
1037 2253 1169 2292 publicis
1180 2264 1259 2286 one-

257 2310 268 2322 ι’
297 2297 380 2327 ribus
403 2302 433 2327 et
456 2300 672 2330 exactionibus
691 2302 828 2332 civitatis
846 2304 988 2343 eJusdem
1009 2307 1073 2336 sint
1092 2308 1185 2338 liberi
1204 2319 1258 2348 pe—

256 2362 268 2376 »
295 2352 380 2380 nitus
403 2356 433 2381 et
455 2352 631 2390 immunes,
650 2360 741 2393 prout
758 2357 938 2387 continetur
961 2359 992 2388 in
1015 2359 1129 2391 litteris
1151 2371 1260 2402 snpra-

252 2415 264 2430 »
292 2404 385 2434 dictis
397 2427 405 2441 ‚
428 2410 527 2435 ratam
549 2407 703 2437 babemus
720 2414 749 2439 et
764 2410 907 2448 firmam,
925 2421 1059 2453 eamque
1073 2417 1259 2448 auctoritate

255 2469 268 2482 »ι
292 2457 460 2495 apostolica
477 2460 707 2491 confirmamus
729 2465 759 2492 et
779 2465 935 2502 presentis
955 2468 1063 2506 scripti
1084 2460 1260 2508 patrocinio

256 2526 267 2535 ι·
293 2512 544 2542 communimus.
570 2514 658 2544 Nulli
681 2525 794 2554 ergo...
820 2518 891 2548 Dat.
919 2520 1032 2558 Rome,
1056 2524 1139 2560 apud
1159 2524 1258 2555 Sano-

252 2575 263 2588 ›
293 2569 354 2593 tam
377 2564 548 2596 Sabinam.
568 2576 645 2597 xviii
663 2568 815 2599 kalendas
826 2571 967 2609 januarii
981 2596 988 2610 ,
1009 2583 1094 2605 anno
1109 2577 1220 2615 primo.
1243 2591 1257 2606 »

293 2616 410 2646 Verum
437 2618 511 2656 quia
533 2628 564 2648 in
585 2620 698 2650 litteris
721 2622 799 2660 ipsis
817 2623 880 2654 due
895 2625 1048 2658 dictiones
1067 2628 1121 2659 ille
1138 2630 1182 2660 fas
1206 2641 1259 2671 ap-

252 2674 349 2706 posite
368 2678 429 2699 non
452 2680 506 2709 per
521 2681 534 2701 s
549 2673 582 2701 in
601 2682 709 2704 earum
726 2675 904 2708 dictionum
924 2679 998 2715 fine,
1020 2686 1052 2711 ut
1066 2682 1257 2723 debuerunt,

251 2722 302 2750 scd
325 2731 380 2760 per
396 2732 420 2752 :c
436 2724 595 2763 scriptoris
613 2727 687 2757 vitio
705 2730 818 2768 scripte
837 2731 982 2769 suerunt,
998 2734 1150 2766 dubitatis
1171 2738 1258 2768 vobis

250 2775 289 2803 ob
318 2775 349 2804 id
377 2785 466 2814 posse
491 2778 698 2817 imposterum
728 2783 939 2821 prejudicium
967 2790 1125 2825 generari.
1157 2791 1259 2831 Super

251 2836 313 2864 quo
339 2829 496 2866 provideri
527 2841 544 2861 a
574 2833 666 2863 nobis
691 2834 857 2867 humiliter
887 2839 1077 2876 postulastis.
1105 2843 1258 2875 Nolentes

252 2880 358 2918 itaque
378 2881 428 2911 tali
450 2885 613 2915 occasione
634 2888 819 2919 earumdem
838 2890 1015 2923 litterarum
1035 2896 1185 2934 impediri
1209 2898 1258 2929 ef-

251 2933 386 2970 fectum,
405 2938 437 2963 ut
462 2936 521 2966 boc
542 2947 604 2968 non
626 2940 770 2972 obstante
789 2945 937 2982 predictis
960 2947 1073 2979 litteris
1091 2949 1192 2982 libere
1211 2953 1257 2983 uti

251 2986 375 3023 possitis
401 2997 457 3017 nec
485 2996 606 3029 propter
632 3002 667 3024 ea
693 2994 757 3025 illis
781 2998 879 3035 possit
902 3003 1139 3039 quomodolibet
1163 3006 1257 3037 dero-

250 3047 316 3073 gari
351 3041 536 3072 auctoritate
569 3046 654 3075 vobis
690 3051 884 3087 presentium
917 3052 1133 3093 indulgemus.
1164 3059 1257 3090 Nulli

1355 449 1444 479 ergo,
1463 445 1522 471 etc.
1543 445 1649 471 nostre
1667 441 1896 477 concessionis,
1914 446 1972 473 etc.
1991 443 2061 472 Dat.
2077 443 2161 482 apud
2180 444 2358 477 Urbemve-

1355 499 1472 531 terem,
1491 504 1509 523 v
1526 494 1598 525 idus
1612 494 1786 531 februarii,
1802 503 1889 525 anno
1905 496 2009 526 tertio.
2027 508 2040 523 n

1423 667 1545 696 4090

1390 729 1431 755 De
1452 730 1536 755 domo
1557 729 1679 764 quadam
1700 730 1866 756 monasterii
1889 729 1987 758 Sancti
2005 730 2154 758 Wailerici
2173 739 2261 766 supra
2283 740 2358 760 mare
2397 718 2406 773 h*

1353 778 1511 805 vendenda.
1529 778 1614 812 (lieo.
1631 778 1674 809 ⁴5,
1691 786 1716 805 c.
1733 778 1795 811 692,
1812 779 1830 806 f.
1850 779 1896 806 141
1915 781 1965 812 vo.)

1909 668 2041 703 Orvieto,
2059 670 2073 696 5
2089 669 2193 696 fevi-ier
2212 670 2287 698 1291.

1395 904 1414 911 ..
1432 882 1552 911 cantori
1566 882 1683 911 ecclesie
1699 882 1783 911 Beate
1799 881 1890 911 Marie
1907 882 1942 911 de
1954 882 2063 919 Duaco,
2080 883 2279 913 Atrebatensis
2294 884 2358 914 dio-

1350 936 1433 969 cesis,
1444 934 1575 964 mandat
1591 938 1622 963 ut
1634 934 1777 973 inquirat
1788 934 1826 964 de
1839 936 1971 965 veritate
1981 935 2147 973 petitionis
2162 935 2359 974 qua..abbas
2376 951 2378 953 ·

1350 992 1381 1017 et
1394 991 1570 1017 conventus
1587 988 1775 1018 monasterii
1792 987 1900 1018 Sancti
1915 987 2080 1019 Wallerici
2096 997 2191 1029 supra
2207 997 2305 1028 mare,
2319 989 2363 1032 ad-
2387 1029 2390 1035 ι

1350 1049 1517 1071 romanam
1544 1040 1711 1071 ecclesiam
1744 1041 1834 1071 nullo
1863 1041 1969 1072 medio
2000 1041 2189 1080 pertinentis
2200 1067 2208 1080 ,
2237 1042 2358 1074 ordinis
2403 1053 2406 1057 ’

1350 1094 1382 1125 S.
1403 1094 1583 1131 Benedicti,
1601 1094 1830 1125 Ambianensis
1845 1095 2019 1133 dioecesis,
2039 1095 2202 1126 licentiam
2220 1095 2358 1136 postula·
2392 1103 2394 1105 ’

1349 1152 1425 1177 runt
1438 1147 1598 1178 vendendi
1616 1147 1790 1186 quamdam
1811 1157 1902 1178 suam
1921 1148 2054 1178 domuin
2073 1149 2108 1178 in
2123 1148 2262 1179 dioecesi
2279 1148 2358 1188 Tra-

1345 1201 1482 1240 jectensi
1499 1201 1704 1239 existentem,
1723 1210 1779 1240 per
1793 1210 1984 1239 guerrarum
2002 1201 2189 1232 discrimina
2211 1196 2357 1234 combus-

1350 1259 1426 1284 tam.
1598 1246 1602 1247 ⁷

1391 1320 1404 1335 α
1424 1308 1539 1338 Dilecti
1554 1308 1615 1338 filii
1633 1332 1654 1338 ..
1673 1308 1808 1339 abbas...
1829 1326 1867 1331 —
1886 1309 1957 1339 Dat.
1974 1309 2057 1348 apud
2078 1301 2372 1361 Urhemvetereui,¹

1349 1362 1442 1391 nonis
1459 1362 1628 1400 februarii,
1645 1371 1731 1392 anno
1751 1363 1852 1393 tertio.
1873 1375 1886 1389 n

1363 1410 1368 1421 .

1417 1535 1532 1563 4091
1912 1534 2040 1569 Orvieto‚
2056 1535 2071 1562 5
2088 1535 2191 1562 fevi-ier
2206 1534 2284 1564 1291.
2334 1541 2335 1545 ¹
2367 1547 2371 1553 Δ

1383 1597 1511 1624 Licentia
1521 1597 1724 1624 reconciliandi
1736 1598 1798 1624 loca
1812 1597 1923 1624 violata.
1937 1597 2020 1631 (Rm.
2033 1597 2076 1629 115,
2088 1605 2113 1625 c.
2126 1597 2200 1632 692²,
2212 1598 2233 1625 f.
2246 1597 2296 1625 14⁴2
2307 1599 2357 1634 τ’.)
2368 1628 2371 1631 ,

1385 1701 1535 1738 Johanni,
1553 1701 1654 1730 abbati
1670 1701 1850 1730 monasterii
1866 1700 1971 1730 Sancti
1991 1700 2131 1730 Walerici
2144 1709 2240 1739 supra
2257 1709 2352 1740 mare,

1345 1755 1384 1784 ad
1410 1763 1572 1784 romanam
1600 1755 1755 1784 ecclesiam
1781 1755 1868 1784 nullo
1891 1754 1990 1784 medio
2011 1755 2212 1792 pertinentis,
2235 1755 2366 1788 ordinis*

1344 1808 1376 1838 S.
1399 1808 1568 1843 Benedicti,
1592 1806 1811 1837 Ambianensis
1832 1808 1976 1844 diocesis,
2002 1806 2185 1837 facultatem
2210 1805 2355 1839 concedit

1344 1861 1594 1899 reconciliandi,
1618 1870 1701 1900 aqna
1718 1862 1808 1900 prius
1829 1861 1869 1891 ab
1887 1860 2035 1900 episcopo
2054 1860 2232 1898 benedicta,
2253 1859 2348 1892 eccl-⁷

1344 1915 1408 1946 sias
1428 1920 1458 1946 et
1479 1915 1669 1946 coemeteria
1685 1924 1742 1954 per
1761 1904 1932 1953 sanguinis
1948 1915 1998 1944 vel
2015 1915 2148 1945 seminis
2163 1914 2362 1946 effusionem.1

1344 1969 1460 2000 violata
1477 1969 1571 1999 villae
1587 1969 1696 1999 Sancti
1712 1968 1893 2008 WVallerici,
1912 1969 1947 1998 in
1965 1977 2029 2007 qna
2046 1968 2266 2000 omnimodam
2286 1964 2362 2008 spi-f

1344 2022 1493 2053 ritualem
1508 2022 1772 2062 jurisdictionem
1787 2022 1922 2053 obtinet.
2375 2064 2379 2070 1

1386 2089 1399 2103 «
1417 2076 1668 2115 Circumspectio
1684 2076 1768 2106 sedis
1787 2075 1996 2115 apostolice...
2011 2091 2051 2098 —
2066 2075 2136 2106 Dat.
2157 2079 2192 2106 ut
2208 2084 2314 2115 supra.
2335 2087 2350 2105 n

1413 2249 1535 2279 4092
1841 2248 1969 2280 Orviem,
1987 2248 2018 2276 13
2033 2247 2186 2276 decembre
2203 2248 2280 2277 1290.
2355 2286 2362 2299 ἱ

1379 2314 1507 2341 Licentia
1529 2312 1681 2340 exercendi
1702 2312 1857 2339 canonicas
1883 2311 2052 2339 sententias.
2073 2311 2157 2345 (Risu.
2175 2312 2222 2344 45,
2239 2319 2266 2340 ο.
2281 2309 2350 2346 6931,
2360 2312 2365 2316 '

1342 2364 1360 2390 s.
1380 2363 1429 2390 142
1445 2363 1493 2397 ro.)

1383 2475 1404 2483 ..
1423 2453 1622 2491 primicerio,
1641 2473 1662 2480 ..
1679 2452 1791 2480 decano
1813 2456 1840 2480 et
1864 2451 1998 2488 capitulo
2016 2448 2132 2479 ecclesie
2145 2449 2285 2479 Maiensis
2297 2447 2359 2478 in·-

1341 2506 1452 2545 dulget
1465 2510 1498 2536 ut
1512 2510 1621 2536 contra
1632 2508 1834 2543 occupatores
1850 2504 2006 2534 bonorum
2027 2493 2160 2533 suorum
2175 2506 2370 2555 omnesque&

1342 2560 1482 2590 notorios
1497 2558 1715 2589 malefactores
1728 2566 1812 2593 suos,
1828 2557 1892 2587 nisi
1906 2557 2058 2587 canonice
2073 2555 2186 2586 moniti
2202 2556 2350 2595 occupat&

1342 2612 1541 2644 restituerint
1557 2616 1588 2642 et
1609 2611 1648 2641 de
1670 2611 1820 2650 dampnis
1840 2609 2069 2646 satisfecerint,
2093 2607 2297 2640 excommuni
2319 2620 2323 2625 ¹

1343 2668 1453 2705 tionis,
1474 2665 1696 2705 suspensionis
1711 2668 1741 2694 et
1757 2663 1920 2694 interdicti
1937 2662 2114 2694 sententias
2128 2660 2347 2702 promulgaret,

1342 2725 1373 2752 et
1387 2729 1451 2757 eos,
1468 2722 1636 2759 postquam
1653 2718 1878 2753 satisfecerint,
1897 2716 2062 2747 absolvere
2078 2715 2216 2747 valeant.
2358 2714 2363 2720 '

1383 2787 1397 2802 «
1417 2773 1593 2804 Desideriis
1609 2771 1724 2802 vestris
1740 2780 1872 2810 super...
1889 2787 1928 2792 —
1944 2770 2015 2800 Dat.
2035 2769 2120 2809 apud
2136 2769 2364 2806 &benivole-‘-

1341 2838 1426 2864 rem,
1443 2827 1550 2858 idibus
1565 2825 1762 2862 decembris,
1782 2833 1868 2855 anno
1885 2823 1987 2854 tertio.
2008 2836 2022 2851 ι»
2355 2822 2360 2828 “

1411 3000 1530 3029 4093
1879 2996 2012 3031 Orvieto‚
2032 2996 2063 3023 15
2077 2995 2183 3023 sevrier
2197 2994 2276 3023 1291.

1375 3062 1504 3090 Jacobus
1518 3061 1688 3092 Theatinus,
1706 3060 1860 3095 inquisitor
1875 3058 2037 3086 haereticae
2051 3057 2200 3094 pravitatis
2214 3056 2242 3084 in
2258 3061 2344 3092 regno
