2342 3652
924 387 1156 423 TR01s1EME
1178 383 1334 422 ANNEE.

148 463 270 492 4149

115 525 301 559 Priviiegium
318 533 334 550 a
349 524 497 550 Clemente
516 524 574 550 1111
591 523 765 551 monasterio
782 523 862 549 villae
879 522 974 549 Sancti
987 521 1090 555 Egidii,

79 573 294 601 Nemausensis
310 572 464 601 dioecesis.
482 572 592 599 ordinis
609 572 637 598 S.
656 572 814 602 Benedicti,
832 578 1014 601 concessum,
1032 570 1092 595 sive

622 462 752 493 Orvieto,
773 461 803 488 18
821 461 923 487 sevrier
941 459 1017 486 129¹.

81 630 181 650 verum
199 623 247 652 sit,
263 621 325 648 sive
342 621 450 651 fictum,
469 622 575 647 nnllius
591 621 695 647 valoris
711 629 776 647 esse
793 620 929 647 decernit.
949 619 1032 652 (Rae.
1048 619 1091 648 45,

81 680 110 698 c.
128 670 193 702 712,
210 670 228 696 f.
249 669 296 696 145
316 676 357 702 ¹¹⁰3
376 669 492 701 Po'r'ra„
510 670 619 701 23573.)

126 773 172 802 Aa
186 777 359 810 perpetuam
377 772 424 800 rei
438 772 631 800 memoriam.

128 836 143 852 «ι
163 824 247 855 Sunt
260 823 317 862 qui
332 823 492 853 Christi...
508 840 547 844 —-
565 823 634 852 Dat.
653 828 807 862 utsupra.
826 835 841 849 »

156 995 279 1024 4150

122 1057 309 1092 Dispensatio
325 1057 508 1083 matrimonii.
526 1056 608 1089 (Rea.
627 1057 674 1089 45,
692 1065 715 1082 c.
736 1057 795 1088 713,
813 1058 831 1083 f.
852 1057 899 1083 145
916 1060 963 1089 νῦ.)

623 993 753 1028 Orvieto,
772 994 929 1029 3ojanvie1·
948 994 1023 1021 1291.

130 1181 150 1190 ..
169 1161 302 1197 episcopo
327 1158 483 1188 Tarviensz'
502 1157 633 1187 mandat
653 1163 684 1187 ut
704 1167 777 1187 cum
799 1158 899 1188 nobili
920 1159 988 1188 viro
1011 1159 1096 1197 Ray-

88 1212 212 1243 mundo
227 1212 394 1251 Aymerici
405 1211 443 1241 de
459 1211 614 1241 Bozillaco
628 1216 658 1241 et
674 1211 776 1241 nobili
788 1211 922 1241 muliere
935 1212 1098 1242 comitissa

87 1266 127 1296 de
141 1265 269 1302 Actino,
286 1265 469 1295 Tarviensis
487 1264 656 1299 dioecesis,
675 1265 835 1302 dispenset
851 1270 903 1301 ut,
922 1265 960 1294 ad
981 1265 1096 1295 sedan-

88 1319 144 1349 das
158 1319 346 1349 inimicitias
362 1318 446 1347 inter
463 1318 677 1356 progenitores
694 1322 826 1353 exortas,
841 1319 1097 1355 matrimonium,

87 1381 273 1412 quanquam
287 1376 399 1412 quarto
415 1376 491 1401 suut
505 1371 791 1409 consanguinitatis
803 1371 905 1409 gradu
923 1372 1097 1410 conjuncti,

88 1425 276 1457 contrahere
293 1424 430 1454 valeant.

131 1491 145 1506 κ
174 1478 218 1508 Ex
245 1482 330 1517 parte
359 1477 504 1507 dilecti...
534 1494 570 1499 -
604 1477 676 1508 Dat.
707 1478 791 1516 apud
818 1478 1096 1515 Urbemveterem,

90 1541 126 1562 111
144 1531 299 1562 kalendas
316 1532 480 1568 februarii,
499 1539 585 1561 anno
605 1531 709 1561 tertio.
732 1544 744 1557 n

159 1704 418 1733 41514156

125 1765 334 1801 Indulgentiae.
354 1766 435 1798 (Rae.
453 1767 496 1800 45,
513 1774 538 1794 c.
556 1765 629 1799 7132,
646 1765 666 1792 f.
687 1766 734 1792 145
751 1767 798 1798 ro.)

638 1703 764 1733 Orvieto.
784 1703 814 1729 ¹5
829 1703 933 1729 fevrier
952 1702 1027 1730 1291.

133 1867 286 1896 Universis
305 1868 419 1897 Christi
440 1868 579 1904 fidelibus
598 1873 748 1904 presentes
770 1868 887 1896 litteras
905 1867 1096 1904 inspecturis.

90 1920 332 1958 Indulgentiam
350 1920 448 1950 unius
467 1920 545 1949 anni
562 1925 592 1950 et
606 1929 645 1949 xi.
661 1920 787 1949 dierum
804 1920 949 1949 concedit
966 1920 1099 1949 visitan-

90 1974 176 2004 tibus
184 1973 401 2003 cathedralem
412 1973 578 2003 ecclesiam
593 1973 805 2012 Upsaleusem
816 1973 852 2002 in
861 1973 969 2003 beatae
980 1973 1100 2002 Mariae

91 2031 122 2057 et
137 2027 240 2057 sancti
254 2027 419 2057 Laurentii
434 2027 668 2063 festivitatibus,
686 2036 741 2065 per
755 2031 823 2057 octo
838 2027 908 2056 dies
919 2031 1097 2065 sequentes,

91 2084 122 2111 et
135 2081 170 2110 in
185 2080 408 2110 anniversario
423 2080 475 2110 die
491 2080 697 2110 dedicationis
717 2080 860 2118 ejusdem
877 2080 1038 2110 ecclesiae.

132 2145 146 2160 α
165 2133 238 2163 Vite
256 2134 405 2172 perennis
420 2134 558 2171 gloria...
579 2150 618 2156 —
634 2134 705 2163 Dat.
723 2134 806 2172 apud
825 2133 1097 2169 Urbemvetcrem,

90 2195 129 2216 xv
144 2186 300 2216 kalendas
315 2187 441 2223 martii,
458 2195 545 2217 anno
565 2187 668 2217 tertio.
688 2199 702 2212 »
720 2187 871 2225 (Pomm,
892 2186 1016 2224 23571.)

129 2239 170 2269 In
185 2248 213 2269 e.
238 2249 295 2276 1n.,
313 2248 369 2278 pro
391 2239 596 2270 visitantibus
618 2240 786 2270 ecclesiam
805 2240 912 2270 Sancti
930 2239 1099 2269 Michaelis

88 2292 275 2330 archangeli
305 2292 344 2322 de
373 2292 613 2329 Thorstunum,
644 2293 833 2331 Upsalensis
863 2293 1035 2328 dioecesis,
1063 2293 1098 2321 in

89 2345 193 2376 sancti
214 2345 385 2375 Michaelis
410 2350 441 2375 et
464 2346 621 2376 Omnium
642 2346 833 2376 Sanctorum
856 2346 1096 2381 festivitatibus,

89 2404 121 2429 et
146 2399 182 2428 in
204 2399 428 2429 anniversario
457 2399 509 2429 die
533 2399 743 2429 dedicationis
767 2399 909 2438 ejusdem
935 2399 1097 2429 ecclesiae.

89 2452 161 2482 Dat.
182 2456 216 2481 ut
233 2460 339 2490 supra.
360 2451 419 2490 (En
439 2452 569 2491 marae.)

637 2518 763 2549 Orvieto‚
782 2518 814 2544 ‘20
830 2518 933 2544 fevrier
954 2518 1028 2544 1291.

129 2581 168 2610 In
186 2590 214 2611 e.
232 2589 288 2615 m.,
307 2589 363 2619 pro
382 2581 588 2611 visitantibus
605 2581 769 2611 ecclesiam
788 2581 826 2611 de
845 2581 959 2611 Sancto
978 2581 1095 2615 Leone,

90 2633 290 2664 Tholosanae
313 2634 481 2670 dioecesi5‚
499 2634 532 2663 in
553 2635 655 2664 sancti
671 2635 803 2670 Leonis,
821 2636 922 2664 sancti
938 2633 1047 2663 Jacobi
1071 2638 1101 2662 et

91 2687 192 2716 sancti
211 2687 379 2717 Saturnini
402 2687 644 2723 festivitatibUS‚
664 2692 695 2718 et
715 2697 769 2726 per
788 2691 856 2717 octo
877 2687 944 2716 dies
964 2695 1099 2724 sequen-

93 2744 149 2770 tes.
174 2739 246 2770 Dat.
266 2740 351 2779 apud
369 2740 648 2778 Urbemveterem,
665 2751 684 2770 x
702 2740 856 2770 kalendas
874 2740 996 2773 martii,
1017 2746 1102 2768 anno

93 2793 194 2823 tertio.
210 2792 316 2833 (ibid.)

130 2846 170 2876 In
186 2855 214 2877 e.
229 2855 288 2885 m.,
301 2855 358 2885 pro
372 2847 577 2877 visitantibus
594 2847 760 2877 ecclesiam
777 2846 911 2877 Sanctae
926 2845 1045 2875 Mariae
1061 2847 1100 2876 de

92 2898 183 2929 Valle
194 2923 201 2936 ,
219 2899 419 2930 Tholosanae
434 2900 599 2936 dioecesis,
614 2901 648 2930 in
662 2901 771 2930 beatae
784 2900 904 2929 Mariae
917 2898 1100 2928 festivitati-

91 2951 162 2989 bus,
174 2961 231 2991 per
241 2957 311 2983 octo
320 2952 389 2983 dies
403 2958 573 2992 sequentes
584 2977 591 2990 ‚
609 2958 640 2983 et
654 2954 688 2982 in
705 2953 927 2982 anniversario
943 2952 996 2981 die
1012 2950 1101 2981 dedi-

92 3005 226 3035 cationis
242 3005 387 3044 ejusdem
403 3005 566 3036 ecclesiae.

132 3069 147 3085 «
163 3057 330 3089 Gloriosus
347 3059 432 3088 Deus
446 3059 519 3088 in...
537 3076 575 3080 —
592 3059 654 3088 Dat
674 3063 708 3088 ut
724 3066 830 3096 supra.
850 3069 864 3084 ²>
881 3057 986 3097 (lbid.)

240 3123 313 3151 Rae.
334 3123 458 3151 NicotAs
478 3123 531 3150 lv.

2120 391 2178 421 609

1704 457 1835 487 Orvieto,
1854 457 1886 483 ²28
1900 457 2011 490 janviet·
2032 457 2105 483 1301.

1215 520 1252 548 In
1275 529 1302 550 e.
1324 529 1381 556 in,
1402 529 1458 559 pro
1484 519 1686 549 visitantibus
1709 518 1875 548 ecclesiam
1900 540 1920 548 ..
1946 518 2121 548 abbatissae
2146 523 2178 548 et

1175 578 1349 603 conventus
1379 572 1565 603 monasterii
1590 571 1788 601 Humilitatis
1814 571 1927 600 Beatae
1950 571 2071 600 Mariae
2088 572 2180 608 juxta

1176 625 1337 661 Parisius,
1368 626 1489 655 ordinis
1519 630 1645 655 sanctae
1674 624 1802 659 Clarae,
1836 625 1869 653 in
1901 624 2008 653 beatae
2041 624 2178 660 Mariae,

1176 684 1358 709 sanctorum
1376 679 1547 714 Francisci,
1563 678 1695 708 Antonii
1713 682 1742 707 et
1756 682 1881 707 sanctae
1896 676 2007 706 Clarae
2024 676 2180 706 festivita-

1178 731 1259 761 tibus
1275 732 1377 769 et*per
1392 736 1460 761 octo
1477 731 1546 760 dies
1563 734 1742 768 sequentes.

1219 797 1231 810 «
1248 779 1345 822 Virga
1359 784 1586 814 venustissima
1597 787 1663 813 et...
1674 799 1714 805 —
1724 783 1795 812 Dat.
1808 781 1891 820 apud
1904 781 2180 818 Urbemveterem‚

1177 847 1196 866 v
1212 837 1367 867 kalendas
1383 838 1545 873 februarii,
1557 845 1642 866 anno
1655 836 1758 866 tertio.
1774 836 1900 874 ›1(ltz'ct.;
1911 836 2047 872 Porru„
2059 835 2180 872 23539.)

1719 916 1845 947 Orvieto,
1865 916 1895 942 16
1912 915 2014 941 fevi-ier
2033 915 2108 941 1291.

1219 982 1255 1010 In
1273 990 1300 1010 e.
1319 989 1362 1009 m.
1384 1004 1404 1011 ..
1426 980 1524 1018 priori
1542 984 1572 1009 et
1589 978 1760 1008 conventui
1777 978 1891 1007 domus
1912 977 2045 1006 Sanctae
2062 977 2183 1006 Mariae

1178 1035 1216 1063 ad
1235 1034 1372 1064 Podium
1393 1032 1613 1067 pistoriensis,
1637 1031 1760 1061 ordinis
1783 1030 1884 1059 sancti
1909 1030 2103 1067 Augustini,
2128 1038 2185 1068 pro

1178 1087 1384 1116 visitantibus
1398 1094 1508 1115 eorum
1525 1085 1702 1119 ecclesiam,
1720 1084 1755 1112 in
1769 1083 1922 1113 honorem
1940 1083 2047 1111 beatae
2065 1082 2183 1112 Mariae

1179 1144 1404 1176 constructam,
1416 1139 1449 1168 in
1466 1139 1609 1177 ejusdem
1626 1137 1760 1175 virginis
1777 1141 1807 1166 et
1821 1136 1922 1165 sancti
1936 1135 2110 1173 Augustini
2127 1136 2186 1164 fes-

1180 1194 1366 1230 tivitatibus,
1384 1202 1438 1231 per
1452 1197 1519 1222 octo
1536 1192 1603 1221 dies
1618 1195 1786 1229 sequentes
1802 1194 1831 1219 et
1846 1190 1879 1218 in
1897 1189 2116 1219 anniversario
2133 1189 2184 1219 die

1179 1247 1389 1277 dedicationis
1400 1246 1543 1285 ejusdem
1555 1245 1716 1274 ecelesiae.
1733 1244 1802 1273 Dat.
1814 1243 1896 1281 apud
1908 1243 2183 1278 Urbemveterem,

1180 1311 1246 1332 xiiii
1263 1300 1416 1330 kalendas
1432 1299 1550 1335 martii,
1567 1307 1653 1328 anno
1671 1297 1771 1327 tertio.
1790 1296 1893 1335 (Ibitl.)

1250 1485 1502 1515 41574158

1217 1549 1331 1575 Mandat
1344 1552 1374 1574 ut
1389 1551 1504 1577 statuta,
1517 1546 1733 1572 reformationes
1746 1548 1772 1570 et
1785 1543 1978 1570 ordinationes
1990 1546 2088 1568 contra
2101 1542 2188 1568 liber-

1181 1602 1266 1625 tatem
1287 1598 1512 1624 ecclesiasticam
1535 1596 1562 1621 in
1580 1594 1721 1620 Brixiensi
1739 1594 1853 1619 civitate
1873 1591 1947 1617 edita
1967 1591 2001 1616 de
2024 1591 2187 1625 capitulari-

1181 1648 1236 1673 bus
1251 1647 1422 1673 abradantur
1437 1644 1518 1678 (lieo.
1536 1644 1580 1677 45,
1597 1651 1622 1669 c.
1641 1643 1702 1672 714,
1720 1642 1739 1667 f.
1760 1641 1807 1667 145
1824 1647 1872 1670 νος
1893 1639 2006 1670 Poma,
2024 1639 2133 1670 23551.)

1719 1482 1851 1515 Orvieto,
1873 1482 1901 1508 13
1917 1481 2020 1506 sevrier
2039 1480 2113 1506 1291.

1222 1751 1340 1779 Dilectis
1360 1749 1434 1785 filiis
1457 1770 1477 1776 ..
1504 1747 1654 1784 potestati,
1673 1767 1693 1773 ..
1711 1746 1879 1781 capitaneo,
1901 1744 2038 1771 anli‘anis
2061 1742 2186 1778 populi⁷

1181 1805 1306 1834 consitio
1323 1809 1348 1832 ec
1365 1802 1519 1832 communi
1538 1801 1674 1830 civitatis
1690 1799 1804 1827 Briaeie.

1224 1872 1237 1883 «
1265 1857 1314 1886 Ad
1337 1855 1533 1885 audientiam
1557 1858 1736 1882 nostram...
1760 1868 1798 1872 —-
1820 1851 1889 1879 Dat.
1909 1849 1991 1888 apud
2012 1849 2190 1879 Urbemve-

1184 1916 1293 1946 terem,
1310 1909 1414 1939 idibus
1431 1906 1593 1943 februarii,
1610 1914 1695 1935 anno
1713 1905 1815 1934 tertio.
1837 1915 1850 1930 n

1224 1964 1259 1993 In
1279 1972 1305 1992 e.
1327 1971 1370 1991 ni.
1393 1985 1410 1990 ..
1428 1959 1704 1997 archipresbytero
1720 1955 1911 1991 Veronensi,
1929 1978 1948 1983 ..
1964 1953 2190 1983 archidiacono

1184 2015 1409 2054 Pergamensis
1424 2013 1575 2042 ecclesiae
1590 2016 1619 2040 et
1632 2010 1758 2040 Dalfino
1772 2009 1810 2038 de
1831 2008 2016 2041 Gabianeta,
2036 2005 2191 2036 canonico

1182 2069 1412 2104 Cremonensi,
1437 2066 1567 2096 mandat
1592 2069 1625 2094 ut
1652 2063 1827 2102 praedictos
1856 2065 2050 2100 potestatem,
2073 2060 2190 2097 capita-

1182 2132 1291 2159 neum,
1309 2122 1466 2156 antianos,
1485 2118 1656 2149 consilinm
1675 2122 1704 2146 et
1719 2124 1890 2146 commune
1907 2117 2057 2143 moneant
2074 2117 2108 2142 ut
2124 2116 2188 2141 sta-

1184 2181 1267 2213 tuta,
1300 2174 1538 2204 reformationes
1571 2176 1600 2201 et
1633 2170 1852 2200 ordinationes
1891 2167 2048 2206 praedicta
2079 2164 2189 2195 abradi

1182 2231 1310 2260 faciant.

1252 2413 1368 2442 4159
1724 2407 1850 2439 Orvicto‚
1873 2406 1901 2432 10
1920 2404 2021 2430 fevi-ier
2042 2403 2116 2429 1291.

1218 2464 1422 2504 Canonicatnm
1439 2468 1637 2500 inBisuntin'a
1658 2470 1780 2496 ecclesia
1805 2468 1929 2495 Henrico
1951 2466 2057 2492 Dnsies
2080 2464 2191 2490 confert

1183 2527 1266 2559 (Rau.
1283 2526 1333 2557 45,
1350 2533 1376 2551 c.
1393 2525 1453 2554 715,
1472 2524 1491 2549 f.
1513 2523 1560 2548 145
1578 2524 1628 2555 νο.)

1224 2628 1342 2657 Dilectis
1359 2626 1432 2663 siliis
1454 2647 1472 2655 ..
1497 2624 1601 2653 Sancti
1623 2622 1712 2651 Pauli
1732 2620 1887 2650 Bisitntini
1906 2623 1930 2647 et
1956 2639 1975 2646 ..
2003 2616 2192 2645 Montisbene-

1183 2681 1266 2717 dicti,
1278 2681 1433 2710 Bisunnne
1449 2678 1580 2712 diocesis,
1593 2675 1843 2705 monasteriorum
1857 2671 2012 2701 abbatibus
2023 2678 2056 2698 ac
2068 2668 2190 2698 Nicolao

1183 2736 1218 2764 de
1242 2735 1400 2772 l'poreyz'a,
1429 2732 1573 2762 canonico
1599 2729 1766 2760 Leodt'ensi,
1794 2725 1924 2755 mandat
1949 2729 1983 2753 ut
2004 2724 2036 2752 iu
2060 2721 2192 2752 ecclesia

1186 2787 1373 2823 Bisuntina,
1391 2794 1464 2815 cum
1482 2792 1639 2814 consensu
1660 2781 1755 2811 totius
1773 2779 1821 2808 vel
1843 2777 1972 2816 majoris
1990 2776 2087 2814 partis
2109 2774 2192 2812 capi-

1185 2841 1257 2878 tuli,
1276 2840 1314 2870 ad
1330 2838 1414 2878 quod
1436 2837 1571 2875 receptio
1593 2835 1819 2865 canonicorum
1839 2836 1869 2861 et
1889 2829 2015 2860 collatio
2036 2828 2192 2867 praeben-

1183 2895 1295 2924 darum
1320 2893 1352 2922 in
1379 2891 1488 2922 eadem
1511 2889 1642 2919 ecclesia
1659 2887 1832 2926 pertinent,
1850 2884 1884 2913 in
1901 2882 2093 2913 canonicum
2110 2885 2140 2910 et
2157 2881 2190 2909 in

1183 2948 1313 2978 fratrem
1335 2945 1434 2984 recipi
1456 2945 1572 2973 saciant
1594 2941 1769 2971 Henricum
1793 2938 1924 2973 Dusies,
1947 2935 2190 2974 presbyterum,

1184 3005 1338 3032 rectorem
1355 2997 1506 3028 ecelesiae
1526 2997 1564 3025 de
1585 2996 1748 3029 Biroctou,
1768 2989 2002 3021 Lincolniensis
2018 2986 2190 3022 dioecesis,

1138 3088 1144 3098 ι
1183 3055 1240 3094 qni
1254 3061 1351 3093 papae
1362 3061 1417 3091 per
1428 3048 1646 3080 Theobaldum
1659 3047 1697 3076 de
1709 3046 1911 3082 Facogneyo,
1921 3043 2091 3076 decanum,
2101 3039 2139 3069 G.
2153 3039 2192 3068 de

2018 3107 2050 3133 77
