2342 3652
975 353 1207 392 TnolsrnME
1228 354 1385 393 ANNEE.
2160 374 2216 403 417

130 427 280 457 diocesim
301 435 357 464 per
378 435 474 465 quam
497 425 599 454 taliter
625 426 791 456 transieris
812 426 1004 457 visitandam
1029 429 1132 458 redire

129 487 165 509 ac
182 487 251 509 eam
277 482 306 507 et
324 478 404 507 alias
423 486 485 517 que
508 477 632 507 visitate
650 487 715 507 non
737 479 859 508 suerint
878 480 1006 510 visitare
1026 486 1055 510 et
1077 489 1132 519 pro

130 540 166 562 eo
183 530 265 569 quod
285 530 389 560 taliter
415 539 470 569 per
497 530 685 569 hujusmodi
707 532 862 562 diocesim
888 534 1054 563 transieris
1075 543 1130 564 ne-

130 588 247 624 queant
261 583 364 622 aliqui
387 583 562 622 quominus
588 587 616 612 te
638 583 678 612 ad
696 584 893 614 visitandum
915 586 1085 615 admittant
1098 595 1131 616 se

129 636 363 677 quomodolibet
398 645 563 672 excusare,
599 636 827 667 constitutione
854 638 956 668 felicis
985 639 1131 668 recorda-

92 697 96 701 ’
130 689 223 720 tionis
247 688 432 719 iunocentii
456 698 545 727 pape,
568 689 803 727 predecessoris
829 691 941 726 nostri,
959 700 1053 729 super
1072 691 1130 721 hoc

128 743 210 774 edita
229 751 291 772 non
317 742 472 772 obstante.
495 742 629 771 Proviso
656 746 761 772 tamen
786 752 827 772 ue
847 753 942 782 super
963 743 1023 773 hoc
1043 745 1130 774 fraus

126 796 233 835 aliqua
251 796 480 825 committatur.
498 795 589 824 Nulli
609 804 684 833 ergo
703 800 779 832 eto,
795 801 901 826 nostre
916 797 1130 827 concessionis

126 853 183 880 etc.
201 849 272 878 Dat.
290 854 324 878 ut
341 857 447 887 supra.
468 860 483 875 »

194 1074 309 1103 2395

472 1073 834 1108 sainte-Marie-Majeure,
852 1075 866 1101 7
883 1083 959 1101 mars
977 1074 1055 1102 1290.

157 1151 289 1178 Facultas
299 1150 423 1185 eligendi
435 1151 491 1177 sibi
505 1151 702 1177 confessorem
714 1151 872 1186 proprium.
886 1151 970 1184 (Res.
984 1141 1027 1185 45⁸,
1041 1160 1066 1178 c.
1081 1152 1124 1187 50,

72 1199 73 1202 ’
123 1201 143 1228 f.
159 1200 176 1228 9
190 1206 232 1231 r⁰;
249 1199 315 1226 Lar.
332 1208 369 1227 nu
387 1199 557 1231 Tnm,111‚
575 1200 631 1232 43).

159 1328 336 1365 Guiuetmo,
353 1329 454 1358 abbati
470 1330 651 1358 monasterii
668 1330 892 1366 Cluniae-ensis,
908 1331 947 1359 ad
962 1339 1124 1360 romanam

119 1383 267 1412 ecclesiam
293 1382 380 1411 nullo
404 1382 500 1411 medio
521 1382 712 1419 pertinentis,
740 1384 962 1412 Matisconensis
985 1384 1121 1421 diocesis,

117 1434 260 1472 indulget
277 1439 312 1464 ut
326 1435 523 1465 monachum
545 1437 594 1465 sui
613 1435 737 1465 ordinis
759 1436 981 1475 presbyterum
998 1437 1121 1466 confes-

118 1496 219 1518 sorem
235 1487 354 1525 eligere
367 1489 475 1527 possit.

156 1553 170 1569 «
194 1541 369 1571 Desideriis
391 1542 452 1571 tuis
476 1541 551 1572 in...
572 1558 612 1564 —-
632 1542 703 1571 Dat.
729 1543 850 1574 Rome.
869 1542 951 1580 apud
973 1542 1122 1572 Sanctam

59 1599 69 1605 “
117 1595 250 1626 Mariam
268 1595 433 1633 Majorem,
451 1595 548 1625 nonis
563 1595 683 1632 martii,
700 1604 786 1625 anno
803 1596 906 1626 tertio.
927 1608 940 1622 n

185 1820 301 1849 239ss

150 1889 255 1917 conti-a
269 1890 445 1917 simoniacos
461 1891 629 1917 monachos.
646 1891 731 1924 (Res.
753 1891 802 1922 45,
820 1899 845 1918 c.
863 1892 905 1925 51,
922 1892 941 1918 f.
958 1891 974 1918 9
989 1897 1028 1924 r⁰;
1053 1891 1119 1918 Lar.

116 1947 152 1966 nu
165 1938 261 1971 Tuan„
278 1939 332 1973 111,
349 1939 402 1972 44.)

466 1820 827 1856 Sainte-Marie-MaJeure,
844 1823 859 1848 7
876 1830 952 1848 mars
971 1822 1048 1849 1‘290.

153 2069 268 2098 Eidem.
297 2080 311 2095 ι
334 2068 385 2098 Ad
411 2068 611 2110 audientiam
643 2073 787 2099 nostram
819 2070 994 2108 perducere
1027 2079 1120 2100 cura-

114 2121 186 2151 visti
215 2121 299 2160 quod
329 2121 481 2152 nonnulli
505 2122 656 2152 monachi
679 2127 708 2152 et
731 2123 887 2153 moniales
909 2124 1120 2153 monasterio-

113 2183 185 2204 rum
207 2180 238 2205 et
253 2175 452 2213 prioratuum
470 2175 676 2206 Cluniacensi
695 2177 888 2206 monasterio
904 2178 1120 2216 subjectorum

112 2227 148 2258 in
165 2228 419 2258 monasteriisiet
438 2229 628 2268 prioratibus
651 2230 731 2268 ipsis
749 2230 973 2268 symoniacum
996 2230 1124 2259 habuc-⁷

114 2285 190 2311 runt
205 2281 408 2319 ingressum3
427 2282 561 2320 quidam
576 2291 650 2313 vero
663 2283 814 2313 monachi
825 2288 855 2312 et
866 2283 1004 2322 quedam
1020 2283 1117 2312 etiam

113 2334 266 2364 moniales
289 2335 584 2365 administrationes
603 2339 633 2365 et
652 2335 808 2365 beneficia
833 2337 975 2375 ejusdem
996 2336 1118 2366 ordinis

112 2395 168 2426 per
181 2388 330 2427 symonie
350 2389 465 2418 vitium
492 2392 568 2418 sunt
590 2388 708 2427 adepti,
733 2398 828 2428 super
851 2398 914 2427 quo
934 2398 989 2427 pre
1009 2388 1118 2418 inulti-

114 2441 222 2472 tudine
247 2442 350 2471 nimia
378 2451 445 2472 non
475 2447 575 2480 potest
601 2442 733 2473 comode
756 2442 795 2472 ad
824 2442 908 2482 juris
937 2442 1117 2471 remedium

113 2493 222 2525 haberi
236 2504 395 2526 recursus.
414 2495 519 2531 Quare
530 2495 662 2525 illorum
677 2496 837 2534 provideri
853 2495 948 2524 saluti
965 2503 1118 2533 perapos-

114 2547 205 2578 tolice
215 2549 297 2578 sedis
307 2549 541 2587 providentiam
551 2549 719 2590 humiliter
731 2549 908 2588 postulasti.
921 2549 986 2578 Nos
997 2549 1115 2587 itaque,

113 2601 176 2631 tuis
207 2601 329 2632 devotis
358 2602 505 2641 precibus
532 2602 682 2632 inclinati
705 2611 741 2632 ac
768 2603 806 2632 de
833 2602 1118 2640 circumspectione

112 2657 166 2684 tua
186 2655 350 2693 spatialem
378 2655 413 2684 in
444 2655 585 2686 Domino
611 2656 764 2686 fiduciam
790 2656 984 2691 obtinentes,
1009 2655 1065 2685 tibi
1088 2659 1118 2684 et

113 2706 331 2738 visitatoribus
347 2708 491 2747 ejusdem
511 2708 634 2738 ordinis
659 2709 866 2747 dispensandi
885 2709 944 2738 hac
961 2709 1027 2738 vice
1043 2716 1117 2737 cum

113 2759 228 2790 talibus
249 2765 286 2790 ut
299 2761 423 2800 possint
437 2762 471 2791 in
485 2762 686 2792 monasteriis
700 2766 730 2792 et
742 2762 935 2801 prioratibus
951 2770 1116 2791 remanere

112 2812 262 2851 predictis
280 2822 405 2844 necnon
423 2819 453 2844 et
474 2815 670 2854 injungendi
686 2815 733 2845 eis
753 2809 878 2854 propter
893 2815 953 2844 hoc
970 2814 1115 2853 peniten-

111 2864 187 2896 tiam
212 2866 401 2904 salutarem,
428 2873 519 2907 prout
543 2869 726 2898 animarum
753 2877 884 2897 suarum
911 2867 1005 2896 saluti
1030 2871 1060 2895 tu
1086 2870 1116 2895 et

111 2917 208 2949 iidem
224 2920 399 2950 visitatores
416 2921 559 2951 videritis
571 2921 731 2960 expedire⁷
746 2921 973 2951 constitutione
989 2924 1114 2950 contra-

111 2971 160 3002 ria
177 2981 239 3003 non
255 2973 413 3010 obstante,
434 2974 561 3013 plenam
587 2975 773 3005 auctoritate
788 2974 986 3013 presentium
1000 2980 1114 3002 conce-

111 3024 217 3056 dimus
231 3027 425 3058 facultatem.
442 3028 514 3057 Dat.
533 3032 567 3058 ut
582 3037 688 3067 supra.
704 3040 717 3054 ι

253 3092 323 3120 Rae.
344 3093 468 3120 Niconis
487 3093 539 3120 IV.

1289 429 1404 458 2392

1250 489 1384 517 Facultas
1399 491 1565 519 absolvendi
1581 503 1595 519 a
1617 495 1763 521 canonicis
1783 497 1943 523 sententiis.
1964 498 2046 530 (Rea.
2063 499 2112 532 45,
2129 508 2154 526 c.
2173 501 2215 534 5‘2,

1214 538 1233 564 f.
1251 539 1266 565 9
1284 545 1330 569 v⁰;
1350 539 1415 565 Lar.
1433 549 1467 567 nu
1482 541 1579 575 ΤΗΕιι,
1596 541 1647 573 Ill,
1666 543 1718 573 45.)

1561 432 1922 469 Sainte-Marie—Majeure,
1941 436 1954 461 Τ
1973 444 2047 462 mars
2070 438 2144 465 1290.

1254 640 1355 668 Eidem
1370 640 1549 671 facultatem
1563 644 1705 673 concedit
1722 645 1905 675 absolvendi
1921 649 2094 679 monachos
2111 654 2140 679 et
2153 659 2216 680 mo-

1214 692 1314 721 niales
1340 692 1562 724 Cluniacensis
1587 696 1708 725 ordinis
1731 699 1785 735 qui
1812 708 1866 736 pro
1885 700 2023 730 violenta
2042 702 2215 740 injectione

1212 752 1369 773 manuum
1394 746 1426 774 in
1455 755 1605 784 personas
1625 749 1863 785 ecclesiasticas,
1882 752 2062 784 detentione
2079 757 2215 794 proprii,

1212 797 1366 834 denegata
1379 799 1595 837 superioribus
1606 802 1799 840 obedientia,
1808 806 2040 843 conspiratione
2052 813 2105 837 aut
2117 813 2216 838 trans-

1211 851 1374 886 gressione
1391 856 1579 882 statutorum
1595 857 1933 887 excommunicationis
1952 861 2141 890 sententiam
2159 862 2212 891 in-

1211 903 1373 932 currerint
1402 908 1431 933 et
1459 905 1665 943 dispensandi
1691 916 1762 936 cum
1786 909 1830 937 eis
1853 918 1946 948 super
1969 911 2214 950 irregularitati-

1210 955 1279 984 bus.

1252 1020 1265 1034 α
1292 1009 1440 1038 Exhibita
1460 1010 1552 1040 nobis
1570 1015 1659 1041 tua...
1677 1028 1716 1033 —
1735 1013 1804 1042 Dat.
1825 1019 1857 1043 nt
1873 1024 1976 1053 supra.
2000 1030 2013 1043 w>

1280 1181 1397 1210 2398

1243 1242 1419 1269 Monasterio
1444 1243 1543 1270 Sancti
1566 1243 1712 1271 vincentii
1736 1245 1770 1271 de
1794 1245 1957 1275 Monteforti
1983 1248 2054 1275 duae
2077 1251 2215 1278 ecclesiae

1207 1291 1415 1318 conceduntur.
1433 1292 1514 1326 (Res.
1532 1293 1574 1324 45,
1593 1301 1618 1320 o.
1637 1294 1680 1324 53,
1696 1294 1716 1320 f.
1733 1294 1748 1321 9
1765 1296 1815 1327 v0.)

1567 1182 1926 1219 Sainte-Marie·Majeu1-e,
1944 1187 1957 1212 ῖ
1974 1195 2050 1214 mars
2067 1188 2142 1216 1290.

1249 1417 1267 1422 ..
1291 1394 1390 1422 abbati
1417 1399 1443 1422 et
1469 1397 1631 1424 conventui
1662 1398 1840 1425 monasterii
1871 1398 1975 1428 Sancti
2006 1400 2154 1430 Vincentii
2179 1402 2212 1431 de

1206 1446 1388 1483 Jlonteforti.
1406 1448 1525 1477 ordinis
1540 1448 1570 1479 S.
1588 1450 1754 1484 Benedicti,
1776 1451 1912 1480 Lucensis
1932 1453 2065 1483 diocesis.
2088 1454 2212 1484 Confir-

1205 1503 1271 1528 mat
1288 1499 1495 1530 donationem
1518 1502 1563 1530 eis
1583 1511 1600 1530 a
1626 1502 1763 1532 Lucensi
1786 1505 1948 1543 episcopo,
1971 1507 2109 1545 capitulo
2133 1516 2211 1538 con-

1206 1553 1378 1590 sentiente,
1396 1554 1435 1584 de
1452 1554 1592 1584 ecclesiis
1609 1555 1717 1586 Sancti
1730 1557 1816 1586 Petri
1831 1557 1869 1587 de
1884 1558 2048 1597 Ripisaltis
2062 1564 2091 1589 et
2103 1560 2211 1591 Sancti

1205 1606 1341 1636 Martini
1356 1607 1394 1636 de
1409 1608 1531 1643 Duade,
1544 1609 1696 1638 Lucensis
1713 1610 1878 1647 dioecesis,
1892 1611 2077 1642 cedentibus
2092 1613 2140 1642 vel
2156 1613 2211 1644 de-

1205 1660 1391 1690 cedentibus
1410 1661 1586 1690 rectoribus
1605 1662 1811 1698 earumdem,
1836 1663 1967 1700 factam,
1991 1669 2150 1696 reservata
2171 1666 2210 1697 de

1203 1713 1412 1751 proventibus
1429 1714 1555 1744 vicariis
1577 1716 1737 1754 perpetuis
1756 1725 1897 1754 congrua
1914 1719 2069 1756 portione.

1246 1778 1259 1792 ι
1284 1766 1365 1796 Cum
1384 1776 1402 1796 a
1422 1767 1552 1797 nobis...
1568 1784 1608 1790 —
1628 1769 1699 1798 Dat.
1724 1770 1844 1807 Rome,
1862 1771 1946 1809 apud
1969 1772 2118 1802 Sanctam
2141 1773 2209 1802 Ma-

1204 1819 1285 1848 riam
1301 1820 1469 1859 MaJorem,
1488 1821 1581 1851 nonis
1597 1822 1715 1858 martii,
1732 1831 1817 1853 anno
1836 1824 1937 1853 tertio.
1956 1836 1969 1851 n

1273 1992 1390 2022 2399

1237 2054 1446 2089 Indulgentiae.
1464 2055 1547 2088 (Rae.
1565 2056 1609 2087 45,
1630 2064 1656 2082 c.
1673 2057 1717 2089 54,
1733 2057 1752 2082 f.
1770 2057 1786 2084 9
1802 2059 1855 2089 v0.)

1534 1993 1899 2029 Sainte-Marie-Majeure,
1918 1995 1948 2022 13
1963 2004 2040 2022 mars
2060 1996 2135 2023 1290.

1243 2180 1262 2187 ..
1277 2158 1380 2195 priori
1394 2161 1420 2186 et
1437 2159 1571 2196 capitulo
1587 2159 1702 2188 ecclesie
1721 2159 1829 2189 Sancte
1851 2160 1936 2189 Lat-ie
1957 2166 2090 2197 quatuor
2102 2166 2205 2198 porta-

1200 2219 1272 2239 rum
1286 2211 1321 2239 de
1337 2211 1420 2240 Urbe.
1438 2211 1680 2249 Indulgentiam
1698 2213 1795 2242 unius
1808 2213 1887 2242 anni
1899 2218 1929 2242 et
1943 2223 1981 2242 xc
1997 2213 2121 2243 dierum
2135 2222 2206 2244 con-

1200 2263 1283 2293 cedit
1294 2264 1401 2303 eisqui
1412 2264 1606 2302 praedictam
1623 2265 1800 2300 ecelesiam„
1811 2275 1906 2304 quam
1916 2267 1964 2302 T.‚
1976 2266 2205 2296 Bracharensis

1200 2317 1468 2355 archiepiscopus,
1485 2317 1524 2347 de
1538 2318 1664 2356 speciali
1681 2319 1831 2348 mandato
1848 2328 1955 2357 papae,
1969 2329 2023 2358 per
2037 2319 2203 2356 Jacobum,

1200 2368 1335 2399 Sanctae
1360 2370 1481 2400 Mariae
1506 2370 1540 2399 in
1570 2371 1630 2400 Via
1652 2370 1715 2400 lata
1740 2371 1910 2401 diaconum
1936 2372 2148 2408 cardinalem,
2174 2372 2204 2401 ei

1199 2423 1291 2459 facto,
1308 2423 1471 2453 associatis
1486 2423 1549 2453 sibi
1561 2424 1726 2453 nonnullis
1738 2425 1904 2463 episcopis,
1918 2424 2116 2455 sollemniter
2130 2433 2204 2455 con-

1199 2477 1344 2512 secravit,
1359 2476 1393 2505 in
1412 2477 1632 2506 anniversario
1648 2477 1699 2506 die
1718 2477 1928 2508 dedicationis
1943 2478 2084 2515 ejusdem
2103 2486 2203 2516 usque

1198 2529 1238 2559 ad
1253 2529 1450 2559 dominicam
1467 2529 1723 2560 Resurrectionis
1739 2530 1919 2560 dominicae
1936 2530 2074 2568 singulis
2090 2530 2202 2559 diebus

1198 2582 1408 2612 visitaverint.

1240 2647 1253 2661 a
1278 2635 1316 2664 In
1332 2635 1531 2665 dedicatione
1548 2635 1694 2673 templi...
1721 2653 1760 2656 —
1783 2625 1854 2664 Dat.
1872 2635 1983 2672 Rome,
2000 2635 2085 2674 apud
2101 2634 2201 2665 Sanc-

1199 2692 1263 2718 tam
1280 2688 1413 2717 Mariam
1430 2688 1596 2726 Maiorem,
1614 2697 1647 2716 111
1664 2687 1735 2717 idus
1750 2688 1871 2723 martii,
1887 2696 1972 2717 anno
1992 2688 2091 2718 tertio.
2112 2700 2125 2714 ι)

1268 2851 1390 2880 2400
1577 2851 1892 2886 Sainte-Marie-Maqu
1898 2860 1936 2884 re,
1955 2860 2029 2879 mars
2050 2852 2128 2879 1290.

1233 2914 1439 2949 Indulgentiae.
1457 2913 1540 2947 (Rae.
1557 2914 1600 2945 45,
1613 2921 1639 2940 c.
1657 2914 1710 2945 542,
1728 2914 1747 2940 f.
1764 2915 1780 2941 9
1794 2917 1843 2945 v0.)

1241 3017 1392 3046 Untversz's
1417 3015 1530 3045 Christi
1549 3016 1685 3052 fidelibus
1700 3021 1850 3053 presentes
1872 3017 1987 3046 litteras
2005 3018 2196 3055 inspecturis.

2008 3083 2040 3110 53
