<?xml version="1.0" encoding="UTF-8"?>
<!DOCTYPE html PUBLIC "-//W3C//DTD XHTML 1.0 Transitional//EN"
    "http://www.w3.org/TR/xhtml1/DTD/xhtml1-transitional.dtd">
<html xmlns="http://www.w3.org/1999/xhtml" xml:lang="en" lang="en">
 <head>
  <title>
</title>
<meta http-equiv="Content-Type" content="text/html;charset=utf-8" />
  <meta name='ocr-system' content='tesseract 3.04.00' />
  <meta name='ocr-capabilities' content='ocr_page ocr_carea ocr_par ocr_line ocrx_word'/>
</head>
<body>
  <div class='ocr_page' id='page_1' title='image "./lesregistresdeni01romeuoft_0297.png"; bbox 0 0 2342 3652; ppageno 0'>
   <div class='ocr_carea' id='block_1_1' title="bbox 0 1071 46 3652">
    <p class='ocr_par' dir='ltr' id='par_1_1' title="bbox 0 1071 46 3652">
     <span class='ocr_line' id='line_1_1' title="bbox 0 1071 46 3652; baseline 0 0"><span class='ocrx_word' id='word_1_1' title='bbox 0 1071 46 3652; x_wconf 95' lang='lat' dir='ltr'><strong> </strong></span> 
     </span>
    </p>
   </div>
   <div class='ocr_carea' id='block_1_2' title="bbox 925 369 2166 416">
    <p class='ocr_par' dir='ltr' id='par_1_2' title="bbox 925 369 2166 416">
     <span class='ocr_line' id='line_1_2' title="bbox 925 369 2166 416; baseline 0.006 -7"><span class='ocrx_word' id='word_1_2' title='bbox 925 371 1150 410; x_wconf 72' lang='lat' dir='ltr'><strong>DEUXIEME</strong></span> <span class='ocrx_word' id='word_1_3' title='bbox 1172 369 1328 409; x_wconf 71' lang='lat' dir='ltr'><strong>ANNEE.</strong></span> <span class='ocrx_word' id='word_1_4' title='bbox 2112 387 2166 416; x_wconf 74' lang='lat'><strong>287</strong></span> 
     </span>
    </p>
   </div>
   <div class='ocr_carea' id='block_1_3' title="bbox 88 446 1088 689">
    <p class='ocr_par' dir='ltr' id='par_1_3' title="bbox 88 446 1088 689">
     <span class='ocr_line' id='line_1_3' title="bbox 88 446 1086 485; baseline -0.003 -8"><span class='ocrx_word' id='word_1_5' title='bbox 88 448 210 483; x_wconf 80' lang='lat' dir='ltr'><strong>Nouet,</strong></span> <span class='ocrx_word' id='word_1_6' title='bbox 239 446 482 484; x_wconf 88' lang='lat' dir='ltr'><strong>Corisopitensis</strong></span> <span class='ocrx_word' id='word_1_7' title='bbox 497 447 649 476; x_wconf 90' lang='lat' dir='ltr'><strong>dioecesis</strong></span> <span class='ocrx_word' id='word_1_8' title='bbox 661 469 670 483; x_wconf 89' lang='lat'><strong>,</strong></span> <span class='ocrx_word' id='word_1_9' title='bbox 697 446 858 485; x_wconf 73' lang='lat' dir='ltr'>dispenset</span> <span class='ocrx_word' id='word_1_10' title='bbox 873 450 907 475; x_wconf 85' lang='lat' dir='ltr'><strong>ut</strong></span> <span class='ocrx_word' id='word_1_11' title='bbox 923 447 955 475; x_wconf 92' lang='lat' dir='ltr'><strong>in</strong></span> <span class='ocrx_word' id='word_1_12' title='bbox 973 446 1086 475; x_wconf 86' lang='lat' dir='ltr'><strong>matri-</strong></span> 
     </span>
     <span class='ocr_line' id='line_1_4' title="bbox 88 499 1085 538; baseline -0.003 -7"><span class='ocrx_word' id='word_1_13' title='bbox 88 500 197 531; x_wconf 89' lang='lat' dir='ltr'><strong>monio</strong></span> <span class='ocrx_word' id='word_1_14' title='bbox 218 499 301 538; x_wconf 85' lang='lat' dir='ltr'><strong>quod</strong></span> <span class='ocrx_word' id='word_1_15' title='bbox 328 499 418 535; x_wconf 83' lang='lat' dir='ltr'><strong>olim,</strong></span> <span class='ocrx_word' id='word_1_16' title='bbox 444 499 630 537; x_wconf 83' lang='lat' dir='ltr'><strong>ignorantes</strong></span> <span class='ocrx_word' id='word_1_17' title='bbox 647 500 808 537; x_wconf 85' lang='lat' dir='ltr'><strong>quondam</strong></span> <span class='ocrx_word' id='word_1_18' title='bbox 833 500 1085 536; x_wconf 84' lang='lat' dir='ltr'><strong>Haugomarum,</strong></span> 
     </span>
     <span class='ocr_line' id='line_1_5' title="bbox 89 551 1088 591; baseline -0.001 -8"><span class='ocrx_word' id='word_1_19' title='bbox 89 553 236 589; x_wconf 87' lang='lat' dir='ltr'><strong>militem,</strong></span> <span class='ocrx_word' id='word_1_20' title='bbox 250 552 388 590; x_wconf 83' lang='lat' dir='ltr'>priorem</span> <span class='ocrx_word' id='word_1_21' title='bbox 407 553 513 581; x_wconf 88' lang='lat' dir='ltr'><strong>virum</strong></span> <span class='ocrx_word' id='word_1_22' title='bbox 528 552 670 591; x_wconf 77' lang='lat' dir='ltr'><strong>ejtisdeni</strong></span> <span class='ocrx_word' id='word_1_23' title='bbox 689 551 833 581; x_wconf 87' lang='lat' dir='ltr'><strong>Guildert</strong></span> <span class='ocrx_word' id='word_1_24' title='bbox 849 552 935 591; x_wconf 75' lang='lat' dir='ltr'><strong>(sic),</strong></span> <span class='ocrx_word' id='word_1_25' title='bbox 959 553 1088 590; x_wconf 82' lang='lat' dir='ltr'><strong>I&#39;agano</strong></span> 
     </span>
     <span class='ocr_line' id='line_1_6' title="bbox 88 604 1086 646; baseline -0.002 -10"><span class='ocrx_word' id='word_1_26' title='bbox 88 611 200 646; x_wconf 86' lang='lat' dir='ltr'><strong>quarto</strong></span> <span class='ocrx_word' id='word_1_27' title='bbox 215 605 507 642; x_wconf 80' lang='lat' dir='ltr'><strong>consanguinitatis</strong></span> <span class='ocrx_word' id='word_1_28' title='bbox 527 604 626 642; x_wconf 85' lang='lat' dir='ltr'><strong>gradu</strong></span> <span class='ocrx_word' id='word_1_29' title='bbox 648 605 854 643; x_wconf 77' lang='lat' dir='ltr'><strong>conjunctum</strong></span> <span class='ocrx_word' id='word_1_30' title='bbox 873 605 988 640; x_wconf 74' lang='lat' dir='ltr'><strong>fuisse,</strong></span> <span class='ocrx_word' id='word_1_31' title='bbox 1011 613 1086 634; x_wconf 90' lang='lat' dir='ltr'><strong>con-</strong></span> 
     </span>
     <span class='ocr_line' id='line_1_7' title="bbox 88 656 585 689; baseline -0.006 0"><span class='ocrx_word' id='word_1_32' title='bbox 88 663 251 689; x_wconf 75' lang='lat' dir='ltr'><strong>traxerunt</strong></span> <span class='ocrx_word' id='word_1_33' title='bbox 266 666 433 687; x_wconf 82' lang='lat' dir='ltr'><strong>remanere</strong></span> <span class='ocrx_word' id='word_1_34' title='bbox 448 656 585 687; x_wconf 89' lang='lat' dir='ltr'><strong>valeant.</strong></span> 
     </span>
    </p>
   </div>
   <div class='ocr_carea' id='block_1_4' title="bbox 128 709 1107 750">
    <p class='ocr_par' dir='ltr' id='par_1_4' title="bbox 128 709 1107 750">
     <span class='ocr_line' id='line_1_8' title="bbox 128 709 1107 750; baseline 0 -11"><span class='ocrx_word' id='word_1_35' title='bbox 128 724 142 739; x_wconf 66' lang='lat' dir='ltr'><strong>u</strong></span> <span class='ocrx_word' id='word_1_36' title='bbox 165 711 311 750; x_wconf 83' lang='lat' dir='ltr'><strong>Exposita</strong></span> <span class='ocrx_word' id='word_1_37' title='bbox 336 711 427 740; x_wconf 85' lang='lat' dir='ltr'><strong>nobis</strong></span> <span class='ocrx_word' id='word_1_38' title='bbox 447 710 598 740; x_wconf 88' lang='lat' dir='ltr'><strong>dilecte...</strong></span> <span class='ocrx_word' id='word_1_39' title='bbox 619 726 655 732; x_wconf 92' lang='lat'>—</span> <span class='ocrx_word' id='word_1_40' title='bbox 674 710 745 739; x_wconf 86' lang='lat' dir='ltr'><strong>Dat.</strong></span> <span class='ocrx_word' id='word_1_41' title='bbox 768 710 880 745; x_wconf 82' lang='lat' dir='ltr'><strong>Reate,</strong></span> <span class='ocrx_word' id='word_1_42' title='bbox 901 719 919 738; x_wconf 83' lang='lat' dir='ltr'>x</span> <span class='ocrx_word' id='word_1_43' title='bbox 935 709 1107 739; x_wconf 33' lang='lat' dir='ltr'><strong>kalendas*</strong></span> 
     </span>
    </p>
   </div>
   <div class='ocr_carea' id='block_1_5' title="bbox 87 763 537 801">
    <p class='ocr_par' dir='ltr' id='par_1_5' title="bbox 87 763 537 801">
     <span class='ocr_line' id='line_1_9' title="bbox 87 763 537 801; baseline -0.009 -6"><span class='ocrx_word' id='word_1_44' title='bbox 87 765 238 801; x_wconf 72' lang='lat' dir='ltr'><strong>octobris,</strong></span> <span class='ocrx_word' id='word_1_45' title='bbox 253 772 338 794; x_wconf 92' lang='lat' dir='ltr'><strong>anno</strong></span> <span class='ocrx_word' id='word_1_46' title='bbox 353 763 503 794; x_wconf 90' lang='lat' dir='ltr'><strong>secundo.</strong></span> <span class='ocrx_word' id='word_1_47' title='bbox 524 776 537 790; x_wconf 65' lang='lat' dir='ltr'><strong>n</strong></span> 
     </span>
    </p>
   </div>
   <div class='ocr_carea' id='block_1_6' title="bbox 160 937 274 966">
    <p class='ocr_par' dir='ltr' id='par_1_6' title="bbox 160 937 274 966">
     <span class='ocr_line' id='line_1_10' title="bbox 160 937 274 966; baseline 0.018 -2"><span class='ocrx_word' id='word_1_48' title='bbox 160 937 274 966; x_wconf 74' lang='lat'><strong>1455</strong></span> 
     </span>
    </p>
   </div>
   <div class='ocr_carea' id='block_1_7' title="bbox 87 999 1086 1083">
    <p class='ocr_par' dir='ltr' id='par_1_7' title="bbox 87 999 1086 1083">
     <span class='ocr_line' id='line_1_11' title="bbox 121 999 1086 1032; baseline -0.003 -3"><span class='ocrx_word' id='word_1_49' title='bbox 121 1001 251 1029; x_wconf 84' lang='lat' dir='ltr'><strong>Facultas</strong></span> <span class='ocrx_word' id='word_1_50' title='bbox 257 1000 464 1028; x_wconf 87' lang='lat' dir='ltr'><strong>absolvendiab</strong></span> <span class='ocrx_word' id='word_1_51' title='bbox 473 1000 779 1026; x_wconf 73' lang='lat' dir='ltr'><strong>excommunicationIs</strong></span> <span class='ocrx_word' id='word_1_52' title='bbox 789 1000 941 1026; x_wconf 73' lang='lat' dir='ltr'><strong>sententia.</strong></span> <span class='ocrx_word' id='word_1_53' title='bbox 950 999 1032 1031; x_wconf 75' lang='lat' dir='ltr'><strong>(Rae.</strong></span> <span class='ocrx_word' id='word_1_54' title='bbox 1043 1000 1086 1032; x_wconf 68' lang='lat'><strong>44,</strong></span> 
     </span>
     <span class='ocr_line' id='line_1_12' title="bbox 87 1049 362 1083; baseline -0.007 -5"><span class='ocrx_word' id='word_1_55' title='bbox 87 1059 113 1078; x_wconf 85' lang='lat' dir='ltr'><strong>c.</strong></span> <span class='ocrx_word' id='word_1_56' title='bbox 129 1051 194 1082; x_wconf 80' lang='lat'><strong>514,</strong></span> <span class='ocrx_word' id='word_1_57' title='bbox 210 1050 230 1076; x_wconf 83' lang='lat' dir='ltr'><strong>f.</strong></span> <span class='ocrx_word' id='word_1_58' title='bbox 246 1049 297 1077; x_wconf 75' lang='lat'><strong>226</strong></span> <span class='ocrx_word' id='word_1_59' title='bbox 314 1051 362 1083; x_wconf 72' lang='lat' dir='ltr'><strong>ro.)</strong></span> 
     </span>
    </p>
   </div>
   <div class='ocr_carea' id='block_1_8' title="bbox 606 934 1016 969">
    <p class='ocr_par' dir='ltr' id='par_1_8' title="bbox 606 934 1016 969">
     <span class='ocr_line' id='line_1_13' title="bbox 606 934 1016 969; baseline -0.005 -8"><span class='ocrx_word' id='word_1_60' title='bbox 606 935 693 966; x_wconf 82' lang='lat' dir='ltr'><strong>Rieti,</strong></span> <span class='ocrx_word' id='word_1_61' title='bbox 715 935 742 961; x_wconf 80' lang='lat' dir='ltr'><strong>l&#39;t‘</strong></span> <span class='ocrx_word' id='word_1_62' title='bbox 759 935 922 969; x_wconf 75' lang='lat' dir='ltr'><strong>septembre</strong></span> <span class='ocrx_word' id='word_1_63' title='bbox 939 934 1016 962; x_wconf 63' lang='lat'><strong>1289.</strong></span> 
     </span>
    </p>
   </div>
   <div class='ocr_carea' id='block_1_9' title="bbox 85 1151 1091 1613">
    <p class='ocr_par' dir='ltr' id='par_1_9' title="bbox 85 1151 1091 1509">
     <span class='ocr_line' id='line_1_14' title="bbox 131 1151 1086 1189; baseline -0.002 -7"><span class='ocrx_word' id='word_1_64' title='bbox 131 1152 297 1183; x_wconf 81' lang='lat' dir='ltr'><strong>Venerabili</strong></span> <span class='ocrx_word' id='word_1_65' title='bbox 325 1151 418 1188; x_wconf 81' lang='lat' dir='ltr'><strong>fratri</strong></span> <span class='ocrx_word' id='word_1_66' title='bbox 440 1152 592 1188; x_wconf 82' lang='lat' dir='ltr'><strong>Roderico,</strong></span> <span class='ocrx_word' id='word_1_67' title='bbox 619 1152 840 1189; x_wconf 79' lang='lat' dir='ltr'><strong>archiepiscopo</strong></span> <span class='ocrx_word' id='word_1_68' title='bbox 864 1151 1086 1185; x_wconf 83' lang='lat' dir='ltr'><strong>Terraconensi,</strong></span> 
     </span>
     <span class='ocr_line' id='line_1_15' title="bbox 86 1203 1089 1243; baseline -0.003 -7"><span class='ocrx_word' id='word_1_69' title='bbox 86 1204 228 1236; x_wconf 86' lang='lat' dir='ltr'><strong>concedit</strong></span> <span class='ocrx_word' id='word_1_70' title='bbox 244 1203 423 1234; x_wconf 83' lang='lat' dir='ltr'><strong>facultatem</strong></span> <span class='ocrx_word' id='word_1_71' title='bbox 444 1203 630 1234; x_wconf 89' lang='lat' dir='ltr'><strong>absolvendi</strong></span> <span class='ocrx_word' id='word_1_72' title='bbox 651 1204 781 1234; x_wconf 90' lang='lat' dir='ltr'><strong>clericos</strong></span> <span class='ocrx_word' id='word_1_73' title='bbox 802 1204 858 1243; x_wconf 87' lang='lat' dir='ltr'><strong>qui</strong></span> <span class='ocrx_word' id='word_1_74' title='bbox 879 1213 934 1243; x_wconf 88' lang='lat' dir='ltr'><strong>pro</strong></span> <span class='ocrx_word' id='word_1_75' title='bbox 951 1204 1089 1234; x_wconf 85' lang='lat' dir='ltr'><strong>violenta</strong></span> 
     </span>
     <span class='ocr_line' id='line_1_16' title="bbox 85 1257 1088 1298; baseline -0.002 -10"><span class='ocrx_word' id='word_1_76' title='bbox 85 1257 256 1298; x_wconf 77' lang='lat' dir='ltr'><strong>injectione</strong></span> <span class='ocrx_word' id='word_1_77' title='bbox 273 1266 428 1287; x_wconf 91' lang='lat' dir='ltr'><strong>manuum</strong></span> <span class='ocrx_word' id='word_1_78' title='bbox 445 1257 480 1286; x_wconf 91' lang='lat' dir='ltr'><strong>in</strong></span> <span class='ocrx_word' id='word_1_79' title='bbox 495 1266 650 1296; x_wconf 85' lang='lat' dir='ltr'><strong>personas</strong></span> <span class='ocrx_word' id='word_1_80' title='bbox 662 1257 889 1287; x_wconf 80' lang='lat' dir='ltr'><strong>ecclesiasticas</strong></span> <span class='ocrx_word' id='word_1_81' title='bbox 905 1266 1088 1287; x_wconf 84' lang='lat' dir='ltr'><strong>excommu-</strong></span> 
     </span>
     <span class='ocr_line' id='line_1_17' title="bbox 87 1304 1089 1349; baseline -0.002 -7"><span class='ocrx_word' id='word_1_82' title='bbox 87 1311 255 1342; x_wconf 87' lang='lat' dir='ltr'><strong>nicationis</strong></span> <span class='ocrx_word' id='word_1_83' title='bbox 281 1304 699 1347; x_wconf 84' lang='lat' dir='ltr'><strong>sententiasincurrerint,</strong></span> <span class='ocrx_word' id='word_1_84' title='bbox 728 1315 758 1340; x_wconf 91' lang='lat' dir='ltr'><strong>et</strong></span> <span class='ocrx_word' id='word_1_85' title='bbox 781 1311 989 1349; x_wconf 84' lang='lat' dir='ltr'><strong>dispensandi</strong></span> <span class='ocrx_word' id='word_1_86' title='bbox 1015 1319 1089 1340; x_wconf 88' lang='lat' dir='ltr'><strong>cum</strong></span> 
     </span>
     <span class='ocr_line' id='line_1_18' title="bbox 86 1359 1088 1404; baseline -0.002 -9"><span class='ocrx_word' id='word_1_87' title='bbox 86 1365 130 1395; x_wconf 87' lang='lat' dir='ltr'><strong>eis</strong></span> <span class='ocrx_word' id='word_1_88' title='bbox 144 1365 218 1404; x_wconf 86' lang='lat' dir='ltr'><strong>qui,</strong></span> <span class='ocrx_word' id='word_1_89' title='bbox 234 1363 432 1394; x_wconf 89' lang='lat' dir='ltr'><strong>absolutione</strong></span> <span class='ocrx_word' id='word_1_90' title='bbox 448 1372 511 1394; x_wconf 90' lang='lat' dir='ltr'><strong>non</strong></span> <span class='ocrx_word' id='word_1_91' title='bbox 529 1364 656 1394; x_wconf 86' lang='lat' dir='ltr'><strong>obtenta</strong></span> <span class='ocrx_word' id='word_1_92' title='bbox 667 1387 676 1401; x_wconf 89' lang='lat'>‚</span> <span class='ocrx_word' id='word_1_93' title='bbox 695 1373 749 1402; x_wconf 88' lang='lat' dir='ltr'><strong>per</strong></span> <span class='ocrx_word' id='word_1_94' title='bbox 761 1364 844 1403; x_wconf 91' lang='lat' dir='ltr'><strong>juris</strong></span> <span class='ocrx_word' id='word_1_95' title='bbox 860 1359 1088 1402; x_wconf 74' lang='lat' dir='ltr'><strong>ignorantiam,</strong></span> 
     </span>
     <span class='ocr_line' id='line_1_19' title="bbox 87 1417 1091 1456; baseline -0.001 -8"><span class='ocrx_word' id='word_1_96' title='bbox 87 1417 193 1448; x_wconf 77' lang='lat' dir='ltr'><strong>divina</strong></span> <span class='ocrx_word' id='word_1_97' title='bbox 207 1417 312 1448; x_wconf 87' lang='lat' dir='ltr'><strong>officia</strong></span> <span class='ocrx_word' id='word_1_98' title='bbox 326 1417 533 1453; x_wconf 81' lang='lat' dir='ltr'><strong>celebrarint,</strong></span> <span class='ocrx_word' id='word_1_99' title='bbox 551 1426 625 1447; x_wconf 90' lang='lat' dir='ltr'><strong>cum</strong></span> <span class='ocrx_word' id='word_1_100' title='bbox 641 1418 686 1447; x_wconf 88' lang='lat' dir='ltr'><strong>eis</strong></span> <span class='ocrx_word' id='word_1_101' title='bbox 702 1426 777 1447; x_wconf 89' lang='lat' dir='ltr'><strong>vero</strong></span> <span class='ocrx_word' id='word_1_102' title='bbox 795 1417 851 1456; x_wconf 90' lang='lat' dir='ltr'><strong>qui</strong></span> <span class='ocrx_word' id='word_1_103' title='bbox 877 1418 935 1447; x_wconf 88' lang='lat' dir='ltr'><strong>boc</strong></span> <span class='ocrx_word' id='word_1_104' title='bbox 954 1418 1091 1447; x_wconf 87' lang='lat' dir='ltr'><strong>scienter</strong></span> 
     </span>
     <span class='ocr_line' id='line_1_20' title="bbox 86 1471 928 1509; baseline -0.002 -7"><span class='ocrx_word' id='word_1_105' title='bbox 86 1471 215 1502; x_wconf 81' lang='lat' dir='ltr'><strong>fecerint</strong></span> <span class='ocrx_word' id='word_1_106' title='bbox 229 1475 298 1509; x_wconf 88' lang='lat' dir='ltr'><strong>post</strong></span> <span class='ocrx_word' id='word_1_107' title='bbox 311 1471 435 1501; x_wconf 88' lang='lat' dir='ltr'><strong>biennii</strong></span> <span class='ocrx_word' id='word_1_108' title='bbox 449 1471 693 1509; x_wconf 85' lang='lat' dir='ltr'><strong>suspensionem</strong></span> <span class='ocrx_word' id='word_1_109' title='bbox 709 1471 928 1509; x_wconf 84' lang='lat' dir='ltr'><strong>dispensandi.</strong></span> 
     </span>
    </p>

    <p class='ocr_par' dir='ltr' id='par_1_10' title="bbox 87 1523 1089 1613">
     <span class='ocr_line' id='line_1_21' title="bbox 127 1523 1089 1561; baseline 0.003 -10"><span class='ocrx_word' id='word_1_110' title='bbox 127 1535 142 1551; x_wconf 72' lang='grc' dir='ltr'>ι</span> <span class='ocrx_word' id='word_1_111' title='bbox 159 1523 203 1554; x_wconf 89' lang='lat' dir='ltr'><strong>Ut</strong></span> <span class='ocrx_word' id='word_1_112' title='bbox 223 1532 260 1553; x_wconf 92' lang='lat' dir='ltr'><strong>eo</strong></span> <span class='ocrx_word' id='word_1_113' title='bbox 273 1523 481 1561; x_wconf 82' lang='lat' dir='ltr'><strong>gratiosior...</strong></span> <span class='ocrx_word' id='word_1_114' title='bbox 498 1539 538 1546; x_wconf 90' lang='lat'>—</span> <span class='ocrx_word' id='word_1_115' title='bbox 554 1524 625 1553; x_wconf 91' lang='lat' dir='ltr'><strong>Dat.</strong></span> <span class='ocrx_word' id='word_1_116' title='bbox 645 1524 759 1559; x_wconf 84' lang='lat' dir='ltr'><strong>Reate,</strong></span> <span class='ocrx_word' id='word_1_117' title='bbox 775 1533 816 1554; x_wconf 79' lang='lat' dir='ltr'><strong>xv</strong></span> <span class='ocrx_word' id='word_1_118' title='bbox 831 1523 984 1554; x_wconf 87' lang='lat' dir='ltr'><strong>kalendas</strong></span> <span class='ocrx_word' id='word_1_119' title='bbox 1004 1528 1089 1554; x_wconf 88' lang='lat' dir='ltr'><strong>octo-</strong></span> 
     </span>
     <span class='ocr_line' id='line_1_22' title="bbox 87 1576 476 1613; baseline 0.005 -7"><span class='ocrx_word' id='word_1_120' title='bbox 87 1577 169 1613; x_wconf 87' lang='lat' dir='ltr'><strong>bris,</strong></span> <span class='ocrx_word' id='word_1_121' title='bbox 185 1585 271 1606; x_wconf 86' lang='lat' dir='ltr'><strong>anno</strong></span> <span class='ocrx_word' id='word_1_122' title='bbox 291 1576 440 1608; x_wconf 87' lang='lat' dir='ltr'><strong>secundo.</strong></span> <span class='ocrx_word' id='word_1_123' title='bbox 463 1589 476 1603; x_wconf 74' lang='lat' dir='ltr'><strong>n</strong></span> 
     </span>
    </p>
   </div>
   <div class='ocr_carea' id='block_1_10' title="bbox 121 1763 1019 1861">
    <p class='ocr_par' dir='ltr' id='par_1_11' title="bbox 121 1763 1019 1861">
     <span class='ocr_line' id='line_1_23' title="bbox 159 1763 1019 1797; baseline -0.001 -5"><span class='ocrx_word' id='word_1_124' title='bbox 159 1763 405 1792; x_wconf 68' lang='lat'>1458-1459</span> <span class='ocrx_word' id='word_1_125' title='bbox 700 1763 792 1795; x_wconf 90' lang='lat' dir='ltr'><strong>Rieti,</strong></span> <span class='ocrx_word' id='word_1_126' title='bbox 808 1764 842 1797; x_wconf 18' lang='lat'><strong>,18</strong></span> <span class='ocrx_word' id='word_1_127' title='bbox 858 1765 925 1791; x_wconf 79' lang='lat' dir='ltr'><strong>aaut</strong></span> <span class='ocrx_word' id='word_1_128' title='bbox 941 1764 1019 1791; x_wconf 75' lang='lat'><strong>1289.</strong></span> 
     </span>
     <span class='ocr_line' id='line_1_24' title="bbox 121 1825 791 1861; baseline 0 -8"><span class='ocrx_word' id='word_1_129' title='bbox 121 1825 328 1861; x_wconf 80' lang='lat' dir='ltr'><strong>Indulgentiae.</strong></span> <span class='ocrx_word' id='word_1_130' title='bbox 346 1826 428 1859; x_wconf 72' lang='lat' dir='ltr'><strong>(Rae.</strong></span> <span class='ocrx_word' id='word_1_131' title='bbox 447 1827 490 1860; x_wconf 86' lang='lat'><strong>44,</strong></span> <span class='ocrx_word' id='word_1_132' title='bbox 506 1835 532 1853; x_wconf 89' lang='lat' dir='ltr'><strong>c.</strong></span> <span class='ocrx_word' id='word_1_133' title='bbox 549 1826 621 1860; x_wconf 80' lang='lat'><strong>5142,</strong></span> <span class='ocrx_word' id='word_1_134' title='bbox 634 1826 654 1853; x_wconf 80' lang='lat' dir='ltr'><strong>f.</strong></span> <span class='ocrx_word' id='word_1_135' title='bbox 671 1826 722 1854; x_wconf 68' lang='lat'><strong>‘22⁷6</strong></span> <span class='ocrx_word' id='word_1_136' title='bbox 738 1829 791 1860; x_wconf 83' lang='lat' dir='ltr'><strong>v0.)</strong></span> 
     </span>
    </p>
   </div>
   <div class='ocr_carea' id='block_1_11' title="bbox 89 1928 1096 2180">
    <p class='ocr_par' dir='ltr' id='par_1_12' title="bbox 89 1928 1096 2180">
     <span class='ocr_line' id='line_1_25' title="bbox 129 1928 1090 1967; baseline 0.001 -9"><span class='ocrx_word' id='word_1_137' title='bbox 129 1928 279 1958; x_wconf 80' lang='lat' dir='ltr'><strong>Universis</strong></span> <span class='ocrx_word' id='word_1_138' title='bbox 297 1928 410 1957; x_wconf 81' lang='lat' dir='ltr'><strong>Christi</strong></span> <span class='ocrx_word' id='word_1_139' title='bbox 431 1929 570 1965; x_wconf 74' lang='lat' dir='ltr'><strong>fidelibus</strong></span> <span class='ocrx_word' id='word_1_140' title='bbox 585 1934 735 1966; x_wconf 77' lang='lat' dir='ltr'><strong>presentes</strong></span> <span class='ocrx_word' id='word_1_141' title='bbox 758 1929 874 1958; x_wconf 77' lang='lat' dir='ltr'><strong>litteras</strong></span> <span class='ocrx_word' id='word_1_142' title='bbox 899 1930 1090 1967; x_wconf 79' lang='lat' dir='ltr'><strong>inspectu-ris.</strong></span> 
     </span>
     <span class='ocr_line' id='line_1_26' title="bbox 89 1981 1093 2021; baseline 0 -9"><span class='ocrx_word' id='word_1_143' title='bbox 89 1981 325 2019; x_wconf 87' lang='lat' dir='ltr'><strong>Indulgentiam</strong></span> <span class='ocrx_word' id='word_1_144' title='bbox 344 1987 473 2011; x_wconf 91' lang='lat' dir='ltr'><strong>centum</strong></span> <span class='ocrx_word' id='word_1_145' title='bbox 489 1981 615 2011; x_wconf 88' lang='lat' dir='ltr'><strong>dierum</strong></span> <span class='ocrx_word' id='word_1_146' title='bbox 631 1982 780 2020; x_wconf 75' lang='lat' dir='ltr'><strong>concedit¹</strong></span> <span class='ocrx_word' id='word_1_147' title='bbox 791 1982 837 2012; x_wconf 91' lang='lat' dir='ltr'><strong>eis</strong></span> <span class='ocrx_word' id='word_1_148' title='bbox 853 1983 909 2021; x_wconf 87' lang='lat' dir='ltr'><strong>qui</strong></span> <span class='ocrx_word' id='word_1_149' title='bbox 925 1982 1093 2012; x_wconf 89' lang='lat' dir='ltr'><strong>ecclesiam</strong></span> 
     </span>
     <span class='ocr_line' id='line_1_27' title="bbox 89 2035 1093 2075; baseline 0.001 -10"><span class='ocrx_word' id='word_1_150' title='bbox 89 2035 363 2072; x_wconf 86' lang='lat' dir='ltr'><strong>Lemovicensem,</strong></span> <span class='ocrx_word' id='word_1_151' title='bbox 379 2035 415 2065; x_wconf 89' lang='lat' dir='ltr'><strong>in</strong></span> <span class='ocrx_word' id='word_1_152' title='bbox 437 2035 594 2065; x_wconf 88' lang='lat' dir='ltr'><strong>honorem</strong></span> <span class='ocrx_word' id='word_1_153' title='bbox 615 2035 722 2065; x_wconf 81' lang='lat' dir='ltr'><strong>Sancti</strong></span> <span class='ocrx_word' id='word_1_154' title='bbox 743 2036 896 2075; x_wconf 84' lang='lat' dir='ltr'><strong>Stephani</strong></span> <span class='ocrx_word' id='word_1_155' title='bbox 917 2042 1093 2075; x_wconf 88' lang='lat' dir='ltr'><strong>protomar·</strong></span> 
     </span>
     <span class='ocr_line' id='line_1_28' title="bbox 89 2087 1096 2128; baseline 0.003 -11"><span class='ocrx_word' id='word_1_156' title='bbox 89 2087 169 2127; x_wconf 75' lang='lat' dir='ltr'><strong>tyris</strong></span> <span class='ocrx_word' id='word_1_157' title='bbox 187 2092 398 2118; x_wconf 89' lang='lat' dir='ltr'><strong>constructam</strong></span> <span class='ocrx_word' id='word_1_158' title='bbox 411 2111 420 2126; x_wconf 91' lang='lat'><strong>,</strong></span> <span class='ocrx_word' id='word_1_159' title='bbox 448 2088 485 2117; x_wconf 91' lang='lat' dir='ltr'><strong>in</strong></span> <span class='ocrx_word' id='word_1_160' title='bbox 510 2088 736 2119; x_wconf 81' lang='lat' dir='ltr'><strong>festivitatibus</strong></span> <span class='ocrx_word' id='word_1_161' title='bbox 757 2090 902 2128; x_wconf 90' lang='lat' dir='ltr'><strong>ejusdem</strong></span> <span class='ocrx_word' id='word_1_162' title='bbox 920 2090 1042 2127; x_wconf 89' lang='lat' dir='ltr'><strong>sancti,</strong></span> <span class='ocrx_word' id='word_1_163' title='bbox 1064 2094 1096 2120; x_wconf 91' lang='lat' dir='ltr'><strong>et</strong></span> 
     </span>
     <span class='ocr_line' id='line_1_29' title="bbox 89 2141 743 2180; baseline 0.002 -9"><span class='ocrx_word' id='word_1_164' title='bbox 89 2149 144 2180; x_wconf 84' lang='lat' dir='ltr'><strong>per</strong></span> <span class='ocrx_word' id='word_1_165' title='bbox 158 2145 226 2172; x_wconf 91' lang='lat' dir='ltr'><strong>octo</strong></span> <span class='ocrx_word' id='word_1_166' title='bbox 242 2141 310 2171; x_wconf 88' lang='lat' dir='ltr'><strong>dies</strong></span> <span class='ocrx_word' id='word_1_167' title='bbox 325 2146 514 2180; x_wconf 87' lang='lat' dir='ltr'><strong>sequentes,</strong></span> <span class='ocrx_word' id='word_1_168' title='bbox 531 2142 743 2172; x_wconf 78' lang='lat' dir='ltr'><strong>visitaverint.</strong></span> 
     </span>
    </p>
   </div>
   <div class='ocr_carea' id='block_1_12' title="bbox 130 2195 1120 2234">
    <p class='ocr_par' dir='ltr' id='par_1_13' title="bbox 130 2195 1120 2234">
     <span class='ocr_line' id='line_1_30' title="bbox 130 2195 1120 2234; baseline 0.004 -10"><span class='ocrx_word' id='word_1_169' title='bbox 130 2206 144 2222; x_wconf 71' lang='grc' dir='ltr'><strong><em>κ</em></strong></span> <span class='ocrx_word' id='word_1_170' title='bbox 159 2195 239 2225; x_wconf 90' lang='lat' dir='ltr'><strong>Loca</strong></span> <span class='ocrx_word' id='word_1_171' title='bbox 254 2199 438 2225; x_wconf 90' lang='lat' dir='ltr'><strong>sanctorum</strong></span> <span class='ocrx_word' id='word_1_172' title='bbox 454 2195 640 2227; x_wconf 88' lang='lat' dir='ltr'><strong>omnium...</strong></span> <span class='ocrx_word' id='word_1_173' title='bbox 659 2212 699 2218; x_wconf 94' lang='lat'>—</span> <span class='ocrx_word' id='word_1_174' title='bbox 715 2196 786 2226; x_wconf 87' lang='lat' dir='ltr'><strong>Dat.</strong></span> <span class='ocrx_word' id='word_1_175' title='bbox 804 2197 914 2234; x_wconf 84' lang='lat' dir='ltr'><strong>Reate,</strong></span> <span class='ocrx_word' id='word_1_176' title='bbox 931 2207 971 2227; x_wconf 77' lang='lat' dir='ltr'><strong>xv</strong></span> <span class='ocrx_word' id='word_1_177' title='bbox 986 2197 1094 2228; x_wconf 87' lang='lat' dir='ltr'><strong>kalen·</strong></span> <span class='ocrx_word' id='word_1_178' title='bbox 1118 2232 1120 2234; x_wconf 18' lang='lat' dir='ltr'><strong>v</strong></span> 
     </span>
    </p>
   </div>
   <div class='ocr_carea' id='block_1_13' title="bbox 91 2247 675 2287">
    <p class='ocr_par' dir='ltr' id='par_1_14' title="bbox 91 2247 675 2287">
     <span class='ocr_line' id='line_1_31' title="bbox 91 2247 675 2287; baseline 0.002 -9"><span class='ocrx_word' id='word_1_179' title='bbox 91 2247 144 2278; x_wconf 85' lang='lat' dir='ltr'><strong>das</strong></span> <span class='ocrx_word' id='word_1_180' title='bbox 159 2248 368 2287; x_wconf 86' lang='lat' dir='ltr'><strong>septembris,</strong></span> <span class='ocrx_word' id='word_1_181' title='bbox 387 2257 472 2278; x_wconf 90' lang='lat' dir='ltr'><strong>anno</strong></span> <span class='ocrx_word' id='word_1_182' title='bbox 492 2249 642 2279; x_wconf 89' lang='lat' dir='ltr'><strong>secundo.</strong></span> <span class='ocrx_word' id='word_1_183' title='bbox 662 2262 675 2275; x_wconf 63' lang='lat' dir='ltr'><strong>u&gt;</strong></span> 
     </span>
    </p>
   </div>
   <div class='ocr_carea' id='block_1_14' title="bbox 710 2330 1022 2361">
    <p class='ocr_par' dir='ltr' id='par_1_15' title="bbox 710 2330 1022 2361">
     <span class='ocr_line' id='line_1_32' title="bbox 710 2330 1022 2361; baseline 0.006 -5"><span class='ocrx_word' id='word_1_184' title='bbox 710 2330 797 2361; x_wconf 83' lang='lat' dir='ltr'><strong>Rieti,</strong></span> <span class='ocrx_word' id='word_1_185' title='bbox 818 2331 847 2358; x_wconf 87' lang='lat'><strong>18</strong></span> <span class='ocrx_word' id='word_1_186' title='bbox 862 2332 930 2358; x_wconf 79' lang='lat' dir='ltr'><strong>aeut</strong></span> <span class='ocrx_word' id='word_1_187' title='bbox 946 2330 1022 2358; x_wconf 67' lang='lat'><strong>1289.</strong></span> 
     </span>
    </p>
   </div>
   <div class='ocr_carea' id='block_1_15' title="bbox 92 2390 1095 2592">
    <p class='ocr_par' dir='ltr' id='par_1_16' title="bbox 92 2390 1095 2592">
     <span class='ocr_line' id='line_1_33' title="bbox 130 2390 1095 2430; baseline 0.003 -10"><span class='ocrx_word' id='word_1_188' title='bbox 130 2390 168 2420; x_wconf 77' lang='lat' dir='ltr'><strong>In</strong></span> <span class='ocrx_word' id='word_1_189' title='bbox 185 2399 213 2420; x_wconf 90' lang='lat' dir='ltr'><strong>e.</strong></span> <span class='ocrx_word' id='word_1_190' title='bbox 230 2399 274 2420; x_wconf 86' lang='lat' dir='ltr'><strong>m.</strong></span> <span class='ocrx_word' id='word_1_191' title='bbox 292 2390 424 2421; x_wconf 89' lang='lat' dir='ltr'><strong>eisdem.</strong></span> <span class='ocrx_word' id='word_1_192' title='bbox 453 2391 598 2421; x_wconf 86' lang='lat' dir='ltr'><strong>Eandem</strong></span> <span class='ocrx_word' id='word_1_193' title='bbox 623 2391 862 2430; x_wconf 84' lang='lat' dir='ltr'><strong>indulgentiam</strong></span> <span class='ocrx_word' id='word_1_194' title='bbox 883 2393 1029 2423; x_wconf 86' lang='lat' dir='ltr'><strong>concedit</strong></span> <span class='ocrx_word' id='word_1_195' title='bbox 1050 2394 1095 2423; x_wconf 86' lang='lat' dir='ltr'><strong>eis</strong></span> 
     </span>
     <span class='ocr_line' id='line_1_34' title="bbox 92 2443 1093 2484; baseline 0.005 -12"><span class='ocrx_word' id='word_1_196' title='bbox 92 2443 146 2481; x_wconf 87' lang='lat' dir='ltr'><strong>qui</strong></span> <span class='ocrx_word' id='word_1_197' title='bbox 164 2443 330 2473; x_wconf 89' lang='lat' dir='ltr'><strong>ecclesiam</strong></span> <span class='ocrx_word' id='word_1_198' title='bbox 348 2443 456 2474; x_wconf 87' lang='lat' dir='ltr'><strong>Sancti</strong></span> <span class='ocrx_word' id='word_1_199' title='bbox 467 2444 613 2481; x_wconf 84' lang='lat' dir='ltr'><strong>Juniani,</strong></span> <span class='ocrx_word' id='word_1_200' title='bbox 628 2445 868 2482; x_wconf 83' lang='lat' dir='ltr'><strong>Lemovicensis</strong></span> <span class='ocrx_word' id='word_1_201' title='bbox 883 2446 1047 2484; x_wconf 83' lang='lat' dir='ltr'><strong>dioecesis,</strong></span> <span class='ocrx_word' id='word_1_202' title='bbox 1061 2447 1093 2476; x_wconf 89' lang='lat' dir='ltr'><strong>in</strong></span> 
     </span>
     <span class='ocr_line' id='line_1_35' title="bbox 93 2497 1094 2538; baseline 0.004 -12"><span class='ocrx_word' id='word_1_203' title='bbox 93 2497 232 2536; x_wconf 81' lang='lat' dir='ltr'><strong>ejusdem</strong></span> <span class='ocrx_word' id='word_1_204' title='bbox 249 2497 350 2527; x_wconf 83' lang='lat' dir='ltr'><strong>sancti</strong></span> <span class='ocrx_word' id='word_1_205' title='bbox 365 2502 395 2527; x_wconf 92' lang='lat' dir='ltr'><strong>et</strong></span> <span class='ocrx_word' id='word_1_206' title='bbox 415 2498 446 2529; x_wconf 90' lang='lat' dir='ltr'><strong>S.</strong></span> <span class='ocrx_word' id='word_1_207' title='bbox 465 2498 614 2529; x_wconf 88' lang='lat' dir='ltr'><strong>Andreae</strong></span> <span class='ocrx_word' id='word_1_208' title='bbox 629 2499 763 2538; x_wconf 86' lang='lat' dir='ltr'><strong>apostoli</strong></span> <span class='ocrx_word' id='word_1_209' title='bbox 783 2500 1004 2530; x_wconf 80' lang='lat' dir='ltr'><strong>festivitatibus</strong></span> <span class='ocrx_word' id='word_1_210' title='bbox 1021 2501 1094 2530; x_wconf 87' lang='lat' dir='ltr'><strong>visi-</strong></span> 
     </span>
     <span class='ocr_line' id='line_1_36' title="bbox 94 2550 801 2592; baseline 0.004 -12"><span class='ocrx_word' id='word_1_211' title='bbox 94 2550 241 2580; x_wconf 83' lang='lat' dir='ltr'><strong>taverint.</strong></span> <span class='ocrx_word' id='word_1_212' title='bbox 259 2551 332 2581; x_wconf 89' lang='lat' dir='ltr'><strong>Dat.</strong></span> <span class='ocrx_word' id='word_1_213' title='bbox 349 2556 382 2581; x_wconf 87' lang='lat' dir='ltr'><strong>ut</strong></span> <span class='ocrx_word' id='word_1_214' title='bbox 398 2561 493 2590; x_wconf 89' lang='lat' dir='ltr'><strong>supra</strong></span> <span class='ocrx_word' id='word_1_215' title='bbox 511 2551 663 2590; x_wconf 51' lang='lat' dir='ltr'><strong>(Porum,</strong></span> <span class='ocrx_word' id='word_1_216' title='bbox 682 2552 801 2592; x_wconf 71' lang='lat'>23047).</span> 
     </span>
    </p>
   </div>
   <div class='ocr_carea' id='block_1_16' title="bbox 613 2632 1024 2669">
    <p class='ocr_par' dir='ltr' id='par_1_17' title="bbox 613 2632 1024 2669">
     <span class='ocr_line' id='line_1_37' title="bbox 613 2632 1024 2669; baseline 0.007 -10"><span class='ocrx_word' id='word_1_217' title='bbox 613 2632 700 2665; x_wconf 86' lang='lat' dir='ltr'><strong>Rieti,</strong></span> <span class='ocrx_word' id='word_1_218' title='bbox 716 2634 750 2660; x_wconf 64' lang='grc' dir='ltr'><strong><em>Ἡ</em></strong></span> <span class='ocrx_word' id='word_1_219' title='bbox 767 2635 930 2669; x_wconf 79' lang='lat' dir='ltr'><strong>septembre</strong></span> <span class='ocrx_word' id='word_1_220' title='bbox 950 2635 1024 2662; x_wconf 66' lang='lat'><strong>1289.</strong></span> 
     </span>
    </p>
   </div>
   <div class='ocr_carea' id='block_1_17' title="bbox 95 2692 1099 2944">
    <p class='ocr_par' dir='ltr' id='par_1_18' title="bbox 95 2692 1099 2944">
     <span class='ocr_line' id='line_1_38' title="bbox 133 2692 1097 2736; baseline 0.006 -14"><span class='ocrx_word' id='word_1_221' title='bbox 133 2692 171 2722; x_wconf 92' lang='lat' dir='ltr'><strong>ln</strong></span> <span class='ocrx_word' id='word_1_222' title='bbox 187 2702 214 2723; x_wconf 93' lang='lat' dir='ltr'><strong>e.</strong></span> <span class='ocrx_word' id='word_1_223' title='bbox 234 2702 277 2723; x_wconf 91' lang='lat' dir='ltr'><strong>m.</strong></span> <span class='ocrx_word' id='word_1_224' title='bbox 297 2717 317 2723; x_wconf 95' lang='lat'><strong>..</strong></span> <span class='ocrx_word' id='word_1_225' title='bbox 335 2695 500 2734; x_wconf 89' lang='lat' dir='ltr'><strong>episcopo,</strong></span> <span class='ocrx_word' id='word_1_226' title='bbox 522 2695 641 2726; x_wconf 86' lang='lat' dir='ltr'><strong>decano</strong></span> <span class='ocrx_word' id='word_1_227' title='bbox 661 2701 691 2726; x_wconf 90' lang='lat' dir='ltr'><strong>et</strong></span> <span class='ocrx_word' id='word_1_228' title='bbox 713 2697 849 2736; x_wconf 87' lang='lat' dir='ltr'><strong>capitulo</strong></span> <span class='ocrx_word' id='word_1_229' title='bbox 868 2698 1097 2736; x_wconf 82' lang='lat' dir='ltr'><strong>Ispalensibus.</strong></span> 
     </span>
     <span class='ocr_line' id='line_1_39' title="bbox 95 2745 1099 2791; baseline 0.007 -16"><span class='ocrx_word' id='word_1_230' title='bbox 95 2745 332 2785; x_wconf 82' lang='lat' dir='ltr'><strong>Indulgentiam</strong></span> <span class='ocrx_word' id='word_1_231' title='bbox 350 2749 446 2778; x_wconf 90' lang='lat' dir='ltr'><strong>unius</strong></span> <span class='ocrx_word' id='word_1_232' title='bbox 460 2750 539 2778; x_wconf 86' lang='lat' dir='ltr'><strong>anni</strong></span> <span class='ocrx_word' id='word_1_233' title='bbox 564 2754 595 2779; x_wconf 90' lang='lat' dir='ltr'><strong>et</strong></span> <span class='ocrx_word' id='word_1_234' title='bbox 614 2759 652 2780; x_wconf 75' lang='lat' dir='ltr'><strong>xi,</strong></span> <span class='ocrx_word' id='word_1_235' title='bbox 671 2750 796 2780; x_wconf 89' lang='lat' dir='ltr'><strong>dierum</strong></span> <span class='ocrx_word' id='word_1_236' title='bbox 820 2752 966 2781; x_wconf 84' lang='lat' dir='ltr'><strong>concedit</strong></span> <span class='ocrx_word' id='word_1_237' title='bbox 981 2753 1026 2782; x_wconf 92' lang='lat' dir='ltr'><strong>eis</strong></span> <span class='ocrx_word' id='word_1_238' title='bbox 1043 2754 1099 2791; x_wconf 84' lang='lat' dir='ltr'><strong>qui</strong></span> 
     </span>
     <span class='ocr_line' id='line_1_40' title="bbox 95 2797 1099 2838; baseline 0.008 -10"><span class='ocrx_word' id='word_1_239' title='bbox 95 2797 289 2838; x_wconf 79' lang='lat' dir='ltr'><strong>Ispatensem</strong></span> <span class='ocrx_word' id='word_1_240' title='bbox 316 2801 483 2831; x_wconf 87' lang='lat' dir='ltr'><strong>ecclesiam</strong></span> <span class='ocrx_word' id='word_1_241' title='bbox 510 2803 543 2832; x_wconf 90' lang='lat' dir='ltr'><strong>in</strong></span> <span class='ocrx_word' id='word_1_242' title='bbox 571 2803 680 2833; x_wconf 85' lang='lat' dir='ltr'><strong>beatae</strong></span> <span class='ocrx_word' id='word_1_243' title='bbox 708 2804 828 2834; x_wconf 85' lang='lat' dir='ltr'><strong>Mariae</strong></span> <span class='ocrx_word' id='word_1_244' title='bbox 857 2809 887 2834; x_wconf 86' lang='lat' dir='ltr'><strong>et</strong></span> <span class='ocrx_word' id='word_1_245' title='bbox 915 2811 1099 2836; x_wconf 84' lang='lat' dir='ltr'><strong>sanctorum</strong></span> 
     </span>
     <span class='ocr_line' id='line_1_41' title="bbox 97 2851 1097 2895; baseline 0.008 -14"><span class='ocrx_word' id='word_1_246' title='bbox 97 2851 232 2882; x_wconf 81' lang='lat' dir='ltr'><strong>Leandri</strong></span> <span class='ocrx_word' id='word_1_247' title='bbox 245 2857 275 2883; x_wconf 86' lang='lat' dir='ltr'><strong>et</strong></span> <span class='ocrx_word' id='word_1_248' title='bbox 287 2854 416 2885; x_wconf 87' lang='lat' dir='ltr'><strong>Ysidori</strong></span> <span class='ocrx_word' id='word_1_249' title='bbox 429 2855 653 2885; x_wconf 78' lang='lat' dir='ltr'><strong>festivitatibus</strong></span> <span class='ocrx_word' id='word_1_250' title='bbox 670 2857 878 2887; x_wconf 79' lang='lat' dir='ltr'><strong>visitaverint.</strong></span> <span class='ocrx_word' id='word_1_251' title='bbox 897 2858 969 2888; x_wconf 85' lang='lat' dir='ltr'><strong>Dat.</strong></span> <span class='ocrx_word' id='word_1_252' title='bbox 988 2859 1097 2895; x_wconf 70' lang='lat' dir='ltr'><strong>Reate,</strong></span> 
     </span>
     <span class='ocr_line' id='line_1_42' title="bbox 97 2903 714 2944; baseline 0.01 -11"><span class='ocrx_word' id='word_1_253' title='bbox 97 2913 116 2934; x_wconf 86' lang='lat' dir='ltr'>x</span> <span class='ocrx_word' id='word_1_254' title='bbox 129 2903 279 2937; x_wconf 88' lang='lat' dir='ltr'><strong>kalendas</strong></span> <span class='ocrx_word' id='word_1_255' title='bbox 293 2908 445 2944; x_wconf 83' lang='lat' dir='ltr'><strong>octobris,</strong></span> <span class='ocrx_word' id='word_1_256' title='bbox 464 2917 549 2938; x_wconf 90' lang='lat' dir='ltr'><strong>anno</strong></span> <span class='ocrx_word' id='word_1_257' title='bbox 565 2909 714 2939; x_wconf 83' lang='lat' dir='ltr'><strong>secundo.</strong></span> 
     </span>
    </p>
   </div>
   <div class='ocr_carea' id='block_1_18' title="bbox 658 2988 1028 3020">
    <p class='ocr_par' dir='ltr' id='par_1_19' title="bbox 658 2988 1028 3020">
     <span class='ocr_line' id='line_1_43' title="bbox 658 2988 1028 3020; baseline 0.011 -5"><span class='ocrx_word' id='word_1_258' title='bbox 658 2988 745 3020; x_wconf 86' lang='lat' dir='ltr'><strong>Ricti,</strong></span> <span class='ocrx_word' id='word_1_259' title='bbox 765 2991 803 3016; x_wconf 65' lang='lat'><strong>1⁹¹·</strong></span> <span class='ocrx_word' id='word_1_260' title='bbox 818 2991 933 3017; x_wconf 81' lang='lat' dir='ltr'><strong>octobre</strong></span> <span class='ocrx_word' id='word_1_261' title='bbox 952 2992 1028 3019; x_wconf 56' lang='lat'><strong>1289.</strong></span> 
     </span>
    </p>
   </div>
   <div class='ocr_carea' id='block_1_19' title="bbox 138 3046 1098 3084">
    <p class='ocr_par' dir='ltr' id='par_1_20' title="bbox 138 3046 1098 3084">
     <span class='ocr_line' id='line_1_44' title="bbox 138 3046 1098 3084; baseline 0.007 -7"><span class='ocrx_word' id='word_1_262' title='bbox 138 3046 174 3076; x_wconf 92' lang='lat' dir='ltr'><strong>ln</strong></span> <span class='ocrx_word' id='word_1_263' title='bbox 188 3057 215 3077; x_wconf 88' lang='lat' dir='ltr'><strong>e.</strong></span> <span class='ocrx_word' id='word_1_264' title='bbox 231 3057 271 3078; x_wconf 88' lang='lat' dir='ltr'><strong>m.</strong></span> <span class='ocrx_word' id='word_1_265' title='bbox 288 3070 310 3079; x_wconf 92' lang='lat'><strong>..</strong></span> <span class='ocrx_word' id='word_1_266' title='bbox 322 3050 436 3079; x_wconf 87' lang='lat' dir='ltr'><strong>rectori</strong></span> <span class='ocrx_word' id='word_1_267' title='bbox 448 3049 599 3080; x_wconf 86' lang='lat' dir='ltr'><strong>ecclesiae</strong></span> <span class='ocrx_word' id='word_1_268' title='bbox 611 3050 718 3081; x_wconf 87' lang='lat' dir='ltr'><strong>Sancti</strong></span> <span class='ocrx_word' id='word_1_269' title='bbox 734 3052 882 3082; x_wconf 87' lang='lat' dir='ltr'><strong>Andreae</strong></span> <span class='ocrx_word' id='word_1_270' title='bbox 894 3053 1098 3084; x_wconf 87' lang='lat' dir='ltr'><strong>Tudertinae.</strong></span> 
     </span>
    </p>
   </div>
   <div class='ocr_carea' id='block_1_20' title="bbox 1170 445 2168 535">
    <p class='ocr_par' dir='ltr' id='par_1_21' title="bbox 1170 445 2168 535">
     <span class='ocr_line' id='line_1_45' title="bbox 1170 445 2168 490; baseline 0.008 -17"><span class='ocrx_word' id='word_1_271' title='bbox 1170 445 1409 483; x_wconf 81' lang='lat' dir='ltr'><strong>Indulgentiam</strong></span> <span class='ocrx_word' id='word_1_272' title='bbox 1432 448 1528 477; x_wconf 86' lang='lat' dir='ltr'><strong>unius</strong></span> <span class='ocrx_word' id='word_1_273' title='bbox 1546 450 1625 478; x_wconf 87' lang='lat' dir='ltr'><strong>anni</strong></span> <span class='ocrx_word' id='word_1_274' title='bbox 1644 454 1673 479; x_wconf 91' lang='lat' dir='ltr'><strong>et</strong></span> <span class='ocrx_word' id='word_1_275' title='bbox 1692 459 1729 479; x_wconf 76' lang='lat' dir='ltr'><strong>xi.</strong></span> <span class='ocrx_word' id='word_1_276' title='bbox 1751 449 1877 479; x_wconf 87' lang='lat' dir='ltr'><strong>dierum</strong></span> <span class='ocrx_word' id='word_1_277' title='bbox 1893 451 2036 480; x_wconf 84' lang='lat' dir='ltr'><strong>concedit</strong></span> <span class='ocrx_word' id='word_1_278' title='bbox 2051 452 2097 481; x_wconf 90' lang='lat' dir='ltr'><strong>eis</strong></span> <span class='ocrx_word' id='word_1_279' title='bbox 2113 454 2168 490; x_wconf 87' lang='lat' dir='ltr'><strong>qui</strong></span> 
     </span>
     <span class='ocr_line' id='line_1_46' title="bbox 1170 497 2168 535; baseline 0.008 -10"><span class='ocrx_word' id='word_1_280' title='bbox 1170 497 1363 535; x_wconf 83' lang='lat' dir='ltr'><strong>praedictam</strong></span> <span class='ocrx_word' id='word_1_281' title='bbox 1392 499 1558 530; x_wconf 89' lang='lat' dir='ltr'><strong>ecclesiam</strong></span> <span class='ocrx_word' id='word_1_282' title='bbox 1583 502 1616 530; x_wconf 89' lang='lat' dir='ltr'><strong>in</strong></span> <span class='ocrx_word' id='word_1_283' title='bbox 1645 502 1745 531; x_wconf 87' lang='lat' dir='ltr'><strong>sancti</strong></span> <span class='ocrx_word' id='word_1_284' title='bbox 1769 502 1917 532; x_wconf 86' lang='lat' dir='ltr'><strong>Andreae</strong></span> <span class='ocrx_word' id='word_1_285' title='bbox 1946 502 2168 534; x_wconf 84' lang='lat' dir='ltr'><strong>festivitatibus</strong></span> 
     </span>
    </p>
   </div>
   <div class='ocr_carea' id='block_1_21' title="bbox 1170 550 2169 643">
    <p class='ocr_par' dir='ltr' id='par_1_22' title="bbox 1170 550 2169 643">
     <span class='ocr_line' id='line_1_47' title="bbox 1170 550 2169 592; baseline 0.008 -14"><span class='ocrx_word' id='word_1_286' title='bbox 1170 550 1380 581; x_wconf 77' lang='lat' dir='ltr'><strong>visitaverint.</strong></span> <span class='ocrx_word' id='word_1_287' title='bbox 1394 552 1464 583; x_wconf 88' lang='lat' dir='ltr'><strong>Dat.</strong></span> <span class='ocrx_word' id='word_1_288' title='bbox 1481 553 1588 590; x_wconf 87' lang='lat' dir='ltr'><strong>Reate,</strong></span> <span class='ocrx_word' id='word_1_289' title='bbox 1604 554 1749 584; x_wconf 86' lang='lat' dir='ltr'><strong>kalendis</strong></span> <span class='ocrx_word' id='word_1_290' title='bbox 1763 555 1916 592; x_wconf 86' lang='lat' dir='ltr'><strong>octobris,</strong></span> <span class='ocrx_word' id='word_1_291' title='bbox 1930 564 2016 586; x_wconf 90' lang='lat' dir='ltr'><strong>anuo</strong></span> <span class='ocrx_word' id='word_1_292' title='bbox 2032 557 2169 587; x_wconf 86' lang='lat' dir='ltr'><strong>secundo</strong></span> 
     </span>
     <span class='ocr_line' id='line_1_48' title="bbox 1170 602 1372 643; baseline 0.01 -11"><span class='ocrx_word' id='word_1_293' title='bbox 1170 602 1228 640; x_wconf 88' lang='lat' dir='ltr'><strong>(En</strong></span> <span class='ocrx_word' id='word_1_294' title='bbox 1244 604 1372 643; x_wconf 70' lang='lat' dir='ltr'><strong>&#39;mar-qe).</strong></span> 
     </span>
    </p>
   </div>
   <div class='ocr_carea' id='block_1_22' title="bbox 1245 778 1360 806">
    <p class='ocr_par' dir='ltr' id='par_1_23' title="bbox 1245 778 1360 806">
     <span class='ocr_line' id='line_1_49' title="bbox 1245 778 1360 806; baseline 0.009 -1"><span class='ocrx_word' id='word_1_295' title='bbox 1245 778 1360 806; x_wconf 77' lang='grc'><strong>1460</strong></span> 
     </span>
    </p>
   </div>
   <div class='ocr_carea' id='block_1_23' title="bbox 1208 839 2136 878">
    <p class='ocr_par' dir='ltr' id='par_1_24' title="bbox 1208 839 2136 878">
     <span class='ocr_line' id='line_1_50' title="bbox 1208 839 2136 878; baseline 0.008 -13"><span class='ocrx_word' id='word_1_296' title='bbox 1208 839 1340 867; x_wconf 84' lang='lat' dir='ltr'><strong>Facultas</strong></span> <span class='ocrx_word' id='word_1_297' title='bbox 1355 842 1520 869; x_wconf 82' lang='lat' dir='ltr'><strong>conferendi</strong></span> <span class='ocrx_word' id='word_1_298' title='bbox 1536 843 1683 869; x_wconf 87' lang='lat' dir='ltr'><strong>beneficia.</strong></span> <span class='ocrx_word' id='word_1_299' title='bbox 1697 844 1778 876; x_wconf 69' lang='lat' dir='ltr'><strong>(Rae.</strong></span> <span class='ocrx_word' id='word_1_300' title='bbox 1798 845 1840 874; x_wconf 79' lang='lat'><strong>44.</strong></span> <span class='ocrx_word' id='word_1_301' title='bbox 1857 853 1882 871; x_wconf 92' lang='lat' dir='ltr'><strong>c.</strong></span> <span class='ocrx_word' id='word_1_302' title='bbox 1900 846 1971 875; x_wconf 75' lang='lat'><strong>514²,</strong></span> <span class='ocrx_word' id='word_1_303' title='bbox 1984 846 2003 872; x_wconf 86' lang='lat' dir='ltr'><strong>f.</strong></span> <span class='ocrx_word' id='word_1_304' title='bbox 2016 846 2066 872; x_wconf 66' lang='lat'><strong>226</strong></span> <span class='ocrx_word' id='word_1_305' title='bbox 2085 848 2136 878; x_wconf 68' lang='grc' dir='ltr'><strong>νῦ.)</strong></span> 
     </span>
    </p>
   </div>
   <div class='ocr_carea' id='block_1_24' title="bbox 1691 781 2099 817">
    <p class='ocr_par' dir='ltr' id='par_1_25' title="bbox 1691 781 2099 817">
     <span class='ocr_line' id='line_1_51' title="bbox 1691 781 2099 817; baseline 0.002 -10"><span class='ocrx_word' id='word_1_306' title='bbox 1691 781 1776 814; x_wconf 79' lang='lat' dir='ltr'><strong>Rieti,</strong></span> <span class='ocrx_word' id='word_1_307' title='bbox 1794 783 1825 809; x_wconf 65' lang='lat'><strong>27</strong></span> <span class='ocrx_word' id='word_1_308' title='bbox 1843 784 2005 817; x_wconf 85' lang='lat' dir='ltr'><strong>septembre</strong></span> <span class='ocrx_word' id='word_1_309' title='bbox 2024 784 2099 811; x_wconf 63' lang='lat'><strong>1289.</strong></span> 
     </span>
    </p>
   </div>
   <div class='ocr_carea' id='block_1_25' title="bbox 1171 942 2176 1141">
    <p class='ocr_par' dir='ltr' id='par_1_26' title="bbox 1171 942 2176 1141">
     <span class='ocr_line' id='line_1_52' title="bbox 1218 942 2172 985; baseline 0.007 -16"><span class='ocrx_word' id='word_1_310' title='bbox 1218 942 1385 971; x_wconf 73' lang='lat' dir='ltr'><strong>Venerabili</strong></span> <span class='ocrx_word' id='word_1_311' title='bbox 1402 944 1498 978; x_wconf 85' lang='lat' dir='ltr'><strong>fratri</strong></span> <span class='ocrx_word' id='word_1_312' title='bbox 1516 944 1620 972; x_wconf 80' lang='lat' dir='ltr'><strong>Garsie</strong></span> <span class='ocrx_word' id='word_1_313' title='bbox 1632 967 1639 981; x_wconf 93' lang='lat'><strong>,</strong></span> <span class='ocrx_word' id='word_1_314' title='bbox 1657 944 1873 982; x_wconf 75' lang='lat' dir='ltr'><strong>archiepiscopo</strong></span> <span class='ocrx_word' id='word_1_315' title='bbox 1890 947 2035 983; x_wconf 84' lang='lat' dir='ltr'><strong>Ispalensi</strong></span> <span class='ocrx_word' id='word_1_316' title='bbox 2048 971 2055 985; x_wconf 84' lang='lat'>‚</span> <span class='ocrx_word' id='word_1_317' title='bbox 2075 947 2172 977; x_wconf 82' lang='lat' dir='ltr'><strong>facul-</strong></span> 
     </span>
     <span class='ocr_line' id='line_1_53' title="bbox 1172 995 2174 1030; baseline 0.006 -7"><span class='ocrx_word' id='word_1_318' title='bbox 1172 998 1267 1023; x_wconf 86' lang='lat' dir='ltr'><strong>tatem</strong></span> <span class='ocrx_word' id='word_1_319' title='bbox 1286 995 1431 1025; x_wconf 88' lang='lat' dir='ltr'><strong>concedit</strong></span> <span class='ocrx_word' id='word_1_320' title='bbox 1452 997 1638 1026; x_wconf 84' lang='lat' dir='ltr'><strong>conserendi</strong></span> <span class='ocrx_word' id='word_1_321' title='bbox 1660 998 1766 1027; x_wconf 88' lang='lat' dir='ltr'><strong>omnia</strong></span> <span class='ocrx_word' id='word_1_322' title='bbox 1789 998 1943 1028; x_wconf 84' lang='lat' dir='ltr'><strong>beneficia</strong></span> <span class='ocrx_word' id='word_1_323' title='bbox 1964 999 2174 1030; x_wconf 83' lang='lat' dir='ltr'><strong>ecclesiastica</strong></span> 
     </span>
     <span class='ocr_line' id='line_1_54' title="bbox 1171 1048 2176 1089; baseline 0.006 -13"><span class='ocrx_word' id='word_1_324' title='bbox 1171 1055 1251 1085; x_wconf 87' lang='lat' dir='ltr'><strong>quae</strong></span> <span class='ocrx_word' id='word_1_325' title='bbox 1268 1048 1300 1076; x_wconf 88' lang='lat' dir='ltr'><strong>in</strong></span> <span class='ocrx_word' id='word_1_326' title='bbox 1318 1048 1475 1086; x_wconf 86' lang='lat' dir='ltr'><strong>Ispalensi</strong></span> <span class='ocrx_word' id='word_1_327' title='bbox 1491 1049 1627 1079; x_wconf 85' lang='lat' dir='ltr'><strong>dioecesi</strong></span> <span class='ocrx_word' id='word_1_328' title='bbox 1644 1054 1730 1080; x_wconf 88' lang='lat' dir='ltr'><strong>tanto</strong></span> <span class='ocrx_word' id='word_1_329' title='bbox 1748 1054 1885 1088; x_wconf 90' lang='lat' dir='ltr'><strong>tempore</strong></span> <span class='ocrx_word' id='word_1_330' title='bbox 1907 1052 1972 1089; x_wconf 46' lang='lat' dir='ltr'><strong>,jam</strong></span> <span class='ocrx_word' id='word_1_331' title='bbox 1996 1053 2176 1082; x_wconf 84' lang='lat' dir='ltr'><strong>vacaverint</strong></span> 
     </span>
     <span class='ocr_line' id='line_1_55' title="bbox 1171 1100 2152 1141; baseline 0.005 -13"><span class='ocrx_word' id='word_1_332' title='bbox 1171 1100 1255 1138; x_wconf 90' lang='lat' dir='ltr'><strong>quod</strong></span> <span class='ocrx_word' id='word_1_333' title='bbox 1270 1108 1380 1130; x_wconf 89' lang='lat' dir='ltr'><strong>eorum</strong></span> <span class='ocrx_word' id='word_1_334' title='bbox 1398 1101 1521 1131; x_wconf 89' lang='lat' dir='ltr'><strong>collatio</strong></span> <span class='ocrx_word' id='word_1_335' title='bbox 1539 1102 1578 1131; x_wconf 91' lang='lat' dir='ltr'><strong>ad</strong></span> <span class='ocrx_word' id='word_1_336' title='bbox 1594 1102 1701 1132; x_wconf 90' lang='lat' dir='ltr'><strong>sedem</strong></span> <span class='ocrx_word' id='word_1_337' title='bbox 1717 1103 1920 1141; x_wconf 84' lang='lat' dir='ltr'><strong>apostolicam</strong></span> <span class='ocrx_word' id='word_1_338' title='bbox 1940 1104 2086 1133; x_wconf 87' lang='lat' dir='ltr'><strong>devoluta</strong></span> <span class='ocrx_word' id='word_1_339' title='bbox 2102 1105 2152 1134; x_wconf 86' lang='lat' dir='ltr'><strong>sit.</strong></span> 
     </span>
    </p>
   </div>
   <div class='ocr_carea' id='block_1_26' title="bbox 1171 1153 2176 1242">
    <p class='ocr_par' dir='ltr' id='par_1_27' title="bbox 1171 1153 2176 1242">
     <span class='ocr_line' id='line_1_56' title="bbox 1212 1153 2176 1194; baseline 0.005 -12"><span class='ocrx_word' id='word_1_340' title='bbox 1212 1165 1226 1180; x_wconf 92' lang='lat'>«</span> <span class='ocrx_word' id='word_1_341' title='bbox 1243 1153 1375 1192; x_wconf 87' lang='lat' dir='ltr'><strong>Spetiali</strong></span> <span class='ocrx_word' id='word_1_342' title='bbox 1393 1156 1538 1194; x_wconf 87' lang='lat' dir='ltr'><strong>prosequi</strong></span> <span class='ocrx_word' id='word_1_343' title='bbox 1563 1160 1686 1185; x_wconf 89' lang='lat' dir='ltr'><strong>tuam...</strong></span> <span class='ocrx_word' id='word_1_344' title='bbox 1706 1173 1744 1178; x_wconf 89' lang='lat'><strong>—</strong></span> <span class='ocrx_word' id='word_1_345' title='bbox 1764 1157 1834 1188; x_wconf 88' lang='lat' dir='ltr'><strong>Dat.</strong></span> <span class='ocrx_word' id='word_1_346' title='bbox 1853 1158 1968 1193; x_wconf 88' lang='lat' dir='ltr'><strong>Reate,</strong></span> <span class='ocrx_word' id='word_1_347' title='bbox 1986 1167 2005 1186; x_wconf 93' lang='lat' dir='ltr'><strong>v</strong></span> <span class='ocrx_word' id='word_1_348' title='bbox 2023 1157 2176 1187; x_wconf 83' lang='lat' dir='ltr'><strong>kalendas</strong></span> 
     </span>
     <span class='ocr_line' id='line_1_57' title="bbox 1171 1207 1626 1242; baseline 0.002 -6"><span class='ocrx_word' id='word_1_349' title='bbox 1171 1207 1322 1242; x_wconf 82' lang='lat' dir='ltr'><strong>octobris,</strong></span> <span class='ocrx_word' id='word_1_350' title='bbox 1339 1216 1425 1238; x_wconf 88' lang='lat' dir='ltr'><strong>anno</strong></span> <span class='ocrx_word' id='word_1_351' title='bbox 1442 1208 1592 1239; x_wconf 89' lang='lat' dir='ltr'><strong>secundo.</strong></span> <span class='ocrx_word' id='word_1_352' title='bbox 1614 1221 1626 1234; x_wconf 61' lang='grc' dir='ltr'>υ</span> 
     </span>
    </p>
   </div>
   <div class='ocr_carea' id='block_1_27' title="bbox 1248 1379 1360 1407">
    <p class='ocr_par' dir='ltr' id='par_1_28' title="bbox 1248 1379 1360 1407">
     <span class='ocr_line' id='line_1_58' title="bbox 1248 1379 1360 1407; baseline 0 -1"><span class='ocrx_word' id='word_1_353' title='bbox 1248 1379 1360 1407; x_wconf 76' lang='grc'><strong>1461</strong></span> 
     </span>
    </p>
   </div>
   <div class='ocr_carea' id='block_1_28' title="bbox 1173 1442 2176 1571">
    <p class='ocr_par' dir='ltr' id='par_1_29' title="bbox 1173 1442 2176 1571">
     <span class='ocr_line' id='line_1_59' title="bbox 1208 1442 2176 1471; baseline 0.003 -3"><span class='ocrx_word' id='word_1_354' title='bbox 1208 1442 1416 1469; x_wconf 82' lang='lat' dir='ltr'><strong>Monasterium</strong></span> <span class='ocrx_word' id='word_1_355' title='bbox 1441 1442 1562 1469; x_wconf 87' lang='lat' dir='ltr'><strong>Sanctae</strong></span> <span class='ocrx_word' id='word_1_356' title='bbox 1588 1443 1692 1469; x_wconf 80' lang='lat' dir='ltr'><strong>Mariae</strong></span> <span class='ocrx_word' id='word_1_357' title='bbox 1713 1443 1819 1470; x_wconf 78' lang='lat' dir='ltr'><strong>Montis</strong></span> <span class='ocrx_word' id='word_1_358' title='bbox 1838 1444 1918 1470; x_wconf 86' lang='lat' dir='ltr'><strong>Lucii</strong></span> <span class='ocrx_word' id='word_1_359' title='bbox 1935 1444 2106 1471; x_wconf 85' lang='lat' dir='ltr'><strong>Perusinum</strong></span> <span class='ocrx_word' id='word_1_360' title='bbox 2122 1445 2176 1471; x_wconf 86' lang='lat' dir='ltr'><strong>sub</strong></span> 
     </span>
     <span class='ocr_line' id='line_1_60' title="bbox 1174 1491 2175 1526; baseline 0.004 -10"><span class='ocrx_word' id='word_1_361' title='bbox 1174 1499 1226 1517; x_wconf 88' lang='lat' dir='ltr'><strong>sua</strong></span> <span class='ocrx_word' id='word_1_362' title='bbox 1247 1491 1423 1525; x_wconf 84' lang='lat' dir='ltr'><strong>protectione</strong></span> <span class='ocrx_word' id='word_1_363' title='bbox 1445 1493 1577 1526; x_wconf 86' lang='lat' dir='ltr'><strong>suscipit.</strong></span> <span class='ocrx_word' id='word_1_364' title='bbox 1595 1491 1676 1524; x_wconf 76' lang='lat' dir='ltr'><strong>(Rae.</strong></span> <span class='ocrx_word' id='word_1_365' title='bbox 1696 1492 1741 1519; x_wconf 73' lang='lat'><strong>44.</strong></span> <span class='ocrx_word' id='word_1_366' title='bbox 1760 1500 1786 1518; x_wconf 85' lang='lat' dir='ltr'><strong>c.</strong></span> <span class='ocrx_word' id='word_1_367' title='bbox 1808 1493 1873 1522; x_wconf 79' lang='lat'><strong>515,</strong></span> <span class='ocrx_word' id='word_1_368' title='bbox 1889 1494 1907 1519; x_wconf 87' lang='lat' dir='ltr'><strong>f.</strong></span> <span class='ocrx_word' id='word_1_369' title='bbox 1926 1493 1976 1520; x_wconf 67' lang='lat'><strong>226</strong></span> <span class='ocrx_word' id='word_1_370' title='bbox 1993 1498 2041 1525; x_wconf 68' lang='lat' dir='ltr'><strong>vo,</strong></span> <span class='ocrx_word' id='word_1_371' title='bbox 2059 1493 2175 1526; x_wconf 63' lang='lat' dir='ltr'><strong>Pornr,</strong></span> 
     </span>
     <span class='ocr_line' id='line_1_61' title="bbox 1173 1539 1283 1571; baseline 0 -5"><span class='ocrx_word' id='word_1_372' title='bbox 1173 1539 1283 1571; x_wconf 72' lang='grc' dir='ltr'><strong>ς23097.)</strong></span> 
     </span>
    </p>
   </div>
   <div class='ocr_carea' id='block_1_29' title="bbox 1763 1381 2105 1412">
    <p class='ocr_par' dir='ltr' id='par_1_30' title="bbox 1763 1381 2105 1412">
     <span class='ocr_line' id='line_1_62' title="bbox 1763 1381 2105 1412; baseline 0.006 -5"><span class='ocrx_word' id='word_1_373' title='bbox 1763 1381 1848 1412; x_wconf 66' lang='lat' dir='ltr'><strong>Rieu,</strong></span> <span class='ocrx_word' id='word_1_374' title='bbox 1867 1381 1881 1407; x_wconf 86' lang='lat'><strong>3</strong></span> <span class='ocrx_word' id='word_1_375' title='bbox 1897 1382 2011 1408; x_wconf 87' lang='lat' dir='ltr'><strong>octobre</strong></span> <span class='ocrx_word' id='word_1_376' title='bbox 2031 1382 2105 1409; x_wconf 70' lang='lat'><strong>1289.</strong></span> 
     </span>
    </p>
   </div>
   <div class='ocr_carea' id='block_1_30' title="bbox 1172 1643 2178 2052">
    <p class='ocr_par' dir='ltr' id='par_1_31' title="bbox 1172 1643 2176 1787">
     <span class='ocr_line' id='line_1_63' title="bbox 1216 1643 2174 1673; baseline 0.001 -2"><span class='ocrx_word' id='word_1_377' title='bbox 1216 1664 1235 1672; x_wconf 92' lang='lat'><strong>..</strong></span> <span class='ocrx_word' id='word_1_378' title='bbox 1254 1643 1398 1671; x_wconf 79' lang='lat' dir='ltr'><strong>abbatisse</strong></span> <span class='ocrx_word' id='word_1_379' title='bbox 1421 1644 1597 1671; x_wconf 68' lang='lat' dir='ltr'><strong>monaster-tt</strong></span> <span class='ocrx_word' id='word_1_380' title='bbox 1615 1643 1720 1671; x_wconf 77' lang='lat' dir='ltr'><strong>Sancte</strong></span> <span class='ocrx_word' id='word_1_381' title='bbox 1743 1643 1835 1671; x_wconf 69' lang='lat' dir='ltr'><strong>,itm-ie</strong></span> <span class='ocrx_word' id='word_1_382' title='bbox 1852 1643 1957 1672; x_wconf 70' lang='lat' dir='ltr'><strong>Montis</strong></span> <span class='ocrx_word' id='word_1_383' title='bbox 1973 1644 2056 1673; x_wconf 78' lang='lat' dir='ltr'><strong>Lucii</strong></span> <span class='ocrx_word' id='word_1_384' title='bbox 2080 1645 2174 1673; x_wconf 61' lang='lat' dir='ltr'><strong>Peru&lt;</strong></span> 
     </span>
     <span class='ocr_line' id='line_1_64' title="bbox 1172 1695 2176 1733; baseline 0.002 -9"><span class='ocrx_word' id='word_1_385' title='bbox 1172 1696 1255 1731; x_wconf 80' lang='lat' dir='ltr'><strong>sini,</strong></span> <span class='ocrx_word' id='word_1_386' title='bbox 1273 1695 1396 1733; x_wconf 76' lang='lat' dir='ltr'><strong>ejusque</strong></span> <span class='ocrx_word' id='word_1_387' title='bbox 1411 1696 1580 1727; x_wconf 76' lang='lat' dir='ltr'><strong>sororibus.</strong></span> <span class='ocrx_word' id='word_1_388' title='bbox 1599 1701 1658 1724; x_wconf 82' lang='lat' dir='ltr'><strong>tam</strong></span> <span class='ocrx_word' id='word_1_389' title='bbox 1674 1697 1862 1732; x_wconf 75' lang='lat' dir='ltr'><strong>presentibus</strong></span> <span class='ocrx_word' id='word_1_390' title='bbox 1877 1705 1965 1733; x_wconf 72' lang='lat' dir='ltr'><strong>quarn</strong></span> <span class='ocrx_word' id='word_1_391' title='bbox 1984 1697 2111 1733; x_wconf 76' lang='lat' dir='ltr'><strong>futuris,</strong></span> <span class='ocrx_word' id='word_1_392' title='bbox 2125 1705 2176 1726; x_wconf 81' lang='lat' dir='ltr'><strong>re—</strong></span> 
     </span>
     <span class='ocr_line' id='line_1_65' title="bbox 1174 1747 1842 1787; baseline 0.001 -11"><span class='ocrx_word' id='word_1_393' title='bbox 1174 1747 1313 1786; x_wconf 66' lang='lat' dir='ltr'><strong>gularem</strong></span> <span class='ocrx_word' id='word_1_394' title='bbox 1331 1749 1426 1777; x_wconf 78' lang='lat' dir='ltr'><strong>vitani</strong></span> <span class='ocrx_word' id='word_1_395' title='bbox 1441 1747 1585 1787; x_wconf 79' lang='lat' dir='ltr'><strong>professis</strong></span> <span class='ocrx_word' id='word_1_396' title='bbox 1602 1748 1635 1777; x_wconf 84' lang='lat' dir='ltr'><strong>in</strong></span> <span class='ocrx_word' id='word_1_397' title='bbox 1650 1753 1842 1786; x_wconf 72' lang='lat' dir='ltr'><strong>perpetuum.</strong></span> 
     </span>
    </p>

    <p class='ocr_par' dir='ltr' id='par_1_32' title="bbox 1174 1800 2178 2052">
     <span class='ocr_line' id='line_1_66' title="bbox 1216 1800 2178 1841; baseline 0.003 -13"><span class='ocrx_word' id='word_1_398' title='bbox 1216 1812 1230 1828; x_wconf 74' lang='grc' dir='ltr'>α</span> <span class='ocrx_word' id='word_1_399' title='bbox 1250 1801 1447 1839; x_wconf 85' lang='lat' dir='ltr'><strong>Religiosam</strong></span> <span class='ocrx_word' id='word_1_400' title='bbox 1471 1801 1569 1830; x_wconf 89' lang='lat' dir='ltr'><strong>vitam</strong></span> <span class='ocrx_word' id='word_1_401' title='bbox 1593 1800 1824 1839; x_wconf 68' lang='lat' dir='ltr'><strong>eligentibus..</strong></span> <span class='ocrx_word' id='word_1_402' title='bbox 1843 1819 1881 1823; x_wconf 96' lang='lat'><strong>—</strong></span> <span class='ocrx_word' id='word_1_403' title='bbox 1898 1802 1970 1833; x_wconf 91' lang='lat' dir='ltr'><strong>Dat.</strong></span> <span class='ocrx_word' id='word_1_404' title='bbox 1990 1803 2106 1840; x_wconf 84' lang='lat' dir='ltr'><strong>Reate,</strong></span> <span class='ocrx_word' id='word_1_405' title='bbox 2124 1812 2178 1841; x_wconf 92' lang='lat' dir='ltr'><strong>per</strong></span> 
     </span>
     <span class='ocr_line' id='line_1_67' title="bbox 1174 1853 2177 1892; baseline 0.002 -9"><span class='ocrx_word' id='word_1_406' title='bbox 1174 1863 1309 1883; x_wconf 89' lang='lat' dir='ltr'><strong>manum</strong></span> <span class='ocrx_word' id='word_1_407' title='bbox 1325 1854 1468 1892; x_wconf 82' lang='lat' dir='ltr'><strong>magistri</strong></span> <span class='ocrx_word' id='word_1_408' title='bbox 1485 1854 1658 1890; x_wconf 84' lang='lat' dir='ltr'><strong>Johannis,</strong></span> <span class='ocrx_word' id='word_1_409' title='bbox 1673 1853 1784 1883; x_wconf 83' lang='lat' dir='ltr'><strong>decani</strong></span> <span class='ocrx_word' id='word_1_410' title='bbox 1797 1854 1991 1891; x_wconf 84' lang='lat' dir='ltr'><strong>Baiocensis,</strong></span> <span class='ocrx_word' id='word_1_411' title='bbox 2005 1860 2110 1885; x_wconf 87' lang='lat' dir='ltr'><strong>sancte</strong></span> <span class='ocrx_word' id='word_1_412' title='bbox 2126 1864 2177 1886; x_wconf 94' lang='lat' dir='ltr'><strong>ro-</strong></span> 
     </span>
     <span class='ocr_line' id='line_1_68' title="bbox 1175 1906 2178 1944; baseline 0.001 -7"><span class='ocrx_word' id='word_1_413' title='bbox 1175 1916 1269 1937; x_wconf 86' lang='lat' dir='ltr'><strong>mane</strong></span> <span class='ocrx_word' id='word_1_414' title='bbox 1294 1907 1427 1937; x_wconf 87' lang='lat' dir='ltr'><strong>ecclesie</strong></span> <span class='ocrx_word' id='word_1_415' title='bbox 1450 1906 1722 1943; x_wconf 85' lang='lat' dir='ltr'><strong>vicecancellarii,</strong></span> <span class='ocrx_word' id='word_1_416' title='bbox 1742 1917 1760 1936; x_wconf 94' lang='lat' dir='ltr'><strong>v</strong></span> <span class='ocrx_word' id='word_1_417' title='bbox 1783 1916 1884 1937; x_wconf 87' lang='lat' dir='ltr'><strong>nonas</strong></span> <span class='ocrx_word' id='word_1_418' title='bbox 1904 1908 2058 1944; x_wconf 86' lang='lat' dir='ltr'><strong>octobris,</strong></span> <span class='ocrx_word' id='word_1_419' title='bbox 2074 1908 2178 1938; x_wconf 91' lang='lat' dir='ltr'><strong>indic—</strong></span> 
     </span>
     <span class='ocr_line' id='line_1_69' title="bbox 1177 1960 2176 1998; baseline 0.001 -8"><span class='ocrx_word' id='word_1_420' title='bbox 1177 1961 1261 1990; x_wconf 88' lang='lat' dir='ltr'><strong>tione</strong></span> <span class='ocrx_word' id='word_1_421' title='bbox 1278 1961 1381 1998; x_wconf 87' lang='lat' dir='ltr'><strong>tertia‚</strong></span> <span class='ocrx_word' id='word_1_422' title='bbox 1397 1960 1634 1990; x_wconf 87' lang='lat' dir='ltr'><strong>Incarnationis</strong></span> <span class='ocrx_word' id='word_1_423' title='bbox 1647 1960 1807 1990; x_wconf 89' lang='lat' dir='ltr'><strong>dominice</strong></span> <span class='ocrx_word' id='word_1_424' title='bbox 1826 1970 1911 1991; x_wconf 90' lang='lat' dir='ltr'><strong>anno</strong></span> <span class='ocrx_word' id='word_1_425' title='bbox 1929 1970 2176 1996; x_wconf 56' lang='lat' dir='ltr'><strong>nonunt-1111,</strong></span> 
     </span>
     <span class='ocr_line' id='line_1_70' title="bbox 1175 2013 2176 2052; baseline 0.001 -8"><span class='ocrx_word' id='word_1_426' title='bbox 1175 2014 1378 2052; x_wconf 85' lang='lat' dir='ltr'><strong>pontificatus</strong></span> <span class='ocrx_word' id='word_1_427' title='bbox 1395 2022 1469 2044; x_wconf 90' lang='lat' dir='ltr'><strong>vero</strong></span> <span class='ocrx_word' id='word_1_428' title='bbox 1481 2013 1581 2044; x_wconf 89' lang='lat' dir='ltr'><strong>donni</strong></span> <span class='ocrx_word' id='word_1_429' title='bbox 1593 2013 1720 2043; x_wconf 90' lang='lat' dir='ltr'><strong>Nicolai</strong></span> <span class='ocrx_word' id='word_1_430' title='bbox 1731 2023 1809 2052; x_wconf 89' lang='lat' dir='ltr'><strong>pape</strong></span> <span class='ocrx_word' id='word_1_431' title='bbox 1822 2015 1886 2044; x_wconf 91' lang='lat' dir='ltr'>IIII</span> <span class='ocrx_word' id='word_1_432' title='bbox 1898 2023 1982 2044; x_wconf 87' lang='lat' dir='ltr'><strong>anno</strong></span> <span class='ocrx_word' id='word_1_433' title='bbox 1999 2015 2149 2045; x_wconf 88' lang='lat' dir='ltr'><strong>secundo.</strong></span> <span class='ocrx_word' id='word_1_434' title='bbox 2164 2028 2176 2038; x_wconf 64' lang='lat' dir='ltr'><strong>»v</strong></span> 
     </span>
    </p>
   </div>
   <div class='ocr_carea' id='block_1_31' title="bbox 1251 2186 1364 2214">
    <p class='ocr_par' dir='ltr' id='par_1_33' title="bbox 1251 2186 1364 2214">
     <span class='ocr_line' id='line_1_71' title="bbox 1251 2186 1364 2214; baseline 0.009 -1"><span class='ocrx_word' id='word_1_435' title='bbox 1251 2186 1364 2214; x_wconf 68' lang='lat'><strong>1482</strong></span> 
     </span>
    </p>
   </div>
   <div class='ocr_carea' id='block_1_32' title="bbox 1178 2249 2178 2330">
    <p class='ocr_par' dir='ltr' id='par_1_34' title="bbox 1178 2249 2178 2330">
     <span class='ocr_line' id='line_1_72' title="bbox 1213 2249 2178 2282; baseline 0 -6"><span class='ocrx_word' id='word_1_436' title='bbox 1213 2249 1346 2276; x_wconf 85' lang='lat' dir='ltr'><strong>Facultas</strong></span> <span class='ocrx_word' id='word_1_437' title='bbox 1355 2249 1520 2275; x_wconf 82' lang='lat' dir='ltr'><strong>absolvendi</strong></span> <span class='ocrx_word' id='word_1_438' title='bbox 1529 2249 1562 2275; x_wconf 89' lang='lat' dir='ltr'><strong>ab</strong></span> <span class='ocrx_word' id='word_1_439' title='bbox 1571 2249 1876 2275; x_wconf 82' lang='lat' dir='ltr'><strong>excommunicationis</strong></span> <span class='ocrx_word' id='word_1_440' title='bbox 1883 2251 2033 2276; x_wconf 85' lang='lat' dir='ltr'><strong>sententia.</strong></span> <span class='ocrx_word' id='word_1_441' title='bbox 2044 2250 2125 2282; x_wconf 72' lang='lat' dir='ltr'><strong>(Rae.</strong></span> <span class='ocrx_word' id='word_1_442' title='bbox 2137 2250 2178 2281; x_wconf 80' lang='lat'><strong>44,</strong></span> 
     </span>
     <span class='ocr_line' id='line_1_73' title="bbox 1178 2298 1454 2330; baseline 0 -5"><span class='ocrx_word' id='word_1_443' title='bbox 1178 2307 1203 2325; x_wconf 88' lang='lat' dir='ltr'><strong>c.</strong></span> <span class='ocrx_word' id='word_1_444' title='bbox 1221 2299 1282 2330; x_wconf 82' lang='lat'><strong>516,</strong></span> <span class='ocrx_word' id='word_1_445' title='bbox 1300 2299 1320 2324; x_wconf 83' lang='lat' dir='ltr'><strong>f.</strong></span> <span class='ocrx_word' id='word_1_446' title='bbox 1338 2298 1387 2325; x_wconf 67' lang='lat'><strong>227</strong></span> <span class='ocrx_word' id='word_1_447' title='bbox 1404 2301 1454 2329; x_wconf 86' lang='lat' dir='ltr'><strong>v0.)</strong></span> 
     </span>
    </p>
   </div>
   <div class='ocr_carea' id='block_1_33' title="bbox 1699 2186 2107 2221">
    <p class='ocr_par' dir='ltr' id='par_1_35' title="bbox 1699 2186 2107 2221">
     <span class='ocr_line' id='line_1_74' title="bbox 1699 2186 2107 2221; baseline 0.002 -8"><span class='ocrx_word' id='word_1_448' title='bbox 1699 2186 1786 2218; x_wconf 82' lang='lat' dir='ltr'><strong>Rieti,</strong></span> <span class='ocrx_word' id='word_1_449' title='bbox 1806 2186 1835 2213; x_wconf 84' lang='lat'><strong>13</strong></span> <span class='ocrx_word' id='word_1_450' title='bbox 1853 2187 2014 2221; x_wconf 85' lang='lat' dir='ltr'><strong>septembre</strong></span> <span class='ocrx_word' id='word_1_451' title='bbox 2034 2188 2107 2214; x_wconf 64' lang='lat'><strong>1289.</strong></span> 
     </span>
    </p>
   </div>
   <div class='ocr_carea' id='block_1_34' title="bbox 1180 2399 2180 2703">
    <p class='ocr_par' dir='ltr' id='par_1_36' title="bbox 1180 2399 2180 2590">
     <span class='ocr_line' id='line_1_75' title="bbox 1224 2399 2180 2438; baseline -0.001 -8"><span class='ocrx_word' id='word_1_452' title='bbox 1224 2401 1392 2430; x_wconf 71' lang='lat' dir='ltr'><strong>Venerabili</strong></span> <span class='ocrx_word' id='word_1_453' title='bbox 1407 2402 1502 2437; x_wconf 76' lang='lat' dir='ltr'><strong>fratri</strong></span> <span class='ocrx_word' id='word_1_454' title='bbox 1519 2421 1538 2429; x_wconf 91' lang='lat'><strong>..</strong></span> <span class='ocrx_word' id='word_1_455' title='bbox 1553 2401 1684 2438; x_wconf 78' lang='lat' dir='ltr'><strong>episcopo</strong></span> <span class='ocrx_word' id='word_1_456' title='bbox 1698 2399 1866 2429; x_wconf 81' lang='lat' dir='ltr'><strong>Castettano</strong></span> <span class='ocrx_word' id='word_1_457' title='bbox 1881 2399 2010 2429; x_wconf 88' lang='lat' dir='ltr'><strong>mandat</strong></span> <span class='ocrx_word' id='word_1_458' title='bbox 2025 2404 2180 2438; x_wconf 88' lang='lat' dir='ltr'><strong>qnatenus</strong></span> 
     </span>
     <span class='ocr_line' id='line_1_76' title="bbox 1180 2453 2177 2492; baseline -0.001 -9"><span class='ocrx_word' id='word_1_459' title='bbox 1180 2453 1317 2484; x_wconf 87' lang='lat' dir='ltr'><strong>Venetos</strong></span> <span class='ocrx_word' id='word_1_460' title='bbox 1330 2454 1385 2492; x_wconf 85' lang='lat' dir='ltr'><strong>qui</strong></span> <span class='ocrx_word' id='word_1_461' title='bbox 1404 2453 1764 2483; x_wconf 80' lang='lat' dir='ltr'><strong>excommunicationem</strong></span> <span class='ocrx_word' id='word_1_462' title='bbox 1777 2461 1834 2491; x_wconf 89' lang='lat' dir='ltr'><strong>pro</strong></span> <span class='ocrx_word' id='word_1_463' title='bbox 1849 2453 2088 2491; x_wconf 87' lang='lat' dir='ltr'><strong>participatione</strong></span> <span class='ocrx_word' id='word_1_464' title='bbox 2106 2462 2177 2482; x_wconf 90' lang='lat' dir='ltr'><strong>cum</strong></span> 
     </span>
     <span class='ocr_line' id='line_1_77' title="bbox 1181 2505 2180 2544; baseline -0.001 -8"><span class='ocrx_word' id='word_1_465' title='bbox 1181 2506 1298 2536; x_wconf 87' lang='lat' dir='ltr'><strong>Siculis</strong></span> <span class='ocrx_word' id='word_1_466' title='bbox 1324 2506 1519 2536; x_wconf 84' lang='lat' dir='ltr'><strong>incurrerint</strong></span> <span class='ocrx_word' id='word_1_467' title='bbox 1537 2506 1698 2541; x_wconf 84' lang='lat' dir='ltr'><strong>absolvat,</strong></span> <span class='ocrx_word' id='word_1_468' title='bbox 1723 2506 1749 2535; x_wconf 90' lang='lat' dir='ltr'><strong>si</strong></span> <span class='ocrx_word' id='word_1_469' title='bbox 1770 2505 1852 2535; x_wconf 88' lang='lat' dir='ltr'><strong>hanc</strong></span> <span class='ocrx_word' id='word_1_470' title='bbox 1873 2505 2104 2535; x_wconf 82' lang='lat' dir='ltr'><strong>absolutionem</strong></span> <span class='ocrx_word' id='word_1_471' title='bbox 2125 2515 2180 2544; x_wconf 91' lang='lat' dir='ltr'><strong>pe-</strong></span> 
     </span>
     <span class='ocr_line' id='line_1_78' title="bbox 1180 2557 2126 2590; baseline -0.002 0"><span class='ocrx_word' id='word_1_472' title='bbox 1180 2560 1298 2590; x_wconf 87' lang='lat' dir='ltr'><strong>tierint.</strong></span> <span class='ocrx_word' id='word_1_473' title='bbox 2121 2557 2126 2562; x_wconf 77' lang='lat'><strong><em>&#39;</em></strong></span> 
     </span>
    </p>

    <p class='ocr_par' dir='ltr' id='par_1_37' title="bbox 1181 2612 2180 2703">
     <span class='ocr_line' id='line_1_79' title="bbox 1224 2612 2180 2650; baseline -0.002 -7"><span class='ocrx_word' id='word_1_474' title='bbox 1224 2627 1235 2639; x_wconf 71' lang='grc' dir='ltr'>ι</span> <span class='ocrx_word' id='word_1_475' title='bbox 1252 2613 1315 2643; x_wconf 90' lang='lat' dir='ltr'><strong>Sua</strong></span> <span class='ocrx_word' id='word_1_476' title='bbox 1331 2613 1422 2643; x_wconf 88' lang='lat' dir='ltr'><strong>nobis</strong></span> <span class='ocrx_word' id='word_1_477' title='bbox 1440 2612 1612 2642; x_wconf 89' lang='lat' dir='ltr'><strong>dilectus...</strong></span> <span class='ocrx_word' id='word_1_478' title='bbox 1634 2628 1673 2634; x_wconf 83' lang='lat'><em>-</em></span> <span class='ocrx_word' id='word_1_479' title='bbox 1694 2613 1764 2641; x_wconf 90' lang='lat' dir='ltr'><strong>Dat.</strong></span> <span class='ocrx_word' id='word_1_480' title='bbox 1785 2612 1896 2648; x_wconf 80' lang='lat' dir='ltr'><strong>Reate,</strong></span> <span class='ocrx_word' id='word_1_481' title='bbox 1916 2612 2021 2641; x_wconf 89' lang='lat' dir='ltr'><strong>idibus</strong></span> <span class='ocrx_word' id='word_1_482' title='bbox 2045 2617 2180 2650; x_wconf 87' lang='lat' dir='ltr'><strong>septem-</strong></span> 
     </span>
     <span class='ocr_line' id='line_1_80' title="bbox 1181 2665 1568 2703; baseline -0.01 -7"><span class='ocrx_word' id='word_1_483' title='bbox 1181 2667 1258 2703; x_wconf 87' lang='lat' dir='ltr'><strong>bris,</strong></span> <span class='ocrx_word' id='word_1_484' title='bbox 1278 2674 1363 2696; x_wconf 90' lang='lat' dir='ltr'><strong>anno</strong></span> <span class='ocrx_word' id='word_1_485' title='bbox 1382 2665 1532 2695; x_wconf 87' lang='lat' dir='ltr'><strong>secundo.</strong></span> <span class='ocrx_word' id='word_1_486' title='bbox 1554 2676 1568 2691; x_wconf 88' lang='lat'>»</span> 
     </span>
    </p>
   </div>
   <div class='ocr_carea' id='block_1_35' title="bbox 1182 2835 2180 2981">
    <p class='ocr_par' dir='ltr' id='par_1_38' title="bbox 1182 2835 2180 2981">
     <span class='ocr_line' id='line_1_81' title="bbox 1257 2835 2110 2870; baseline -0.002 -6"><span class='ocrx_word' id='word_1_487' title='bbox 1257 2835 1509 2864; x_wconf 73' lang='grc'><strong>1463-1468</strong></span> <span class='ocrx_word' id='word_1_488' title='bbox 1704 2835 1790 2865; x_wconf 84' lang='lat' dir='ltr'><strong>Rieti.</strong></span> <span class='ocrx_word' id='word_1_489' title='bbox 1810 2836 1837 2861; x_wconf 80' lang='lat'><strong>17</strong></span> <span class='ocrx_word' id='word_1_490' title='bbox 1856 2836 2017 2870; x_wconf 86' lang='lat' dir='ltr'><strong>septembre</strong></span> <span class='ocrx_word' id='word_1_491' title='bbox 2036 2837 2110 2864; x_wconf 69' lang='lat'><strong>1289.</strong></span> 
     </span>
     <span class='ocr_line' id='line_1_82' title="bbox 1220 2897 2180 2931; baseline 0.003 -8"><span class='ocrx_word' id='word_1_492' title='bbox 1220 2898 1344 2924; x_wconf 82' lang='lat' dir='ltr'><strong>Licentia</strong></span> <span class='ocrx_word' id='word_1_493' title='bbox 1360 2897 1494 2923; x_wconf 84' lang='lat' dir='ltr'><strong>testandi.</strong></span> <span class='ocrx_word' id='word_1_494' title='bbox 1509 2897 1591 2929; x_wconf 71' lang='lat' dir='ltr'><strong>(stne.</strong></span> <span class='ocrx_word' id='word_1_495' title='bbox 1609 2897 1650 2927; x_wconf 76' lang='lat'><strong>44.</strong></span> <span class='ocrx_word' id='word_1_496' title='bbox 1668 2905 1694 2923; x_wconf 90' lang='lat' dir='ltr'><strong>c.</strong></span> <span class='ocrx_word' id='word_1_497' title='bbox 1710 2897 1770 2929; x_wconf 79' lang='lat'><strong>517,</strong></span> <span class='ocrx_word' id='word_1_498' title='bbox 1783 2897 1803 2925; x_wconf 82' lang='lat' dir='ltr'><strong>f.</strong></span> <span class='ocrx_word' id='word_1_499' title='bbox 1818 2897 1868 2923; x_wconf 75' lang='lat'><strong>-227</strong></span> <span class='ocrx_word' id='word_1_500' title='bbox 1888 2905 1933 2928; x_wconf 49' lang='lat' dir='ltr'><strong>rw,</strong></span> <span class='ocrx_word' id='word_1_501' title='bbox 1951 2898 2015 2925; x_wconf 66' lang='lat' dir='ltr'><strong>Lar.</strong></span> <span class='ocrx_word' id='word_1_502' title='bbox 2034 2907 2069 2926; x_wconf 83' lang='lat' dir='ltr'><strong>nu</strong></span> <span class='ocrx_word' id='word_1_503' title='bbox 2084 2900 2180 2931; x_wconf 64' lang='lat' dir='ltr'><strong>Titan..</strong></span> 
     </span>
     <span class='ocr_line' id='line_1_83' title="bbox 1182 2945 1311 2981; baseline -0.008 -8"><span class='ocrx_word' id='word_1_504' title='bbox 1182 2945 1220 2981; x_wconf 89' lang='lat'><strong>11,</strong></span> <span class='ocrx_word' id='word_1_505' title='bbox 1236 2947 1311 2978; x_wconf 68' lang='lat'><strong>⁶265.)</strong></span> 
     </span>
    </p>
   </div>
   <div class='ocr_carea' id='block_1_36' title="bbox 1232 3048 2130 3088">
    <p class='ocr_par' dir='ltr' id='par_1_39' title="bbox 1232 3048 2130 3088">
     <span class='ocr_line' id='line_1_84' title="bbox 1232 3048 2130 3088; baseline 0.004 -12"><span class='ocrx_word' id='word_1_506' title='bbox 1232 3049 1397 3078; x_wconf 77' lang='lat' dir='ltr'><strong>Venerabili</strong></span> <span class='ocrx_word' id='word_1_507' title='bbox 1412 3049 1507 3083; x_wconf 76' lang='lat' dir='ltr'><strong>fratri</strong></span> <span class='ocrx_word' id='word_1_508' title='bbox 1525 3048 1718 3085; x_wconf 77' lang='lat' dir='ltr'><strong>Raymundo.</strong></span> <span class='ocrx_word' id='word_1_509' title='bbox 1737 3050 1868 3086; x_wconf 79' lang='lat' dir='ltr'><strong>episcopo</strong></span> <span class='ocrx_word' id='word_1_510' title='bbox 1884 3050 2130 3088; x_wconf 70' lang='lat' dir='ltr'><strong>Peli-ayoricensz&#39;.</strong></span> 
     </span>
    </p>
   </div>
  </div>
 </body>
</html>
