2342 3652
930 356 1162 396 TnoismME
1178 356 1335 395 ANNEE.
2122 367 2180 397 485

90 447 105 462 ιι
126 434 298 468 luerimus,
318 432 352 460 in
378 431 593 460 emolumento
616 431 713 468 sigilli
733 432 865 470 predicti
887 433 1090 462 medietatem

91 499 107 515 ιι
130 486 356 526 percipiemus,
376 485 466 514 nobis
482 488 512 513 et
528 485 762 514 successoribus
780 486 895 515 nostris
911 485 996 515 salva
1012 494 1091 515 sem-

93 553 108 567 ιι
131 549 186 578 per
200 547 294 576 super
309 538 367 567 hoc
385 537 524 576 optione.

130 604 145 619 »
169 592 248 621 Item
263 591 297 620 in
315 590 530 620 emolumento
549 590 610 620 alio
625 591 860 628 jurisdictionis
880 592 1091 630 predictorum

93 658 108 674 ιι
131 645 240 675 decani
256 648 286 674 et
301 643 431 682 capituli
443 644 675 674 Peronensinm
693 654 749 674 nos
765 650 795 674 et
810 654 1006 675 successores
1023 653 1092 674 nos-

94 711 109 728 ιι
133 698 185 735 tri,
199 697 286 737 prius
302 696 446 726 deductis
465 697 623 735 expensis,
639 698 840 727 medietatem
859 699 1047 727 habebimus
1064 702 1095 727 et

92 764 108 781 n
129 750 356 791 percipiemus,
379 754 506 788 excepto
532 750 748 780 emolumento
770 751 867 788 sigilli
890 751 1038 789 predicti,
1059 751 1092 779 in

92 817 108 834 ι
131 813 193 844 quo
208 812 266 833 nec
282 812 339 833 nos
356 812 413 832 nec
430 811 625 832 successores
648 804 747 833 nostri
765 804 886 842 aliquid
905 804 1094 833 habebimus

94 871 109 888 ι
131 858 180 888 vel
204 857 431 896 percipiemus,
449 861 541 895 prout
563 862 609 886 est
627 867 722 895 supra
739 858 772 887 in
794 858 938 896 proximo
961 857 1095 887 articulo

93 925 117 954 ιι,
132 911 336 945 declaratum,
348 915 377 939 et
389 915 515 948 excepto
525 910 743 940 emolumento
753 911 987 949 jurisdictionis
999 919 1095 948 quam

83 956 112 994 ἰι
131 964 191 1004 ipsi
215 964 354 993 decanus
374 967 404 992 et
424 963 599 1001 capitulum
617 963 816 992 Peronenses
835 963 952 992 habent
972 963 1004 991 in
1026 962 1096 991 illos

96 1031 111 1048 ιι
133 1019 276 1057 quisunt
292 1016 340 1046 vel
355 1026 410 1056 pro
421 1021 562 1054 tempore
577 1017 695 1046 fuerint
707 1017 745 1046 de
757 1017 852 1047 choro
865 1017 995 1046 ecclesie
1010 1016 1097 1046 Beati

94 1084 110 1101 ι
132 1071 274 1107 Furseii,
292 1071 361 1099 sine
379 1069 503 1105 fraude3
522 1070 555 1098 in
576 1078 638 1107 quo
655 1070 784 1108 quidem
809 1070 1024 1099 emolumento
1041 1077 1097 1098 nos

95 1137 109 1154 ιι
132 1124 181 1155 vel
207 1131 402 1153 successores
427 1122 527 1152 nostri
555 1122 657 1152 nichil
683 1123 894 1161 percipiemus
921 1123 971 1152 vel
999 1122 1097 1151 habe-

92 1189 108 1206 ιι
131 1178 247 1208 bimus.

133 1242 149 1258 ιι
174 1230 253 1260 Item
269 1229 303 1258 in
322 1229 538 1259 emolumento
551 1229 634 1268 qnod
651 1229 817 1267 proveniet
832 1238 868 1258 ex
885 1234 1020 1267 quatuor
1036 1229 1098 1258 cri-

96 1296 111 1313 »
133 1284 278 1314 minibus
295 1283 495 1322 supradictis,
514 1282 636 1312 scilicet
655 1282 737 1313 salsi.
754 1284 913 1321 symonie,
931 1283 1052 1312 heresis
1071 1287 1100 1312 et

97 1349 112 1366 ιι
134 1337 289 1373 sodomie,
307 1336 345 1365 ad
363 1341 503 1366 nostram
521 1340 551 1366 et
567 1344 785 1366 successorum
804 1341 984 1366 nostrorum
999 1336 1098 1373 juris-

96 1402 112 1419 »
134 1390 319 1426 dictionem,
337 1393 372 1419 ut
388 1389 580 1427 premissum
597 1394 654 1425 est,
671 1389 897 1427 spectantibus,
915 1389 1053 1418 decanus
1072 1394 1102 1418 et

97 1455 111 1472 ιι
134 1443 307 1483 capitulum
319 1443 528 1476 Peronenses,
540 1447 570 1472 et
583 1442 759 1481 capitulum
769 1443 1101 1477 Peronense,vacante

98 1508 113 1526 ιι
134 1497 301 1532 decanatu,
318 1496 538 1533 medietatem,
553 1496 642 1534 prius
659 1495 804 1525 deductis
825 1495 983 1534 expensis,
1001 1495 1101 1534 perci-

96 1563 112 1579 ιι
134 1551 223 1591 pient
237 1555 267 1579 et
281 1549 456 1579 habebunt.

135 1615 152 1632 »
175 1604 256 1634 Item
274 1603 419 1633 officialis
438 1602 652 1641 predictorum
671 1603 783 1632 decani
806 1607 836 1631 et
857 1601 984 1640 capituli
1005 1601 1102 1630 Pero-

100 1669 116 1686 ιι
137 1657 289 1687 nensinm
304 1657 343 1686 de
359 1656 584 1686 emolumentis
598 1656 637 1685 ad
651 1664 708 1685 nos
724 1659 754 1685 et
769 1663 964 1685 successores
981 1658 1103 1683 nostros

98 1722 115 1739 ιι
138 1710 389 1750 pertinentibus,
404 1709 548 1748 quolibet
562 1718 663 1746 anno,
678 1709 818 1739 secunda
833 1708 884 1737 die
901 1708 989 1745 julii,
1006 1708 1103 1737 Pero-

100 1775 115 1792 »
138 1763 203 1802 nii,
220 1763 380 1793 tenebitur
395 1763 528 1793 reddere
543 1763 699 1793 rationem
717 1762 811 1795 nobis
825 1767 854 1792 et
872 1761 1104 1792 successoribus

101 1828 117 1845 n
140 1817 257 1847 nostris
271 1817 321 1847 vel
337 1821 446 1847 nostro
463 1817 578 1847 nuntio
595 1817 634 1846 ad
650 1816 710 1847 hoc
726 1815 907 1855 specialiter
929 1815 1103 1845 destinato.

100 1881 116 1898 ι
138 1871 164 1900 Ε
183 1879 336 1900 converso
354 1879 428 1900 vero
444 1879 503 1900 nos
519 1875 548 1900 et
563 1878 760 1900 successores
777 1869 892 1905 nostri,
911 1869 959 1898 vel
979 1868 1032 1897 ille
1050 1868 1105 1906 qui

99 1935 116 1952 ι
138 1932 194 1962 pro
211 1924 303 1954 nobis
325 1923 361 1953 in
384 1924 477 1953 dictis
495 1928 631 1962 quatuor
648 1923 855 1959 criminibus,
873 1923 993 1952 scilicet
1015 1921 1104 1957 falsi,

101 1988 116 2005 n
138 1977 297 2016 symonie,
310 1976 435 2007 heresis
449 1981 478 2006 et
494 1977 648 2011 sodoinie,
661 1976 922 2015 jurisdictionem
936 1975 1104 2010 exercebit,

99 2042 115 2058 ιι
137 2030 177 2060 de
191 2030 419 2061 emolumentis
432 2030 471 2059 ad
485 2030 643 2060 decanum
659 2035 690 2059 et
703 2029 878 2068 capitulum
895 2030 1103 2064 Peronenses,

100 2095 115 2112 ι
138 2088 169 2114 et
186 2084 226 2114 ad
246 2083 423 2123 capitulum
444 2085 641 2119 Peronense,
660 2088 790 2113 vacante
815 2083 968 2112 decanatu
981 2107 988 2121 ,
1008 2082 1104 2120 perti-

100 2149 116 2165 ιι
139 2129 308 2174 nentibus,
330 2138 408 2176 ipsis
434 2137 554 2167 decano
582 2142 612 2166 et
638 2137 774 2175 capitulo
798 2136 1052 2170 Peronensibus,
1076 2139 1105 2164 et

98 2202 116 2218 ι
138 2191 276 2231 capitulo
306 2191 502 2227 Peronensi,
527 2195 657 2220 vacante
687 2190 861 2226 decanatu,
889 2189 1027 2219 secunda
1056 2188 1120 2233 die,

101 2256 117 2273 ιι
140 2245 230 2282 maii,
247 2245 411 2280 Noviomi,
431 2244 594 2274 tenebitur
609 2244 742 2274 reddere
759 2245 925 2273 rationem.

141 2309 156 2325 ιι
173 2298 254 2327 Item
271 2306 329 2328 nos
344 2302 375 2327 et
389 2306 586 2328 successores
602 2298 699 2327 nostri
711 2297 971 2336 jurisdictionem
983 2295 1107 2325 ordina-

103 2362 119 2379 ιι
140 2351 223 2381 riam
240 2350 430 2381 habebimus
446 2351 481 2380 in
498 2351 655 2380 decanum
672 2353 703 2380 et
717 2350 892 2389 capitulum
910 2350 1107 2379 Peronenses

102 2415 120 2432 ι
141 2404 314 2443 predictos,
339 2408 492 2443 tanquam
519 2404 554 2433 in
579 2404 767 2442 collegium,
788 2409 818 2433 et
841 2403 954 2439 etiam,
977 2406 1107 2431 vacante

105 2469 121 2486 ι
143 2457 312 2495 decanatu,
328 2457 362 2487 in
382 2456 568 2496 capitulum,
586 2462 618 2487 ut
636 2457 828 2496 capitulum:
846 2456 899 2486 sed
916 2456 950 2485 in
965 2455 1108 2493 singulos

103 2521 120 2538 ι
142 2511 181 2541 de
202 2510 340 2549 capitulo
358 2511 533 2540 Peronensi
555 2510 678 2540 nnllam
699 2510 832 2540 omnino
853 2509 1108 2548 jurisdictionem

106 2575 121 2592 ι
143 2564 333 2594 habebimus
349 2572 408 2593 nec
423 2563 656 2594 exercebimus.

143 2629 159 2645 »
178 2618 259 2648 Item
275 2618 301 2647 si
317 2618 481 2655 contingat
496 2617 650 2655 appellari
663 2617 702 2646 ab
715 2617 882 2646 audientia
895 2616 1109 2655 predictorum

105 2681 121 2698 ιι
142 2670 254 2701 decani
270 2675 300 2700 et
313 2670 443 2709 capituli
458 2670 692 2700 Peronensium
710 2670 758 2699 vel
773 2669 917 2699 officialis
934 2668 1108 2699 eorundem

106 2734 122 2751 2
144 2723 183 2753 ad
206 2733 264 2754 nos
284 2728 315 2753 et
332 2732 528 2754 successores
547 2728 672 2753 nostros
695 2728 845 2762 tanquam
867 2723 907 2752 ad
926 2721 1109 2751 immediate

63 2780 66 2784 '
105 2788 122 2805 ιι
144 2778 334 2816 superiores,
353 2777 439 2807 salva
454 2777 623 2816 apostolice
643 2777 726 2807 sedis
744 2777 940 2811 auctoritate,
958 2775 1110 2814 appellari

107 2842 122 2858 ι
144 2831 184 2861 de
199 2832 270 2871 jure
288 2831 402 2870 poterit
419 2835 449 2860 et
468 2831 610 2862 debebit.
629 2835 658 2859 et
676 2839 733 2860 nos
754 2835 783 2860 et
799 2839 995 2860 successores
1011 2829 1110 2858 nostri

106 2895 124 2911 ιι
147 2883 197 2914 vel
226 2883 371 2914 officialis
401 2887 507 2914 noster
537 2884 574 2913 de
604 2883 672 2922 ipsa
700 2883 909 2922 appellatione
938 2882 1111 2921 poterimus

109 2949 124 2964 ιι
145 2946 352 2976 cognoscere,
375 2941 406 2966 et
425 2937 603 2967 secundum
623 2937 724 2974 ipsius
748 2935 972 2974 appellationis
999 2935 1111 2964 merita

107 3001 125 3018 ι
143 2990 296 3029 judicare.

148 3054 164 3070 ιι
185 3044 264 3073 ltem
278 3051 336 3073 nos
347 3047 378 3073 et
387 3051 584 3073 successores
597 3042 697 3072 nostri
708 3042 763 3081 qui
776 3051 832 3080 pro
842 3046 981 3081 tempore
992 3040 1112 3071 fuerint

1177 443 1190 457 ιι
1215 431 1336 461 fructus
1355 432 1451 461 unius
1468 432 1626 470 prebende
1646 437 1796 470 tanquam
1816 433 2019 470 prehendarii
2044 434 2075 461 in
2097 433 2180 463 dicta

1214 484 1347 514 ecclesia
1363 485 1539 514 Peronensi
1565 485 1701 523 singulis
1726 486 1835 521 annis,
1854 486 2002 515 videlicet
2024 491 2180 524 quantum

1215 547 1299 567 unus
1317 538 1490 567 canonicus
1507 539 1626 568 ibidem
1646 539 1790 569 residens
1809 544 1839 568 et
1856 539 2040 568 deserviens
2056 539 2181 577 integre

1216 591 1428 629 percipiemus
1438 592 1666 621 ethabebimus
1678 592 1711 621 in
1725 597 1896 630 posterum.
1909 592 2064 622 Volumus
2075 597 2181 621 tamen

1217 643 1317 682 quod,
1336 644 1361 672 si
1383 645 1545 681 contingat
1567 646 1598 673 in
1618 645 1701 674 dicta
1721 645 1853 674 ecclesia
1869 645 2046 675 Peronensi
2067 645 2181 675 collec-

1218 700 1280 725 tam
1297 706 1351 725 seu
1367 697 1633 727 contributionem
1652 698 1732 730 fieri.
1745 698 1822 727 dum
1840 704 1943 728 tamen
1960 707 2024 728 non
2041 698 2094 727 fiat
2110 707 2181 728 con-

1218 754 1262 778 tra
1280 758 1335 781 nos
1353 748 1401 777 vel
1418 758 1613 779 successores
1631 755 1768 786 nostros,
1788 751 1909 780 ratione
1926 751 2080 780 dictorum
2099 751 2182 780 fruc-

1219 808 1324 836 tuum,
1345 803 1426 831 sicnt
1450 811 1550 831 unum
1575 803 1612 831 de
1638 804 1800 833 canonicis
1825 803 1955 833 ecclesie
1974 804 2182 840 Peronensis,

1218 855 1256 885 ad
1284 855 1419 884 eandem
1444 855 1606 885 collectam
1635 865 1689 886 seu
1715 857 1984 886 contributionem
2011 857 2130 892 teneri,
2155 859 2184 886 et

1215 909 1298 948 qnod
1325 909 1386 947 ipsi
1409 909 1547 938 decanus
1571 913 1600 938 et
1625 909 1799 947 capitulum
1824 909 1955 939 ecclesie
1974 910 2183 946 Peronensis,

1220 962 1270 991 vel
1292 961 1484 1000 capitulum,
1502 966 1632 991 vacante
1653 962 1824 998 decanatu,
1844 971 1942 1001 usque
1962 963 2001 992 ad
2024 972 2185 992 summam

1181 1026 1195 1042 »
1219 1014 1465 1045 contributionis
1495 1014 1680 1053 hujusmodi
1711 1019 1740 1044 et
1766 1023 1829 1044 non
1859 1014 1940 1044 ultra
1964 1015 2002 1044 de
2031 1015 2185 1045 fructibus

1183 1080 1196 1095 »
1220 1069 1301 1098 dicte
1318 1068 1475 1106 prebende
1492 1073 1649 1098 arrestare
1666 1068 1793 1098 valeant
1807 1077 1843 1098 ac
1859 1069 1954 1098 etiam
1970 1069 2123 1098 detinere.

1221 1134 1235 1148 »
1260 1122 1339 1151 Item
1364 1122 1511 1151 volumus
1535 1121 1619 1160 qnod
1642 1121 1781 1150 decanus
1806 1126 1835 1151 et
1859 1121 2032 1160 capitulum
2056 1122 2188 1152 ecclesie

1184 1186 1195 1201 ιι
1221 1174 1413 1204 Peronensis
1435 1175 1488 1212 qni
1513 1183 1566 1212 pro
1590 1179 1728 1212 tempore
1752 1174 1885 1210 suerint,
1903 1180 1933 1204 et
1952 1175 2048 1204 etiam
2067 1176 2188 1214 capitu·
2208 1204 2211 1205 ι

1184 1240 1198 1255 ιι
1223 1228 1442 1264 lum‚vacante
1453 1227 1688 1264 decanatu,soli
1700 1233 1729 1257 et
1740 1228 1773 1257 in
1786 1227 1923 1257 solidum
1938 1228 2034 1258 libere
2051 1228 2190 1258 habeant

1184 1293 1196 1308 ιι
1222 1286 1252 1310 et
1268 1286 1434 1310 exerceant
1446 1281 1481 1310 in
1500 1280 1573 1310 villa
1590 1286 1619 1310 et
1635 1285 1698 1310 toto
1711 1285 1813 1311 castro
1830 1281 2066 1311 Peronensibus
2079 1291 2189 1312 curam

1184 1347 1197 1362 ιι
1224 1335 1406 1364 animarum
1432 1336 1548 1364 virtute
1571 1334 1810 1373 privilegiorum
1833 1335 1951 1364 eisdem
1970 1344 1988 1364 a
2005 1335 2077 1365 sede
2096 1345 2188 1374 apos·

1185 1399 1197 1415 ι
1225 1388 1316 1417 tolica
1339 1387 1558 1425 indultorum,
1577 1396 1635 1416 nec
1654 1396 1763 1417 curam
1784 1387 1873 1417 illam
1895 1396 1912 1417 a
1936 1388 2027 1418 nobis
2047 1389 2096 1418 vel
2116 1398 2188 1419 suc-

1185 1453 1198 1467 »
1223 1441 1400 1470 cessoribus
1418 1441 1532 1470 nostris
1550 1441 1712 1479 recipient.

1176 496 1194 988 ὕυυευυυνυυ

1225 1507 1239 1521 ιι
1265 1495 1341 1523 Item
1364 1494 1474 1523 electio
1489 1494 1602 1524 decani
1623 1494 1754 1524 ecclesie
1770 1494 1962 1524 Peronensis
1980 1504 2034 1534 pro
2051 1500 2191 1534 tempore

1186 1558 1199 1573 ιι
1224 1547 1256 1575 in
1285 1546 1395 1576 eadem
1423 1545 1555 1576 ecclesia
1583 1546 1738 1576 celebrata
1765 1546 1856 1576 nobis
1881 1546 1930 1576 vel
1955 1549 2191 1578 successoribus

1186 1611 1200 1627 ιι
1226 1600 1341 1629 nostris
1363 1600 1418 1638 qui
1443 1607 1498 1638 pro
1525 1604 1663 1638 tempore
1683 1599 1804 1629 fuerint
1825 1601 2057 1639 presentabitur
2075 1613 2081 1630 ε
2102 1610 2187 1637 eam,

1187 1665 1200 1680 ιι
1225 1653 1349 1682 sublato
1364 1661 1451 1682 more
1464 1652 1608 1690 diffugio,
1623 1654 1649 1682 si
1667 1661 1736 1682 eam
1753 1654 1939 1683 canonicam
1956 1653 2188 1691 invenerimus,

1188 1718 1201 1733 ιι
1226 1715 1284 1736 nos
1304 1706 1354 1736 vel
1372 1714 1566 1736 successores
1588 1707 1687 1736 nostri
1704 1706 1761 1744 qui
1776 1715 1832 1745 pro
1849 1711 1988 1745 tempore
2005 1707 2128 1737 fuerint
2146 1712 2192 1737 te-

1187 1771 1201 1787 ιι
1227 1759 1379 1789 nebimur
1397 1759 1606 1795 confirmare3
1624 1759 1651 1788 si
1670 1768 1743 1788 vero
1760 1760 1867 1789 minus
1886 1760 2073 1789 canonicam
2089 1761 2192 1799 ipsam

1188 1825 1203 1841 »
1227 1813 1460 1849 invenerimus,
1479 1813 1579 1851 ipsam
1596 1812 1772 1851 poterimus
1787 1813 1963 1843 infirmare.

1228 1879 1243 1894 »
1266 1868 1347 1896 Item
1374 1875 1432 1896 nos
1455 1871 1484 1896 et
1506 1875 1702 1896 successores
1729 1868 1826 1896 nostri
1849 1875 1885 1896 ac
1905 1867 2054 1897 officiales
2073 1868 2191 1898 Novio-

1189 1933 1202 1947 »
1227 1929 1352 1950 menses
1382 1920 1437 1959 qui
1467 1929 1521 1959 pro
1548 1924 1687 1959 tempore
1714 1920 1852 1957 fuerint,
1881 1921 1920 1949 ad
1947 1921 2193 1959 requisitionem

1189 1986 1202 2001 ιι
1227 1974 1369 2012 ipsorum
1393 1973 1504 2003 decani
1536 1977 1565 2002 et
1591 1973 1722 2012 capituli
1747 1974 1980 2004 Peronensinm
2008 1974 2057 2004 vel
2083 1984 2195 2005 eorum

1189 2039 1203 2054 ιι
1227 2027 1382 2062 officiam,
1401 2027 1704 2062 excommunicatos,
1721 2027 1905 2057 interdictos
1923 2032 1953 2057 et
1970 2037 2139 2066 suspensos
2155 2029 2194 2059 ab

1189 2092 1203 2107 »
1229 2081 1306 2119 ipsis
1324 2080 1443 2109 decano
1459 2084 1488 2109 et
1506 2079 1644 2118 capitulo
1661 2080 1900 2110 Peronensibus
1921 2080 1971 2110 vel
1990 2081 2117 2111 officiali
2138 2091 2195 2113 suo

1230 2134 1402 2163 vitabimus
1421 2137 1451 2162 et
1471 2133 1563 2162 vitari
1586 2141 1622 2162 ac
1643 2132 1828 2163 denuntiari
1847 2134 1999 2164 faciemus
2016 2135 2049 2164 in
2068 2135 2195 2165 civitate

1229 2191 1258 2216 et
1275 2187 1392 2216 diocesi
1411 2186 1638 2222 Noviomensi,
1655 2186 1797 2224 quandiu
1814 2186 1934 2216 fuerint
1951 2187 1997 2216 sic
2014 2187 2121 2226 ligati,
2136 2197 2195 2219 nec

1231 2249 1283 2270 eos
1298 2248 1356 2269 nos
1371 2239 1419 2269 vel
1433 2248 1630 2269 successores
1650 2239 1748 2269 nostri
1768 2248 1823 2269 seu
1844 2239 1997 2269 officiales
2017 2242 2116 2271 nostri
2130 2241 2194 2271 No-

1229 2293 1411 2323 viomenses
1435 2292 1636 2322 absolvemus
1659 2292 1708 2321 vel
1729 2292 1891 2322 absolvere
1912 2294 2100 2331 poterimus,
2122 2303 2196 2333 pre-

1229 2350 1374 2384 terquam
1392 2347 1426 2375 in
1445 2346 1569 2375 casibus
1586 2346 1617 2374 in
1635 2346 1751 2384 quibus
1770 2346 1827 2376 hec
1847 2346 1886 2376 de
1906 2347 1980 2385 jure
2002 2347 2104 2377 facere
2124 2356 2196 2386 pos-

1229 2401 1329 2430 simus
1347 2405 1377 2429 et
1394 2400 1489 2429 etiam
1515 2399 1685 2429 debeamus
1706 2400 1825 2438 absque
1848 2400 1968 2438 inJuria
1987 2400 2035 2430 vel
2055 2401 2196 2439 prejudi—

1229 2454 1279 2483 cio
1294 2453 1407 2483 decani
1427 2457 1458 2482 et
1477 2453 1606 2490 capituli
1629 2452 1864 2482 Peronensium
1889 2461 1945 2482 seu
1963 2453 2196 2491 jurisdictionis

1231 2506 1416 2536 eorumdem
1431 2517 1437 2541 ;
1455 2507 1602 2544 ipsosque
1619 2505 1925 2542 excommunicatos,
1945 2506 2129 2537 interdictos
2146 2507 2198 2537 vel

1230 2568 1400 2598 suspensos
1415 2559 1454 2588 ab
1470 2559 1547 2597 ipsis
1562 2559 1682 2589 decano
1700 2562 1729 2588 et
1744 2558 1881 2597 capitulo
1895 2559 2130 2590 Peronensibus
2147 2560 2197 2590 vel

1232 2621 1343 2642 eorum
1362 2612 1491 2641 officiali
1507 2620 1566 2641 nec
1584 2620 1642 2641 nos
1659 2620 1717 2641 nec
1733 2620 1930 2642 successores
1948 2612 2047 2641 nostri
2064 2612 2113 2642 vel
2129 2613 2196 2643 offi-

1232 2666 1326 2695 ciales
1336 2666 1568 2695 Noviomenses
1579 2665 1633 2703 qni
1645 2673 1700 2704 pro
1714 2669 1853 2703 tempore
1867 2665 1998 2702 suerint,
2011 2666 2036 2695 si
2051 2666 2096 2695 sic
2108 2665 2199 2704 ligati

1231 2719 1425 2749 decesserint
1440 2718 1475 2747 in
1491 2718 1618 2747 civitate
1635 2718 1682 2747 vel
1700 2718 1818 2747 diocesi
1827 2717 2049 2756 Noviomensi,
2063 2719 2197 2759 recipie-

1193 2785 1207 2800 ιι
1232 2782 1303 2802 mus
1319 2772 1366 2801 vel
1384 2772 1480 2810 recipi
1493 2781 1511 2800 a
1528 2772 1645 2800 nostris
1656 2771 1792 2800 subditis
1807 2771 2029 2809 permittemus
2042 2772 2081 2801 ad
2094 2773 2199 2811 sepul-

1193 2839 1207 2854 ιι
1233 2830 1337 2856 turam
1362 2825 1608 2855 ecclesiasticam
1633 2823 1681 2853 vel
1706 2824 1745 2853 ad
1768 2823 1831 2853 alia
1853 2823 2068 2854 ecclesiastica
2091 2834 2197 2856 sacra-

1194 2891 1209 2907 ι
1233 2883 1351 2908 menta.
1377 2878 1414 2908 Et
1437 2878 1498 2917 ipsi
1521 2877 1660 2907 decanus
1684 2881 1715 2906 et
1741 2876 1914 2916 capitulum
1938 2877 2136 2908 Peronenses
2162 2888 2199 2909 ac

1197 2944 1210 2959 ιι
1234 2940 1346 2962 eorum
1361 2930 1505 2960 officialis
1520 2930 1560 2960 ad
1577 2930 1763 2959 mandatum
1779 2934 1923 2959 nostrum
1937 2934 1968 2959 et
1979 2939 2199 2962 successorum

1196 2997 1210 3011 ιι
1234 2988 1415 3014 nostrorum
1425 2991 1461 3013 ac
1469 2982 1654 3013 officialium
1665 2982 1693 3012 N
1696 2983 1931 3013 oviomensium
1941 2983 2096 3021 vitabunt,
2105 2985 2200 3016 vitari

1198 3049 1211 3064 ιι
1235 3046 1271 3067 ac
1289 3036 1475 3066 denuntiari
1492 3036 1611 3066 facient
1631 3037 1665 3065 in
1688 3035 1764 3066 villa
1789 3040 1819 3066 et
1839 3039 1941 3066 castro
1960 3036 2199 3068 Peronensibus

1193 2625 1206 2640 υ
1192 2572 1206 2587 ὃ
1191 2519 1206 2534 2
1192 2466 1205 2481 δ
1191 2412 1205 2428 U
1191 2358 1204 2374 ὃ
1191 2305 1206 2320 ὅ
1193 2252 1206 2267 U
1190 2199 1204 2214 8
1191 2146 1204 2161 fl

1192 2679 1207 2694 ξ’.

1193 2732 1206 2746 5
