2477 3637
273 385 330 416 142
1020 382 1257 414 REGISTRES
1277 383 1333 413 DE
1354 381 1538 413 NICOLAS
1561 382 1618 412 IV.

273 451 397 483 duobus
412 437 613 491 presentibus
624 474 631 488 ,
651 450 754 480 facere
768 457 804 479 ac
816 449 1037 488 iuramentum
1051 454 1192 488 prestare
1206 458 1279 489 pre-

273 506 407 543 dictum,
423 505 608 536 difficultate
615 504 761 534 submota
770 502 925 542 qualibet,
938 503 1124 542 procuretis,
1134 503 1278 534 faciendo

272 559 507 591 nichilominus
525 558 597 589 fieri
613 558 652 588 de
667 557 759 587 dictis
780 556 1034 595 depositionibus
1056 556 1184 595 publica
1207 556 1278 586 ins-

273 616 446 648 trumenta,
469 620 531 650 que
553 611 645 641 nobis
666 610 804 646 mittere,
832 609 965 639 retentis
989 609 1078 640 vobis
1101 609 1277 646 similibus,

272 665 436 700 studeatis,
457 669 488 694 et
508 664 700 703 quantitates
720 671 800 702 quas
818 671 873 701 per
898 670 953 693 vos
976 663 1011 692 in
1031 662 1179 702 predictis
1201 663 1280 694 locis

271 718 387 757 deponi
414 717 602 755 contigerit,
632 720 662 746 et
690 715 819 755 quando
845 724 881 746 ac
907 716 1003 746 etiam
1030 724 1136 746 coram
1164 716 1280 755 quibus

271 771 459 810 hujusmodi
475 770 630 809 depositio
649 770 729 800 facta
743 769 840 800 fuerit
852 793 859 805 ,
880 774 910 799 et
924 769 1078 808 quicquid
1093 769 1231 800 feceritis
1245 769 1280 799 in

270 824 329 855 hac
344 829 447 863 parte,
465 824 555 854 nobis
571 833 627 862 per
642 827 762 853 vestras
778 823 902 853 litteras
917 822 1033 853 barum
1049 824 1164 853 seriem
1178 823 1279 853 conti-

272 882 386 908 nentes
400 877 553 908 studeatis
569 877 663 916 plene
687 885 724 907 ac
745 875 883 907 fideliter
903 876 1066 906 intimare.
1091 876 1143 907 Sic
1167 885 1222 907 vos
1245 877 1279 907 in

271 931 435 971 premissis
451 931 601 961 omuibus
617 930 789 960 efficaciter
805 934 835 959 et
850 929 985 960 sollicite
1001 930 1158 966 habituri,
1178 930 1277 960 utde-

271 985 434 1016 votiouem
451 989 589 1014 vestram
608 984 723 1014 exinde
742 992 806 1014 non
825 984 985 1014 immerito
998 984 1274 1014 commendemus.

271 1037 343 1068 Dat.
366 1038 477 1073 Rome,
495 1037 580 1076 apud
596 1037 745 1067 Sanctam
763 1036 901 1067 Mariam
920 1037 1093 1075 Majorem,
1117 1046 1147 1067 vt
1163 1036 1278 1067 kalen-

271 1091 326 1122 das
342 1090 464 1127 martii,
482 1099 569 1121 anno
587 1090 738 1121 secundo.
758 1101 771 1117 ι)

341 1237 432 1266 680

307 1300 349 1326 De
365 1300 465 1327 codem
482 1299 607 1333 negotio.
625 1298 707 1332 (Res.
726 1299 768 1330 44,
785 1306 811 1324 e.
830 1298 872 1329 23,
888 1298 908 1324 f.
927 1297 977 1325 112
992 1299 1040 1332 1¹⁸3.)

575 1235 937 1270 Sainte-Marie-MaJ'cure,
954 1235 987 1263 23
1003 1235 1106 1262 fevi-ier
1128 1235 1204 1262 1289.

309 1402 428 1432 Dileclis
452 1401 524 1438 filiis
550 1422 571 1430 ..
599 1401 794 1430 Tor-uacensis
816 1405 842 1429 et
867 1421 887 1428 ..
912 1399 1137 1436 Curtracensis,
1166 1401 1280 1430 Torna-

270 1457 365 1485 censis
397 1455 537 1490 diocesis,
564 1454 759 1483 ecclesiarum
787 1453 925 1487 decanis,
954 1462 989 1483 ac
1018 1476 1037 1482 ..
1063 1454 1278 1484 archidiacono

270 1509 429 1547 Haynonz'e
445 1509 480 1536 in
496 1508 617 1537 ecclesia
634 1506 855 1536 Cameracensi.
875 1519 887 1531 «
906 1505 1040 1536 Dudum
1056 1505 1158 1536 felicis
1172 1515 1278 1537 recor-

269 1561 408 1591 dationis
430 1560 576 1590 Johanni
599 1568 678 1598 pape
690 1582 698 1595 ,
717 1559 932 1597 predecessori
950 1564 1078 1596 nostro,
1097 1563 1175 1595 etc.,
1195 1560 1279 1590 utin

269 1615 416 1654 proxima
448 1613 628 1652 superiori,
658 1622 760 1651 usque
789 1612 828 1642 de
855 1612 959 1651 gratia
994 1613 1120 1651 spetiali
1154 1613 1279 1644 dilectis

269 1668 347 1700 filiis
377 1691 399 1699 ..
430 1667 541 1697 abbate
570 1666 756 1696 monasterii
788 1666 827 1696 de
860 1665 1028 1702 Valcellis‚
1059 1666 1279 1697 Cisterciensis

270 1721 407 1756 ordinis,
438 1720 679 1751 Cameracensis
707 1719 859 1756 diocesis,
886 1719 1094 1750 Johanne'de
1113 1720 1276 1757 Brueriis,

269 1775 409 1811 decano,
430 1778 506 1803 tunc
522 1777 650 1803 cantore
662 1796 670 1809 ‚
689 1776 719 1802 et
735 1773 899 1811 quondam
917 1773 1070 1810 magistro
1089 1773 1216 1803 Renero
1239 1774 1278 1804 de

268 1828 433 1863 Passiaco‚
450 1827 605 1856 canonico
620 1826 862 1861 Cameracensi,
880 1835 936 1864 per
957 1826 1095 1856 eundem
1113 1827 1278 1865 predeces-

268 1889 374 1914 sorem
400 1889 497 1919 super
525 1879 705 1917 colligenda
734 1879 876 1918 predicta
905 1879 1030 1909 decima
1056 1879 1277 1911 collectoribus

267 1933 439 1973 deputatis.
459 1933 578 1963 Verum
595 1932 647 1971 pie
662 1933 817 1962 memorie
834 1933 996 1962 Honorius
1012 1941 1091 1971 papa
1104 1933 1189 1970 lIlI,
1207 1943 1276 1972 pre-

267 1988 412 2018 decessor
438 1991 563 2023 noster‚
588 1985 670 2015 scire
693 1985 802 2015 volens
825 1986 1038 2024 quantitatem
1065 1987 1199 2025 pecunie
1222 1996 1277 2026 per

267 2040 394 2070 eosdem
421 2039 604 2069 collectores
630 2039 795 2068 collectam
820 2043 850 2068 et
877 2040 973 2069 etiam
998 2039 1210 2077 colligendam
1237 2040 1276 2070 de

266 2094 389 2124 decima
400 2092 595 2130 supradicta,
609 2092 684 2127 tibi,
702 2092 820 2122 decane
837 2092 1057 2122 Curti-ricensis
1069 2093 1218 2130 ecclesie,
1239 2102 1276 2123 ac

265 2147 417 2184 magistro
435 2145 593 2175 Franconi
611 2146 650 2175 de
671 2146 788 2184 Wega,
806 2146 962 2176 canonico
980 2146 1223 2183 Cameracensi,
1244 2152 1275 2178 et

265 2200 429 2239 quondam
445 2200 597 2237 magistro
615 2199 838 2229 Bai-tholomeo
851 2199 890 2228 de
907 2200 1056 2237 Mantua,
1073 2200 1149 2230 olim
1166 2200 1273 2230 archi-

265 2254 400 2283 diacono
425 2253 596 2290 Haynonie
622 2254 653 2281 in
679 2252 811 2282 ecclesia
837 2253 1080 2290 Cameracensi,
1105 2254 1193 2283 dedit
1216 2263 1273 2293 per

265 2316 340 2338 suas
361 2307 481 2336 litteras
505 2307 537 2335 in
564 2306 722 2335 mandatis
743 2306 826 2344 quod
850 2306 1006 2344 predictos
1029 2306 1212 2337 collectores
1237 2316 1273 2337 ex

264 2367 350 2400 parte
369 2370 426 2390 sna
452 2360 613 2399 requirere
637 2360 805 2395 curaretis,
828 2365 861 2389 nt
884 2360 972 2390 vobis
990 2360 1029 2390 de
1053 2365 1114 2391 tota
1137 2361 1272 2400 pecunia

265 2415 419 2455 pe1·''ipsos
432 2414 562 2444 collecta
577 2418 607 2443 et
621 2413 800 2451 colligenda
812 2413 851 2443 de
864 2414 986 2443 decima
1009 2414 1159 2453 prelibata
1179 2424 1271 2445 exac-

265 2473 328 2498 tam
346 2474 375 2497 et
393 2467 568 2506 plenariam
586 2466 755 2496 redderent
772 2468 948 2503 rationem,
967 2471 996 2496 et
1011 2472 1046 2496 ut
1061 2467 1157 2497 etiam
1174 2478 1271 2507 pecu-

263 2522 350 2552 niam
373 2521 474 2559 ipsam
494 2520 659 2550 collectam
677 2526 707 2550 et
725 2521 820 2549 etiam
845 2520 1077 2558 colligendam,
1106 2527 1270 2560 postquam

262 2575 466 2613 collegissent
483 2574 636 2610 eandem,
654 2574 687 2603 in
705 2573 869 2612 aliquibus
885 2575 959 2604 tulis
976 2574 1054 2604 locis
1072 2575 1196 2613 integre
1214 2576 1269 2605 (le-

262 2637 378 2668 ponere
396 2632 620 2666 procurarent,
641 2636 693 2656 eos
709 2627 745 2656 ad
767 2627 799 2657 id
816 2637 871 2665 per
888 2636 1056 2657 censuram
1077 2629 1269 2659 ecclesiasti-

261 2690 348 2716 cam,
365 2680 576 2719 appellatione
593 2687 730 2716 remota,
747 2686 777 2709 et
793 2680 889 2717 alias,
908 2687 1001 2719 prout
1015 2681 1157 2712 videritis
1176 2692 1269 2722 expe-

261 2735 373 2770 diens,
400 2734 630 2772 compellendo.
661 2734 699 2763 Et
732 2734 963 2764 nichilominus
995 2740 1056 2764 tam
1082 2736 1268 2775 hujusmodi

261 2787 388 2817 collecte
404 2789 538 2826 pecunie
554 2797 651 2826 quam
669 2787 765 2817 etiam
783 2788 962 2825 colligende
973 2791 1182 2827 quantitates,
1196 2791 1267 2820 etin

261 2842 378 2880 quibus
388 2841 464 2870 locis
477 2850 528 2870 eas
542 2851 595 2879 per
603 2840 785 2871 collectores
793 2842 920 2871 eosdem
932 2842 1267 2882 deponicontingeret,

261 2899 291 2923 et
305 2895 455 2932 quicquid
473 2894 613 2923 lacerent
629 2895 661 2923 in
685 2895 741 2924 hac
760 2900 860 2933 parte,
874 2895 978 2924 eidem
998 2896 1140 2927 Honorio
1154 2898 1265 2935 prede-

260 2947 376 2978 cessori
406 2956 459 2985 per
486 2952 605 2976 vestras
631 2948 799 2977 studeretis
822 2947 942 2978 litteras
965 2948 1058 2987 plene
1079 2958 1115 2979 ac
1131 2950 1268 2981 fideliter

260 3001 423 3030 iutimare.
451 3001 531 3029 (juin
553 3007 659 3030 antem
677 3006 727 3038 tn,
744 3002 863 3031 decane
883 3002 1121 3040 Curti-acensis,
1144 3009 1174 3034 et
1193 3014 1266 3044 pre-

259 3054 314 3083 l‘ati
331 3054 451 3083 Franco
467 3062 502 3083 ac
521 3053 781 3089 Bai-tholomeus,
799 3054 876 3084 dum
894 3055 1029 3093 viveret,
1050 3057 1147 3087 nimis
1164 3058 1266 3097 negli-

1318 2360 1326 2367 ’
1356 2368 1436 2398 tium
1453 2367 1730 2405 contingentibus,
1745 2366 1784 2396 de
1799 2366 1918 2405 quibus
1938 2366 2087 2404 expedire
2102 2357 2272 2406 putabitis,
2285 2365 2373 2402 dili-⁴

2351 0 2384 29 ,ἁ

1360 454 1486 488 genter,
1502 448 1584 478 sicut
1598 447 1796 486 accepimus,
1811 446 2026 486 processeritis
2041 447 2075 477 in
2093 448 2258 486 premissis
2269 472 2278 486 ,
2294 458 2362 488 nos,

1359 501 1501 532 volentes
1525 510 1580 540 per
1601 504 1703 531 vestre
1727 499 1954 531 sollicitudinis
1978 503 2008 530 et
2031 500 2199 539 diligentie
2223 502 2364 534 studium

1361 555 1441 585 scire
1457 562 1552 593 super
1566 553 1630 584 hiis
1646 552 1774 592 plenius
1787 553 1972 590 veritatem,
1989 553 2175 584 discretioni
2191 558 2293 585 vestre
2309 565 2365 596 per

1360 607 1532 647 apostolica
1545 607 1662 646 scripta
1675 606 1820 636 districte
1834 606 2039 645 precipiendo
2053 607 2244 638 mandamus
2259 613 2364 647 quate-

1361 669 1422 690 nus
1440 660 1596 699 predictos
1612 659 1795 690 collectores
1814 659 1899 698 quod
1918 659 2052 689 reddant
2068 660 2156 690 vohis
2171 660 2211 690 de
2227 661 2365 700 predicta
2416 687 2418 692 .

1361 715 1496 753 pecunia
1509 715 1576 753 jam
1593 713 1723 744 collecta
1740 717 1771 743 et
1786 713 1880 742 etiam
1897 712 2076 751 colligenda
2091 717 2234 744 exactam
2256 717 2287 744 et
2303 713 2364 754 ple-

1361 767 1486 797 nariam
1506 767 1673 803 rationem,
1691 766 1839 806 quodque
1857 770 1952 796 totam
1972 766 2097 797 decime
2115 767 2255 806 predicte
2271 775 2365 806 pecu·
2384 784 2386 789 ·

1360 821 1448 850 niam
1464 830 1520 860 per
1533 829 1585 851 eos
1598 821 1773 859 depositam
1787 820 1826 850 de
1839 819 1916 850 locis
1931 820 1965 849 in
1979 820 2096 859 quihus
2110 829 2180 851 eam
2193 820 2375 860 deposuere

1360 879 1546 905 removeant
1559 880 1590 905 et
1604 875 1707 914 ipsam
1723 883 1759 904 ac
1775 873 1872 904 etiam
1888 873 1983 903 aliam
2000 874 2145 904 noudum
2160 874 2200 904 ab
2215 873 2294 914 ipsis
2309 873 2366 906 de·
2380 887 2388 901 ι

1361 928 1495 967 positam
1508 951 1516 965 ‚
1537 937 1660 958 necnon
1688 933 1718 958 et
1741 927 1911 966 pecuniam
1941 926 2156 965 colligendam
2169 951 2176 964 ,
2196 932 2364 966 postquam

1361 981 1495 1011 eandem
1514 981 1720 1020 collegerint,
1737 980 1826 1011 vobis
1842 980 1892 1010 vel
1911 980 2034 1011 duobus
2050 985 2192 1011 vestrum
2209 981 2366 1020 presenti-

1359 1033 1420 1063 bus
1431 1058 1438 1070 ,
1452 1034 1487 1063 in
1503 1034 1698 1064 Tornacensi
1714 1038 1744 1064 et
1759 1033 1963 1064 Atrebatensi
1980 1033 2121 1064 ecclesiis
2135 1043 2171 1063 ac
2186 1034 2220 1063 in
2236 1042 2366 1078 monas·
2384 1070 2387 1078 ,

1361 1087 1440 1117 terio
1458 1087 1566 1117 Sancti
1586 1087 1718 1117 Vedasti
1730 1087 1947 1123 Atrebatensi,
1967 1087 2006 1117 ad
2020 1095 2187 1117 romanam
2200 1086 2367 1120 ecelesiam

1359 1139 1450 1169 nullo
1482 1138 1605 1170 medio'
1620 1141 1792 1179 pertinenti
1806 1163 1814 1175 ,
1840 1140 1962 1170 ordinis
1990 1140 2022 1170 S.
2062 1140 2250 1177 Benedicti,
2275 1140 2367 1180 equis
2382 1135 2393 1179 ‚¹

1360 1193 1574 1231 portionibus,
1601 1202 1734 1224 romane
1761 1193 1894 1224 ecclesie
1913 1202 1949 1223 ac
1972 1193 2116 1233 ejusdem
2135 1194 2231 1224 Terre
2253 1193 2368 1226 Sancto

1359 1246 1507 1282 nomine,
1524 1246 1711 1276 difficultate
1726 1246 1850 1277 sublata
1865 1246 2021 1286 qualibet,
2038 1255 2111 1276 cum
2122 1246 2305 1285 integritate
2317 1246 2368 1278 de-

1360 1303 1490 1336 ponant.
1519 1299 1734 1338 Depositarios
1762 1308 1889 1339 quoque
1913 1304 1943 1330 et
1967 1300 2095 1338 quosvis
2122 1299 2203 1330 alios
2228 1299 2368 1339 predicte

1359 1351 1496 1389 pecunie
1517 1351 1675 1382 debitores
1696 1353 1736 1382 ad
1757 1352 1988 1383 exhibitionem
2005 1353 2106 1392 ipsius
2127 1361 2183 1392 per
2199 1360 2368 1384 censuram

1360 1405 1605 1443 ecclesiasticam
1619 1429 1627 1443 ‚
1643 1406 1856 1445 appellatione
1881 1407 2071 1446 postposita,
2099 1411 2129 1437 et
2150 1406 2230 1437 alias
2253 1407 2366 1446 etiam,
2384 1431 2386 1434 .

1360 1463 1452 1498 prout
1466 1459 1615 1498 expedire
1628 1459 1787 1496 videritis,
1805 1459 2019 1499 compellatis,
2035 1460 2187 1490 facientes
2202 1460 2240 1490 de
2253 1460 2367 1500 hujus-

1360 1513 1448 1542 modi
1471 1512 1725 1551 depositionibus
1749 1513 1864 1543 confici
1891 1513 2020 1552 publica
2044 1514 2278 1551 instrumenta,
2305 1521 2367 1554 que

1360 1566 1466 1604 nobis,
1485 1565 1618 1596 retentis
1628 1565 1716 1595 vobis
1732 1565 1907 1602 similibus,
1919 1575 1974 1604 per
1990 1565 2118 1596 fidelem
2131 1566 2285 1596 nuntium
2299 1565 2368 1597 des-

1362 1620 1481 1650 tinetis.
1496 1620 1532 1648 Et
1546 1618 1791 1656 nichilominus,
1805 1619 2183 1658 receptoacollectoribus
2196 1619 2274 1659 ipsis
2282 1608 2367 1658 pres-

1362 1674 1416 1703 tito
1433 1671 1639 1711 corporaliter
1658 1672 1859 1710 juramento,
1877 1671 1917 1701 ad
1938 1672 2023 1711 quod
2045 1672 2254 1711 prestandum
2274 1671 2364 1710 illos,
2378 1701 2383 1710 μ

1360 1735 1425 1757 non
1442 1726 1586 1756 obstante
1608 1725 1636 1755 si
1651 1725 1696 1755 eis
1715 1734 1733 1754 a
1753 1725 1825 1755 sede
1848 1725 2018 1765 apostolica
2040 1726 2080 1755 sit
2099 1725 2263 1756 indultum
2282 1725 2366 1765 quod

1360 1778 1649 1816 excommunicari,
1669 1778 1817 1809 interdici
1841 1779 1890 1809 vel
1914 1779 2064 1818 suspendi
2089 1788 2153 1810 non
2174 1779 2297 1818 possint
2311 1788 2366 1820 per

1360 1833 1479 1863 litteras
1494 1832 1679 1871 apostolicas
1696 1840 1759 1862 non
1774 1832 1925 1862 facientes
1941 1832 2069 1871 plenam
2085 1837 2116 1862 et
2131 1841 2313 1871 expressam
2327 1832 2366 1864 de
2383 1855 2386 1859 .

1358 1886 1483 1916 indulto
1499 1885 1685 1925 hujusmodi
1708 1885 1923 1922 mentionem,
1940 1895 1995 1925 per
2013 1894 2067 1915 vos
2091 1885 2194 1915 simili
2217 1885 2365 1918 volumus

1359 1949 1494 1971 censura
1520 1939 1687 1978 compelli,
1714 1943 1872 1978 quantum
1903 1939 1979 1969 dicti
2007 1939 2192 1970 collectores
2221 1941 2365 1979 personis
2381 1968 2385 1970 ,

1358 1994 1424 2023 illis
1443 1993 1558 2032 quibus
1576 1993 1741 2023 interdum
1764 2002 1859 2031 super
1879 1992 2065 2031 hujusmodi
2090 1993 2288 2024 collectionis
2307 2002 2364 2026 ne-

1357 2047 1443 2085 gotio
1460 2046 1542 2076 vices
1559 2054 1631 2076 suas
1643 2070 1650 2083 ,
1670 2045 1720 2076 vel
1738 2045 1772 2075 in
1789 2054 1826 2075 eo
1841 2045 2061 2075 executionem
2077 2046 2220 2085 aliquam
2235 2047 2365 2078 commi-

1357 2105 1484 2138 serunt,
1499 2099 1673 2130 exhibuere
1685 2099 1801 2130 cotidie
1820 2107 1875 2138 pro
1888 2099 2055 2138 expensis,
2073 2108 2175 2139 queve
2197 2099 2258 2130 alia
2277 2108 2363 2132 emo-

1355 2145 1501 2184 lumenta
1526 2153 1641 2183 exinde
1666 2157 1882 2192 provenerunt
1907 2153 2028 2183 eisdem
2054 2156 2084 2183 et
2108 2153 2185 2192 quid
2212 2153 2309 2184 etiam
2333 2157 2383 2189 et„

1356 2212 1511 2247 quantum
1529 2207 1712 2238 collectores
1728 2207 1860 2245 prefati,
1878 2215 1933 2245 pro
1951 2207 2016 2236 suis
2031 2206 2202 2237 cotidianis
2217 2215 2378 2247 recepereae

1355 2261 1534 2300 stipendiis,
1551 2263 1735 2299 quantoque
1752 2265 1893 2299 tempore
1909 2260 1943 2289 in
1962 2259 2149 2299 hujusmodi
2164 2248 2377 2291 collectionis

1355 2315 1457 2345 officio
1473 2317 1730 2352 permanserunt,
1745 2322 1782 2343 ac
1794 2322 1890 2352 super
1903 2313 2053 2343 omnibus
2066 2313 2253 2352 hujusmodi
2269 2321 2364 2353 nego-

1354 2426 1479 2459 genter‚
1507 2420 1679 2459 prudenter
1711 2424 1741 2449 et
1767 2419 1901 2449 sollicite
1928 2419 2114 2458 inquiratis.
2148 2419 2375 2451 Collectorum.

1353 2475 1494 2513 ipsorum
1513 2474 1595 2503 dicta
1611 2482 1666 2503 seu
1684 2473 1906 2512 responsiones
1920 2472 2105 2511 hujusmodi
2122 2473 2290 2511 distincte,
2309 2481 2360 2504 so-

1353 2528 1459 2557 riatim
1478 2532 1508 2557 et
1529 2532 1635 2566 aperte
1653 2526 1688 2556 in
1707 2526 1832 2565 scriptis
1850 2526 1954 2564 redigi
1971 2527 2142 2563 facientes,
2168 2516 2374 2571 quantitates]

1351 2590 1457 2611 antem
1471 2589 1549 2620 quas
1561 2581 1595 2609 in
1612 2580 1759 2619 predictis
1777 2579 1852 2611 locis
1868 2580 1984 2619 deponi
1994 2580 2174 2619 contigerit,
2192 2579 2366 2620 etquando

1351 2644 1386 2665 ac
1405 2635 1500 2664 etiam
1518 2642 1623 2664 coram
1639 2634 1757 2673 quibus
1773 2634 1957 2672 hujusmodi
1975 2633 2130 2672 depositio
2146 2634 2228 2664 facta
2244 2633 2357 2671 fuerit,

1351 2696 1476 2718 necnon
1504 2688 1587 2717 dicta
1613 2692 1643 2717 et
1667 2688 1890 2726 responsiones
1917 2687 2076 2717 dictorum
2101 2686 2304 2717 collectorum
2327 2688 2358 2717 et

1351 2741 1503 2780 quicquid
1519 2741 1658 2770 feceritis
1674 2741 1708 2770 in
1726 2741 1784 2770 hac
1803 2745 1905 2779 parte,
1921 2740 2015 2771 nobis
2032 2748 2086 2780 per
2100 2745 2219 2770 vestras
2234 2739 2357 2770 litteras
2371 2734 2374 2747 '

1351 2795 1466 2824 harum
1492 2794 1608 2824 seriem
1627 2795 1846 2831 continentes,
1866 2794 2019 2824 studeatis
2045 2793 2138 2832 plene
2162 2801 2198 2823 ac
2221 2792 2359 2824 fideliter

1349 2848 1517 2883 intimare,
1534 2847 1578 2876 sic
1597 2856 1651 2877 vos
1667 2848 1698 2876 in
1716 2847 1880 2886 premissis
1895 2847 2046 2878 omnibus
2062 2846 2234 2876 efficaciter
2248 2850 2280 2876 et
2293 2844 2375 2880 sol-2

1350 2901 1436 2931 lit-,ite
1455 2901 1614 2937 habituri,
1636 2906 1669 2930 nt
1687 2906 1790 2931 vestre
1808 2901 1974 2939 diligentie
1994 2900 2136 2930 studium
2156 2899 2273 2930 exinde
2289 2887 2374 2930 nou*

1348 2954 1510 2984 immerito
1530 2955 1805 2985 commendemus.
1829 2954 1921 2991 Quod
1937 2954 1962 2983 si
1983 2962 2047 2984 non
2067 2961 2180 2983 omnes
2195 2956 2274 2991 etc.,
2293 2951 2356 2984 duo
2375 2957 2378 2964 “

1349 3012 1490 3037 vestrum
1509 3012 1567 3037 etc.
1595 3008 1666 3037 Dat.
1686 3008 1802 3044 Rome,
1823 3007 1905 3046 apud
1926 3008 2076 3038 Sanctam
2101 3006 2235 3037 Mariam
2255 3005 2363 3046 Majo-

1348 3069 1429 3098 rem,
1446 3070 1491 3090 vu
1507 3060 1661 3090 kalendas
1678 3061 1802 3096 martii,
1821 3068 1908 3091 anno
1925 3059 2078 3090 secundo.
2097 3071 2111 3086 n
