2342 3652
929 355 1161 394 TROISIEME
1184 356 1341 396 ANNnn.
2126 371 2180 402 511

88 448 108 457 ..
127 426 366 456 Barchinonenst'
383 433 418 454 ac
438 447 459 454 ..
485 420 725 463 Cesaraquscano
746 429 889 465 episcopis
912 429 1092 459 facultatem

87 479 230 510 concedit
251 478 439 508 absolvendi
463 478 595 509 clericos
621 480 677 518 qui
702 481 909 511 interdictum
934 483 968 511 in
995 491 1095 520 regno

88 531 268 569 Aragoniae
288 531 425 569 positum
450 539 515 560 non
540 532 743 562 observantes
766 533 815 563 vel
834 534 928 565 Petro
944 537 1094 573 Aragono

88 585 244 616 auxilium
262 585 448 623 praebentes
469 586 807 616 excommunicationis
826 589 1018 618 sententiam
1041 589 1094 618 in-

87 641 266 669 currerunt.

128 703 142 718 «
173 691 217 720 Ex
243 694 330 729 parte
358 690 492 720 totius...
521 707 560 714 —
592 691 664 721 Dat.
695 692 779 730 apud
812 693 1094 731 Urbemveterem,

87 754 142 775 vm
158 745 231 774 idus
247 744 447 782 septembris,
465 753 551 774 anno
572 745 674 775 tertio.
695 757 707 771 n

121 987 226 1015 Contra
241 995 398 1014 conversos
413 990 441 1013 et
458 995 590 1014 reversos
605 987 638 1014 ad
653 987 796 1021 judaicam
814 987 991 1022 religionem.
1013 987 1093 1020 (Rae.

88 1036 130 1068 45,
147 1043 172 1061 c.
189 1034 251 1066 379,
267 1035 286 1061 f.
302 1034 334 1061 75
351 1040 393 1067 r⁰;
412 1034 531 1066 Pom-n„
548 1034 655 1066 23391.)

588 924 715 956 Orvieto,
733 925 748 952 9
764 925 926 959 septembre
944 926 1021 952 1290.

125 1144 285 1174 Fratribus
304 1144 475 1172 minoribus
498 1143 729 1181 inquisitoribus
744 1144 867 1173 heretice
880 1146 1044 1181 pravitatis
1062 1147 1093 1174 ιή

86 1199 219 1228 Romana
240 1197 401 1235 provintia
428 1206 481 1235 per
501 1198 597 1229 sedem
622 1198 815 1235 apostolicam
842 1199 993 1235 deputatis
1012 1202 1038 1227 et
1062 1200 1094 1227 in

83 1257 236 1290 posterum
255 1252 439 1288 deputandis
454 1250 584 1280 mandat
601 1255 634 1279 ut
649 1254 759 1280 contra
774 1250 845 1280 illos
864 1251 930 1289 qui,
947 1251 985 1280 ad
998 1251 1093 1281 fidem

85 1305 293 1335 christianam
320 1305 484 1340 conversi⁷
509 1304 548 1333 ad
571 1304 734 1342 judaicam
756 1304 946 1341 religionem
975 1305 1093 1334 reversi

85 1358 167 1394 sint,
184 1362 214 1387 et
238 1362 348 1387 eontra
365 1356 436 1387 illos
459 1357 513 1396 qui
535 1366 568 1386 se
590 1356 628 1386 ad
648 1357 744 1386 ritum
765 1357 931 1395 J'udaicum
954 1362 1093 1387 transtu-

86 1410 182 1441 lerint
197 1411 379 1449 procedant.

127 1477 140 1492 α
157 1465 296 1494 Turbato
312 1465 405 1494 corde
421 1464 645 1494 audivimus...
667 1481 704 1486 —
722 1465 791 1494 Dat.
817 1465 899 1503 apud
918 1465 1093 1495 Urbemve—

87 1522 196 1554 terem,
214 1528 233 1547 v
249 1518 320 1548 idus
337 1518 537 1556 septembris,
556 1526 641 1548 anno
658 1518 760 1548 tertio.
781 1530 794 1544 n

157 1698 272 1726 3187

122 1761 230 1787 Electio
246 1760 407 1787 officialium
420 1761 447 1786 in
462 1761 609 1786 communi
620 1761 707 1787 castri
719 1760 816 1790 Sancti
827 1760 940 1795 Elpidii.
956 1760 1035 1792 (ΗΒΕ.
1049 1761 1092 1792 45,

87 1818 112 1836 c.
130 1810 190 1842 380,
208 1811 226 1836 f.
244 1811 276 1837 75
292 1812 344 1842 vo.)

595 1696 722 1731 Orvieto,
735 1698 750 1725 6
764 1698 926 1733 septembre
944 1698 1020 1724 1290.

128 1926 260 1956 Consilio
274 1932 299 1955 et
315 1927 474 1955 commum?
492 1927 586 1954 castri
601 1926 705 1955 Sancti
721 1926 851 1963 Elpidit',
871 1927 1013 1955 Firmane
1029 1927 1094 1954 clio-

87 1981 175 2015 cesis,
193 1979 340 2009 concedit
358 1983 392 2008 ut
409 1983 577 2017 potestates
596 1983 626 2008 et
644 1978 723 2008 alios
741 1978 891 2008 officiales
914 1979 972 2008 sub
988 1987 1095 2008 annuo

85 2037 213 2063 centum
235 2031 392 2062 librarum
409 2033 633 2061 Ravennatum
657 2041 753 2061 censu
774 2041 923 2062 romanae
945 2032 1095 2062 ecclesiae

88 2086 239 2116 solvendo
255 2085 373 2123 eligere
390 2086 522 2124 possint.

127 2151 140 2166 α
159 2139 362 2169 Reducentes
378 2139 416 2168 ad
433 2139 611 2177 benigne...
634 2156 672 2160 —
694 2139 765 2168 Dat.
784 2140 867 2177 apud
885 2140 1093 2169 Urbemvete-

86 2203 165 2229 rem,
182 2203 238 2222 vui
255 2193 327 2223 idus
344 2193 543 2232 septembris,
559 2202 645 2223 anno
662 2193 764 2223 tertio.
786 2205 798 2219 υ

157 2374 278 2402 3188

123 2436 328 2463 Monasteriuin
346 2435 468 2463 Sanctae
492 2435 597 2462 Mariae
620 2436 805 2471 Magdalenae
827 2437 962 2463 Pisanum
981 2444 1095 2462 monas-

88 2487 158 2513 terio
173 2486 208 2512 de
224 2485 403 2512 Fossabaudi
422 2486 530 2512 unitur.
549 2485 632 2518 (Rea.
649 2486 693 2520 45,
709 2495 734 2513 c.
753 2486 812 2519 381,
831 2488 849 2513 f.
867 2487 899 2513 75
914 2488 965 2518 vo.)

668 2373 796 2404 Orvieto,
815 2374 845 2400 *27
863 2375 929 2399 aout
949 2372 1022 2399 1290.

129 2625 148 2630 ..
163 2602 310 2639 priorisse
332 2606 358 2630 et
375 2603 539 2631 conventui
555 2604 737 2631 monasterii
755 2604 788 2632 de
806 2604 990 2632 Fossabaudi
1004 2604 1098 2640 juria

87 2664 192 2684 muros
217 2656 352 2685 civitatis
378 2655 496 2692 Pi’sane,
523 2656 643 2684 ordinis
667 2656 697 2685 S.
723 2657 906 2693 Auyustim',
932 2657 1097 2685 secundum

87 2709 231 2737 instituta
257 2713 282 2737 et
312 2710 366 2737 surb
392 2717 469 2737 cura
494 2710 631 2745 fratrum
654 2710 880 2746 predicatorum
910 2711 1096 2745 viventibus,

89 2761 242 2792 unionem
259 2761 444 2790 monasterii
460 2761 594 2791 Sanctae
612 2762 732 2792 Mariae
749 2762 957 2800 Magdalenae
973 2762 1098 2799 Pisani,

87 2815 210 2846 ordinis
228 2815 260 2845 S.
282 2815 475 2852 Augustini,
493 2815 528 2844 in
550 2823 613 2853 quo
633 2823 720 2845 soror
741 2825 822 2851 nna,
843 2816 993 2854 priorissa
1011 2816 1098 2845 vide-

88 2867 175 2904 lieet,
195 2872 411 2904 remanserat,
434 2869 627 2898 monasterio
654 2868 691 2898 de
717 2869 912 2899 Fossabaudi
934 2878 951 2898 a
975 2870 1026 2905 R„
1049 2878 1097 2898 ar-

88 2921 287 2961 chiepiscopo
305 2921 434 2957 Pisano,
453 2922 568 2951 factam
587 2922 764 2951 confirmat.

128 2987 141 3002 (ι
159 2975 240 3005 Cum
256 2984 274 3004 a
293 2975 421 3005 nobis...
440 2991 479 2996 —
498 2975 566 3004 Dat.
588 2975 672 3013 apud
694 2975 956 3005 Urbemveterem
969 2998 976 3011 ‚
994 2985 1023 3004 VI
1042 2975 1096 3005 ka-

89 3027 200 3058 lendas
219 3028 418 3067 septembris,
436 3035 522 3057 anno
541 3027 644 3057 tertio.
666 3039 678 3054 »

1247 432 1366 460 3189

1212 492 1398 527 Dispensatio
1415 496 1599 522 matrimonii.
1615 496 1699 528 (Rso.
1717 497 1760 526 45.
1776 505 1801 523 e.
1819 497 1879 529 3852,
1896 498 1916 524 f.
1935 498 1966 525 76
1984 500 2032 531 ro.)

1677 434 1804 469 Orvieto,
1822 436 1837 461 5
1852 437 2015 470 septembre
2032 436 2110 464 1290.

1219 603 1238 611 ..
1266 583 1399 620 episcopo
1428 584 1567 614 Urbinatz'
1593 585 1763 614 committit
1787 590 1820 615 ut
1844 595 1915 616 cum
1939 587 2084 628 Daniele,
2110 591 2184 619 nato

1177 633 1339 671 quondam
1351 635 1533 672 Bonamati,
1545 637 1838 678 etCarsidina(ssc),
1851 643 1924 669 nata
1935 640 2049 670 nobilis
2059 641 2117 670 viri
2128 641 2184 671 Or-

1177 685 1304 724 delapti,
1323 687 1446 717 civibus
1462 689 1684 727 Urbinatibus‚
1702 691 1865 729 dispenset
1881 697 1914 722 ut
1927 693 1960 721 in
1977 693 2184 724 matrimonio

1177 739 1261 776 quod
1279 739 1369 782 olim,
1387 741 1426 770 ad
1442 742 1598 772 sedandas
1615 743 1804 785 inimicitias
1819 745 1902 774 inter
1915 747 2181 786 consanguineos,

1177 791 1360 827 ignorantes
1377 793 1646 831 impedimentum
1662 804 1742 832 esse,
1759 801 1998 835 contraxerunt,
2016 808 2183 830 remane-re

1178 843 1319 879 valeant,
1342 854 1527 885 quanquam
1544 848 1707 885 quondam
1728 849 1879 887 Himilia,
1899 851 2020 881 dudum
2038 852 2182 882 Danielis

1178 905 1266 933 uxor,
1277 897 1466 929 Garsidinae
1477 899 1543 938 (sic)
1555 905 1667 938 quarto
1682 903 1972 948 consanguinitatis
1988 905 2090 942 gradu
2104 914 2181 935 con-

1173 955 1284 988 juncta
1302 956 1377 981 erat.

1219 1016 1232 1030 «
1256 1004 1372 1034 Petitio
1397 1005 1503 1035 dilecti
1524 1006 1621 1036 filii...
1640 1025 1676 1029 -—
1703 1008 1772 1037 Dat.
1794 1009 1877 1047 apud
1900 1010 2179 1047 Urbemveterem,

1177 1058 1270 1086 nonis
1287 1059 1486 1096 septembris,
1503 1067 1589 1090 anno
1606 1061 1707 1090 tertio.
1729 1070 1744 1090 ιι

1247 1203 1368 1232 3190
1678 1206 1805 1240 Orvieto,
1823 1207 1838 1234 6
1854 1207 2016 1241 septembre
2034 1207 2111 1235 1290.

1213 1265 1397 1299 Dispensatio
1413 1275 1501 1301 super
1515 1268 1673 1301 pluralitate
1690 1268 1904 1295 beneficiorum.
1918 1269 2000 1302 (Rau.
2018 1271 2062 1301 45,
2080 1278 2105 1296 c.
2122 1270 2181 1301 383,

1176 1315 1195 1339 f.
1214 1314 1246 1340 76
1263 1315 1308 1348 ΡΨ)

1224 1411 1351 1445 Villano,
1367 1412 1493 1448 plebano
1507 1413 1600 1449 plebis
1616 1414 1650 1442 tle
1666 1414 1806 1449 Limone,
1827 1414 1931 1443 l’isane
1947 1414 2081 1443 diocesis.
2102 1413 2182 1443 Cum

1176 1472 1212 1493 eo
1235 1464 1397 1502 dispensat
1425 1469 1459 1494 nt
1484 1471 1606 1503 praeter
1631 1466 1833 1504 plebanatum
1863 1466 1961 1505 plebis
1985 1467 2024 1496 de
2049 1467 2184 1497 Linione

1176 1516 1264 1546 aliud
1280 1517 1532 1547 ecclesiasticum
1549 1519 1741 1549 beneficium
1758 1522 1917 1558 suscipere
1934 1520 2041 1558 possit.

1218 1582 1231 1597 ι
1251 1571 1373 1600 Meritis
1397 1575 1450 1601 tue
1472 1572 1687 1603 devotionis...
1708 1589 1748 1594 —
1771 1573 1841 1602 Dat.
1868 1574 1950 1612 apud
1971 1573 2182 1604 Urbemvete-

1176 1632 1256 1661 rem,
1274 1633 1329 1652 v111
1348 1624 1419 1653 idus
1438 1625 1641 1662 septembris,
1659 1634 1744 1656 anno
1761 1626 1863 1656 tertio.
1887 1638 1900 1652 1>

1247 1770 1361 1798 3191
1757 1771 1884 1805 Orvieto,
1900 1771 1934 1798 23
1950 1773 2017 1798 aout
2035 1772 2110 1799 1290.

1212 1832 1345 1858 Facultas
1361 1832 1527 1859 absolvendi
1544 1842 1559 1859 a
1574 1834 1722 1860 canonicis
1737 1836 1890 1861 sententiis
1905 1834 1988 1861 (Rae.
2006 1835 2049 1866 45,
2067 1843 2092 1861 c.
2110 1834 2181 1868 383²,

1176 1881 1194 1907 f.
1213 1881 1246 1908 76
1266 1882 1314 1914 νο.)

1220 2007 1238 2013 ..
1257 1985 1366 2014 decano
1387 1986 1496 2021 capelle
1512 1987 1597 2015 ducis
1617 1987 1790 2023 Burgundio
1813 1987 1846 2014 de
1865 1987 2004 2023 Divinae,
2024 1988 2063 2016 ad
2078 1995 2184 2016 roma-

1178 2046 1250 2066 nam
1262 2037 1414 2067 ecclesiam
1428 2039 1512 2067 nullo
1527 2040 1624 2068 medio
1637 2040 1827 2077 pertinentis,
1842 2040 2037 2077 Linyonensis
2047 2040 2181 2076 diocesis,

1176 2090 1358 2120 facultatem
1375 2091 1519 2120 concedit
1536 2091 1722 2121 absolvendi
1738 2091 1869 2122 clericos
1884 2092 2029 2129 ejusdem
2046 2091 2185 2130 capellae

1177 2144 1216 2173 ab
1237 2144 1577 2174 excommunicationis
1600 2145 1758 2174 sententia
1778 2154 1874 2183 quam
1896 2154 1950 2184 pro
1971 2145 2111 2175 violenta
2131 2145 2184 2174 in-

1174 2197 1314 2235 Jectione
1329 2206 1485 2227 manuum
1504 2198 1536 2226 in
1556 2206 1707 2236 personas
1725 2198 1954 2228 ecclesiasticas
1972 2198 2183 2228 incurrerint.

1219 2262 1233 2277 «
1263 2251 1307 2280 Ut
1332 2259 1368 2280 eo
1393 2251 1597 2288 gratiosior...
1628 2268 1665 2273 --
1694 2252 1764 2281 Dat.
1793 2252 1877 2290 apud
1908 2252 2184 2287 Urbemveterem,

1177 2313 1195 2333 x
1209 2303 1362 2333 kalendas
1377 2304 1578 2342 septembris,
1595 2313 1680 2334 anno
1697 2305 1799 2335 tertio.
1820 2317 1833 2331 »

1249 2449 1365 2476 3192

1215 2510 1254 2537 Ut
1272 2510 1421 2538 «Iohannes
1441 2512 1475 2537 ‹le
1499 2511 1598 2545 Ligni‚
1624 2513 1783 2539 monachus
1799 2512 1897 2539 Sancti
1917 2512 2050 2539 Andreae
2070 2513 2098 2539 in
2116 2512 2185 2539 Cas—

1179 2559 1254 2593 tello,
1272 2567 1341 2585 suae
1356 2560 1446 2586 famae
1463 2561 1638 2587 restituatur.
1659 2560 1740 2593 (Rea.
1758 2561 1802 2593 45,
1819 2570 1844 2588 c.
1861 2562 1922 2595 384,
1939 2561 1960 2590 f.
1976 2561 2008 2588 76
2025 2562 2073 2594 1‘0.)

1759 2450 1884 2481 Orvieto,
1904 2450 1935 2477 ‘23
1952 2451 2019 2477 aont
2036 2450 2113 2477 1290.

1223 2678 1241 2684 ..
1262 2654 1361 2683 abbati
1377 2657 1557 2684 monasteris
1576 2656 1680 2685 Sancti
1696 2657 1820 2686 Auberti
1837 2656 2069 2686 Cameracensis.
2092 2668 2105 2683 <a
2126 2657 2185 2686 Pe-

1182 2709 1248 2738 titio
1269 2707 1376 2738 dilecti
1395 2709 1453 2738 filii
1468 2709 1631 2739 Johannis
1651 2710 1690 2739 de
1706 2711 1815 2748 Ligni,
1834 2710 1985 2740 monachi
2002 2711 2187 2740 monasterii

1181 2761 1290 2791 Sancti
1306 2761 1433 2791 Andree
1446 2762 1480 2790 in
1497 2761 1643 2798 Castello,
1659 2763 1779 2792 ordinis
1796 2763 1827 2792 S.
1847 2763 2022 2798 Benedicti,
2041 2763 2186 2793 Camera-

1181 2814 1284 2843 censis
1304 2814 1457 2851 diocesis}
1483 2815 1575 2845 nobis
1596 2816 1737 2845 exhibita
1756 2816 1939 2846 continebat
1960 2817 2044 2855 quod
2065 2816 2188 2846 dudum

1182 2868 1319 2906 quedam
1357 2867 1460 2898 littere
1496 2869 1636 2899 confecte
1670 2870 1817 2906 fuerunt,
1851 2870 2043 2900 venerabilis
2080 2870 2188 2900 fratris

1182 2922 1281 2950 nostri
1308 2944 1326 2950 ..
1352 2922 1490 2960 episcopi
1507 2922 1749 2953 Cameracensis
1766 2927 1794 2952 et
1817 2924 1885 2962 ejus
1906 2923 2050 2954 officialis
2072 2923 2187 2962 sigillis

1182 2976 1317 3011 signate,
1334 2974 1367 3002 in
1384 2975 1500 3013 quibus
1516 2976 1600 3005 inter
1615 2976 1693 3006 alias
1711 2977 1900 3006 narrabatur
1916 2986 1949 3006 se
1966 2978 2187 3015 recognovisse

1183 3027 1216 3056 in
1231 3027 1351 3065 judicio
1366 3036 1472 3057 coram
1489 3028 1533 3058 eis
1546 3033 1655 3059 contra
1668 3052 1688 3060 ..
1705 3030 1851 3060 abbatem
1863 3039 1958 3060 suum
1969 3030 2188 3070 calumpniose
