2342 3652
924 360 1152 400 DEUXIEME
1174 359 1332 398 ANNEE.
2115 378 2166 407 251

154 436 272 466 ¹18⁰
341 435 700 470 Sainte-Marie-Majeure,
720 435 748 462 11
767 435 917 462 decembre
936 436 1012 462 1289.

116 499 159 526 De
173 498 272 525 eodem
288 498 413 532 negotio.
432 497 515 531 (ΒΕΘ.
535 497 582 531 44,
605 506 630 523 c.
649 497 725 528 363³,
743 497 762 523 f.
783 497 830 524 186
851 504 890 530 ro,
913 506 948 523 en
966 498 1086 531 merge.)

120 601 258 631 Nicotaus
282 605 336 629 etc.
361 599 530 629 Venerabili
552 599 647 635 fratri
665 599 768 634 Petro,
789 599 921 635 episcopo
937 599 1083 635 Siquino,

82 655 228 686 collectori
243 653 353 682 decime
372 654 405 682 in
421 652 604 689 patrimonii
617 652 693 680 beati
709 651 792 680 Petri
808 652 840 680 in
859 652 975 686 Tuscia,
993 651 1084 680 [luca-

85 713 130 739 tus
145 707 312 746 spoletani,
333 706 516 742 Campanie,
533 705 685 733 Maritime
702 703 890 741 Sabinneque
907 704 1084 741 provintiis,

82 770 194 792 necnon
221 761 254 789 in
272 760 416 794 Reatina,
444 758 689 795 Interampnensi
715 762 741 785 el
769 757 929 786 Tiburtina
947 756 1085 785 ciuitati—

82 815 144 851 bus,
163 822 328 851 earumque
345 811 528 848 diocesibus,
545 820 579 840 ac
603 812 632 839 in
655 811 782 839 abbatiis
803 809 979 839 Sublacensi
997 814 1086 846 atque

83 867 234 904 Farsensi,
258 870 283 894 et
309 866 382 895 aliis
408 864 736 901 circumadjacentibus
761 863 852 892 terris
877 866 901 890 et
931 862 1011 897 locis,
1035 870 1084 890 ea>-

84 926 131 951 1ra
156 928 283 956 reqnum
305 919 408 948 Sicilie
430 916 618 952 constitutis,
643 916 761 945 civitate
789 916 945 950 Romana,
971 923 1085 944 necnon

83 972 254 1003 civitatibus
284 979 353 1000 cum
380 971 542 999 diocesibus
571 978 679 998 earum
705 970 815 1006 quibus
841 977 955 1006 preesse
983 968 1085 996 cardi-

82 1027 162 1057 nalis
183 1026 336 1062 episcopus
354 1023 507 1054 consueuit
524 1024 667 1060 exceptis,
682 1031 738 1059 pro
762 1022 878 1059 negotio
902 1022 988 1058 reqni
1005 1021 1085 1050 Sici-

83 1080 120 1110 lie
146 1079 300 1116 deputate,
327 1078 455 1106 salutem
482 1081 534 1106 etc.
565 1088 579 1103 «
616 1076 698 1106 Cum
726 1075 829 1104 felicis
858 1074 1085 1104 recordationis

81 1130 242 1163 Honorius
269 1139 347 1169 papa
374 1139 437 1166 1111,
456 1129 659 1169 predecessor
683 1132 805 1165 noster,
829 1127 983 1167 quasdam
1007 1127 1086 1158 olim

79 1185 114 1216 in
145 1183 272 1222 negotio
307 1183 429 1213 decime
465 1183 503 1212 de
537 1182 742 1221 proventibus
780 1181 1001 1211 ecclesiasticis
1029 1190 1086 1220 per

80 1237 204 1268 Italiam
235 1241 322 1266 extra
355 1245 493 1274 regnum
525 1235 636 1266 Sicilie
669 1236 703 1265 111
733 1235 913 1264 subsidium
943 1234 1086 1272 ejusdem

78 1290 170 1329 regni
191 1290 313 1320 dudum
335 1290 375 1319 ab
395 1289 567 1328 apostolica
591 1289 665 1318 sede
685 1297 834 1318 concesse
857 1287 1086 1318 declarationes

54 1375 58 1378 ,
80 1343 227 1381 ediderit,
253 1351 390 1382 nosque,
413 1343 453 1373 ad
478 1343 581 1372 instar
608 1342 839 1381 predecessoris
865 1341 1023 1380 ejusdem,
1050 1341 1085 1370 in

79 1397 205 1436 negotio
225 1397 347 1427 decime
367 1405 423 1435 per
447 1405 503 1426 nos
520 1404 622 1434 nuper
641 1395 675 1424 in
693 1395 793 1433 ipsius
812 1394 905 1424 Italic
923 1394 1084 1432 partibus,

80 1455 165 1482 extra
181 1451 301 1481 dictum
319 1459 473 1488 regnum,
491 1458 548 1488 pro
567 1449 710 1488 ejusdem
729 1449 821 1486 regni
841 1448 966 1486 negotio
985 1447 1084 1486 depu-

79 1507 156 1540 tate,
172 1503 206 1533 in
231 1501 288 1533 suo
310 1503 422 1533 robore
445 1512 576 1532 manere
593 1511 629 1532 ac
647 1502 766 1532 servari
786 1501 923 1531 velimus
941 1501 1085 1536 easdem,

79 1565 148 1587 ecce
161 1556 232 1586 illas
245 1556 285 1586 ad
298 1556 546 1586 instructionem
564 1561 651 1585 tuam
667 1555 799 1584 fecimus
816 1554 1017 1593 presentibus
1031 1563 1088 1583 an-

79 1610 188 1641 notari.
219 1610 288 1646 Que
315 1609 393 1639 tales
420 1613 505 1639 sunt.
538 1609 585 1639 De
607 1602 791 1638 ‘redditibus
820 1612 851 1638 et
879 1607 1087 1646 proventibus

79 1663 289 1703 leprosorum,
303 1662 471 1692 domorum
489 1663 548 1692 Dei
565 1667 595 1692 et
610 1661 817 1700 hospitalium
835 1669 1009 1699 pauperum
1027 1664 1084 1690 etc.

79 1720 114 1747 ut
134 1725 228 1756 supra
248 1716 284 1745 in
308 1715 418 1746 eodem
438 1715 591 1754 capitulo,
618 1724 733 1754 usque.
758 1715 830 1744 Dat.
859 1715 975 1751 Rome,
1002 1714 1086 1752 apud

80 1770 226 1801 Sanctam
257 1770 394 1799 Mariam
421 1770 589 1809 MaJ'orem,
618 1779 654 1799 111
685 1768 758 1798 idus
783 1768 975 1803 decembris,
1001 1776 1087 1798 anno

79 1824 227 1855 secundo.
253 1835 266 1850 n

151 2023 266 2052 1181

112 2085 254 2113 Redditus
268 2085 408 2113 Reatinae
423 2087 562 2113 ecclesiae
577 2095 593 2112 a
605 2094 673 2120 rege
687 2085 799 2112 Siciliae
811 2085 987 2112 conceditur.
1001 2085 1083 2118 (Res.

79 2134 126 2166 44.
142 2143 168 2163 c.
184 2135 251 2168 364,
268 2135 287 2162 f.
307 2135 354 2162 187
372 2142 412 2169 ro,
431 2135 548 2169 Poma,
567 2135 675 2168 23039.)

710 2022 802 2056 Rieti,
821 2023 836 2050 9
851 2024 919 2049 aout
938 2022 1013 2050 1289.

123 2245 290 2274 Venerabili
304 2245 398 2281 fratri
416 2267 436 2273 ..
453 2244 584 2283 episcopo
600 2249 626 2273 et
641 2245 757 2273 dilectis
772 2244 846 2281 filiis
862 2243 991 2282 capitulo
1007 2243 1085 2273 Rea-

81 2297 152 2327 tinis
165 2297 335 2327 confirmat
349 2297 472 2328 litteras
488 2297 606 2336 quibus
621 2297 670 2333 (3.τ
684 2306 737 2326 rex
755 2297 895 2334 Siciliae,
908 2297 947 2327 ad
964 2306 1084 2327 memo-

78 2350 160 2380 riam
188 2359 264 2381 suae
291 2351 326 2380 in
357 2350 490 2381 ecclesia
517 2351 653 2380 Reatina
679 2351 910 2388 coronationis,
939 2360 1085 2381 annuum

78 2403 237 2434 redditum
251 2413 290 2433 xx
305 2404 475 2434 unciarum
489 2404 572 2441 auri,
584 2405 618 2433 in
633 2403 787 2434 Sulmone
802 2404 1042 2443 percipiendum
1056 2409 1086 2434 et

79 2455 162 2487 inter
176 2457 359 2497 episcopum
378 2461 408 2487 et
425 2458 595 2488 canonicos
613 2457 889 2495 distribuendum,
906 2458 1084 2494 concessit3

79 2511 109 2540 et
124 2509 203 2540 alias
219 2510 336 2549 quibus
354 2533 373 2541 ..
392 2513 512 2541 secreto
530 2511 659 2549 Aprutii
677 2515 707 2540 et
724 2510 852 2540 ballivis
870 2511 935 2540 suis
954 2511 992 2540 de
1011 2511 1084 2540 Sul-

79 2570 172 2593 mone
195 2563 325 2593 mandat
346 2563 544 2602 praedictum
565 2563 725 2594 redditum
738 2587 746 2602 ,
762 2564 857 2593 annis
876 2564 1029 2602 singulis,
1050 2563 1085 2593 in

79 2615 286 2647 Ascensionis
301 2616 435 2646 Domini
454 2617 548 2652 festo,
567 2616 713 2656 episcopo
734 2621 764 2647 et
785 2616 923 2655 capitulo
939 2616 1086 2646 Reatinis

78 2669 266 2708 persolvere.
282 2670 407 2700 Harum
422 2669 605 2700 litterarum
621 2673 712 2700 tenor
726 2670 781 2700 hic
796 2674 843 2700 est
861 2679 867 2700 :

118 2734 132 2750 α
156 2721 289 2753 Carolus
312 2723 488 2759 secundm,
504 2723 565 2753 Dei
584 2723 702 2761 gratia,
720 2732 775 2753 rex
790 2723 986 2761 Jerusalem,
1005 2722 1085 2753 Sici-

80 2785 95 2802 ·
117 2775 176 2814 lie,
198 2776 331 2807 ducatus
352 2776 470 2815 Apulie
495 2780 525 2806 et
560 2777 757 2815 principatus
782 2776 906 2816 Capue,
939 2776 1086 2815 princeps

81 2839 95 2854 ι
117 2828 260 2868 Achaye,
273 2830 468 2868 Andegavie,
481 2829 652 2859 Provincie
667 2833 698 2859 et
709 2829 952 2868 Forchalquerii
968 2837 1084 2859 comes.

81 2892 96 2909 ι
118 2881 239 2913 Tenere
268 2883 505 2922 presentium...
525 2900 563 2904 -—
584 2883 656 2912 Dat.
683 2883 819 2921 Aquile,
843 2891 929 2912 anno
955 2881 1086 2912 Domini

81 2945 96 2962 2
118 2935 202 2966 MCC
217 2937 434 2974 octuagesimo
452 2944 550 2972 nono,
568 2944 679 2965 meuse
692 2936 958 2974 junii,'vicesim0
974 2938 1087 2974 quarto

81 2999 96 3016 ι
119 2989 278 3028 ejusdem,
302 2989 442 3019 secunde
468 2988 675 3025 indictionis,
702 2997 878 3027 regnorum
905 2992 1086 3018 nostrorum

81 3052 96 3068 n
118 3049 203 3073 anno
219 3042 343 3081 quinto.
366 3053 379 3069 ι»

1209 447 1222 461 α
1247 434 1379 465 Carolus
1398 437 1568 474 secundus,
1583 438 1642 468 Dei
1654 439 1765 476 gratia,
1778 447 1831 468 rex
1847 439 2038 476 Jerusalem,
2050 441 2169 479 Sicilie,

1168 498 1183 513 »
1206 487 1337 517 ducatus
1352 489 1466 527 Apulie
1483 494 1512 519 et
1528 490 1723 529 principatus
1735 491 1852 529 Capue,
1866 492 2012 531 princeps
2026 493 2168 532 Achaye.

1169 551 1182 566 »
1206 539 1403 578 Andegavie,
1418 542 1580 573 Provintie
1593 548 1622 573 et
1634 543 1873 582 Forchalquerii
1888 553 2002 581 comes,
2017 568 2037 577 ..
2052 552 2171 577 secreto

1170 604 1183 618 n
1208 593 1337 631 Aprutii
1362 602 1398 623 ac
1421 594 1535 632 bajulis
1560 596 1696 625 civitatis
1717 596 1954 634 Sulmonensis,
1972 600 2172 637 presentibus

1171 656 1184 671 r>
1210 649 1240 674 et
1256 645 1373 675 suturis
1385 670 1393 684 ,
1410 647 1558 677 fidelibus
1576 649 1660 685 suis,
1678 650 1811 686 gratiam
1829 659 1920 680 suam
1937 656 1965 680 et
1984 651 2101 681 bonam
2118 661 2171 682 vo-

1169 709 1184 724 »
1207 697 1373 728 luntatem.
1394 699 1637 738 Progenitorum
1658 705 1876 732 nostrorum...
1894 721 1932 724 —
1947 704 2017 733 Dat.
2035 704 2169 743 Aquile,

1168 761 1181 777 ι
1208 759 1294 781 anno
1325 752 1453 782 Domini
1484 753 1813 790 MCCLXXXVIIII,
1844 765 1953 786 mense
1978 757 2085 795 junii,
2120 758 2172 787 die

1170 814 1183 828 n
1208 803 1362 832 vicesimo
1381 809 1492 842 quarto
1508 806 1649 843 ejusdem
1660 828 1667 841 ,
1685 807 1821 836 secunde
1837 807 2039 845 indictionis,
2056 818 2172 847 regno-

1170 867 1183 882 »
1208 865 1280 885 rum
1297 860 1477 886 nostrorum
1493 866 1578 887 anno
1594 859 1718 896 quinto.
1741 870 1754 884 »

1210 920 1223 935 «
1248 909 1336 938 Inter
1358 918 1394 938 ea
1412 919 1510 948 que...
1527 927 1566 932 —
1582 911 1652 940 Dat.
1674 911 1786 947 Reate,
1804 912 1910 942 vidus
1927 915 2070 951 augusti,
2088 924 2173 946 anno

1169 961 1320 991 secundo.
1343 974 1356 988 n

1242 1134 1356 1162 1182
1779 1134 1869 1166 Rieti,
1895 1136 1929 1161 ler
1943 1137 2010 1163 aout
2028 1137 2104 1163 1289.

1203 1195 1390 1230 Dispensatic
1420 1204 1508 1231 super
1536 1196 1649 1223 defectu
1679 1197 1826 1224 natalium.
1857 1198 1939 1231 (Rae.
1972 1199 2017 1231 44,
2049 1208 2075 1226 c.
2107 1200 2173 1232 365,

1169 1246 1188 1272 f.
1207 1245 1256 1272 187
1273 1248 1326 1277 vv.)

1209 1349 1352 1387 Mayistro
1365 1349 1487 1377 Nicolao
1501 1349 1534 1377 (le
1553 1349 1663 1385 Welles,
1675 1350 1819 1379 cationico
1835 1350 1948 1379 ecclesie
1961 1349 2173 1388 Snuvellensis,

1169 1403 1362 1431 Eboraeensis
1380 1403 1520 1438 diocesis,
1543 1411 1680 1441 quocum
1700 1403 1768 1440 J‘am
1789 1402 1866 1432 olim
1886 1403 2105 1442 dispensatum
2129 1409 2176 1434 est

1154 1460 1215 1491 rut,
1227 1464 1292 1484 non
1307 1455 1452 1485 obstante
1467 1455 1590 1485 defectu
1609 1455 1764 1485 natalium
1778 1465 1875 1494 quem
1890 1457 2018 1494 patitur,
2040 1467 2056 1487 e
2072 1457 2174 1488 soluto

1169 1509 1298 1547 genitus
1327 1513 1356 1538 et
1385 1508 1486 1539 soluta
1497 1532 1505 1546 ‚
1530 1509 1724 1539 beneficium
1755 1509 2004 1540 ecclesiasticum
2033 1511 2175 1550 accipere

1168 1566 1287 1601 posset,
1306 1571 1417 1592 rursus
1441 1562 1587 1600 indulget
1607 1567 1640 1592 ut
1668 1568 1873 1601 personatum
1894 1563 1945 1593 vel
1965 1564 2173 1602 dignitatem,

1170 1616 1265 1646 etiam
1282 1624 1392 1645 curam
1408 1617 1589 1645 animarum
1606 1616 1776 1652 habentes,
1792 1617 1935 1655 accipere
1952 1617 2065 1647 valeat.

1210 1680 1225 1696 «
1243 1669 1287 1698 Ex
1304 1673 1392 1707 parte
1410 1673 1499 1699 tua...
1514 1686 1551 1691 --
1567 1669 1638 1698 Dat.
1654 1669 1763 1707 Reate,
1777 1669 1922 1699 kalendis
1935 1671 2072 1708 augusti,
2090 1679 2174 1700 anno

1169 1723 1320 1753 secundo.
1342 1732 1357 1751 )>

1244 1897 1264 1924 1
1277 1896 1363 1925 183
1806 1895 1899 1928 Rieti,
1911 1895 1926 1921 2
1943 1896 2010 1922 aont
2028 1895 2104 1922 1289.

1203 1959 1414 1994 Indulgentiae.
1432 1958 1516 1991 (Risu.
1535 1958 1583 1988 44,
1601 1966 1624 1984 c.
1650 1957 1710 1989 366,
1727 1958 1747 1984 f.
1768 1957 1813 1985 187
1831 1964 1875 1989 v⁰;
1892 1957 1958 1983 LAP.
1976 1966 2011 1984 nu
2026 1956 2121 1988 Teati,
2138 1956 2174 1988 ΙΙ,

1167 2009 1243 2041 214.)

1210 2133 1230 2140 ..
1245 2111 1348 2148 priori
1363 2114 1388 2138 et
1405 2110 1567 2138 conventui
1584 2109 1764 2137 monasterii
1781 2108 1885 2137 Sancti
1900 2108 1981 2137 Petri
1997 2107 2032 2136 de
2043 2108 2174 2142 Roman,

1165 2173 1219 2203 per
1238 2165 1375 2203 priorem
1395 2163 1479 2192 soliti
1498 2163 1685 2199 gubernari,
1703 2161 1821 2190 ordinis
1836 2160 1865 2189 S.
1884 2160 2043 2196 Benedicti,
2064 2160 2175 2198 Vapin-

1118 2232 1121 2233 ⁷
1168 2219 1262 2248 censis
1284 2218 1418 2246 diocesis.
1444 2215 1687 2253 Indulgentiam
1714 2214 1813 2244 unius
1837 2214 1915 2243 anni
1938 2218 1968 2243 et
1989 2223 2026 2242 XL
2051 2213 2176 2243 dierum

1168 2270 1312 2301 concedit
1336 2269 1542 2299 visitantibus
1567 2267 1733 2299 ecclesiam
1759 2267 1890 2306 praefati
1914 2265 2118 2302 monasterii,
2140 2266 2175 2294 in

1168 2324 1306 2362 singulis
1320 2324 1430 2354 beatae
1445 2322 1565 2352 Mariae
1581 2325 1612 2352 et
1627 2322 1657 2351 S.
1676 2321 1764 2351 Petri
1782 2320 1930 2360 apostoli,
1944 2321 1978 2349 in
2001 2320 2092 2357 cujus
2115 2319 2174 2349 ho-

1168 2386 1280 2408 norem
1306 2375 1417 2406 eadem
1439 2375 1570 2406 ecclesia
1589 2378 1767 2405 constructa
1783 2378 1843 2409 est,
1861 2372 2101 2407 festivitatibus,
2120 2380 2174 2410 per

1167 2434 1234 2461 octo
1257 2429 1323 2466 dies
1345 2432 1528 2468 sequentes,
1546 2433 1575 2458 et
1596 2428 1630 2457 in
1653 2426 1875 2457 anniversario
1892 2426 1944 2455 die
1963 2423 2171 2455 dedicationis

1167 2483 1312 2523 ejusdem
1328 2482 1491 2513 ecclesiae.

1209 2550 1222 2565 a
1247 2538 1437 2567 Sanctorum
1454 2535 1576 2565 meritis
1590 2534 1740 2565 inclita...
1752 2533 1870 2563 —Dat.
1885 2533 1997 2569 Reate,
2010 2540 2055 2560 1111
2072 2538 2173 2560 nonas

1167 2591 1311 2629 augusti,
1329 2598 1416 2620 anno
1433 2588 1584 2619 secundo.
1606 2599 1618 2615 »

1242 2761 1393 2790 11841
1405 2760 1490 2788 186
1782 2755 1872 2786 Rieti,
1893 2754 1923 2781 1⁶2
1939 2754 2006 2780 aout
2024 2753 2101 2780 1289.

1202 2823 1413 2850 Tabellionatus
1430 2820 1563 2847 officium.
1581 2818 1664 2851 (Res.
1682 2818 1731 2850 44,
1749 2825 1774 2844 c.
1790 2816 1851 2850 367,
1868 2816 1887 2842 f.
1906 2815 1953 2843 187
1971 2816 2021 2847 vu.)

1210 2926 1331 2963 Taffuro
1351 2925 1383 2953 de
1403 2923 1526 2958 Avellz'S,
1545 2922 1604 2950 civi
1623 2920 1786 2958 Capuano,
1802 2917 1946 2948 concedit
1964 2917 2104 2947 officium
2128 2919 2173 2945 ta-

1168 2979 1376 3014 bellionatus,
1398 2976 1436 3006 ad
1458 2974 1542 3014 quod
1563 2983 1581 3004 a
1604 2972 1765 3011 magistris
1789 2971 1969 3008 Matthaeo,
1989 2968 2172 3009 protonobi-

1168 3033 1292 3064 lissimo
1305 3055 1312 3068 ,
1330 3034 1458 3060 cantore
1480 3027 1631 3059 ecclesiae
1652 3025 1873 3060 Carnotensis,
1901 3028 1930 3054 et
1952 3022 2117 3062 Raynerio
2136 3021 2174 3051 de
