2477 3637
279 426 335 457 184
1024 420 1260 451 REGISTRES
1282 421 1336 451 DE
1359 418 1540 451 NICOLAS
1563 419 1619 449 lv.

278 493 352 523 dere
368 501 462 530 super
479 491 538 521 hoc
564 494 693 528 paterna
710 487 927 517 sollicitudine
949 496 1146 517 curaremus.
1171 489 1283 517 Atten-

278 546 388 576 dentes
411 546 516 582 itaque
535 542 617 581 quod
634 541 758 579 expedit
775 540 934 569 calamum
951 544 1108 570 cassatum
1127 549 1189 570 non
1207 549 1281 570 con-

279 598 353 634 teri,
371 602 400 627 et
420 597 454 626 in
475 596 618 625 erasione
642 592 786 631 eruginis
803 601 856 622 vas
878 601 941 622 non
959 592 1078 630 frangi,
1105 592 1282 623 devotionis

279 656 330 681 tue
346 650 491 689 precibus
507 647 660 680 inclinati,
682 646 878 685 presentium
896 646 951 675 tibi
969 647 1152 676 auctoritate
1169 655 1282 677 conce-

276 705 382 734 dimus
399 708 431 732 ut
451 707 481 732 tu
498 710 533 731 ac
548 709 745 731 successores
763 701 818 733 tui.
840 700 983 738 ejusdem
1000 701 1186 730 monasterii
1203 702 1284 738 prio-

278 766 337 791 res,
357 756 412 794 qui
429 759 523 784 erunt
545 763 599 792 pro
617 759 767 792 tempore,
782 762 876 792 super
893 753 1042 791 predictis
1058 753 1192 789 statutiS,
1210 762 1283 783 cum

276 808 450 840 monachos
468 807 656 837 monasterii
674 815 708 836 ac
723 807 842 845 priores
855 811 885 835 et
902 806 1073 835 monachos
1086 806 1282 844 prioratuum

276 863 487 901 predictorum
502 861 703 891 committere
719 860 888 897 contigerit
904 860 936 889 in
954 860 1076 895 eadem,
1091 864 1120 889 et
1133 865 1195 889 tam
1209 868 1282 889 cum

275 915 339 946 illis
366 915 422 954 qui
449 924 483 944 ex
513 914 770 951 transgressione
792 913 978 952 hujusmodi
1006 916 1195 942 statutorum
1223 912 1283 941 ali-

275 978 370 1008 quam
403 967 673 1005 irregularitatem
702 967 874 996 incurrunt
907 965 955 995 vel
981 966 1161 1002 incurrent,
1186 974 1281 1004 quam

275 1023 370 1053 etiam
397 1031 492 1060 super
519 1020 738 1050 observatione
763 1024 953 1049 statutorum
982 1019 1122 1057 ipsorum
1155 1028 1217 1058 que
1245 1019 1283 1048 de

274 1075 449 1107 substantia
467 1074 575 1112 regule
592 1074 734 1112 ejusdem
751 1074 873 1104 ordinis
890 1073 922 1104 S.
944 1073 1106 1103 Benedicti
1124 1081 1187 1102 non
1204 1073 1282 1102 exis-

275 1134 361 1164 tunt,
390 1129 453 1158 nisi
477 1128 509 1157 in
540 1128 648 1157 eadem
678 1127 787 1165 regula
813 1127 998 1165 hujusmodi
1023 1127 1217 1165 dispensatio
1243 1127 1283 1156 sit

274 1182 451 1222 prohibita,
471 1181 656 1220 dispensare
673 1181 812 1219 possitis,
831 1181 977 1219 quotiens
994 1185 1119 1219 propter
1139 1180 1281 1218 ipsorum

272 1235 506 1265 monachorum
532 1234 754 1263 infirmitatem
783 1233 831 1263 vel
853 1233 1049 1263 debilitatem
1076 1237 1130 1262 aut
1157 1241 1282 1262 monas·

275 1289 345 1318 terii
362 1297 397 1317 ac
418 1288 615 1326 prioratuum
639 1287 854 1325 predictorum
871 1286 1042 1316 utilitatem
1068 1286 1211 1315 videritis
1228 1294 1280 1315 ex-

272 1341 397 1380 pedire,
418 1340 574 1378 suppriori
593 1348 666 1369 vero
689 1339 821 1377 predicti
840 1339 1026 1368 monasterii
1043 1344 1072 1368 et
1089 1338 1281 1368 successori-

275 1394 333 1423 bns
357 1395 436 1432 ejus,
454 1394 508 1432 qui
525 1393 644 1422 fuerint
662 1401 715 1431 pro
732 1397 881 1431 tempore,
898 1392 1108 1431 dispensandi
1125 1397 1227 1422 tecum
1245 1400 1282 1422 ac

274 1456 346 1478 cnm
366 1446 603 1477 successoribus
622 1446 683 1475 tuis
700 1455 794 1484 super
810 1446 975 1484 premissis
988 1446 1174 1475 auctoritate
1189 1454 1281 1484 apos-

276 1500 378 1536 tolica,
397 1501 421 1529 si
440 1509 567 1529 necesse
581 1499 686 1535 fuerit,
705 1499 804 1528 libera
823 1499 865 1528 sit
885 1499 980 1528 etiam
994 1499 1191 1537 presentium
1210 1508 1282 1528 auc-

278 1554 401 1583 toritate
418 1553 560 1582 facultas.
580 1552 671 1582 Nulli
688 1561 764 1590 ergo
781 1557 838 1582 etc.
857 1557 962 1582 nostre
978 1553 1204 1588 concessionis,
1221 1556 1278 1582 etc.

274 1623 311 1628 --
331 1606 402 1635 Dat.
423 1606 534 1642 Rome,
553 1605 636 1644 apud
653 1605 802 1635 Sanctam
821 1605 957 1634 Mariam
973 1605 1139 1643 Majorem,
1155 1614 1202 1634 1111
1220 1613 1278 1635 no-

274 1668 331 1688 nas
344 1659 466 1697 aprilis,
483 1667 569 1688 anno
583 1658 732 1688 secundo.
755 1670 766 1684 ι)

345 1817 433 1846 8⁸28

309 1880 493 1906 Consecratio
516 1879 626 1914 Egeae,
653 1879 789 1906 Visensis
813 1880 943 1915 episcopi
970 1880 1051 1913 (Rae.
1077 1881 1125 1911 44,
1154 1889 1179 1907 c.
1214 1880 1278 1912 130,

273 1929 290 1955 f.
313 1929 359 1955 138
376 1936 427 1962 νο.)

620 1816 984 1851 Sainte-Marie-Majeure,
1004 1817 1034 1844 13
1045 1817 1115 1844 avril
1130 1817 1206 1845 1289.

320 2032 542 2060 Vener-abintus
560 2032 709 2062 fratribus
726 2054 745 2060 ..
762 2032 986 2068 Porlnyalensi,
999 2054 1019 2062 ..
1033 2033 1242 2069 Zamorrensz',
1257 2053 1277 2060 ..

273 2087 291 2113 ,l
300 2085 430 2120 ariensi,
452 2107 470 2113 ..
490 2085 628 2118 Tudenst',
649 2107 668 2114 ..
694 2085 885 2121 Eyieamssensi
901 2090 951 2114 et..
973 2085 1148 2114 Placentino
1164 2086 1278 2122 episco-

270 2139 327 2174 pis,
343 2138 473 2167 mandat
492 2141 650 2176 quatenus
670 2138 786 2175 Egeam
806 2138 919 2175 Egeae,
937 2137 1058 2167 dudum
1074 2139 1276 2173 canonicum,

274 2199 359 2219 nunc
378 2190 521 2220 Visensis
538 2190 693 2220 ecclesiae
712 2187 860 2227 electum,
877 2199 1062 2221 consecrare
1078 2191 1236 2220 studeant.

314 2256 327 2269 «
357 2243 436 2273 Cum
465 2243 504 2273 de
529 2244 679 2274 dilecto...
708 2261 745 2267 —
775 2245 844 2275 Dat.
873 2245 990 2280 Rome,
1013 2244 1098 2283 apud
1128 2244 1277 2274 Sanctam

276 2297 410 2326 Mariam
427 2297 578 2336 Maj0rem
593 2321 599 2333 ,
621 2298 724 2327 idibus
739 2297 865 2336 aprilis,
883 2306 969 2328 anno
985 2297 1135 2328 secundo.
1157 2309 1171 2324 »

342 2456 428 2484 829

311 2516 493 2552 Dispensatio
511 2517 685 2544 matrimonii
700 2518 782 2552 (Rea.
801 2519 844 2552 44,
860 2526 885 2545 c.
906 2519 964 2552 131,
981 2519 1000 2545 f.
1022 2519 1068 2546 138
1085 2521 1136 2552 vo.)

614 2455 973 2491 Sainte-ttiarie-Majeure‚
990 2456 1023 2483 22
1041 2458 1110 2484 avril
1130 2458 1204 2485 1289.

318 2613 540 2642 Venerabilibus
561 2614 713 2649 fratribus
729 2637 748 2643 ..
766 2615 996 2651 Antheradensz',
1016 2637 1035 2644 ..
1054 2615 1196 2644 Bassbtiensi
1214 2637 1232 2645 ..
1252 2621 1277 2645 et

271 2665 450 2702 Statoniensi
459 2667 603 2704 episcopis
615 2667 745 2696 mandat
754 2672 910 2705 quatenus
921 2667 1042 2697 nobiles
1053 2668 1135 2698 viros
1147 2669 1277 2698 Petrum

271 2723 300 2747 et
317 2718 518 2756 Silvestrum,
532 2724 562 2749 et
575 2720 782 2750 Catherinam
798 2724 828 2750 et
847 2720 995 2757 Mariam,
1013 2730 1123 2751 eorum
1142 2730 1275 2759 sorores,

273 2771 354 2800 lilios
370 2772 530 2810 qnondam
546 2773 706 2803 Guidonis
722 2774 759 2804 de
776 2774 926 2810 Ybelino,
940 2774 1062 2804 domini
1079 2775 1228 2811 Gibeleti,
1248 2779 1278 2805 et

272 2825 432 2860 qnondam
451 2826 659 2863 Margaretae,
678 2827 785 2856 uxoris
802 2827 882 2865 ejus,
898 2826 1057 2865 legitimos
1071 2837 1138 2857 esse
1152 2828 1276 2858 denun-

274 2876 360 2905 tient.
388 2877 487 2906 iidem
520 2878 624 2908 Gnido
653 2884 683 2909 et
706 2880 883 2917 Margareta
914 2881 1069 2919 petierant
1095 2890 1113 2910 a
1139 2881 1276 2911 Martino

273 2938 350 2967 papa
373 2935 404 2959 ut
427 2931 620 2961 validaretnr
645 2933 889 2963 matrimonium
912 2934 1014 2972 quod,
1038 2934 1224 2971 ignorantes
1243 2943 1276 2964 se

274 2989 384 3020 quarta
405 2984 489 3013 linea
506 2987 793 3024 consanguinitatis
811 2991 998 3025 conjunctos
1015 2997 1095 3023 esse,
1111 2992 1275 3018 contraxe-

273 3041 357 3070 runt,
377 3037 428 3065 sed
447 3038 602 3075 pendente
622 3039 679 3068 hoc
699 3041 834 3078 negotio,
855 3040 953 3070 iidem
979 3040 1086 3070 Guido
1101 3045 1131 3070 et
1150 3041 1275 3078 Marga-

275 3095 340 3119 reta
358 3091 470 3119 mortui
488 3096 571 3120 sunt.

1408 500 1420 514 a
1441 487 1556 516 Petitio
1577 485 1767 515 dilectorum
1788 484 1967 515 filiorum...
1993 503 2031 507 —-
2055 487 2127 518 Dat.
2151 487 2270 523 Rome,
2288 489 2370 528 apud

1366 541 1515 571 Sanctam
1540 539 1676 569 Mariam
1703 539 1873 578 Majorem,
1890 547 1908 568 x
1926 538 2082 569 kalendas
2103 539 2197 577 maii,
2216 548 2300 571 anno
2320 550 2367 573 se—

1365 593 1480 625 cundo.
1504 605 1517 620 ι)

1439 752 1526 780 830

1403 813 1663 840 Condemnationes
1674 813 1708 839 ab
1721 813 1894 839 Aesculanis
1903 820 2031 839 camerae
2039 813 2369 848 apostolicaesolvendaa

1711 749 2069 785 sainte-Marie-Mnjeure,
2085 750 2119 778 29
2135 751 2204 777 avril
2224 751 2298 780 1289.

1368 871 1459 897 usque
1488 863 1522 889 ad
1546 871 1686 889 summam
1717 861 1812 888 DCCC
1841 862 1977 888 librarum
2003 861 2202 889 Ravennatum
2227 862 2376 899 diminuit„

1367 913 1448 946 (ΠΕΟ.
1469 913 1516 943 44,
1534 920 1558 939 c.
1583 912 1648 944 ¹32,
1667 912 1686 938 f.
1706 912 1753 939 139
1770 919 1807 945 1·⁰;
1827 911 1932 939 Porrn.
1950 911 2058 945 22954.)

1408 1015 1526 1044 Dileclis
1540 1015 1615 1052 filiis
1633 1037 1651 1045 ..
1668 1015 1817 1052 potestati,
1836 1015 1961 1043 consilio
1979 1018 2005 1043 et
2025 1015 2181 1044 communi
2200 1015 2366 1047 Esculam‘s.

1407 1081 1421 1095 «
1439 1068 1568 1098 Pridem
1595 1078 1629 1098 ex
1653 1073 1775 1107 parte...
1800 1085 1838 1089 —
1865 1068 1935 1097 Dat.
1963 1068 2085 1104 Rome,
2108 1067 2192 1107 apud
2222 1065 2370 1100 Sanctam

1367 1122 1502 1152 Mariam
1522 1123 1687 1161 Majorem,
1705 1132 1736 1151 111
1754 1121 1906 1152 kalendas
1922 1122 2011 1157 maii,
2030 1129 2116 1152 anno
2131 1121 2281 1152 secundo.
2300 1133 2313 1150 ι

1436 1268 1628 1296 sai-833

1400 1331 1598 1366 Indulgentiae
1613 1330 1694 1365 (Ru-zo.
1713 1332 1760 1365 44,
1775 1340 1801 1358 c.
1827 1331 1884 1362 133,
1901 1331 1921 1357 f.
1943 1331 1989 1358 139
2006 1337 2051 1362 νος
2070 1330 2176 1359 Pon-n.
2191 1330 2302 1365 22937.)

1715 1267 2070 1302 Sainte-Marie-Majeure,
2090 1267 2121 1295 13
2137 1267 2207 1294 avril
2224 1266 2300 1296 1289.

1409 1435 1571 1463 Universis.
1582 1434 1699 1464 Christi
1719 1433 1856 1471 fidelibus
1874 1439 2023 1471 presentes
2043 1434 2161 1463 litteras
2180 1435 2368 1472 inspecturis.

1366 1486 1605 1524 Indulgentiam
1624 1487 1720 1516 unius
1735 1487 1814 1516 anni
1830 1491 1859 1516 et
1877 1487 1934 1516 XL
1949 1487 2074 1516 dierum
2098 1486 2243 1517 concedit
2257 1486 2304 1517 eis
2316 1486 2371 1526 qui

1365 1538 1531 1569 ecclesiam
1552 1539 1686 1569 fratrum
1716 1540 1878 1570 minorum
1898 1540 2146 1576 Bituricensem‚
2165 1540 2199 1569 in
2216 1539 2370 1570 honorem

1365 1591 1553 1622 Sanctorum
1576 1592 1724 1622 Andreae
1740 1597 1770 1622 et
1787 1593 1946 1623 Johannis
1968 1593 2189 1631 Evangelistae
2209 1596 2370 1624 construc-

1366 1649 1448 1681 tam,
1475 1645 1509 1674 in
1530 1645 1666 1683 singulis
1694 1646 1880 1676 eorumdem
1909 1650 2114 1683 sanctorum,
2141 1646 2174 1677 S.
2194 1646 2369 1687 Francisci,

1365 1697 1398 1728 S.
1424 1698 1560 1728 Antonii
1587 1702 1616 1728 et
1636 1702 1764 1729 sanctae
1787 1699 1900 1730 Clarae
1924 1699 2161 1737 festivitatibus,
2180 1703 2210 1730 et
2227 1709 2283 1739 per
2302 1703 2370 1732 octo

1364 1751 1431 1781 dies
1448 1756 1627 1790 sequentes,
1646 1753 1856 1783 visitaverint.

1406 1817 1420 1832 «
1440 1805 1512 1835 Vite
1530 1806 1713 1845 perempnis
1726 1806 1865 1845 gloria...
1882 1824 1922 1829 —
1937 1807 2008 1837 Dat.
2028 1807 2130 1838 Rome
2142 1830 2150 1844 ,
2167 1807 2251 1846 apud
2270 1807 2370 1838 Sanc-

1365 1863 1428 1889 tam
1446 1859 1582 1888 Mariam
1599 1860 1766 1898 MaJ‘orem‚
1784 1860 1890 1890 idibus
1903 1860 2028 1899 aprilis,
2047 1869 2134 1891 anuo
2150 1860 2301 1892 secundo.
2316 1872 2330 1888 n

1705 1939 2068 1974 Sainte-Marie-Majeure,
2084 1940 2119 1967 27
2134 1940 2205 1966 avril
2221 1940 2299 1968 1289.

1406 2003 1442 2032 In
1460 2011 1487 2033 e.
1506 2011 1549 2032 m.
1568 2002 1702 2032 eisdem.
1728 2003 1968 2041 Indulgentiam
1989 2004 2118 2033 centum
2145 2002 2272 2033 dierum
2295 2012 2369 2035 con·

1363 2057 1448 2087 cedit
1464 2057 1509 2086 eis
1525 2056 1578 2094 qui
1598 2055 1764 2086 ecclesiam
1787 2056 1919 2085 fratrum
1946 2056 2111 2086 minorum
2136 2056 2170 2086 in
2196 2056 2367 2095 Stocholm,

1364 2110 1550 2149 Upsalensis
1572 2109 1738 2145 dioecesis,
1768 2110 1800 2139 in
1827 2110 1981 2140 honorem
2010 2109 2126 2140 Beatae
2154 2110 2274 2141 Mariae
2294 2118 2369 2141 con-

1362 2168 1525 2200 structam,
1539 2164 1573 2192 in
1597 2163 1705 2193 beatae
1722 2164 1853 2201 Mariae,
1873 2168 2055 2194 sanctorum
2074 2164 2236 2194 Francisci
2252 2168 2283 2195 et
2299 2165 2368 2195 An-

1363 2218 1443 2248 tonii
1467 2222 1498 2247 et
1526 2222 1653 2247 sanctae
1682 2216 1794 2247 Clarae
1819 2217 2056 2255 festivitatibus,
2081 2222 2111 2248 et
2133 2227 2189 2257 per
2206 2223 2276 2249 octo
2301 2218 2367 2249 dies

1362 2276 1541 2311 sequentes,
1560 2271 1772 2300 visitaverint.
1798 2271 1859 2300 Dat
1880 2272 2012 2308 Romae,
2034 2271 2117 2310 apud
2135 2271 2285 2302 Sanctam
2299 2272 2367 2302 Ma-

1361 2326 1442 2356 riam
1457 2325 1623 2363 Majorem,
1641 2334 1659 2353 v
1673 2323 1827 2354 kalendas
1844 2325 1934 2361 maii,
1951 2333 2037 2355 anno
2055 2325 2208 2356 secundo.

1706 2404 2063 2440 Salnte-Marie-MaJeure,
2080 2405 2114 2433 ‘29
2128 2405 2198 2432 avril
2216 2404 2294 2433 ¹289.

1402 2470 1439 2499 In
1450 2478 1477 2499 e.
1489 2477 1531 2498 m.
1542 2467 1673 2498 eisdem.
1687 2467 1927 2505 Indulgentiam
1944 2469 2041 2499 unius
2053 2469 2132 2499 anni
2144 2472 2176 2499 et
2191 2479 2229 2499 xr..
2242 2468 2365 2499 dierum

1361 2522 1506 2553 concedit
1521 2521 1565 2551 eis
1581 2521 1635 2560 qui
1649 2521 1816 2551 ecclesiam
1833 2522 1967 2551 fratrum
1985 2523 2150 2553 minorum
2181 2522 2365 2552 Lausaneu-

1361 2585 1439 2612 sem,
1463 2579 1521 2606 etc.
1543 2579 1575 2604 ut
1597 2584 1703 2614 supra,
1729 2584 1828 2614 usque
1851 2575 1922 2605 Dat.
1948 2576 2085 2613 Romae,
2109 2575 2194 2614 apud
2217 2574 2364 2606 Sanctam

1362 2629 1497 2658 Mariam
1517 2628 1682 2667 Majorem‚
1701 2637 1732 2657 111
1748 2628 1900 2658 kalendas
1917 2629 2006 2666 maii,
2030 2637 2116 2659 anno
2135 2627 2286 2660 secundo.
2302 2626 2363 2668 (Eu

1360 2681 1497 2720 marge.)

1429 2828 1517 2856 834

1395 2889 1578 2924 Dispensatio
1622 2898 1709 2924 super
1751 2890 1910 2923 pluralitate
1947 2889 2152 2916 beneficiorum
2191 2888 2274 2922 (Rae.
2313 2887 2362 2919 ss.

1358 2947 1383 2966 c.
1404 2939 1462 2969 134,
1480 2939 1499 2965 r.
1520 2938 1568 2965 139
1585 2940 1637 2972 vo.)

1707 2827 2066 2863 Sainte-Marie-Majeure,
2083 2828 2115 2854 ¹7
2130 2827 2200 2854 avril
2218 2826 2294 2855 1289.

1399 3041 1540 3078 Mayistro
1569 3042 1697 3070 Hem-ico
1727 3042 1760 3070 de
1793 3040 2034 3078 Clinyemberch,
2066 3041 2217 3079 preposito
2248 3038 2363 3070 ecclesie

1357 3095 1544 3130 Xanctensis‚
1563 3095 1749 3125 Coloniensis
1765 3096 1901 3131 diocesis,
1917 3095 2071 3132 capellano
2087 3099 2198 3124 nostro.
2217 3092 2298 3124 Cum
2312 3099 2361 3128 oo,

2456 1271 2463 1580 ————-—--
2456 1208 2459 1250 -„„
2457 1058 2459 1172 „.fl⁴⁴4⁴„
2458 1014 2459 1036 ⁴„

2467 1902 2477 1913 ι
2472 1821 2477 1855 ..-
2471 1734 2477 1793 -
2469 1342 2477 1715 ————————-—-
2473 1309 2477 1319 -
2470 1210 2477 1216 η

11 0 2477 167 ἡ-Ἳ

2454 220 2457 230 t

2455 247 2457 259 l

2455 305 2457 319 l
