2342 3652
969 349 1190 389 PREMIERE
1211 347 1366 388 ANNEE.
2195 362 2212 392 3

124 436 160 462 ut
177 434 401 468 cognoscentes
423 429 458 458 in
479 434 559 459 terra
576 430 661 460 viam
677 438 787 465 suam,
812 429 880 466 ipso
898 429 1055 465 prestante
1073 425 1128 463 qui

126 488 240 523 potest,
257 484 292 512 in
315 483 406 513 nobis
429 486 458 512 et
480 483 613 512 subditis
632 483 724 513 devia
745 481 939 514 devitemus,
958 483 1080 507 nostros
1099 481 1129 506 et

125 537 268 575 ipsorum
287 539 375 565 actus
392 536 435 564 ita
453 535 487 564 in
509 544 640 565 suorum
661 534 882 564 mandatorum
901 531 1028 574 semitas
1049 530 1127 560 diri-

126 597 255 627 gamus,
273 587 357 626 quod
372 588 411 617 de
426 597 482 617 sue
501 588 623 627 pietatis
639 587 797 617 affluentia
813 592 995 613 mereamur
1014 583 1127 612 dilecta

127 641 195 680 ejus
213 640 414 670 tabernacula
428 640 580 677 introire,
597 640 656 670 celi
670 639 787 669 civium
802 637 902 666 futuri
917 636 1080 672 concives,
1099 639 1129 665 et

126 704 200 726 cum
224 696 270 725 eis
291 700 398 725 eterne
422 695 522 733 glorie
545 694 708 734 participio
729 692 869 722 fruituri.
896 691 958 721 Vos
979 699 1126 730 quoque,

125 750 238 779 fratres
254 753 283 778 et
298 748 368 786 filii,
385 757 462 788 quos
479 749 587 778 divina
602 747 702 785 gratia
716 747 751 775 in
767 749 888 784 partem
902 744 1127 774 sollicitudinis

127 802 282 839 evocavit,
310 803 354 831 sic
379 802 533 832 studeatis
551 800 720 838 diligentes
740 803 955 836 cooperatores
973 797 1124 834 existere,

126 855 221 885 sicin
243 856 356 885 vestris
378 855 525 893 plebibus
547 853 731 883 commissas
748 851 837 881 vobis
854 855 957 889 partes
972 850 1123 888 implere,

127 908 211 947 quod
233 909 324 938 nobis
348 916 444 938 onere
466 912 569 937 vestra
583 905 800 944 cooperatione
818 905 930 942 partito
949 904 990 933 sit
1004 903 1124 938 levius,

126 962 277 1001 vobisque
287 961 421 1000 proinde
432 969 496 990 non
507 959 609 989 solum
618 958 776 997 premium
786 962 894 987 eterne
908 956 1126 986 retributionis

126 1015 291 1050 obveniat,
309 1015 364 1044 sed
380 1019 410 1044 et
427 1014 514 1044 favor
528 1012 657 1042 interim
674 1011 843 1049 apostolice
858 1010 942 1040 sedis
957 1013 1124 1045 accrescat,

125 1077 222 1108 quem
237 1069 340 1105 vobis,
357 1071 510 1106 quantum
526 1074 598 1095 cum
615 1065 680 1094 Deo
695 1065 880 1103 poterimus,
893 1064 1042 1094 exhibere
1052 1071 1124 1101 pro-

125 1122 294 1160 ponimus,
314 1129 350 1150 ac
374 1124 475 1153 vestra
497 1123 526 1148 et
550 1117 758 1147 ecclesiarum
780 1121 958 1147 vestrarum
974 1117 1122 1152 comoda,

125 1182 180 1213 pro
195 1173 311 1212 quibus
325 1173 363 1202 ad
379 1181 434 1202 nos
449 1179 611 1209 recurrere
626 1179 700 1200 cum
717 1170 884 1200 securitate
903 1170 1058 1208 poteritiS,
1078 1170 1125 1199 fa-

125 1225 307 1256 vorabiliter
323 1232 514 1264 promovere.

164 1278 311 1309 Ceterum
336 1278 428 1316 quia,
454 1277 534 1306 sicut
558 1275 796 1313 intelleximus,
821 1276 988 1315 portitores
1011 1276 1124 1314 hujus-

125 1331 212 1361 modi
226 1331 402 1361 litterarum
416 1329 579 1359 interdum
596 1338 665 1359 esse
680 1334 933 1365 consueverunt,
949 1334 1059 1359 contra
1075 1329 1124 1358 in-

127 1385 300 1422 tentionem
320 1383 532 1420 mittentium,
555 1387 731 1420 exactores,
750 1391 836 1412 nunc
850 1383 1032 1422 importune
1048 1384 1125 1421 peti-

126 1438 220 1468 tionis
230 1437 392 1474 instantia‚
407 1445 493 1466 nunc
509 1437 605 1466 etiam
618 1436 912 1466 murmurationum
924 1436 1077 1466 susurriis
1089 1445 1124 1466 ac

123 1491 352 1521 detractionum
363 1493 393 1520 et
409 1489 615 1528 querelarum
630 1490 936 1519 comminationibus
950 1490 1122 1528 exigendo,

125 1543 204 1573 scire
212 1551 264 1572 vos
275 1542 421 1572 volumus
430 1542 515 1582 quod
524 1542 825 1572 nostreintentionis
834 1542 1124 1581 existitlatoresque

126 1595 321 1636 presentium
338 1595 435 1624 artari
450 1595 676 1625 mandavimus
694 1596 822 1634 prestito
835 1596 1027 1634 juramento,
1040 1596 1124 1635 quod

125 1649 164 1679 ad
171 1647 360 1686 exigendum
367 1647 635 1678 velobtinendum
646 1648 781 1687 aliquid,
789 1653 892 1687 preter
901 1658 937 1679 ea
946 1658 1008 1687 que
1017 1649 1057 1679 ad
1064 1650 1123 1679 vic-

124 1705 191 1731 tum
205 1705 236 1731 et
251 1700 290 1731 ob
304 1700 501 1731 infirmitatis
515 1709 552 1731 ac
563 1700 642 1731 alios
658 1709 750 1731 casus
768 1702 958 1739 necessaria,
975 1710 1030 1740 per
1044 1702 1123 1732 alias

123 1754 168 1785 eis
178 1754 237 1784 sub
243 1757 326 1784 certa
334 1753 573 1792 formalitteras,
582 1763 661 1793 quas
671 1755 759 1784 vobis
770 1755 913 1784 exhiberi
921 1755 1071 1784 mandam
1077 1765 1123 1791 us,

123 1807 298 1838 ministrari
311 1808 515 1846 precipimus,
533 1807 648 1838 talibus
665 1808 839 1845 instantiis,
858 1808 1123 1838 murmurationi-

122 1860 200 1898 bus,
216 1860 464 1891 detractionibus
481 1870 538 1891 seu
560 1862 861 1892 comminationibus
885 1870 949 1892 non
973 1866 1123 1899 utantur,

123 1921 181 1943 nec
194 1913 332 1953 recipere
347 1922 402 1953 per
416 1914 603 1952 instantias,
619 1915 890 1944 murmurationes
907 1918 936 1953 et
952 1916 1125 1945 commina-

125 1966 223 1996 tiones
237 1966 421 2005 hujusmodi
435 1966 540 1997 oblata
554 1971 750 2006 presumant.
777 1967 916 2006 Ideoque
930 1993 937 2005 ,
957 1972 991 1998 ut
1008 1969 1125 1998 nostris

122 2019 157 2049 in
180 2019 239 2050 hoc
263 2020 434 2050 intentioni
463 2024 493 2050 et
517 2020 723 2059 beneplacitis
748 2022 967 2058 concurratis,
995 2022 1125 2060 prefatis

123 2080 232 2102 eorum
249 2073 471 2110 abusionibus,
493 2074 669 2113 ceterisque
689 2074 865 2111 similibus,
886 2075 912 2104 si
930 2075 1037 2104 forsan
1058 2075 1102 2104 eis
1118 2099 1124 2112 ,

123 2125 207 2165 quod
228 2135 292 2157 non
313 2131 360 2157 est
382 2127 575 2165 verisimile,
595 2128 641 2157 uti
662 2132 904 2167 presumerent,
924 2133 1035 2158 contra
1050 2138 1124 2168 pro-

108 2218 111 2221 *
122 2179 229 2220 prium
247 2179 480 2218 juramentum,
497 2182 686 2219 contemptis
699 2206 706 2219 ,
731 2182 864 2211 omnino
881 2190 935 2212 vos
953 2181 1035 2211 ultra
1052 2191 1125 2221 pre-

123 2232 221 2262 missa
241 2232 317 2271 ipsis
341 2237 446 2263 nostro
463 2233 676 2263 ministranda
701 2233 851 2264 mandato
875 2234 1045 2264 tribuendo
1063 2235 1123 2271 ali-

123 2285 201 2323 quid
216 2293 281 2314 non
295 2286 430 2323 gravetis
443 2310 450 2323 ,
466 2295 538 2316 cum
554 2295 620 2317 non
635 2296 690 2325 per
709 2287 905 2317 extorsiones
920 2287 1123 2326 hujusmodi,

123 2338 179 2368 sed
193 2337 272 2368 alias
285 2338 492 2369 retributione
505 2348 646 2378 congrua
660 2340 866 2370 intendamus
882 2341 1024 2379 ipsorum
1042 2341 1125 2371 labo-

123 2390 211 2421 ribus
236 2390 434 2429 respondere.
459 2392 530 2422 Dat.
556 2393 725 2430 Laterani,
751 2402 793 2422 vn
818 2393 972 2424 kalendas
995 2395 1124 2432 martii,

124 2444 323 2484 pontificatus
339 2444 440 2474 nostri
453 2453 538 2476 anno
552 2446 667 2485 primo.
694 2458 707 2472 v>

193 2609 260 2636 2-5
672 2612 789 2644 Latran,
806 2613 840 2640 23
856 2613 959 2640 fevrier
977 2613 1054 2640 1288.

157 2670 282 2698 Litterae
305 2671 340 2698 de
365 2673 552 2706 promotione.
576 2673 662 2707 (Rea.
683 2675 733 2707 44,
761 2683 785 2702 c.
809 2676 842 2707 2,
865 2676 885 2703 f.
905 2676 922 2702 ‘2
938 2683 979 2707 r⁰;
1007 2676 1124 2711 Pori-n„

123 2719 239 2755 22604.)

163 2808 328 2838 Carissimo
361 2810 393 2838 in
423 2809 540 2839 Christo
568 2811 656 2847 filio..
686 2814 750 2850 reyi
777 2814 966 2844 Francorum
997 2815 1122 2844 illustri.

125 2874 137 2888 ιι
161 2861 180 2891 J
184 2861 288 2901 udicia
306 2862 365 2891 Dei
379 2862 515 2901 abyssus
531 2862 650 2900 multa,
671 2869 744 2903 etc.,
760 2871 795 2896 ut
813 2866 847 2895 in
869 2866 1014 2905 proxima
1030 2875 1124 2905 supe-

123 2914 219 2951 riori,
237 2923 337 2953 usque
350 2915 391 2945 ad
412 2914 541 2945 laudem
561 2917 611 2946 sui
633 2917 775 2948 nominis
792 2919 931 2949 fructum
950 2919 1125 2949 referamus

122 2972 274 3006 optatum.
296 2968 347 2998 Ad
369 2968 428 2998 hec
447 2973 555 2999 antem
577 2977 595 2999 a
618 2969 755 3001 Domino
776 2973 953 3012 promptius
976 2972 1125 3002 obtinen-

123 3020 200 3050 dum
215 3026 245 3051 et
259 3021 404 3052 fidelium
420 3022 571 3061 suffragia
585 3023 786 3062 imploranda
800 3030 831 3054 et
845 3026 1013 3056 catholicos
1035 3026 1125 3064 prin-

1211 424 1314 462 cipes,
1340 425 1395 463 qui
1420 424 1572 454 secularis
1596 425 1756 463 potestatis
1776 424 2024 454 sollicitudinem
2041 427 2075 454 iu
2100 427 2213 465 populo

1211 477 1344 507 Domini
1355 482 1574 516 susceperunt,
1588 481 1622 507 ut
1636 478 1717 507 sicut
1729 477 1769 507 ad
1779 486 1830 507 eos
1841 479 1989 516 pertinet,
2002 479 2092 508 nobis
2104 488 2212 518 coope-

1210 530 1275 559 rari
1291 530 1478 560 studeantin
1495 531 1615 565 eodem,
1631 531 1831 560 decrevimus
1844 531 2065 561 exhortandos.
2078 531 2213 571 Ideoque

1211 583 1352 621 regalem
1367 584 1592 614 celsitudinem
1611 593 1760 622 rogamus
1780 585 1937 614 instanter
1959 589 1990 613 et
2013 585 2214 614 obsecramus

1210 635 1244 664 in
1262 636 1400 667 Domino
1413 637 1514 666 Jhesu
1529 637 1656 667 Christo
1666 660 1674 673 ,
1689 642 1847 676 quatenus
1862 637 2035 676 prudenter
2047 637 2214 667 attendens

1211 689 1295 727 quod
1319 689 1428 719 datum
1452 694 1497 719 est
1523 690 1579 719 tibi
1602 690 1755 720 divinitus
1779 691 1812 719 in
1833 690 1909 720 orbe
1933 698 1988 729 pro
2007 699 2069 720 non
2092 690 2214 720 modica

1210 746 1297 780 parte
1319 742 1476 780 judicium
1491 765 1498 778 ,
1527 743 1683 780 justitiam
1705 743 1820 780 diligas
1843 747 1873 772 et
1898 752 1966 772 eam
1986 743 2134 772 omnibus
2162 747 2214 773 tue

1211 794 1323 824 ditioni
1339 795 1498 833 subjectis,
1514 804 1578 825 non
1593 796 1710 825 omissa
1728 801 1834 825 tamen
1847 795 2028 832 clementia,
2042 796 2213 833 diligenter

1210 847 1376 884 observe53
1404 848 1588 886 hujusmodi
1608 849 1695 877 enim
1721 848 1878 878 columnis
1902 849 2093 878 firmissimis
2117 849 2212 878 stabi-

1210 899 1336 929 liuntur
1349 901 1501 939 imperia,
1528 910 1626 938 regua
1640 901 1828 937 firmantur,
1846 902 2037 931 muniuntur
2054 903 2214 940 principes

1211 958 1240 982 et
1255 954 1445 983 communiti
1466 949 1606 983 letantur
1628 958 1709 983 statu
1728 954 1858 992 pacifico
1879 955 2084 993 principatus.
2103 954 2212 984 Eccle-

1211 1007 1291 1036 siam
1310 1007 1441 1045 insuper
1462 1011 1597 1037 matrem
1619 1011 1723 1043 tuam,
1742 1011 1772 1036 et
1790 1007 1986 1046 presidentes
2008 1008 2111 1037 eidem
2129 1014 2210 1037 cete-

1210 1068 1324 1098 rasque
1346 1069 1496 1098 personas
1519 1060 1762 1097 ecclesiasticas,
1786 1061 1936 1090 creatoris
1954 1066 1983 1089 et
2006 1061 2213 1099 redemptoris

1211 1113 1310 1142 nostri
1328 1113 1502 1149 ministros,
1518 1114 1617 1143 immo
1630 1113 1663 1142 in
1678 1113 1723 1142 eis
1738 1114 1855 1152 ipsum,
1873 1123 1928 1152 per
1943 1122 2039 1152 quem
2054 1122 2169 1151 regnas
2185 1118 2214 1143 et

1210 1165 1330 1203 regeris
1345 1164 1489 1195 sollerter
1504 1166 1678 1203 honorans,
1697 1175 1748 1196 eas
1765 1166 1851 1203 regio
1866 1166 1971 1196 favore
1987 1167 2021 1195 in
2038 1166 2103 1196 suis
2118 1166 2213 1196 liber-

1211 1218 1326 1247 tatibus
1342 1222 1372 1247 et
1384 1218 1511 1257 juribus
1527 1218 1599 1248 aliis
1619 1224 1763 1257 protegas
1780 1223 1811 1248 et
1828 1219 1990 1249 defendas.
2015 1219 2053 1248 In
2077 1218 2192 1248 talibus
2203 1242 2212 1256 ,

1209 1270 1256 1300 fili
1273 1272 1454 1308 carissime,
1472 1272 1629 1310 primitias
1646 1277 1698 1302 tue
1715 1273 1892 1310 juventutis
1913 1281 2073 1309 exerceas,
2092 1273 2125 1301 in
2150 1272 2214 1302 hiis

1209 1324 1379 1354 laudabilis
1400 1326 1553 1355 memorie
1574 1326 1810 1364 predecessores
1834 1330 1901 1356 tuos
1925 1334 1990 1356 non
2010 1326 2113 1356 solum
2135 1326 2213 1355 imi-

1211 1378 1286 1414 tari,
1306 1378 1361 1407 sed
1379 1378 1528 1408 excedere
1550 1379 1693 1414 studeas;
1720 1380 1798 1417 quin
1817 1380 1912 1409 etiam
1936 1384 1964 1409 te
1986 1380 2091 1418 ipsum
2111 1380 2213 1409 virtu-

1212 1435 1277 1460 tum
1293 1432 1478 1461 successivis
1494 1433 1694 1470 augmentis,
1712 1433 1805 1462 velud
1823 1433 1861 1462 de
1878 1433 1994 1462 virtute
2012 1434 2046 1462 in
2064 1433 2214 1463 virtutem

1209 1484 1424 1522 progrediens,
1442 1494 1608 1523 superare;
1623 1485 1661 1514 de
1677 1486 1768 1515 nobis
1784 1495 1872 1524 spem
1889 1491 2007 1516 certam
2023 1490 2053 1515 et
2067 1486 2214 1516 fidutiam

1209 1536 1393 1574 habiturus,
1411 1538 1496 1576 quod
1511 1542 1597 1567 tuam
1615 1543 1645 1568 et
1660 1540 1752 1576 regni
1770 1540 1814 1568 tui
1832 1540 2067 1578 prosperitatem
2084 1545 2214 1578 paterno

1209 1589 1346 1620 zelantes
1361 1591 1487 1626 affectu,
1506 1599 1575 1620 eam
1592 1599 1779 1621 conservare
1796 1593 2001 1630 proponimus
2020 1597 2049 1621 et
2064 1591 2213 1622 facultate

1210 1644 1414 1680 succedente,
1432 1648 1589 1682 quantum
1607 1654 1680 1674 cum
1703 1645 1768 1674 Deo
1792 1645 1981 1683 poterimus,
2000 1645 2214 1676 favorabiliter

1211 1697 1375 1736 ampliare.
1396 1698 1466 1727 Dat.
1488 1702 1523 1727 ut
1540 1706 1645 1736 supra.
1666 1710 1678 1724 n

1249 1752 1286 1780 In
1301 1751 1440 1781 eundem
1455 1751 1585 1781 modum
1597 1752 1794 1789 Margaretae
1809 1754 1940 1790 reginae
1955 1752 2108 1782 Franciae
2119 1752 2211 1782 relic-

1210 1809 1269 1835 tae.
1298 1805 1348 1834 Ab
1366 1814 1403 1834 ea
1419 1805 1495 1843 petit
1512 1810 1669 1843 quatenus
1693 1806 1798 1844 ipsum
1815 1805 1943 1844 adjuvet
1966 1806 2110 1844 precibus
2135 1806 2212 1836 suis.

1249 1859 1285 1887 In
1300 1868 1327 1888 e.
1342 1867 1384 1887 m.
1400 1858 1536 1887 ..abbati
1551 1863 1581 1887 et
1593 1858 1765 1888 conventui
1777 1859 1963 1888 monasterii
1976 1858 2210 1889 Cisterciensis.

1248 1912 1284 1941 In
1303 1921 1329 1941 e.
1350 1921 1394 1940 m.
1415 1912 1542 1941 Sanctio
1554 1935 1561 1949 ,
1579 1912 1647 1950 regi
1662 1911 1817 1942 Castellae
1835 1918 1864 1942 et
1882 1913 2042 1950 Legionis,
2062 1917 2094 1942 ut
2109 1913 2144 1942 in
2159 1912 2215 1942 illa

1208 1975 1291 2004 qnae
1307 1965 1456 1995 scribitur
1472 1965 1608 2003 regibus.

1280 2124 1307 2152 6
1803 2124 1921 2154 Lati-an,
1940 2125 1954 2151 5
1971 2133 2047 2151 mars
2067 2125 2142 2151 1288.

1244 2185 1427 2213 Confirmatio
1456 2186 1644 2212 ordinationis
1668 2187 1833 2212 monasterii
1858 2187 1942 2219 juxta
1970 2187 2064 2212 villam
2081 2186 2110 2212 S.
2138 2186 2215 2213 Mar-

1208 2237 1279 2263 celli.
1302 2236 1386 2268 (Rae.
1414 2236 1461 2269 44,
1486 2244 1510 2262 c.
1528 2236 1557 2267 3,
1580 2235 1598 2262 f.
1624 2235 1640 2261 *2
1658 2242 1700 2268 νος
1725 2234 1854 2262 LAPORTE
1877 2244 1912 2261 nn
1931 2235 2034 2268 Tnfflr,
2055 2235 2129 2261 Bibl.
2147 2235 2212 2262 Nat.

1209 2286 1228 2311 f.
1245 2285 1379 2314 Mon-ean,
1399 2290 1428 2311 n⁰
1447 2285 1523 2317 1225,
1540 2284 1559 2310 f.
1581 2285 1608 2315 1;
1626 2283 1745 2317 Portu„
1770 2284 1866 2316 22612)
1885 2284 1931 2316 (i).

1248 2387 1357 2417 Dilecto
1381 2387 1446 2424 filio
1467 2387 1495 2416 J.
1516 2388 1599 2416 tituli
1616 2387 1723 2416 Sancte
1740 2387 1844 2417 Cecilz'e
1861 2388 2031 2425 presbytero
2046 2388 2211 2422 cardinali,

1209 2439 1366 2478 apostolice
1394 2441 1472 2470 sedis
1497 2441 1605 2478 legato.
1635 2452 1648 2466 ‹
1670 2440 1715 2470 Ex
1738 2444 1825 2478 parte
1848 2441 2005 2470 carissimi
2027 2440 2061 2469 in
2089 2440 2214 2471 Christo

1209 2493 1269 2522 filii
1288 2493 1387 2523 nostri
1405 2492 1570 2532 Phylippi,
1592 2494 1676 2531 regis
1692 2494 1826 2523 Francie
1839 2493 1985 2529 illustris,
2004 2494 2064 2523 suit
2079 2494 2214 2532 proposi-

1211 2551 1278 2576 tum
1299 2555 1406 2576 coram
1427 2547 1520 2576 nobis
1534 2546 1618 2585 quod
1639 2546 1773 2576 dilectus
1791 2546 1877 2576 filius
1892 2547 2044 2584 magister
2061 2546 2214 2577 Galienus

1210 2599 1247 2629 de
1263 2599 1363 2636 Pisis,
1390 2600 1564 2629 canonicus
1580 2599 1713 2629 ecclesie
1735 2599 1774 2628 de
1801 2600 1915 2629 Sancto
1941 2599 2144 2635 Audomaro,
2176 2600 2214 2629 de

1210 2653 1334 2692 propria
1347 2652 1449 2682 salute
1467 2653 1650 2690 recogitans
1665 2677 1671 2688 ,
1701 2656 1729 2682 et
1747 2653 1879 2690 cupiens
1898 2657 2021 2681 terrena
2036 2653 2071 2681 in
2087 2651 2214 2682 celestia

1210 2713 1240 2738 et
1262 2708 1444 2738 transitoria
1461 2709 1495 2737 in
1513 2712 1622 2738 eterna
1637 2707 1724 2737 felici
1743 2711 1939 2737 commutare
1957 2707 2142 2737 commertio
2159 2716 2212 2737 vo-

1209 2767 1303 2801 toque
1320 2761 1440 2791 salubri
1456 2761 1600 2791 maneria
1615 2770 1672 2791 sua
1688 2761 1747 2790 sita
1762 2761 1850 2799 juxta
1867 2760 1977 2789 villam
1996 2760 2106 2790 Sanc-ti
2129 2761 2213 2790 Mar-

1209 2815 1293 2853 celli,
1311 2823 1406 2854 prope
1422 2814 1574 2850 Parisius,
1593 2822 1654 2853 que
1669 2818 1744 2843 sunt
1761 2812 1998 2843 circumvallata
2017 2813 2129 2850 muris,
2148 2822 2213 2843 una

1210 2877 1282 2899 cum
1310 2872 1398 2907 prato
1421 2867 1573 2897 maneriis
1595 2867 1672 2906 ipsis
1695 2867 1881 2905 conjuncto,
1903 2875 2132 2904 personarum,
2158 2875 2213 2904 per

1240 2988 1272 3018 (l)
1291 2987 1357 3011 C'est
1376 2994 1422 3018 par
1439 2993 1529 3010 erreur
1541 2993 1591 3017 que
1604 2988 1671 3010 cette
1686 2985 1758 3016 piece
1771 2988 1810 3009 est
1828 2985 1903 3009 datee
1920 2985 1955 3008 du
1972 2985 1987 3009 2
2006 2991 2076 3008 mars
2091 2991 2136 3015 par
2151 2984 2210 3008 Pot-

1210 3033 1286 3056 thast.
