2477 3637
209 399 266 428 676
950 393 1186 424 REGISTRES
1207 393 1261 423 DE
1283 393 1467 424 NICOLAS
1489 394 1546 424 IV.

278 462 389 491 420¹
797 460 923 491 Orvieto,
942 459 956 486 3
972 459 1040 485 avril
1062 459 1135 486 teet.

245 524 427 557 Dis-pensatio
443 530 530 556 snper
546 522 702 556 pluralitate
719 520 931 547 beneficiorum.
950 520 1031 554 (Rau.
1050 520 1092 553 46.
1107 529 1132 547 c.
1149 520 1208 554 ¹04,

207 574 225 600 s.
244 573 338 604 2010.)

247 675 388 711 ,tlayistro
413 673 572 701 Gut‘llelmo
595 672 627 700 de
647 672 835 707 Montesorti,
851 672 1005 708 capellano
1024 676 1136 705 nostro,
1157 671 1208 700 de-

205 736 280 756 cano
297 727 412 756 eccle-sia·
429 726 532 754 Sancti
549 725 640 753 Pauli
659 724 885 753 Londoniensis.
910 736 923 750 «
948 723 1096 753 Exhibite
1118 724 1209 754 nobis

207 784 257 808 tue
275 778 435 817 petitionis
453 778 550 806 series
565 776 747 806 continebat
762 775 847 814 quod
864 776 965 806 felicis
978 776 1208 807 reeordationis

206 831 387 861 Alexander
396 839 473 869 papa
487 830 590 866 ullu-³,
603 829 802 868 predecessor
817 833 933 864 noster,
947 833 975 859 te
989 835 1063 859 tnnc
1073 830 1207 868 injuve-

207 884 264 913 nili
282 888 362 913 etate
373 883 552 920 constituto,
570 887 601 912 ut
615 881 724 912 liceret
741 882 794 912 tihi
812 882 1024 912 ecclesiastica
1039 883 1205 920 beneficia,

207 942 390 976 personatus
415 936 464 965 vel
488 936 674 974 dignitates,
701 936 794 965 etiam
820 945 891 966 cum
913 936 1095 966 animarum
1118 945 1206 975 cura,

206 999 306 1029 usque
316 990 353 1019 ad
363 998 521 1019 summam
532 993 744 1019 trecentarum
752 989 955 1019 marcharum
966 989 1205 1028 sterlingorum,

206 1043 249 1073 ita
268 1043 414 1073 videlicet
428 1043 511 1081 quod
533 1051 642 1073 eorum
662 1047 848 1081 proventus,
867 1043 1041 1073 secundnm
1061 1052 1207 1074 commu-

207 1105 278 1125 nem
295 1095 535 1126 extimationem
547 1097 658 1134 patrie,
672 1095 855 1134 huJusmodi
867 1105 1027 1126 summam
1037 1099 1206 1126 aunuatim

203 1149 414 1186 attingerent,
432 1149 580 1187 recipere,
598 1149 624 1178 si
642 1149 697 1178 tibi
714 1149 866 1179 canonice
882 1150 1087 1186 offerrentur,
1104 1159 1141 1180 ac
1155 1151 1206 1180 in-

205 1201 301 1231 simul
324 1202 476 1237 retinere‚
499 1202 723 1231 constitutione
739 1202 898 1240 generalis
917 1203 1047 1233 concilii
1069 1213 1131 1233 non
1149 1204 1205 1234 ob-

205 1258 322 1289 stante,
347 1253 400 1283 tibi
424 1263 478 1293 per
497 1254 616 1284 litteras
636 1264 709 1284 suas
729 1254 883 1293 indulxit,
904 1257 1052 1296 quodque
1071 1261 1122 1294 tu,
1139 1261 1207 1296 post

204 1307 366 1337 indultum
390 1307 589 1346 hujusmodi,
618 1308 656 1337 de
682 1308 882 1345 sti-erfordia,
905 1309 943 1338 de
967 1310 1145 1348 Avenigge,
1168 1310 1206 1340 de

206 1360 426 1399 Wytcliirche.
447 1361 696 1399 Wigorniensis,
710 1362 748 1392 de
760 1362 889 1398 Estude‚
900 1363 1151 1401 wintoniensis,
1167 1363 1206 1393 de

203 1414 421 1452 Flikesbnrga,
437 1415 680 1451 Lincotniensis,
696 1415 735 1444 de
747 1416 877 1445 Dei-sete
891 1416 969 1446 etde
982 1417 1204 1458 Aldetheleye,

203 1468 450 1498 Conventreusis
467 1473 498 1498 et
518 1469 786 1505 Lichereldensis,
807 1478 842 1499 ac
860 1470 898 1499 de
914 1471 1118 1508 Angerham,
1138 1472 1205 1502 Du-

205 1521 394 1555 flamensis,
426 1526 455 1551 et
483 1522 521 1551 de
554 1521 704 1557 Colerne,
737 1522 985 1553 Saresbiriensis
1011 1523 1204 1562 diocesium,

203 1574 366 1611 ecclesias,
392 1575 509 1614 quibus
526 1576 676 1606 omuibus
696 1585 771 1606 cura
791 1581 837 1606 est
858 1578 1040 1608 animarum
1061 1587 1203 1616 annexa,

205 1636 327 1658 necnon
352 1633 381 1658 et
403 1629 578 1667 prehendas
602 1630 635 1659 in
661 1629 892 1668 Londoniensi,
919 1631 1151 1663 Licheseldensi
1177 1638 1206 1663 et

203 1681 440 1720 Heiesordensi,
453 1682 623 1720 etinsuper
635 1682 668 1712 in
680 1682 773 1713 dictis
786 1683 1004 1714 Londoniensi
1015 1685 1204 1717 decanatum

203 1739 233 1764 et
248 1734 475 1773 precentoriam
498 1736 532 1764 in
557 1735 782 1766 Herefordensi
798 1745 833 1766 ac
849 1738 1024 1776 portionem
1041 1739 1075 1768 in
1091 1739 1129 1769 de
1146 1740 1205 1771 Le-

202 1787 335 1826 debury,
365 1787 609 1818 Herefordensis
635 1788 789 1825 diocesis,
818 1790 959 1820 ecclesiis
983 1793 1144 1831 recepisti,
1176 1798 1207 1823 et

202 1840 342 1879 aliquam
366 1850 400 1870 ex
423 1840 500 1879 ipsis
521 1841 664 1871 ecclesiis
689 1851 742 1880 per
759 1843 904 1880 triginta,
924 1844 1065 1883 aliquam
1086 1856 1140 1885 per
1154 1847 1204 1876 vi-

202 1893 302 1930 ginti,
323 1893 461 1932 aliquam
484 1895 578 1923 etiam
599 1904 653 1933 per
668 1895 776 1925 decem
798 1901 828 1925 et
845 1902 912 1927 octo
929 1907 1047 1936 annos,
1068 1899 1205 1938 reliquas

203 1955 276 1976 vero
291 1947 425 1976 diversis
446 1948 638 1986 temporibus
660 1949 698 1978 de
715 1957 852 1987 quorum
871 1951 979 1989 spatiis
996 1957 1024 1981 te
1039 1953 1204 1983 certitudi-

202 2000 314 2030 naliter
337 2008 399 2030 non
425 2001 610 2030 meminisse
635 2002 751 2031 asseris
774 2002 935 2040 retinens,
960 2004 1081 2035 fructus
1101 2016 1136 2036 ex
1158 2007 1204 2037 eis

201 2053 295 2082 annis
309 2052 443 2090 singulis
455 2054 633 2092 percepisti,
652 2063 707 2093 pro
723 2063 759 2084 eo
776 2055 808 2084 id
826 2056 882 2085 tibi
898 2056 994 2087 licere
1008 2058 1124 2088 indulti
1140 2069 1205 2090 me-

204 2106 314 2135 morati
339 2106 469 2135 obtentu
497 2106 686 2136 existimans
713 2108 788 2146 quia
819 2109 1030 2148 predictorum
1057 2114 1203 2144 omnium

203 2158 429 2188 beneficiorum
448 2168 606 2189 annexam
626 2169 735 2190 curam
758 2162 942 2192 animarum
966 2164 1154 2196 habentium
1175 2172 1205 2197 et

203 2217 428 2249 personatuum
449 2221 503 2242 seu
530 2213 722 2250 dignitatum
745 2214 887 2246 redditus
904 2221 934 2246 et
953 2225 1124 2256 proventus
1140 2221 1204 2251 dic-

205 2269 266 2293 tam
286 2270 496 2296 trecentarum
519 2266 723 2297 marc-harum
747 2277 924 2308 summam,
941 2273 1117 2304 secundum
1133 2285 1203 2314 pre-

203 2318 318 2347 dictam
342 2318 599 2356 extimationem,
627 2329 691 2351 non
720 2321 918 2354 solummodo
943 2334 1007 2355 non
1036 2327 1202 2367 excedunt,

203 2371 301 2401 immo
313 2372 407 2401 ctiam
426 2381 489 2402 nou
502 2374 662 2411 attingunt
676 2375 840 2405 Tecum
857 2381 891 2406 ut
907 2385 1091 2416 personatus
1107 2385 1136 2410 et
1152 2382 1204 2412 be—

204 2424 315 2454 ueficia
345 2425 481 2463 predicta
505 2435 576 2455 cum
601 2437 676 2457 cura
702 2433 732 2457 et
759 2428 829 2458 sine
856 2438 931 2460 cura
956 2431 1040 2462 licite
1065 2435 1204 2465 retinere

203 2476 307 2506 valeas
336 2478 374 2507 ad
402 2479 554 2517 majorem
583 2480 627 2509 tui
659 2485 759 2510 status
791 2483 990 2514 securitatem
1018 2487 1204 2518 auctoritate

201 2529 371 2567 apostolica
406 2531 667 2569 dispensamus...
700 2533 769 2564 Dat.
803 2536 885 2574 apud
920 2537 1201 2578 Urbemveterem‚

203 2590 234 2611 ιιι
253 2591 351 2612 nonas
366 2584 488 2622 aprilis,
508 2594 594 2615 anno
609 2592 732 2625 quarto.
752 2600 765 2614 >2

271 2774 525 2805 4⁷02-4'203
770 2780 896 2814 Orvieto,
914 2784 946 2810 15
961 2792 1038 2812 mars
1055 2786 1131 2814 1291.

238 2835 445 2870 Indulgentiae.
463 2838 545 2871 (Rae.
562 2840 606 2874 46,
623 2850 648 2868 c.
668 2843 727 2873 105,
744 2843 762 2869 f.
780 2843 812 2870 ‘20
829 2847 876 2877 νο.)

246 2945 392 2974 l'niversis
415 2947 527 2976 Christi
550 2949 685 2985 fidelihus
706 2958 852 2988 presentes
874 2955 990 2984 litteras
1010 2958 1201 2994 inspecturis.

205 2996 439 3034 Indulgentiam
460 3001 554 3029 nnius
570 3002 648 3030 anni
664 3007 693 3032 et
708 3012 744 3033 xi,
763 3004 887 3035 dierum
905 3008 1048 3038 concedit
1070 3011 1202 3041 visitan-

205 3048 286 3077 tibus
315 3050 527 3082 cathedralem
560 3055 722 3085 erclesiam
761 3057 952 3097 Doleusem,
983 3062 1016 3090 iu
1048 3062 1201 3095 honorem

1293 458 1323 489 S.
1355 459 1508 490 Sausonis
1535 459 1726 490 confessoris
1751 464 1975 496 constructam,
2008 461 2042 491 in
2069 461 2101 493 S.
2131 462 2320 500 Sansouis„

1293 512 1324 542 S.
1343 512 1508 542 Laurentii
1524 517 1554 542 et
1568 517 1705 552 quatuor
1724 513 1833 543 beatae
1852 514 1972 544 Mariae
1988 515 2125 553 virginis
2143 515 2295 546 festivita-

1293 565 1376 595 tibus
1392 569 1423 594 et
1438 574 1492 604 per
1507 569 1576 596 octo
1592 565 1659 596 dies
1677 570 1857 605 sequentes.

1333 630 1348 645 «
1366 618 1447 648 Loca
1465 622 1649 648 sanctorum
1665 619 1848 649 omnium...
1869 637 1907 641 —
1928 620 1999 650 Dat.
2018 621 2103 660 apud
2119 621 2295 653 Urbemve-

1293 675 1404 708 terem,
1420 671 1526 701 idibus
1545 671 1665 709 martii,
1681 680 1768 702 anno
1782 677 1906 712 quarto.
1928 685 1942 699 »

1862 765 1988 798 Orvieto,
2007 767 2039 794 18
2056 775 2132 794 mars
2147 767 2225 796 1291.

1331 829 1369 859 In
1388 838 1414 858 e.
1436 838 1493 865 m.‚
1516 837 1572 868 pro
1587 828 1717 859 ecclesia
1738 829 1903 868 hospitalis
1925 830 2060 860 Sanctae
2077 830 2244 861 Trinitatis
2259 830 2298 862 de

1290 880 1400 920 Capite
1416 881 1528 911 Pontis
1547 881 1753 919 Biterrensis,
1770 882 1804 912 in
1820 882 1871 912 die
1888 883 2050 913 dominica
2067 888 2141 914 aute
2159 883 2297 915 domiui-

1290 943 1360 964 cam
1384 934 1562 972 Adventus,
1586 935 1620 964 in
1639 944 1703 974 qua
1727 935 1842 965 festum
1869 935 2004 966 Sanctae
2027 936 2193 966 Trinitatis
2216 936 2298 968 inibi

1290 987 1482 1024 celebratur,
1499 992 1529 1017 et
1544 997 1599 1028 per
1610 993 1678 1018 octo
1691 988 1760 1019 dies
1776 993 1955 1028 sequentes.
1976 989 2048 1019 Dat.
2063 990 2147 1029 apud
2163 990 2299 1021 Urbem-
2324 1030 2326 1034 y

1290 1046 1442 1078 veterem,
1463 1051 1503 1071 xv
1521 1040 1674 1072 kalendas
1691 1041 1811 1081 aprilis,
1829 1051 1915 1073 anno
1933 1051 2055 1082 quarto.

1861 1135 1988 1168 Orvieto,
2007 1137 2036 1163 11
2055 1144 2131 1164 mars
2147 1136 2226 1165 1291.

1329 1198 1368 1227 In
1385 1207 1413 1228 e.
1435 1206 1492 1235 m.‚
1517 1206 1573 1237 pro
1597 1198 1731 1228 ecclesia
1753 1198 1860 1229 Sancti
1876 1199 2036 1229 Johannis
2051 1208 2146 1239 prope
2161 1199 2297 1239 plateam

1289 1251 1483 1287 Tudertina,
1502 1251 1536 1281 in
1555 1251 1739 1281 Nativitatis
1755 1252 1863 1282 beatae
1880 1252 1999 1282 Mariae
2014 1253 2169 1292 virginis,
2187 1252 2220 1284 S.
2239 1253 2297 1284 Jo-

1289 1304 1410 1334 hannis
1436 1304 1611 1343 Baptistae,
1638 1303 1670 1334 S.
1691 1304 1853 1335 Johannis
1873 1304 2096 1343 Evangelistae
2115 1310 2146 1335 et
2170 1310 2296 1338 sanotae

1289 1357 1497 1394 Illnminatae
1519 1357 1763 1394 festivitatibus,
1779 1367 1836 1396 per
1853 1362 1922 1388 octo
1938 1358 2005 1388 dies
2029 1363 2200 1398 sequentes
2217 1359 2295 1390 etin

1288 1410 1510 1440 anniversario
1526 1409 1577 1440 die
1593 1410 1804 1440 dedicationis
1822 1410 1966 1450 ejusdem
1983 1411 2142 1442 ecclesiae.

1330 1476 1345 1491 «
1367 1464 1455 1494 Licet
1473 1463 1500 1493 is
1523 1463 1600 1494 de...
1623 1480 1662 1485 —-
1683 1464 1752 1493 Dat.
1775 1464 1859 1503 apud
1883 1464 2161 1503 Urbemveterem,
2186 1465 2296 1497 vidus
2320 1466 2321 1469 ’

1288 1516 1410 1553 martii,
1427 1525 1514 1546 anno
1529 1521 1652 1555 quarto.
1674 1528 1686 1543 n
1704 1516 1762 1555 (Εη
1777 1518 1907 1556 marye.)
2320 1511 2323 1517 ’

1854 1609 1986 1641 Orvieto,
2003 1611 2038 1638 23
2055 1619 2131 1638 mars
2146 1611 2223 1639 1291.

1329 1674 1366 1703 In
1384 1683 1412 1704 e.
1429 1682 1487 1710 m.‚
1506 1681 1561 1711 pro
1577 1672 1711 1703 ecclesia
1727 1673 1836 1703 Sancti
1851 1672 2024 1704 Salvatoris
2039 1673 2078 1704 de
2093 1673 2216 1713 Plagia,
2232 1674 2296 1705 Lu-

1288 1735 1387 1757 canae
1402 1726 1566 1761 dioecesis,
1585 1726 1619 1756 in
1636 1725 1669 1756 S.
1690 1726 1873 1763 Salvatoris,
1891 1735 1972 1765 quae
1988 1736 2007 1756 v
2022 1727 2095 1756 idus
2113 1727 2296 1758 novembris
2321 1742 2323 1745 ·

1288 1780 1476 1817 celebratur,
1495 1779 1527 1808 in
1545 1783 1681 1818 quatuor
1697 1779 1805 1809 beatae
1822 1779 1943 1809 Mariae
1958 1779 2095 1818 virginis
2108 1783 2136 1810 et
2151 1780 2185 1810 in
2202 1787 2296 1811 sano·

1290 1839 1392 1865 torum
1405 1834 1492 1864 Petri
1501 1838 1531 1863 et
1543 1833 1635 1863 Pauli
1647 1833 1882 1868 festivitatibus.
1899 1842 1954 1872 per
1965 1838 2033 1863 octo
2046 1833 2114 1863 dies
2127 1837 2296 1873 sequentes
2312 1870 2316 1874 ‚

1289 1892 1319 1918 et
1343 1888 1377 1917 in
1403 1887 1623 1917 anniversario
1647 1886 1699 1916 die
1725 1886 1935 1916 dedicationis
1959 1887 2104 1925 ejusdem
2130 1886 2293 1930 ecclesiae.

1288 1941 1359 1971 Dat.
1370 1940 1453 1979 apud
1462 1940 1739 1977 Urbemvetereni,
1749 1949 1767 1969 x
1775 1939 1930 1969 kalendas
1937 1939 2063 1978 aprilis,
2073 1947 2159 1970 anno
2170 1944 2293 1980 quarto:
2306 1979 2312 1983 ι

1287 1994 1393 2034 (ibid.)
2063 1993 2067 1996 ’

1854 2046 1985 2078 Orviem‚
2002 2046 2036 2073 28
2052 2054 2128 2073 mars
2146 2045 2224 2074 1291.

1328 2112 1364 2141 In
1383 2121 1410 2142 e.
1429 2120 1487 2148 m.‚
1510 2119 1564 2149 pro
1581 2109 1714 2140 ecclesia
1739 2133 1758 2139 ..
1785 2109 1962 2139 abbatissae
1984 2113 2014 2139 et
2032 2113 2210 2140 conventus
2224 2117 2294 2140 mo-

1287 2165 1418 2194 nasterii
1435 2164 1569 2194 Sanctae
1588 2163 1707 2192 Mariae
1728 2162 1766 2192 de
1787 2163 1882 2192 Prato
1900 2171 1995 2202 prope
2013 2162 2225 2201 Florentiam,
2241 2171 2292 2194 or·
2310 2176 2317 2182 ·

1286 2219 1372 2249 dinis
1395 2222 1522 2248 sanctae
1545 2217 1670 2254 Clarae,
1698 2217 1730 2246 in
1761 2221 1898 2255 quatuor
1924 2216 2034 2247 heatae
2060 2217 2179 2248 Mariae
2202 2221 2233 2248 et
2256 2217 2311 2248 in*

1287 2271 1425 2311 singulis
1438 2276 1618 2301 sanctornm
1635 2270 1732 2305 Petri,
1748 2269 1842 2299 Pauli
1853 2273 1882 2299 et
1892 2270 2055 2300 Johannis
2072 2270 2307 2310 Evangelistae.›

1287 2325 1511 2355 festivitatibus
1532 2329 1561 2354 et
1585 2333 1640 2363 per
1659 2327 1727 2353 octo
1747 2323 1814 2353 dies
1835 2328 2016 2362 sequentes.
2036 2323 2107 2356 Dat.
2123 2323 2207 2363 apud
2229 2323 2307 2355 Ur-'

1286 2380 1512 2415 hemveterem,
1530 2388 1549 2408 v
1566 2377 1722 2408 kalendas
1737 2377 1859 2416 aprilis,
1877 2385 1963 2407 anno
1979 2382 2102 2416 quarto.
2119 2377 2225 2418 (Ibid.)

1859 2469 1985 2503 Orvieto,
2003 2471 2042 2496 1⁶¹·
2056 2470 2126 2498 avril
2142 2470 2221 2499 1291.

1327 2538 1363 2567 ln
1387 2546 1413 2566 e.
1436 2545 1492 2572 m.‚
1520 2543 1574 2575 pro
1597 2534 1729 2564 ecclesia
1751 2534 1864 2564 domus
1883 2533 2018 2564 fratrum
2040 2533 2294 2574 praedicatorum-

1287 2590 1486 2626 Anitiensis,
1513 2589 1545 2619 in
1571 2587 1838 2618 Annuntiationis
1864 2587 1973 2617 beatae
1996 2587 2117 2618 Mariae
2140 2587 2297 2629 virginis„

1286 2643 1318 2675 S.
1332 2643 1419 2678 Petri
1433 2641 1585 2681 martyris
1597 2646 1626 2671 et
1642 2640 1673 2671 S.
1692 2640 1852 2670 Dominici
1865 2640 2055 2670 confessoris
2068 2639 2305 2683 festivitatibus&-

1286 2702 1317 2727 et
1332 2706 1387 2736 per
1401 2700 1469 2726 octo
1484 2695 1553 2725 dies
1568 2698 1748 2733 sequentes.
2283 2721 2291 2742 s

1328 2763 1341 2778 α
1365 2750 1522 2790 Splendor
1540 2752 1670 2787 paterne
1692 2747 1830 2785 glorie...
1851 2764 1892 2770 —
1914 2747 1985 2776 Dat.
2009 2746 2092 2786 apud
2115 2747 2291 2778 Urbanum«.¹

1287 2810 1398 2842 terem,
1416 2803 1561 2834 kalendis
1576 2802 1698 2841 aprilis,
1716 2809 1802 2832 anno
1817 2805 1939 2840 quarto.
1959 2813 1973 2827 n
1989 2800 2092 2840 (Ibid.)
2121 2798 2123 2800 ’
2255 2802 2258 2803 ’

1882 2894 2009 2925 Orvieto,
2025 2894 2041 2921 5
2055 2894 2125 2921 avril
2141 2893 2219 2922 1291.

1326 2961 1362 2990 In
1378 2969 1404 2990 e.
1419 2969 1475 2995 m.‚
1490 2968 1546 2999 pro
1555 2958 1685 2989 ecclesia
1700 2958 1814 2987 Beatae
1827 2956 1947 2986 Mariae
1961 2956 2096 2994 virginis
2106 2957 2145 2987 de
2158 2955 2311 3002 Bitzovm,

1285 3014 1458 3052 Pragensis
1487 3013 1655 3050 dioecesis,
1688 3014 1719 3042 in
1752 3015 1887 3050 quatuor
1917 3010 2059 3050 ejusdem
2092 3010 2229 3050 virginis
2257 3013 2292 3045 ek

1285 3067 1316 3098 S.
1332 3067 1476 3107 Procopii
1492 3066 1715 3097 festivitatibus
1727 3070 1756 3095 et
1770 3074 1824 3105 per
1835 3069 1902 3095 octo
1913 3064 1980 3094 dies
1993 3068 2172 3104 sequentes.
2185 3061 2287 3104 (ma.)
