2342 3652
878 362 1098 402 PREMIERE
1120 360 1278 400 ANNnE.
2081 366 2120 395 97

41 448 122 488 apud
140 447 287 477 Sanctam
304 443 438 473 Mariam
459 443 624 480 MaJ'orem,
641 450 660 469 v
676 440 748 469 idus
767 439 936 475 februarii,
955 445 1040 466 anno

39 509 151 542 primo.
174 510 188 526 »

109 655 194 686 516
363 652 460 679 Saintc
478 651 723 685 Mai-ie-Majeure,
741 649 757 675 9
772 649 875 675 sevrier
892 648 966 675 1289.

75 719 119 746 De
132 717 293 751 receptione
309 716 428 741 fratrum
444 716 472 741 in
484 714 656 749 prioratibus
673 711 845 738 monasterio
861 710 959 737 Sancti
970 711 1040 737 Vie-

42 769 112 797 toris
125 764 299 793 Massiliensi
315 764 466 797 subjectis.
486 762 567 795 (Rea.
585 762 632 791 44.
657 769 681 788 c.
701 760 763 793 335,
779 760 798 786 f.
817 761 849 786 ΤΞ)
866 767 906 792 v⁰;
926 759 992 785 ΒΑ».
1005 768 1040 786 nu

41 814 184 846 Tns11.‚1,
204 813 274 845 146.)

80 917 205 951 Eisdem,
223 915 261 944 ad
274 914 375 943 instar
387 913 534 950 Gregorii
548 912 606 948 IX,
624 912 791 941 confirmat
807 915 958 940 statutum
972 919 1039 949 pro-

43 971 156 1002 hibens
185 977 225 998 ne
254 968 287 997 in
312 967 504 1006 prioratibus
528 965 648 995 eisdem
679 965 864 994 immediate
891 965 1040 1003 subjectis

31 1023 126 1056 ,ullus
146 1021 316 1060 recipiatur
340 1029 394 1059 per
420 1020 540 1058 priores
562 1019 596 1047 in
618 1017 771 1048 clericum
798 1022 828 1047 et
850 1018 884 1047 in
909 1018 1039 1047 fratrem

44 1077 159 1116 absque
177 1082 286 1104 eorum
301 1073 430 1102 licentia
448 1071 589 1110 speciali.

84 1141 98 1156 α
114 1127 192 1158 Cum
211 1136 228 1156 a
244 1126 335 1156 nohis
406 1142 444 1146 —
461 1125 532 1154 Dat.
553 1128 707 1162 utsupra.
727 1136 740 1150 n

110 1284 194 1314 512

77 1346 281 1381 Indulgentiae.
300 1345 382 1379 (Rae.
400 1346 447 1378 44,
464 1353 489 1372 c.
507 1345 567 1377 336,
585 1345 604 1371 f.
622 1346 655 1372 75
671 1347 722 1378 v0.)

349 1282 705 1317 Sainte-Marie-MaJeure,
722 1284 755 1309 ⁴25
772 1283 875 1310 fem-ier
894 1284 968 1311 1289.

84 1449 232 1478 Universis
254 1448 366 1477 Christi
387 1448 524 1485 fidelibus
546 1452 693 1486 presentes
710 1449 827 1478 litteras
851 1450 1040 1487 inspecturis.

43 1500 280 1539 Indulgentiam
295 1500 440 1531 concedit
452 1500 548 1530 unius
561 1501 638 1530 anni
652 1505 682 1531 et
695 1501 905 1540 quadraginta
918 1502 1044 1532 dierum

43 1555 188 1587 omnibus
213 1562 286 1584 vere
306 1554 544 1593 poenitentibus
567 1559 598 1584 et
627 1555 779 1584 confessis
803 1555 859 1594 qui
877 1555 1043 1586 ecclesiam

46 1607 308 1644 Salamantinam,
329 1607 362 1637 in
380 1607 489 1638 beatae
505 1608 626 1638 Mariae
644 1608 799 1646 virginis,
820 1609 854 1638 in
879 1610 969 1647 cujus
985 1610 1043 1640 ho-

47 1670 157 1692 norem
171 1661 329 1700 praedicta
344 1661 477 1692 ecclesia
493 1666 539 1691 est
556 1666 753 1698 constructa,
775 1663 999 1693 festivitatibus
1015 1667 1045 1693 et

46 1723 145 1753 usque
171 1714 210 1744 ad
234 1717 302 1745 octo
323 1714 390 1744 dies
408 1714 595 1745 immediate
617 1719 784 1754 sequentes
804 1715 915 1746 devote
935 1716 1044 1746 visita-

45 1767 158 1798 verint.

87 1831 101 1848 κ
118 1820 188 1851 Vite
197 1821 379 1860 perempnis
390 1821 492 1859 gloria
549 1837 588 1842 —
598 1822 670 1851 Dat.
684 1821 786 1851 Rome
800 1822 882 1861 apud
895 1822 1043 1852 Sanctam

47 1873 178 1904 Mariam
189 1873 352 1913 Maiorem,
369 1883 389 1903 v
406 1873 561 1904 kalendas
577 1875 698 1911 martii,
714 1883 800 1905 anno
819 1875 968 1905 secundo.
988 1888 1001 1902 »

113 2033 198 2062 518

81 2093 123 2122 De
141 2095 277 2123 electione
293 2095 431 2123 Werneri
455 2096 484 2122 in
507 2096 637 2123 abbatem
654 2098 821 2123 monasterii
837 2097 934 2124 Sancti
950 2097 1043 2129 Beati,

47 2143 230 2172 Treverensis
244 2145 396 2172 dioecesis.
416 2145 496 2178 (Rae.
515 2146 558 2177 44,
576 2154 601 2173 c.
620 2145 680 2178 337,
697 2147 716 2172 f.
736 2147 768 2173 75
783 2147 836 2179 vo.)

351 2033 710 2069 Sainte-Marie-MaJeure‚
727 2035 757 2061 15
772 2034 876 2061 fevrier
894 2034 970 2062 1289.

87 2246 191 2277 Dilecto
207 2247 270 2285 filio
289 2269 310 2279 ..
327 2248 433 2278 Sancti
450 2249 578 2278 Martini
596 2250 784 2279 Treverensts
799 2254 825 2279 et
842 2272 862 2278 ..
889 2251 924 2279 cle
945 2251 1023 2280 Lacu
1035 2274 1043 2289 ‚

51 2299 232 2329 Treverensis
266 2301 407 2338 diocesis,
438 2303 695 2332 monasteriorum
731 2303 885 2332 abbatibus
915 2303 1047 2333 mandat

50 2357 201 2392 quatenus
213 2354 403 2385 Trevirense
414 2355 589 2394 capitulum
605 2356 773 2394 requirant
787 2360 821 2386 ut
836 2356 875 2386 de
892 2356 1046 2386 electione

48 2404 206 2444 Werneri,
219 2407 368 2438 monachi
382 2409 570 2438 monasterii
581 2408 690 2439 Sancti
705 2409 806 2446 Beati,
815 2409 938 2439 ordinis
945 2410 1047 2439 sancti

50 2457 222 2497 Benedicti,
235 2460 439 2491 Treverensis
449 2461 612 2499 dioecesis,
630 2462 664 2491 in
676 2462 823 2492 abbatem
836 2462 911 2492 dicti
922 2471 1046 2492 monas-

50 2511 120 2541 terii
132 2511 212 2542 facta
220 2517 288 2552 post
299 2513 435 2544 liberam
448 2515 700 2553 resignationem
709 2515 899 2545 Theoderici
912 2516 1045 2553 abbatis,

49 2562 198 2603 inquirat,
209 2566 336 2596 sicutad
345 2567 463 2606 ipsum,
476 2568 549 2598 sede
559 2569 749 2598 Treverensi
759 2573 902 2607 vacante,
917 2573 1046 2608 spectat,

51 2620 81 2647 et
94 2617 176 2648 infra
192 2620 365 2650 terminum
378 2626 610 2659 competentem
623 2622 758 2652 eandem
772 2622 960 2652 electionem
975 2631 1045 2652 con-

50 2667 154 2701 firmet
165 2676 220 2701 aut
233 2677 333 2703 casset
346 2683 352 2710 ;
368 2672 429 2710 vel,
444 2674 470 2703 si
485 2674 545 2704 hoc
559 2674 681 2705 dictum
696 2675 871 2714 capitulum
887 2684 952 2705 non
968 2675 1047 2705 fece-

49 2721 109 2760 rit,
124 2723 186 2763 ipsi
208 2725 337 2756 faciant.
354 2743 393 2748 —-
413 2727 505 2757 Hanc
522 2728 796 2759 confirmationem
823 2729 967 2758 nondum
992 2737 1047 2766 po-

51 2777 150 2806 tuerat
159 2777 302 2808 obtinere
313 2779 504 2816 Wernerus,
516 2785 641 2819 propter
651 2781 843 2811 discordiam
854 2781 937 2811 inter
948 2781 1049 2811 dictos

52 2830 219 2860 canonicos
235 2835 374 2862 exortam
391 2841 486 2870 super
501 2834 728 2865 constitutione
745 2835 890 2865 facienda
904 2834 1049 2865 officialis

52 2887 107 2911 seu
126 2881 237 2912 vicarii
253 2883 326 2922 qui,
343 2884 411 2913 sedi
428 2889 577 2922 vacante,
598 2886 796 2924 spiritualem
809 2887 1048 2926 juridictionem

53 2940 219 2965 exerceret.

93 2997 107 3013 α
130 2987 179 3017 Ita
203 2988 262 3018 sibi
289 2990 466 3028 penitentia
541 3007 579 3012 -
597 2991 667 3021 Dat.
686 2992 786 3022 Rome
801 2993 885 3031 apud
901 2993 1050 3023 Sanctam

55 3037 186 3070 Mariam
202 3041 367 3080 Majorem,
383 3052 423 3072 xv
439 3042 592 3073 kalendas
606 3044 726 3081 martii,
742 3054 827 3075 anno
840 3046 954 3084 primo.
975 3058 988 3073 »

191 3106 262 3134 Rae.
283 3107 404 3136 NicoLAs
423 3108 476 3135 IV.

0 3231 18 3652 ἠμέν-..-σί
0 3211 2 3216 -

1193 437 1279 464 519

1158 499 1290 525 Facultas
1334 498 1500 524 absolvendi
1546 498 1580 523 ab
1619 495 1925 523 excommnuicationis
1964 495 2117 520 sententia.

1121 547 1200 582 (Res.
1219 548 1266 578 44,
1283 556 1308 573 c.
1327 547 1390 578 338,
1410 548 1428 572 s.
1447 548 1479 573 75
1496 548 1546 578 VO.)

1431 433 1794 467 Suintc—Marie—Majcure,
1810 432 1839 458 13
1854 433 1955 458 sevi-ter
1974 432 2050 459 1289.

1167 650 1335 678 Venerabili
1358 651 1453 685 fratri
1476 649 1538 684 .1l.,
1564 649 1696 685 episcopo
1714 646 1903 682 Leqionensz‘,
1931 643 2074 673 concedit
2091 647 2125 673 ut

1122 701 1289 731 nonnullis
1310 700 1434 730 clericis
1450 710 1526 730 suae
1543 699 1679 729 civitatis
1697 703 1725 727 et
1741 697 1908 733 dioecesis,
1927 697 1982 734 qui
1998 705 2124 725 excom-

1122 754 1349 783 municationis
1366 754 1539 783 sententias
1564 753 1597 781 in
1616 752 1747 781 clericos
1763 750 2007 780 concubinarios
2026 754 2088 778 tam
2106 757 2124 777 a

1123 808 1223 837 bonae
1242 807 1414 836 memoriae
1432 807 1602 841 Johanne,
1626 806 1768 844 episcopo
1785 803 1970 838 Sabinensi‚
1995 808 2068 832 tunc
2090 802 2124 831 in

1122 861 1263 898 partibus
1279 859 1342 888 illis
1365 859 1554 897 apostolicae
1574 858 1657 887 sedis
1683 857 1803 894 legato,
1821 865 1916 894 quam
1933 864 1950 884 a
1966 855 2123 894 praedicto

1125 913 1180 948 M„
1200 912 1289 947 latas,
1310 912 1533 946 incurrerunt,
1552 918 1688 948 quornm
1707 909 1835 947 quidam
1852 912 2061 945 susceperunt
2076 916 2123 936 sa-

1124 973 1192 994 cros
1215 964 1343 994 ordines
1370 967 1398 992 et
1422 963 1664 993 celebraverunt
1691 961 1801 990 divina
1825 960 1929 990 officia
1954 960 1999 988 sic
2017 959 2122 996 legati,

1123 1017 1287 1047 absolvere
1303 1017 1411 1055 possit,
1432 1016 1477 1046 eis
1495 1015 1686 1054 competenti
1702 1014 1847 1052 injuncta
1863 1012 2066 1051 poenitentia.
2092 1012 2125 1041 Si

1124 1080 1198 1101 vero
1210 1071 1312 1109 aliqui
1328 1080 1363 1100 ex
1377 1070 1496 1100 eisdem
1511 1067 1794 1099 excommnnicatis
1811 1067 1946 1095 scienter
1963 1065 2047 1101 talia,
2061 1074 2124 1095 non

1125 1130 1231 1154 tamen
1257 1124 1292 1153 in
1316 1127 1498 1161 contemptu
1523 1122 1678 1157 clavium,
1704 1119 1968 1159 presumpserint,
1994 1126 2046 1147 eos
2072 1127 2127 1156 per

1124 1178 1292 1208 biennium
1308 1177 1347 1206 ab
1362 1176 1513 1207 ordinum
1530 1175 1714 1205 executione
1731 1173 1922 1212 suspendeat
1939 1177 1968 1201 et
1987 1176 2126 1210 postmo-

1124 1231 1201 1261 dum
1217 1230 1368 1260 absolvat.

1165 1295 1179 1314 ι(
1207 1284 1321 1314 Petitio
1345 1288 1395 1313 tua
1421 1282 1512 1312 nobis
1596 1298 1634 1302 —
1655 1281 1725 1310 Dat.
1751 1280 1851 1309 Rome
1872 1278 1955 1317 apud
1979 1278 2127 1308 Sanctam

1125 1339 1261 1368 Mariam
1278 1338 1442 1377 Majorem,
1461 1336 1568 1365 idibus
1586 1334 1750 1371 februarii,
1768 1342 1853 1363 anno
1870 1333 1981 1371 primo.
2002 1344 2014 1358 ι)

1161 1497 1357 1527 52o-5z5

1161 1560 1332 1586 Fredericus
1353 1558 1492 1585 ecclesiae
1514 1556 1690 1583 Ferrariensi
1710 1554 1873 1589 praeficitur
1897 1554 1924 1579 in
1949 1554 2128 1587 episcopum.

1130 1609 1209 1641 [Res.
1227 1609 1275 1639 44,
1292 1616 1317 1634 c.
1336 1606 1400 1638 339,
1419 1607 1439 1633 f.
1457 1606 1489 1633 76
1506 1612 1551 1633 r0.)

1473 1493 1830 1527 Sainte-Marie-Majeure,
1848 1492 1880 1518 12
1896 1492 1999 1518 fevrier
2016 1491 2091 1518 1289,

1166 1713 1275 1741 Dilecto
1293 1711 1358 1747 filio
1372 1709 1541 1744 Frederico,
1555 1708 1641 1736 electo
1650 1706 1849 1735 Ferrariensz'.
1863 1704 1957 1738 Eum,
1967 1707 2042 1732 tunc
2051 1702 2130 1732 elec-

1127 1770 1196 1795 tum
1210 1763 1432 1802 Ymriensem,
1450 1761 1489 1790 ad
1505 1759 1743 1790 Ferrariensem
1760 1757 1926 1787 ecclesiam
1945 1755 2104 1784 transfert.

1172 1831 1184 1845 ι
1200 1819 1288 1848 Inter
1311 1814 1543 1846 sollicitudines
1566 1818 1685 1843 ceteras
1763 1827 1802 1832 —
1826 1810 1897 1839 Dat.
1926 1809 2027 1838 Rome
2047 1807 2131 1846 apud

1127 1873 1277 1903 Sanctam
1304 1869 1441 1899 Mariam
1469 1868 1625 1906 Majorem
1639 1889 1647 1902 ,
1686 1874 1708 1894 11
1739 1864 1812 1893 idus
1844 1862 2015 1899 februarii,
2046 1870 2132 1891 anno

1127 1927 1240 1965 primo.
1262 1937 1276 1952 n

1166 1980 1206 2009 In
1220 1989 1247 2009 e.
1264 1987 1306 2007 m.
1325 2000 1344 2007 ..
1360 1975 1537 2015 praeposito
1550 1978 1579 2003 et
1591 1971 1728 2012 capitulo
1740 1970 1892 2001 ecclesiae
1907 1967 2130 2004 Ferrariensis,

1127 2033 1167 2063 ad
1191 2039 1358 2062 romanam
1384 2028 1551 2059 ecclesiam
1570 2026 1660 2056 nullo
1683 2025 1788 2054 medio
1812 2022 2022 2062 pertinentis,
2041 2029 2131 2050 man-

1127 2086 1181 2116 dat
1193 2089 1351 2124 quatenns
1366 2082 1526 2122 praedicto
1542 2080 1641 2110 electo
1656 2077 1871 2109 obedientiam
1887 2076 2026 2106 debitam
2043 2083 2132 2113 prae-

1126 2141 1234 2170 beant.

1167 2194 1207 2223 In
1224 2202 1250 2223 e.
1268 2201 1312 2221 m.
1330 2190 1415 2221 clero
1430 2187 1566 2219 civitatis
1582 2190 1612 2216 et
1628 2184 1780 2215 dioecesis
1798 2181 2022 2212 Ferrariensis,

1168 2248 1208 2277 In
1224 2256 1251 2276 e.
1266 2255 1310 2275 m.
1328 2243 1442 2284 populo
1458 2241 1596 2272 civitatis
1612 2244 1642 2269 et
1659 2237 1813 2268 dioecesis
1828 2234 2052 2266 Ferrariensis.

1168 2302 1208 2331 In
1224 2309 1251 2330 e.
1272 2308 1313 2328 m.
1332 2296 1493 2328 universis
1509 2293 1652 2324 vassallis
1668 2291 1819 2322 ecclesiae
1836 2287 2062 2319 Ferrariensis.

1168 2355 1208 2385 In
1222 2362 1249 2384 e.
1266 2362 1310 2382 m.
1328 2350 1431 2381 nobili
1449 2349 1518 2378 viro
1537 2371 1556 2377 ..
1575 2344 1758 2376 marchioni
1774 2342 1912 2373 Estensi.
1932 2342 2013 2371 Eum
2029 2340 2133 2369 horta-

1129 2412 1180 2438 tur
1198 2411 1232 2437 ut
1248 2405 1386 2436 eundem
1402 2403 1537 2434 electum
1552 2401 1633 2430 bene
1650 2397 1909 2429 commendatum
1926 2394 2051 2424 babeat.

1200 2566 1288 2595 52ss
1441 2557 1799 2591 Sainte-Marie-Majeure,
1821 2555 1850 2581 12>
1866 2554 1968 2580 sevrier
1987 2551 2062 2578 1289.

1164 2626 1346 2655 Confirmatio
1366 2623 1581 2660 privilegiorum
1602 2618 1778 2646 monasterio
1800 2615 1898 2642 Sancti
1913 2612 2040 2640 Victoris
2055 2611 2135 2637 Mas-

1130 2677 1241 2705 siliensi
1263 2684 1279 2702 a
1301 2672 1440 2708 Gregorio
1461 2679 1533 2706 papa
1549 2668 1606 2695 VII
1622 2672 1840 2694 concessorum.
1859 2663 1944 2696 (neg.
1962 2661 2010 2691 44,
2029 2668 2053 2687 c.
2071 2659 2132 2692 340,

1130 2729 1149 2754 f.
1167 2727 1201 2753 76
1217 2727 1267 2758 vo.)

1170 2829 1288 2858 nitentis
1314 2824 1388 2863 filiis
1415 2846 1434 2853 ..
1462 2822 1564 2852 abbati
1590 2826 1615 2849 et
1642 2816 1804 2848 conventui
1832 2813 2009 2843 monasterii
2030 2812 2135 2842 Sancti

1137 2882 1258 2912 Victoris
1279 2877 1493 2912 Massiliensis,
1516 2875 1555 2903 ad
1574 2880 1733 2902 romanam
1755 2869 1907 2898 ecclesiam
1930 2866 2015 2895 nullo
2040 2864 2134 2893 medio

1127 2934 1328 2974 pertinentis,
1353 2931 1471 2960 ordinis
1494 2927 1598 2957 Sancti
1623 2924 1783 2955 Benedicti.
1810 2920 1987 2951 Confirmat
2003 2916 2134 2956 privile-

1131 2989 1219 3028 gium
1242 2987 1326 3016 dicto
1344 2982 1536 3014 monasterio
1556 2989 1573 3009 a
1595 2977 1748 3016 Gregorio
1763 2984 1842 3014 papa
1857 2973 1917 3002 VII
1934 2978 2132 3006 concessum,

1131 3042 1222 3081 cujus
1240 3044 1329 3070 tenor
1348 3036 1419 3066 talis
1435 3039 1483 3065 est
1500 3046 1505 3063 2

1965 3089 1992 3115 13
