2342 3652
604 333 822 372 PREMIERE
843 332 999 371 ANNEE.
1023 357 1061 362 -
1083 340 1268 370 LE'rTRns
1291 340 1515 370 0001111115.
2049 346 2098 375 111

28 415 200 443 consortem
223 413 368 447 rogantes
394 409 544 439 attentius
570 413 599 438 et
624 408 785 438 hortantes
802 412 846 444 ut,
864 407 1019 446 profunde

28 463 283 496 considerationis
309 462 461 500 indagine
489 462 642 500 premissa
668 462 840 491 discutiens
874 466 904 490 et
935 461 1020 490 infra

29 517 159 549 claustra
182 516 316 554 pectoris
336 515 445 545 sedula
468 519 498 544 et
514 519 631 544 attenta
647 513 829 549 revolvens,
851 513 1019 543 advertens

28 577 149 611 quoque
170 568 301 598 sollicite
322 568 480 597 sincerum
506 572 536 597 et
558 567 740 597 benivolum
776 575 870 604 quem
900 566 934 594 in
961 566 1020 595 hoc

29 621 156 654 ecclesia
171 621 278 651 eadem
296 621 376 658 gerit
392 621 556 656 affectum,
577 620 732 658 patienter
747 620 902 649 sustineat
917 622 946 648 et
962 619 1020 648 sub

29 675 142 706 mentis
155 673 333 704 humilitate
350 678 531 712 comportet,
550 674 575 702 si
597 677 686 711 pacta
702 677 731 702 et
745 672 944 702 conditiones
960 673 1019 702 hu-

27 727 178 769 jusmodi,
203 735 264 765 que
285 727 352 764 ipse
375 735 500 765 quoque
518 728 708 765 prudentum
731 726 857 755 auditus
878 727 1018 764 respuit,

29 789 90 812 non
105 780 250 810 duximus
263 780 469 809 admittenda.
485 780 566 809 Nam
580 779 606 809 si
621 779 841 817 pecuniarium
857 779 1020 810 dumtaxat

30 833 202 865 subsidium
212 832 251 861 ad
265 832 487 862 liberationem
501 832 642 871 ejusdem
655 832 860 870 primogeniti
873 833 1022 863 existeret

29 890 213 926 oportunum
228 909 235 922 ,
256 885 426 923 gratiosam
447 885 522 914 satis
543 889 572 914 et
597 884 802 914 favorabilem
826 894 858 914 se
883 885 1022 923 predicta

30 938 155 972 ecclesia
171 938 343 968 exhiberet.
361 939 508 968 Preterea
524 938 680 976 prefatum
696 937 865 968 Alfonsum
883 948 937 977 per
953 948 1022 969 nos-

31 996 90 1023 tras
105 991 162 1022 sub
175 996 259 1021 certa
274 991 375 1021 forma
390 999 557 1028 monemus
573 990 693 1020 litteras
708 995 740 1020 ut
754 991 890 1021 eundem
904 992 1020 1030 primo-

30 1045 167 1086 genitum
188 1044 309 1074 sublato
325 1043 521 1073 difficultatis
544 1043 681 1073 obstaclo
703 1043 795 1082 plene
816 1045 960 1074 restituat
980 1045 1020 1074 li-

29 1099 148 1135 11011311,
165 1096 352 1135 nullumque
364 1097 482 1135 prefato
496 1097 625 1133 Jacobo,
643 1097 731 1125 fratri
745 1106 811 1134 suo,
833 1097 878 1126 vel
895 1098 950 1127 alii
967 1107 1021 1128 seu

30 1151 99 1182 aliis
107 1150 357 1190 quibuscumque
369 1150 486 1179 dictam
503 1149 713 1180 ecclesiamin
726 1159 824 1188 reguo
840 1151 950 1181 Sicilie
966 1161 1020 1181 seu

31 1204 166 1245 qualibet
181 1196 270 1242 parte
289 1203 338 1233 sui
356 1203 562 1242 quandolibet
584 1194 848 1242 impugnantibus
874 1213 929 1234 seu
955 1209 1021 1234 tur—

31 1258 171 1290 bantibus
187 1257 348 1296 impendat
362 1266 417 1296 per
435 1266 468 1287 se
487 1257 536 1286 vel
553 1257 653 1287 alium
671 1266 726 1287 seu
744 1257 823 1287 alios
839 1258 1022 1295 consilium,

30 1310 180 1342 auxilium
196 1309 244 1340 vel
260 1310 400 1340 favorem
416 1310 578 1349 publicum
594 1310 645 1340 vel
660 1311 831 1348 occultum,
845 1316 874 1341 et
890 1311 1022 1341 nichilo-

0 1398 1 1406 ,
31 1367 133 1398 minus
150 1366 232 1396 infra
247 1376 298 1396 sex
317 1375 444 1396 menses
467 1375 485 1395 a
501 1366 683 1404 'receptione
704 1367 917 1404 predictarum
938 1367 1022 1397 litte-

0 1414 1 1424 *
31 1428 133 1454 rarum
154 1419 378 1458 computandos
400 1424 580 1458 compareat
601 1428 707 1449 coram
731 1420 841 1456 nobis,
863 1421 978 1450 nostris
995 1424 1026 1462 etv

33 1471 168 1512 eiusde-m
183 1472 311 1502 ecclesie
326 1472 484 1517 mandatis
502 1477 532 1501 et
554 1472 761 1510 beneplacitis
777 1483 871 1511 super
887 1474 1023 1512 premis-

35 1524 78 1556 sis
91 1529 163 1555 etea
175 1524 431 1562 contingentibus
443 1525 609 1555 humiliter
622 1530 651 1555 et
662 1526 831 1555 efficaciter
842 1526 1003 1564 pariturus
1015 1540 1023 1563 3

35 1577 323 1609 comminationibus
348 1578 580 1608 nichilominus
599 1579 763 1608 nonnullis
785 1578 915 1615 edictis,
941 1580 1024 1618 quod

35 1630 61 1661 si
75 1639 160 1661 secus
174 1631 288 1661 taceret
302 1635 412 1661 contra
429 1640 502 1661 eum
519 1631 725 1670 spiritualiter
748 1638 778 1661 et
798 1632 1023 1670 temporaliter,

35 1688 121 1723 prout
134 1684 265 1724 qualitas
283 1685 356 1715 facti
374 1686 510 1715 suaserit
531 1690 561 1715 et
577 1686 724 1724 expedire
740 1685 933 1721 viderimus,
950 1694 1024 1724 pro-

36 1737 185 1769 cedemus.
210 1738 365 1769 Mittimus
387 1748 512 1778 quoque
534 1739 654 1778 prefato
675 1740 743 1777 regi
764 1739 880 1777 Anglie
902 1743 1025 1769 nostras

35 1791 199 1829 rogatorias
215 1791 344 1829 litteras,
362 1797 395 1822 ut
406 1792 544 1822 eundem
561 1791 731 1822 Alfonsum
743 1797 870 1822 moneat
885 1797 914 1821 et
930 1793 1025 1822 indu-

37 1847 82 1873 cat
95 1849 128 1882 ut
144 1844 319 1884 apostolicis
340 1854 434 1884 super
453 1845 511 1875 hoo
533 1845 666 1875 monitis
687 1849 717 1875 et
739 1845 944 1884 beneplacitis
969 1845 1026 1874 hu-

37 1897 148 1928 militer
168 1903 272 1938 pareat
287 1903 316 1928 et
338 1899 498 1935 intendat3
529 1899 712 1929 memoratis
729 1899 974 1938 archiepiscopis
997 1904 1027 1929 et

37 1949 144 1982 dilecto
156 1951 220 1981 filio
235 1952 320 1982 fratri
338 1952 494 1991 Raynono
510 1952 548 1981 de
566 1952 723 1989 Viterbio,
748 1952 869 1982 ordinis
886 1952 1027 1991 predica-

39 2007 146 2042 torum,
162 2013 216 2043 per
232 2004 310 2035 alias
322 2005 442 2035 litteras
459 2009 582 2035 nostras
599 2005 745 2045 injuncto
766 2010 799 2035 ut
815 2005 952 2035 eundem
969 2005 1024 2035 Al-

0 2086 7 2090 ,
38 2056 156 2088 sonsum
181 2059 388 2097 personaliter
411 2059 526 2089 adeant
548 2059 673 2097 sibique
697 2059 882 2097 hujusmodi
905 2064 1027 2089 nostras

38 2109 214 2141 monitorias
231 2110 351 2141 litteras
372 2115 606 2150 representem,
623 2112 728 2150 ipsum
748 2111 788 2141 ad
810 2112 842 2141 id
868 2111 1027 2141 monendo

38 2161 164 2193 sollicite
179 2173 214 2194 ac
236 2165 331 2194 etiam
354 2165 557 2202 inducendo3
584 2165 674 2195 uobis
698 2165 781 2203 quod
807 2165 841 2194 in
862 2164 921 2194 1130
942 2169 1028 2202 parte

39 2214 164 2246 fecerint
177 2217 301 2256 plenius
312 2218 508 2257 rescripturi.
527 2219 570 2248 Ea
584 2227 658 2248 vero
674 2228 735 2257 que
750 2218 788 2248 de
802 2218 901 2257 pactis
917 2222 946 2248 et
957 2227 1029 2247 con-

39 2267 203 2300 ditionibus
224 2270 300 2310 ipsis
330 2272 530 2310 presentibus
552 2271 651 2301 inseri
680 2271 813 2301 fecimus
836 2271 893 2301 hec
918 2275 994 2301 sunt
1021 2280 1027 2301 :

76 2320 234 2354 Ponent'ur
249 2325 282 2354 in
301 2333 390 2363 posse
406 2325 545 2362 Alfonsi,
568 2326 635 2355 nati
657 2325 818 2364 quondam
841 2326 929 2355 Petri
953 2325 1029 2355 olim

40 2375 117 2413 regis
141 2370 336 2415 Aragonum,
361 2387 416 2417 pro
439 2378 612 2415 obsidibus,
638 2383 699 2408 tres
726 2378 784 2408 filii
805 2378 965 2408 carissimi
994 2379 1029 2408 in

40 2426 160 2459 Christo
179 2430 237 2460 filii
267 2431 366 2461 nostri
388 2431 512 2469 Caroli,
538 2432 742 2470 primogeniti
768 2431 852 2461 clare
874 2431 1031 2462 memorie

40 2479 73 2511 G.
86 2481 166 2520 regis
182 2482 288 2513 Sicilie
303 2488 332 2514 et
345 2478 506 2515 carissime
522 2485 556 2514 in
573 2485 697 2516 Christo
713 2485 778 2515 filie
794 2489 899 2515 nostre
915 2485 1030 2522 Mai-ie,

0 2543 1 2547 ¹
41 2536 187 2566 consortis
201 2537 288 2576 ejus3
312 2537 375 2567 duo
397 2538 497 2568 silicet
517 2540 651 2577 majores
675 2543 742 2578 post
763 2539 1031 2577 primogenitum-

42 2592 110 2619 ante
125 2588 346 2621 liberationem
361 2601 451 2621 suam
472 2593 555 2622 infra
576 2593 684 2623 decem
702 2602 844 2628 menses;
863 2597 892 2622 et
910 2601 964 2628 pro
987 2601 1030 2628 se,

41 2642 168 2673 curitate
182 2644 281 2683 ipsius
298 2645 516 2684 primogeniti,
535 2651 669 2685 ponatur
686 2647 783 2677 etiam
800 2647 832 2676 in
852 2656 939 2686 posse
955 2646 1031 2675 dicti

43 2693 162 2726 Alfonsi
175 2697 270 2727 simul
287 2707 358 2728 cum
376 2698 446 2728 aliis
465 2699 545 2728 natis
561 2704 629 2738 post
642 2700 890 2738 primogenitum
908 2704 937 2729 et
952 2699 1033 2729 alius

43 2745 124 2778 filius
133 2749 344 2787 predictorum
360 2751 465 2780 Caroli
483 2755 513 2780 et
525 2752 689 2787 consortis,
710 2753 765 2791 qui
781 2757 826 2782 est
841 2752 875 2781 in
895 2752 1033 2782 Provin-

7 2812 10 2821 ‹
43 2799 100 2839 oia,
118 2806 188 2832 ante
203 2804 250 2833 sui
267 2803 499 2834 liberationem.

80 2853 158 2884 Item
172 2862 326 2895 ponentur
337 2858 369 2886 in
383 2867 472 2896 posse
486 2858 596 2896 prefati
612 2858 737 2888 Alfonsi
749 2863 779 2889 et
791 2859 947 2889 heredum
963 2867 1034 2888 suo-

45 2909 308 2948 rum,anteipsius
315 2910 417 2940 Caroli
429 2911 868 2949 primogenitiliberationem,
878 2912 1033 2951 quinqua-

45 2957 130 2995 ginta
138 2961 224 2991 milia
236 2971 411 2993 marcarum
423 2964 558 3001 argenti,
571 2963 674 2993 silicet
683 2965 905 3002 trigintamilia
915 2973 1035 2994 marca-

47 3012 157 3042 rumin
169 3016 300 3052 pecunia
310 3025 386 3046 auro
396 3021 426 3046 et
437 3021 567 3054 argento
581 3021 610 3046 et
625 3017 737 3054 viginti
753 3017 844 3046 milia
858 3026 1036 3047 marcarum

1102 407 1136 435 in
1147 406 1326 442 securitate,
1340 415 1435 444 quani
1448 408 1648 437 securitatem
1661 408 1774 446 viginti
1788 408 1915 439 milium
1923 419 2103 441 marcarum

1102 458 1194 487 debet
1209 458 1310 488 facere
1326 459 1460 489 illustris
1481 469 1533 489 rex
1553 460 1669 498 Anglie
1687 460 1818 491 Alsonso
1833 462 1973 500 predicto
1992 468 2022 493 et
2038 465 2103 494 suis

1103 510 1286 547 heredibus,
1302 511 1341 541 de
1359 521 1420 550 qua
1436 512 1533 542 iidem
1550 513 1703 543 Alsonsus
1719 518 1748 543 et
1764 514 1896 544 heredes
1909 516 1958 545 sui
1975 517 2039 546 sint
2053 527 2103 556 pa-

1102 564 1173 598 cati,
1185 564 1243 594 sub
1256 565 1310 594 tali
1322 566 1503 595 conditione
1514 566 1608 605 quod,
1621 567 1682 596 nisi
1693 567 1777 596 infra
1788 568 1886 598 dictos
1898 568 2006 599 decem
2016 579 2104 600 men-

1103 626 1151 646 ses
1173 618 1292 655 positus
1313 619 1407 648 suerit
1429 620 1659 658 primogenitus
1682 620 1788 651 Caroli
1808 626 1838 650 et
1857 624 2011 653 consortis
2033 633 2105 662 pre-

1103 669 1259 700 dictorum
1281 671 1313 700 in
1334 671 1426 709 pleno
1450 681 1540 710 posse
1562 674 1728 703 memorati
1750 674 1876 704 Alfonsi
1898 680 1928 705 et
1950 676 2104 707 heredum

1103 731 1246 759 suorum,
1264 733 1298 752 ex
1321 729 1394 753 tunc
1412 724 1495 754 dicta
1512 734 1593 763 pena
1610 725 1651 754 sit
1666 726 1822 764 applicata
1844 728 1947 758 eidem
1970 729 2104 760 Alfonso

1104 775 1152 804 vel
1170 775 1339 806 heredibus
1356 786 1410 815 pro
1426 786 1507 815 pena
1523 783 1552 807 et
1572 779 1681 808 tertius
1697 779 1793 816 filius,
1811 780 1902 810 datus
1920 791 1972 820 pro
1985 784 2105 821 primo-

1103 828 1226 866 genito,
1251 830 1291 858 sit
1315 830 1462 859 incursus
1487 831 1590 860 eidem
1611 831 1744 862 Alfonso
1765 833 1813 862 vel
1830 834 1999 864 heredibus
2021 837 2104 875 suis,

1104 881 1200 911 salvis
1216 882 1318 912 eidem
1336 883 1398 912 vita
1414 888 1444 912 et
1466 884 1630 913 membris.
1650 885 1682 914 Si
1706 895 1780 916 vero
1796 887 1935 925 predicta
1951 889 2107 927 completa

1103 934 1223 964 suerint
1242 935 1326 965 infra
1341 936 1440 966 dictos
1457 937 1566 966 decem
1584 946 1722 975 menses,
1740 939 1925 969 restituatur
1940 941 2027 971 filius
2048 942 2107 972 da-

1105 992 1153 1018 tus
1171 997 1225 1026 pro
1238 989 1449 1026 primogenito
1466 994 1496 1019 et
1512 991 1672 1028 quantitas
1689 995 1719 1020 et
1731 993 1883 1022 securitas
1897 993 1969 1023 data
1987 995 2107 1026 ratione

1104 1041 1187 1072 dicte
1205 1043 1394 1081 quantitatis
1411 1044 1450 1072 sit
1467 1043 1622 1073 absoluta.

1146 1095 1225 1124 [tem
1242 1095 1333 1125 debet
1349 1104 1465 1134 ponere
1480 1097 1619 1135 prefatus
1638 1096 1768 1127 Carolus
1787 1100 2018 1137 primogenitus
2034 1107 2108 1132 3010

1106 1149 1155 1177 501
1187 1148 1407 1178 liberationem
1438 1149 1472 1178 in
1502 1158 1592 1188 posse
1620 1150 1722 1189 ipsius
1748 1152 1873 1182 Alsonsi
1899 1158 1929 1182 et
1955 1153 2108 1185 heredum

1105 1210 1235 1231 suorum
1255 1202 1380 1232 obsides
1408 1203 1637 1242 primogenitos
1666 1204 1822 1235 baronum
1848 1211 1877 1236 et
1902 1213 2108 1246 magnatum,

1105 1255 1262 1292 militum,
1279 1256 1398 1285 civium
1416 1261 1445 1286 et
1467 1257 1653 1295 burgesium
1669 1258 1854 1297 Provincie,
1875 1270 1974 1299 usque
1990 1262 2029 1291 ad
2046 1271 2108 1293 nu—

1107 1318 1230 1338 merum
1256 1309 1487 1347 quadraginta3
1512 1310 1585 1340 illos
1611 1311 1715 1341 silicet
1742 1321 1820 1351 quos
1844 1313 1930 1343 idem
1956 1314 2110 1346 Alsonsus

1107 1361 1155 1391 vel
1172 1362 1240 1401 ejus
1256 1362 1389 1392 heredes
1405 1363 1571 1401 elegerint,
1585 1364 1623 1393 de
1637 1365 1752 1403 quibus
1766 1367 1869 1404 magis
1884 1367 1943 1397 sibi
1954 1368 2110 1406 placuerit

1107 1415 1156 1444 vel
1175 1415 1285 1445 saltem
1299 1416 1337 1445 de
1350 1415 1480 1446 illorum
1496 1417 1642 1447 obsidum
1654 1418 1824 1449 Provincie
1838 1429 1973 1451 numero
1990 1422 2110 1452 medie-

1109 1473 1153 1497 tas
1176 1469 1315 1499 tradatur
1339 1479 1402 1499 una
1424 1479 1498 1500 cum
1523 1471 1599 1501 filiis
1618 1471 1693 1501 dicti
1711 1472 1816 1502 Caroli
1840 1473 1974 1504 Alfonso
1990 1476 2109 1513 prefato

1107 1522 1158 1552 vel
1178 1523 1347 1553 heredibus
1363 1524 1439 1561 suis,
1454 1529 1527 1553 ante
1547 1525 1808 1556 deliberationem
1827 1528 1970 1565 ejusdem
1986 1529 2108 1566 Caroli,

1108 1579 1137 1605 et
1165 1576 1227 1605 alia
1257 1577 1411 1606 medietas
1437 1578 1521 1607 infra
1549 1582 1610 1607 tres
1637 1588 1762 1609 menses
1788 1585 1857 1618 post
1887 1581 2109 1612 liberationem

1108 1638 1216 1666 suam,
1235 1629 1273 1659 de
1289 1639 1351 1668 qua
1367 1630 1535 1660 traditione
1552 1631 1730 1661 medietatis
1746 1632 1788 1671 (l)
1804 1633 1951 1663 obsidum
1966 1635 2111 1665 facienda

1108 1682 1192 1712 infra
1208 1686 1269 1711 tres
1287 1682 1442 1721 predictos
1456 1692 1582 1713 meuses
1597 1684 1689 1714 detur
1704 1685 1787 1715 dicto
1804 1685 1936 1716 Alfonso
1956 1687 2005 1716 vel
2022 1688 2108 1717 here-

1108 1735 1201 1765 dibus
1221 1736 1288 1765 suis
1309 1736 1401 1765 firma
1423 1737 1575 1766 securitas
1595 1738 1681 1775 talis,
1702 1739 1740 1768 de
1760 1748 1823 1777 qua
1841 1740 1908 1778 ipse
1925 1740 2110 1771 5110011100-

1111 1793 1176 1826 tus3
1194 1794 1223 1819 et
1234 1790 1262 1819 si
1278 1789 1380 1828 aliqui
1396 1790 1517 1820 suerint
1528 1800 1564 1820 ex
1581 1791 1659 1830 ipsis
1677 1792 1849 1822 baronibus
1862 1798 1892 1823 et
1907 1795 2111 1832 magnatibus

1109 1843 1162 1881 qui
1187 1839 1353 1873 filios'non
1382 1843 1552 1881 haberent,
1579 1854 1713 1883 persone
1735 1846 1877 1884 ipsorum
1903 1852 2062 1885 ponantur
2077 1849 2111 1878 in

1108 1895 1262 1934 hostagiis
1288 1897 1320 1926 in
1351 1905 1441 1935 posse
1467 1897 1542 1927 dicti
1564 1897 1690 1928 Alsousi
1713 1899 1762 1928 vel
1785 1899 1942 1930 heredum
1968 1910 2110 1931 suorum.

1150 1950 1188 1979 Et
1213 1950 1297 1989 quod
1325 1950 1428 1980 dictus
1456 1950 1587 1981 Carolus
1616 1952 1709 1982 faciat
1739 1953 1808 1983 fieri
1835 1954 2021 1992 homagium
2039 1964 2112 1985 cum

1106 2003 1290 2041 juramento
1314 2003 1396 2033 dicto
1422 2003 1555 2034 Alfonso
1580 2005 1629 2034 vel
1651 2006 1718 2043 ejus
1744 2008 1937 2044 procuratori
1961 2017 2015 2046 per
2044 2017 2112 2038 035-

1112 2055 1245 2086 101131105
1269 2060 1445 2086 0351101001
1470 2057 1612 2095 ejusdem
1636 2058 1741 2089 Caroli
1767 2059 1802 2088 in
1824 2060 1994 2090 Provincia
2017 2061 2111 2100 qnod,

1111 2109 1175 2138 uisi
1190 2118 1299 2148 pacem
1317 2109 1425 2139 fecerit
1440 2109 1524 2140 dicto
1541 2110 1674 2141 Allonso
1690 2116 1720 2141 et
1736 2112 1863 2149 Jacobo,
1881 2113 1969 2143 fratri
1988 2114 2068 2152 ejus,
2085 2119 2116 2145 et

1111 2151 1283 2192 heredibus
1299 2163 1452 2201 ipsorum,
1470 2172 1526 2202 pro
1542 2173 1574 2193 se
1591 2168 1621 2193 et
1637 2173 1768 2195 romana
1785 2166 1917 2196 ecclesia
1935 2171 1965 2196 et
1980 2167 2113 2197 illustri-

1111 2216 1171 2246 bus
1192 2238 1211 2245 ..
1235 2217 1367 2246 Francie
1384 2221 1414 2246 et
1429 2217 1541 2247 Carolo
1557 2218 1718 2256 Aragonie
1735 2219 1880 2257 regilius,
1898 2220 1936 2250 de
1953 2230 2014 2260 qua
2030 2221 2115 2251 idem

1113 2270 1265 2300 Alsonsus
1279 2270 1318 2299 sit
1333 2275 1500 2300 contentus
1516 2271 1565 2301 vel
1580 2272 1712 2302 heredes
1725 2274 1776 2302 sui
1790 2297 1798 2310 ,
1816 2274 1865 2304 vel
1884 2275 1946 2304 nisi
1963 2275 2002 2304 ad
2016 2285 2117 2306 carce-

1113 2333 1179 2354 rem
1195 2324 1294 2362 ipsius
1310 2324 1358 2354 vel
1375 2324 1530 2354 heredum
1546 2334 1678 2355 suorum
1694 2327 1825 2357 redierit
1838 2328 1921 2357 infra
1933 2333 1993 2358 tres
2002 2338 2116 2366 3111105,

1114 2377 1196 2415 quod
1212 2377 1377 2406 attendant
1392 2387 1464 2407 oum
1482 2379 1592 2408 castris
1612 2383 1641 2408 et
1656 2379 1808 2410 obediant
1824 2381 1926 2410 eidem
1941 2381 2074 2411 Alsonso
2088 2386 2118 2411 et

1114 2430 1285 2460 heredibus
1304 2432 1368 2460 suis
1386 2435 1420 2460 ut
1435 2431 1575 2468 domino,
1594 2437 1624 2461 et
1640 2437 1723 2462 terra
1739 2434 1908 2464 Provincie
1924 2435 1964 2464 sit
1982 2435 2117 2464 totaliter

1114 2483 1213 2522 ipsius
1238 2483 1362 2513 Alionsi
1388 2485 1416 2513 et
1443 2484 1595 2514 heredum
1621 2495 1751 2515 suorum
1778 2487 1811 2515 iu
1840 2492 2026 2525 perpetuum
2047 2488 2118 2525 jure

1114 2536 1318 2572 hereditario,
1344 2541 1373 2567 et
1394 2538 1455 2576 ipsi
1480 2538 1645 2568 castellani
1673 2549 1737 2569 nou
1763 2540 1886 2569 tradant
1908 2541 1990 2569 dicta
2018 2544 2119 2570 castra

1115 2589 1253 2627 predicto
1279 2590 1390 2620 Carolo
1420 2592 1631 2629 primogenito
1657 2601 1713 2622 neo
1734 2593 1829 2624 alicui
1853 2593 1930 2629 alii,
1953 2594 2013 2622 uisi
2036 2594 2119 2624 dicto

1115 2642 1248 2672 Alfouso
1265 2642 1313 2671 vel
1332 2643 1501 2673 heredibus
1519 2645 1597 2680 suis,
1615 2644 1665 2674 vel
1682 2645 1731 2674 cui
1749 2655 1803 2675 seu
1819 2646 1935 2684 quibus
1952 2646 2037 2675 idem
2062 2646 2117 2675 Al-

1115 2696 1224 2725 sonsus
1241 2695 1288 2725 vel
1310 2695 1443 2725 heredes
1457 2698 1506 2726 sui
1524 2697 1757 2727 mandaverint.
1779 2698 1844 2728 UlJi
1867 2698 1968 2728 dictus
1988 2698 2120 2729 Carolus

1117 2749 1348 2787 primogenitus
1366 2758 1427 2779 non
1445 2750 1651 2788 compleverit
1664 2751 1814 2789 predicta,
1834 2760 1889 2781 nec
1906 2752 1972 2790 ipse
1989 2751 2120 2782 Carolus

1117 2803 1213 2841 possit
1229 2802 1274 2831 015
1291 2802 1372 2832 dicta
1394 2807 1495 2832 castra
1510 2804 1651 2841 auferre,
1670 2809 1700 2834 et
1720 2805 1746 2833 si
1763 2806 1931 2843 contigerit
1947 2805 2069 2845 aliquos
2086 2815 2122 2835 ex

1117 2855 1181 2885 illis
1197 2855 1376 2885 castellanis
1395 2857 1495 2893 mori,
1519 2857 1622 2886 dictus
1646 2857 1777 2887 Carolus
1804 2859 2033 2897 primogenitus
2057 2868 2122 2889 non

1119 2913 1221 2947 posset
1248 2909 1315 2938 1000
1342 2909 1483 2947 ipsorum
1509 2910 1730 2940 defunctorum
1758 2911 1900 2950 aliquem
1927 2912 1975 2942 vel
1999 2912 2139 2956 aliquos¹

1158 3023 1195 3055 (1)
1214 3023 1261 3048 ΜΝ.
1279 3022 1425 3049 1001110135
