2342 3652
906 350 1139 389 'rnoismME
1161 350 1318 388 ANNEE.
2098 357 2154 388 509

65 435 190 461 structa.
215 429 285 458 Dat.
304 426 387 466 apud
410 426 688 462 Urbemveterem,
711 435 797 455 xvnu
820 426 973 456 kalendas
997 434 1067 464 sep-

67 483 205 517 tembris,
222 489 307 511 anuo
327 480 427 509 tertio.

640 552 766 585 Orvieto‚
784 553 817 579 25
833 555 901 579 aout
922 553 996 579 1290.

109 622 143 650 in
159 629 186 649 e.
212 628 275 653 m.,
297 626 353 656 pro
368 616 541 647 cathedrali
560 616 692 646 ecclesia
709 617 929 653 Nanueteusi,
949 618 981 647 in
1007 625 1071 655 qua

66 677 246 704 sanctorum
275 671 445 701 Donatiani
473 675 503 699 et
531 670 701 707 Rogatiani
726 678 856 708 corpora
883 674 967 699 sunt.
997 670 1068 699 Dat.

67 726 149 766 apud
176 726 458 760 Urbemveterem,
488 732 543 752 vm
568 722 722 752 kalendas
747 724 954 762 septembris,
986 731 1071 753 anno

68 780 168 812 tertio.

571 843 698 877 Orvieto‚
716 843 730 868 5
742 844 904 877 septembre
924 843 999 869 1290.

110 909 158 939 In.
173 917 200 938 e.
217 917 273 945 m.,
286 916 341 947 pro
352 907 485 937 ecclesia
499 906 632 936 Sanctae
648 906 768 936 Mariae
780 906 818 936 de
831 906 984 941 Fumone,
1000 905 1074 935 Ala—

72 963 171 993 trinae
187 961 351 991 dioecesis.
372 961 444 991 Dat.
465 964 497 990 ut
520 968 630 998 supra,
653 959 748 989 nonis
769 959 972 997 septembris,
989 967 1074 988 anno

71 1014 169 1045 tertio.

667 1078 795 1112 (li-vieto,
813 1079 826 1104 7
842 1079 908 1104 aout
926 1078 1002 1105 1290.

108 1144 146 1174 In
164 1152 193 1173 e.
213 1153 275 1179 m.,
293 1151 348 1181 pro
367 1142 501 1173 ecclesia
521 1142 629 1172 Sancti
650 1141 810 1171 Marcialis
837 1141 1074 1178 Lemovicensi,

69 1196 190 1228 ordinis
206 1196 240 1227 S.
260 1196 436 1226 Benedicti.
459 1196 529 1225 Dat.
548 1195 631 1234 apud
649 1195 924 1229 Urbemveterem,
943 1204 984 1223 vn
1004 1194 1076 1224 idus

70 1251 207 1289 augusti,
223 1258 310 1280 anno
327 1250 428 1279 tertio.
447 1250 504 1287 (En
520 1249 649 1287 marqe.)

572 1337 698 1367 Orvieto,
717 1338 732 1364 5
748 1337 910 1371 septembre
928 1336 1005 1363 1290.

111 1402 148 1432 In
163 1410 192 1432 e.
210 1410 252 1430 m.
266 1424 273 1436 ‚
294 1409 348 1439 pro
364 1400 496 1430 ecclesia
515 1423 536 1430 ..
555 1400 733 1429 abbatissae
757 1403 786 1428 et
811 1403 987 1429 conventus
1010 1408 1078 1429 mo-

74 1455 203 1485 nasterii
222 1455 337 1484 Beatae
350 1454 472 1483 Mariae
488 1454 521 1483 in
540 1454 629 1484 Bona
644 1454 695 1483 via
713 1462 809 1492 prope
826 1452 1078 1488 Lucembourch,

72 1508 294 1539 cisterciensis
318 1508 453 1544 ordinis,
477 1507 684 1537 Treverensis
709 1507 874 1536 dioecesis.
900 1507 970 1535 Dat.
997 1506 1081 1544 apud

74 1562 350 1598 Urbemveterem,
369 1561 463 1591 nonis
478 1560 678 1599 septembris,
695 1568 781 1590 anno
801 1559 905 1589 tertio.
925 1558 1030 1598 (ibid.)

577 1647 703 1678 Orvieto‚
722 1647 737 1673 5
753 1646 916 1681 septembre
935 1645 1010 1673 1290.

115 1713 155 1744 In
184 1722 210 1743 e.
243 1721 298 1746 m.,
326 1720 382 1750 pro
409 1710 544 1741 ecclesia
574 1710 683 1740 Sancti
709 1709 830 1739 Albani
858 1709 1082 1744 Namurcensi,

80 1765 265 1796 Leodiensis
294 1764 460 1795 dioecesis.
490 1764 562 1795 Dat.
598 1768 632 1793 ut
665 1772 771 1802 supra.
804 1763 911 1800 (Ibid.;
940 1762 1083 1799 Porrn„

77 1819 200 1857 23380.)

582 1883 711 1914 Orvieto,
723 1883 739 1910 9
755 1883 919 1918 septembre
936 1882 1013 1910 1290.

117 1949 153 1979 In
172 1958 199 1979 e.
217 1958 278 1983 m.,
300 1957 355 1987 pro
373 1947 506 1977 ecclesia
525 1938 633 1977 Sancti
655 1946 790 1976 Martini
807 1947 845 1976 de
868 1946 1085 1975 Wimbeskir-

77 2003 174 2038 chen,
194 2002 400 2032 Trevereusis
417 2001 582 2031 dioecesis.
606 2001 676 2030 Dat.
701 2000 784 2039 apud
804 2000 1084 2034 Urbemveterem,

77 2055 184 2085 vidus
199 2055 398 2096 septe-mbriS,
415 2062 502 2084 anno
520 2054 624 2084 tertio.
642 2053 748 2092 (Ibi-d.)

118 2109 155 2138 In
172 2117 199 2138 e.
221 2116 278 2145 m.,
297 2116 351 2146 pro
370 2107 491 2146 capella
506 2108 615 2137 Sancti
629 2106 720 2136 Pauli
737 2107 770 2135 in
789 2106 920 2136 ecclesia
938 2105 1085 2135 Metensi.

78 2162 184 2200 (Ibid.)
1009 2162 1011 2164 ’

119 2215 157 2245 In
179 2224 206 2245 e.
229 2224 273 2245 m.
291 2238 297 2251 ,
322 2223 377 2253 pro
399 2214 520 2253 capella
538 2214 674 2244 Sanctae
690 2213 881 2251 Margaritae
902 2213 935 2242 in
957 2212 1088 2242 ecclesia

81 2269 228 2299 Metensi.
246 2268 352 2308 (Ibid.)

568 2340 694 2372 Orvieto,
714 2340 744 2367 12
763 2340 924 2375 septembre
943 2339 1017 2366 1290.

123 2405 160 2435 In
177 2414 204 2435 e.
223 2414 284 2442 m.,
303 2413 359 2443 pro
375 2404 506 2435 ecclesia
522 2404 561 2434 de
578 2405 694 2434 Sancto
710 2404 885 2438 Restituto,
904 2402 1090 2432 Sahinensis

83 2457 245 2494 dioecesis,
263 2458 297 2487 in
314 2457 470 2488 honorem
489 2457 522 2488 S.
545 2457 694 2486 Restituti
709 2460 899 2486 constructa.
920 2455 990 2484 Dat.
1008 2454 1091 2493 apud

85 2511 358 2548 Urbemveterem,
376 2521 398 2540 11
415 2511 489 2541 idus
505 2510 707 2550 septembris,
727 2518 812 2539 anno
831 2509 930 2539 tertio.
949 2507 1053 2547 (Ibicl.)

154 2691 406 2720 alaz-3123

122 2754 292 2790 Assignatio
307 2754 401 2789 pallei.
420 2753 505 2786 (Res.
524 2753 568 2784 45,-
585 2761 610 2779 c.
629 2753 690 2787 371,
706 2753 722 2778 f.
741 2753 773 2779 74
791 2754 837 2784 ro.)

563 2689 691 2721 Orvieto,
713 2690 749 2715 12‘
764 2688 926 2722 septembre
946 2687 1021 2714 1290.

129 2871 181 2906 G.,
208 2871 294 2900 electo
317 2871 489 2906 Anitienst',
512 2868 652 2907 palleum
668 2877 685 2897 a
710 2890 728 2897 ..
752 2867 1008 2897 Claromontensi
1027 2871 1093 2896 et..

89 2923 275 2953 Vivariensi
296 2922 451 2961 episcopis
471 2922 499 2951 ei
517 2920 748 2959 assignandum
773 2929 828 2958 per
844 2919 1094 2958 Raymundum,

89 2976 268 3013 decanum,
296 2979 325 3005 et
349 2974 582 3014 Raymundutn
605 2974 642 3003 de
665 2972 787 3008 Garda,
810 2973 999 3003 canonicum
1020 2972 1095 3001 Aui-

92 3029 200 3060 tiensis
215 3028 379 3065 ecclesiae,
398 3028 505 3058 mittit.

1193 437 1205 451 nx
1222 426 1304 455 Cum
1318 425 1456 464 palleum
1469 426 1634 463 insigne...
1649 442 1687 447 —
1700 426 1770 454 Dat.
1783 425 1866 462 apud
1880 425 2154 461 Urhemveterem‚

1150 477 1297 507 kalendis
1313 479 1511 517 septembris,
1529 487 1614 508 auno
1633 478 1734 507 tertio.
1758 489 1770 504 ι

1192 531 1230 559 In
1252 540 1279 559 e.
1306 539 1348 560 m.
1375 554 1394 560 ..
1418 531 1673 561 Claromontensi
1697 536 1727 560 et
1755 555 1773 563 ,.
1800 531 1981 560 Vivariensi
2003 531 2157 569 episcopis

1152 584 1283 614 mandat
1299 589 1333 613 ut
1349 584 1401 619 G.,
1422 584 1519 614 electo
1537 585 1711 619 Auitiensi,
1732 584 1869 622 palleum
1885 584 2059 621 assignent.
2117 583 2122 589 ”

1227 776 1478 805 31ἵ4-31ἵ5
1737 777 1863 806 ‘oi-vieto,
1885 776 1912 802 18
1926 778 1993 803 aotit
2012 776 2086 803 1290.

1191 837 1295 863 Contra
1315 838 1513 864 molestatores
1537 837 1681 864 Tullensis
1704 837 1828 872 capituli.
1857 837 1940 869 (Rso.
1965 838 2013 867 45,
2040 846 2064 864 c.
2091 837 2158 868 37⁵2,

1157 886 1175 910 f.
1191 886 1223 912 74
1240 887 1287 917 r0.)

1201 1024 1219 1030 ,.
1242 1002 1352 1030 decano
1379 1006 1404 1029 et
1425 1002 1557 1038 capitulo
1579 1002 1693 1030 ecclesie
1720 1001 1867 1030 Tzilleiisis
1888 1001 1997 1030 eadem
2019 1000 2163 1031 concedit

1159 1063 1240 1092 quae
1258 1054 1456 1092 primicerio,
1475 1054 1594 1083 decano
1615 1059 1645 1083 et
1666 1054 1804 1092 capitulo
1824 1054 1974 1084 ecclesiae
1992 1053 2163 1089 Metensis‚

1159 1116 1226 1145 cap.
1247 1117 1312 1142 ccx,
1331 1107 1486 1137 concessit
1501 1106 1555 1145 (1).

1202 1171 1215 1185 «
1238 1159 1413 1189 Desideriis
1432 1160 1546 1189 vestris
1562 1169 1694 1198 super...
1711 1177 1749 1181 —
1768 1160 1839 1188 Dat.
1856 1160 1939 1197 apud
1954 1160 2165 1190 Urbemvete-

1161 1222 1240 1249 rem,
1258 1222 1298 1242 xv
1314 1212 1469 1242 kalendas
1485 1213 1683 1251 septembris,
1702 1221 1788 1242 anno
1806 1213 1907 1242 tertio.
1927 1225 1940 1239 υ

1693 1306 1819 1340 Orvieto,
1841 1307 1869 1333 10
1885 1307 2000 1333 octobre
2018 1307 2095 1333 1290.

1203 1371 1241 1399 In
1265 1379 1291 1399 e.
1315 1379 1358 1400 m.
1385 1393 1405 1399 ..
1430 1370 1630 1408 primicerio,
1658 1370 1777 1399 decano
1800 1375 1826 1398 et
1856 1369 1993 1407 capitulo
2018 1369 2169 1399 ecclesiw

1164 1423 1390 1453 Virdunensis.
1409 1423 1479 1453 Dat.
1496 1423 1579 1461 apud
1594 1423 1868 1457 U1·bemvetei·1;m,
1887 1432 1916 1451 vi
1934 1422 2005 1451 idus
2021 1422 2167 1454 octobris.

1163 1484 1249 1506 anno
1268 1477 1367 1506 tertio.
1385 1476 1444 1515 (En
1463 1476 1593 1515 marye.)

1238 1669 1290 1698 31
1300 1668 1487 1697 *ve-3122

1203 1732 1247 1758 Ne
1263 1733 1414 1759 concessio
1435 1732 1562 1758 decimae
1585 1732 1644 1765 regi
1667 1731 1803 1757 Franciae
1824 1732 1849 1757 in
1870 1731 1997 1758 Tullensi
2020 1735 2048 1757 et
2064 1731 2172 1758 Virdu-

1169 1783 1252 1808 nensi
1264 1781 1447 1808 dioecesibus
1458 1781 1533 1808 clero
1545 1781 1755 1815 praeiudicium
1771 1780 1877 1806 afferat.
1895 1779 1978 1812 (Rae.
1995 1780 2037 1813 45,
2055 1788 2080 1807 c.
2099 1780 2172 1813 372²,

1167 1831 1186 1856 f.
1205 1830 1238 1857 74
1254 1836 1299 1860 1¹⁰4

1691 1668 1817 1701 Orvieto,
1841 1669 1873 1695 10
1888 1668 2004 1695 octobre
2021 1668 2099 1695 1290.

1215 1947 1383 1976 Venerabili
1405 1947 1502 1982 fratri
1524 1968 1543 1975 ..
1566 1947 1699 1984 episcopo
1714 1951 1739 1974 et
1756 1947 1873 1975 dilectis
1888 1945 1964 1982 filiis
1984 1969 2002 1974 ..
2021 1946 2132 1975 decano
2150 1950 2176 1974 et

1169 2001 1302 2037 capitulo
1319 2000 1431 2036 totique
1449 2000 1526 2028 clero
1542 2000 1676 2029 civitatis
1688 2004 1713 2027 et
1727 2000 1849 2027 diocesis
1867 1999 2023 2028 Tullensz's.
2043 2011 2057 2025 α
2078 1999 2177 2029 Devo-

1170 2052 1268 2082 tionis
1289 2056 1391 2081 vestre
1412 2052 1560 2090 precibus
1581 2052 1747 2087 inclinati,
1767 2056 1814 2087 ut,
1834 2060 1888 2090 pro
1906 2061 1941 2082 eo
1961 2052 2045 2090 quod
2064 2061 2118 2082 vos
2138 2052 2177 2082 ad

1171 2105 1362 2135 solvendum
1387 2105 1545 2135 decimam
1570 2114 1626 2144 pro
1651 2105 1780 2143 negotio
1804 2105 1895 2143 regni
1917 2105 2079 2143 Aragonie
2104 2114 2178 2135 cum

1171 2158 1256 2188 clero
1281 2159 1373 2196 regni
1405 2159 1538 2188 Francie
1566 2168 1620 2198 per
1651 2159 1772 2188 litteras
1802 2162 1924 2188 nostras
1954 2159 2179 2188 mandavimus

1171 2212 1323 2248 coartari,
1346 2211 1472 2242 nullum
1497 2212 1586 2242 vobis
1610 2213 1819 2251 imposterum
1844 2212 2057 2251 prejudicium
2080 2220 2178 2250 gene-

1171 2269 1270 2301 retur,
1289 2265 1448 2304 quodque,
1463 2266 1489 2294 si
1505 2266 1543 2295 de
1558 2269 1661 2295 cetero
1676 2265 1817 2295 decimas
1833 2265 1882 2295 vel
1898 2265 1960 2295 alia
1977 2274 2179 2304 quecumque

1172 2327 1270 2348 onera
1291 2318 1375 2348 clero
1398 2319 1489 2356 regni
1510 2319 1643 2348 Francie
1667 2328 1721 2357 per
1749 2319 1858 2349 sedem
1878 2318 2083 2357 apostolicam
2105 2327 2180 2349 con-

1177 2372 1277 2410 tingat
1300 2373 1438 2411 imponi,
1462 2381 1499 2402 ea
1521 2382 1595 2402 cum
1623 2373 1707 2402 clero
1732 2373 1800 2411 ipso
1824 2372 1946 2402 solvere
1968 2371 2018 2402 vel
2042 2372 2181 2410 perferre

1175 2425 1311 2455 minime
1337 2426 1513 2455 teneamini
1535 2434 1592 2455 nec
1616 2426 1655 2455 ad
1678 2426 1712 2455 id
1733 2425 1881 2464 compelli
1904 2425 2030 2464 possitis
2053 2434 2109 2463 per
2128 2424 2180 2455 lit-

1176 2483 1256 2508 teras
1281 2479 1466 2517 apostolicas
1490 2488 1552 2517 que
1581 2479 1620 2509 de
1645 2479 1769 2509 indulto
1789 2479 1975 2518 hujusmodi
1999 2478 2127 2517 plenam
2153 2482 2183 2508 et

1175 2541 1355 2570 expressam
1379 2541 1414 2562 ac
1437 2532 1476 2561 de
1499 2533 1595 2562 verbo
1620 2533 1660 2562 ad
1683 2533 1816 2562 verbum
1842 2541 1905 2562 non
1934 2532 2067 2562 fecerint
2093 2540 2182 2561 men-

1177 2587 1312 2621 tionem,
1333 2586 1517 2615 auctoritate
1534 2586 1622 2616 vobis
1640 2586 1836 2627 presentium
1854 2585 2072 2623 indulgemus.
2091 2584 2182 2614 Nulli

1177 2647 1252 2676 ergo
1269 2642 1374 2668 nostre
1390 2638 1606 2668 concessionis
1623 2643 1682 2668 etc.
1702 2639 1772 2668 Dat.
1792 2642 1825 2667 ut
1840 2647 1944 2677 supra.
1971 2650 1983 2663 ι»

1709 2731 1834 2758 Orvieto.
1855 2731 1886 2757 10
1902 2731 2018 2757 octobre
2034 2730 2111 2758 1290.

1218 2795 1255 2823 In
1275 2804 1302 2824 e.
1321 2804 1363 2823 ni.
1384 2817 1404 2824 ..
1424 2795 1584 2833 episcopo,
1608 2818 1626 2824 ..
1650 2795 1848 2833 primicerio,
1870 2817 1888 2823 ..
1907 2793 2026 2823 decano
2045 2798 2076 2823 et
2096 2793 2182 2832 capi-

1179 2847 1244 2877 tulo
1260 2848 1378 2886 totique
1395 2847 1478 2877 clero
1495 2848 1633 2877 civitatis
1652 2852 1682 2877 et
1700 2847 1852 2877 dioecesis
1868 2846 2092 2877 Virdunensis.
2114 2847 2184 2876 Dat.

1178 2901 1262 2940 apud
1281 2901 1555 2937 Urbemveterem,
1575 2910 1604 2930 Vi
1622 2901 1692 2931 idus
1708 2901 1855 2937 octobris,
1872 2909 1958 2931 anno
1977 2901 2078 2931 tertio.

1210 3034 1242 3063 (ι)
1259 3033 1292 3057 Νι
1309 3034 1377 3057 2740.
