2342 3652
955 381 1360 420 TfflnfflEMEANNnn
2145 395 2198 423 5ffl

151 453 187 482 In
212 461 239 482 e.
263 461 306 481 m.
330 475 351 481 ..
374 452 518 491 episcopo
543 458 572 482 et
595 454 732 492 capitulo
756 455 973 490 I'ullensibus,
992 464 1115 485 necnon

113 505 196 536 clero
210 505 348 535 civitatis
371 509 401 534 et
417 505 570 536 dioecesis
588 507 760 537 Tullensis.

153 559 192 588 In
211 567 239 587 e.
256 567 298 586 m.
318 581 337 587 ..
355 558 501 597 episcopo
517 563 547 588 et
562 560 701 598 capitulo
730 561 974 598 Leodiensibus,
992 571 1116 592 necnon

115 611 197 642 clero
211 611 347 641 civitatis
363 615 393 640 et
408 611 559 641 dioecesis
574 613 770 644 Leodiensis.

153 665 189 694 In
207 673 234 694 e.
255 673 298 693 m.
318 686 338 693 ..
355 664 501 704 episcopo
518 670 547 694 et
565 666 702 704 capitulo
719 668 869 704 Metensi,
891 677 1015 698 necnon
1034 668 1117 698 clero

115 717 250 748 civitatis
269 722 300 747 et
317 717 470 747 dioecesis
488 719 651 748 Metensis.

184 903 299 933 388⁸?

150 966 298 993 Fratribus
314 967 481 992 monasterii
496 965 649 997 cavensis,
675 967 867 994 Salernitanae
882 968 1038 1001 dioecesis,
1056 977 1119 1003 per-

116 1015 202 1042 mittit
231 1019 262 1041 ut
289 1024 305 1041 a
332 1014 441 1041 Jacobo
471 1023 538 1049 rege
567 1015 736 1050 Aragonum
765 1017 939 1043 frumentum
968 1018 1118 1051 accipiant.

115 1064 196 1099 (Rae.
212 1065 254 1095 45,
272 1073 298 1091 c.
315 1064 376 1098 606,
394 1065 414 1091 f.
434 1065 480 1091 121
499 1066 550 1097 vo.)

602 904 735 935 Orvieto,
757 906 784 931 17
802 906 952 932 decembre
973 906 1046 933 1390.

153 1216 174 1224 ..
198 1194 299 1222 abbati
314 1198 340 1222 et
360 1195 523 1223 conventui
539 1195 718 1223 monasterii
736 1195 886 1230 Cavensts,
904 1195 943 1222 ad
959 1203 1118 1223 romanam

114 1247 265 1276 ecclesiam
291 1247 378 1276 nullo
406 1248 503 1276 medio
529 1249 729 1284 pertinentis,
757 1248 877 1276 ordinis
898 1248 928 1278 S.
958 1248 1118 1285 Benedicti,

112 1300 306 1330 Salernitane
328 1301 463 1330 diocesis.
487 1312 500 1327 «
524 1300 628 1330 Habet
653 1304 756 1330 vestre
782 1301 959 1330 devotionis
987 1301 1119 1331 assertio

113 1352 199 1392 quod
219 1352 369 1389 Jacobus,
394 1358 488 1383 natus
502 1353 665 1392 quondam
689 1354 775 1384 Petri
794 1353 872 1383 olim
897 1355 980 1392 regis
997 1355 1117 1391 Arago-

113 1415 204 1443 num,
237 1406 361 1445 pridem
388 1410 528 1445 ternpore
557 1416 620 1446 quo
644 1408 793 1445 processit
826 1407 983 1437 hostiliter
1011 1411 1120 1436 contra

112 1459 275 1490 civitatem
290 1459 411 1496 Gaiete,
431 1459 591 1498 quoddam
610 1465 750 1489 castrum
768 1460 802 1489 in
818 1460 995 1499 principatu
1013 1459 1119 1489 Saler-

114 1512 224 1543 nitano
239 1513 418 1543 consistens
437 1517 468 1542 et
488 1513 529 1542 ad
550 1513 779 1543 monasterium
801 1518 942 1542 vestrum
962 1518 1118 1551 spectem,

113 1562 198 1604 quod
221 1565 369 1595 Castrum
392 1566 524 1595 Abbatis
547 1566 722 1604 vulgariter
745 1565 875 1602 dicitur,
898 1565 1063 1604 occupavit
1091 1569 1120 1594 et

114 1617 219 1648 adhuc
234 1618 356 1648 detinet
374 1622 577 1657 occupatum,
595 1619 628 1648 in
648 1619 749 1657 ipsius
765 1619 950 1648 monasterii
967 1627 1030 1648 non
1050 1627 1118 1648 mo-

116 1671 222 1702 dicum
251 1671 468 1710 prejudicium
499 1676 529 1702 et
559 1681 751 1710 gravamen3
781 1680 918 1710 cumque
944 1671 1057 1701 dilecta
1086 1671 1119 1700 in

115 1724 245 1755 Christo
267 1725 334 1755 filia
357 1725 474 1755 nobilis
491 1725 609 1755 mulier
633 1725 833 1761 Constantia,
862 1725 994 1764 predicti
1010 1725 1121 1755 Jacobi

117 1782 228 1815 mater,
246 1787 342 1818 snper
356 1779 557 1809 restitutione
572 1779 674 1818 ipsius
693 1779 790 1809 castri
805 1779 909 1809 eidem
929 1779 1121 1809 monasterio

117 1831 262 1862 facienda
291 1841 346 1871 pro
375 1836 463 1871 parte
487 1837 591 1862 vestra
622 1833 776 1871 requisita
805 1833 929 1870 fuisset,
948 1833 1017 1871 ipsa
1048 1840 1121 1861 cum

116 1885 227 1916 eodem
255 1886 373 1916 Jacobo
406 1886 573 1925 prehabita
604 1886 833 1916 deliberatione
872 1886 1054 1925 respondit,
1087 1890 1122 1915 nt

114 1938 242 1976 dicitis,
277 1939 362 1978 quod
392 1939 535 1978 aliquam
565 1940 776 1978 quantitatem
805 1939 961 1969 frumenti
992 1943 1020 1968 et
1059 1938 1121 1967 alia

115 1992 210 2022 etiam
225 1992 376 2022 victualia
392 2002 448 2023 sen
466 1993 646 2023 necessaria
664 2002 719 2032 pro
736 1993 893 2023 fructibus
911 1993 986 2022 dicti
1007 1992 1118 2024 castri.

115 2045 215 2076 donec
243 2045 324 2075 illud
349 2055 405 2084 per
435 2046 573 2076 eundem
602 2047 759 2077 Jacobum
786 2046 923 2077 detineri
952 2045 1121 2083 contigerit

113 2103 300 2138 occupatum
318 2123 324 2136 ‚
352 2099 442 2129 vobis
476 2100 646 2130 annuatim
682 2100 799 2130 faceret
834 2100 1013 2129 exhiheri...
1054 2099 1120 2128 Nos

114 2153 221 2191 itaque
248 2152 361 2182 vestris
388 2153 674 2192 supplicationibus
703 2153 889 2183 inclinati...
912 2153 1000 2182 vobis
1026 2156 1058 2182 ut
1082 2152 1120 2181 de

114 2206 270 2236 fructibus
285 2206 323 2236 de
338 2206 432 2237 bonis
448 2207 549 2245 ipsius
569 2208 665 2237 castri
687 2208 841 2246 perceptis
863 2212 893 2237 et
910 2206 1120 2245 percipiendis

113 2259 154 2289 ab
171 2259 282 2290 eodem
297 2260 425 2296 Jacoho‚
443 2261 587 2300 quandiu
606 2266 746 2291 castrum
764 2261 938 2291 detinuerit
958 2259 1121 2298 supradic-

115 2316 195 2351 tum,
212 2313 279 2343 sive
303 2314 343 2343 ab
366 2313 479 2343 eadem
503 2313 706 2351 Constantia,
730 2314 779 2344 vel
803 2314 842 2344 ab
867 2314 976 2344 eodem
1003 2312 1120 2342 Jacobo

115 2365 314 2396 frumentum
340 2366 428 2396 licite
454 2367 596 2406 recipere
621 2368 752 2397 valeatis
777 2367 964 2397 auctoritate
990 2374 1118 2405 presen-

116 2419 196 2449 tium
208 2419 454 2457 indulgemus..
470 2420 541 2451 Dat.
556 2421 640 2459 apud
651 2421 926 2455 Urbemveterem,
942 2429 993 2449 xvi
1008 2418 1120 2449 kalen-

114 2471 171 2502 das
183 2472 339 2511 Januarii‚
356 2481 443 2503 anno
459 2473 561 2504 tertio.
580 2486 594 2500 »

184 2658 302 2688 3838
602 2660 733 2692 Orvieto,
753 2660 784 2688 13
801 2660 952 2687 decembre
969 2659 1046 2687 1290.

150 2720 335 2756 Dispensatio
350 2723 533 2750 matrimonii.
551 2722 634 2756 (Rae.
651 2723 695 2757 45,
708 2731 733 2750 c.
751 2723 811 2755 607,
830 2723 849 2749 f.
868 2722 918 2749 122
934 2722 979 2754 νο.)

160 2844 329 2874 Venerabili
344 2846 439 2881 fratri
458 2868 477 2874 ..
497 2847 631 2883 episcopo
647 2846 809 2874 Redonensi
829 2844 1000 2875 committit
1017 2847 1121 2882 potes-

117 2899 212 2926 tatem
224 2897 433 2936 dispensandi
446 2906 519 2928 cum
535 2897 638 2928 nobili
650 2898 718 2927 viro
734 2897 838 2928 Alano
855 2897 892 2927 de
909 2898 1076 2935 Acigneyo
1093 2900 1122 2926 et

117 2950 218 2980 nobili
231 2950 369 2981 muliere
387 2951 545 2989 Aenorde,
564 2956 638 2981 nata
654 2951 815 2990 quondam
832 2951 986 2981 Gileberti
997 2950 1120 2980 domini

117 3002 156 3032 de
183 3004 339 3041 Moreaco,
368 3004 571 3035 Redonensis
600 3005 764 3041 dioecesiS,
795 3009 829 3033 ut
854 3004 888 3033 in
916 3003 1120 3034 matrimonio

117 3056 200 3093 quod
215 3055 292 3087 olim
307 3061 544 3094 contraxerunt,
562 3058 746 3096 ignorantes
761 3062 873 3096 quarto
889 3057 1118 3094 consanguini-

1201 456 1272 485 tatis
1293 457 1393 494 gradn
1416 467 1448 487 se
1474 458 1660 497 conjunctos
1685 468 1767 495 esse,
1793 463 1823 489 et
1848 460 1882 489 in
1901 469 1963 498 quo
1992 460 2098 498 plures
2118 460 2202 490 filios

1198 515 1416 550 procrearunt,
1435 520 1600 541 remanere
1617 512 1753 542 valeant.

1240 574 1253 588 «
1280 563 1427 593 Exliibita
1443 564 1534 594 nobis
1554 564 1700 595 dilecti...
1723 582 1763 588 —
1785 566 1856 595 Dat.
1883 566 1967 604 apud
1991 566 2202 597 Urbemvete-

1199 623 1278 650 rem,
1296 616 1402 645 idibus
1419 617 1608 653 decembris,
1625 627 1711 648 anno
1729 619 1829 649 tertio.
1850 629 1864 648 r

1270 780 1387 815 3869

1235 848 1381 876 Remissio
1402 850 1548 877 fructuum
1570 851 1677 884 injuste
1700 859 1911 887 perceptorum.
1928 853 2010 886 (Res.
2029 854 2076 885 45,
2093 862 2117 880 c.
2135 854 2200 886 608,

1200 897 1219 924 f.
1241 897 1287 923 ¹22
1306 899 1353 930 ro.)

1707 789 1836 820 Orvieto‚
1856 791 1870 817 2
1887 790 2036 817 decembre
2055 791 2131 818 129οᾹ

1246 1000 1413 1028 Venerabili
1442 1001 1536 1036 fratri
1561 1024 1580 1030 ..
1607 1002 1739 1039 episcopo
1765 1002 2006 1032 Halberstadenst'
2034 1004 2204 1033 committit

1201 1056 1235 1081 ut
1255 1052 1406 1089 magistro
1424 1053 1569 1082 Johanni
1594 1053 1676 1083 dicto
1698 1054 1735 1083 de
1760 1054 1934 1092 Sandowe,
1952 1056 2007 1094 qui
2030 1055 2135 1094 plures
2152 1066 2201 1086 ec-

1200 1104 1313 1134 clesias
1328 1113 1439 1134 curam
1455 1105 1638 1135 animarum
1665 1106 1833 1140 habentes,
1855 1112 1884 1136 et
1901 1108 2086 1146 praesertim
2107 1108 2204 1138 eccle-

1201 1157 1281 1187 siam
1312 1158 1351 1186 de
1383 1157 1541 1187 Rechelin
1563 1157 1636 1197 (l),
1670 1159 1939 1197 Havelhergensis
1972 1161 2140 1198 dioecesis,
2175 1166 2205 1191 et

1200 1209 1391 1240 decanatum
1416 1210 1566 1241 ecclesiae
1592 1211 1840 1248 Standaliensis,
1859 1213 2003 1251 ejusdem
2031 1213 2201 1251 dioecesis,

1200 1263 1335 1292 insimul
1347 1263 1417 1293 sine
1428 1263 1667 1302 dispensatione
1683 1265 1830 1300 detinuit,
1848 1266 2024 1304 portionem
2040 1266 2204 1297 fructuum

1199 1315 1319 1354 injuste
1341 1320 1559 1354 perceptorum
1576 1325 1613 1346 ex
1637 1318 1795 1355 praedicta
1816 1318 1948 1348 ecclesia
1963 1318 2002 1348 de
2022 1319 2216 1349 Berchelim,

1201 1373 1230 1398 et
1246 1368 1461 1399 Standaliensi
1478 1370 1633 1399 decanatu
1652 1371 1804 1400 remittat.

1243 1434 1256 1448 α
1281 1423 1373 1452 Lecta
1391 1431 1497 1452 coram
1515 1424 1644 1453 nobis...
1668 1441 1705 1446 -—
1727 1425 1796 1454 Dat.
1821 1425 1905 1463 apud
1927 1426 2202 1463 Urbemveterem,

1201 1484 1246 1504 1111
1265 1484 1364 1505 nonas
1380 1475 1568 1514 decembriS,
1584 1485 1669 1507 anno
1689 1478 1789 1507 tertio.
1810 1490 1822 1503 »

1272 1661 1517 1690 3820-382’2
1694 1662 1821 1697 Orvieto‚
1841 1663 1870 1689 18
1886 1663 2036 1690 decembre
2053 1663 2131 1692 1290.

1237 1722 1446 1757 Indulgentiae.
1463 1723 1543 1756 (Rae.
1560 1723 1603 1754 45.
1621 1732 1647 1750 c..
1664 1724 1725 1758 609,
1742 1724 1761 1750 f.
1781 1724 1830 1750 122
1846 1724 1892 1757 ro.)

1245 1825 1397 1854 Universis
1415 1825 1529 1855 Christi
1545 1826 1683 1862 fidelibus
1695 1830 1844 1863 presentes
1867 1827 1987 1856 litteras
2010 1828 2202 1865 inspecturis.

1204 1877 1443 1915 Indulgentiam
1458 1878 1555 1908 unius
1567 1878 1645 1908 anni
1659 1883 1690 1908 et
1703 1888 1740 1908 XL
1756 1879 1883 1908 dierum
1899 1879 2043 1909 concedit
2055 1879 2205 1909 omnibus

1202 1938 1275 1959 vere
1291 1930 1528 1968 poenitentibus
1552 1935 1583 1960 et
1604 1931 1759 1961 confessis
1785 1932 1842 1970 qui
1866 1932 2080 1962 cathedralem
2104 1933 2204 1963 eccle·

1202 1983 1284 2012 siam
1301 1983 1525 2014 Brixinensem
1544 1985 1638 2015 certis
1654 1984 1765 2015 diebus
1782 1986 1991 2015 visitaverint.

1243 2048 1257 2063 «
1281 2036 1350 2065 Vite
1367 2037 1518 2075 perennis
1534 2037 1722 2075 gloria...—
1740 2039 1810 2068 Dat.
1829 2038 1912 2077 apud
1930 2039 2204 2076 Urhemveterem,

1201 2098 1241 2118 xv
1256 2088 1410 2119 kalendas
1422 2090 1576 2128 januarii,
1597 2099 1682 2120 anno
1700 2091 1801 2121 tertio.
1824 2102 1836 2118 n

1697 2169 1824 2201 Orvieto,
1844 2170 1873 2197 13
1889 2171 2040 2198 decembre
2057 2171 2134 2198 1290.

1242 2231 1280 2259 In
1296 2240 1324 2260 e.
1343 2240 1398 2267 m.‚
1418 2239 1472 2269 pro
1488 2231 1622 2261 ecclesia
1649 2255 1668 2261 ..
1692 2232 1870 2261 abbatissae
1892 2237 1922 2261 et
1942 2237 2118 2262 conventus
2136 2241 2204 2263 mo-

1202 2283 1333 2312 nasterii
1354 2283 1608 2320 Romartcensss,
1629 2284 1754 2315 ordinis
1778 2285 1809 2315 S.
1835 2285 2014 2323 Benedicti,
2046 2285 2207 2316 Tullensis

1202 2336 1364 2367 dioecesis,
1391 2336 1462 2366 Dat.
1487 2337 1571 2375 apud
1594 2338 1869 2375 Urhemveterem,
1889 2338 1996 2368 idibus
2014 2338 2203 2375 decembris,

1202 2397 1287 2419 anno
1305 2390 1408 2419 tertio.

1242 2442 1281 2471 In
1309 2451 1336 2472 e.
1368 2451 1425 2479 m.‚
1455 2451 1511 2482 pro
1541 2443 1673 2473 ecclesia
1703 2443 1811 2474 Sancti
1842 2445 2002 2474 Johannis
2031 2445 2069 2475 de
2096 2444 2206 2475 Platea

1202 2495 1388 2525 Tudertina.

1244 2559 1258 2574 «
1283 2547 1369 2578 Licet
1386 2548 1414 2578 is
1430 2547 1508 2578 de...
1524 2565 1564 2571 —
1578 2549 1651 2579 Dat.
1672 2553 1828 2588 utsupra.
1851 2561 1864 2577 n

1732 2628 1857 2660 Orvieto,
1878 2630 1909 2657 19
1925 2630 2040 2656 octobre
2056 2630 2134 2657 1290.

1244 2691 1280 2720 [n
1300 2699 1325 2720 e.
1348 2699 1404 2727 m.‚
1424 2699 1480 2729 pro
1500 2690 1632 2721 ecclesia
1662 2692 1848 2722 monasterii
1874 2692 2009 2723 Sanctae
2034 2692 2206 2732 Seraphiae

1203 2743 1428 2779 TerdonensiS,
1447 2744 1570 2774 ordinis
1587 2744 1721 2774 Sanctae
1736 2744 1859 2775 Clarae.

1245 2809 1257 2822 «ι
1283 2796 1363 2825 Cum
1380 2796 1418 2826 ad
1436 2797 1684 2835 promerenda...
1715 2815 1753 2818 —
1780 2798 1852 2828 Dat.
1883 2798 1966 2836 apud
1993 2798 2206 2829 Urbemvete-

1203 2858 1283 2886 rem,
1299 2858 1365 2878 xnn
1380 2849 1532 2880 kalendas
1546 2851 1741 2885 novembris,
1756 2859 1842 2881 anno
1858 2851 1960 2881 tertio.
1978 2863 1992 2878 ›>
2006 2852 2065 2891 (En
2078 2853 2205 2891 marye.)

1244 2903 1280 2932 In
1297 2911 1324 2932 e.
1343 2912 1398 2938 m.‚
1423 2911 1479 2941 pro
1504 2902 1635 2933 ecclesia
1653 2903 1766 2933 domus
1788 2903 1924 2934 fratrum
1949 2905 2112 2935 minorum
2128 2906 2206 2936 Ter-

1236 3022 1267 3051 (1)
1283 3022 1356 3045 Dans
1372 3022 1396 3045 le
1417 3021 1542 3052 Registre
1565 3022 1588 3045 le
1610 3027 1663 3046 mot
1681 3027 1720 3046 est
1736 3022 1803 3046 ecrit
1820 3030 1872 3047 une
1894 3024 1945 3047 fois
1962 3024 2094 3048 Rechelin
2110 3028 2136 3049 et
2151 3032 2204 3048 une

1204 3066 1255 3089 sois
1272 3065 1432 3090 Bet-chelim.
