2477 3637
293 392 348 420 08⁴³
1040 382 1273 414 REGISTRES
1298 382 1351 411 DE
1374 380 1557 410 NICOLAS
1582 380 1635 409 IV.

293 456 468 496 praeseutia
488 463 582 492 papae
603 452 766 482 Willelmo
782 452 864 481 dicto
881 451 919 481 de
935 450 1147 485 Clioteuhani,
1166 449 1293 487 presby-

294 514 368 542 tero,
389 506 622 536 Liucoluieusis
638 505 800 541 dioecesis,
819 509 847 533 et
864 503 1062 542 supplicante
1080 507 1123 538 ut,
1143 510 1204 531 nou
1221 501 1293 530 obs-

295 567 377 591 tante
403 560 523 589 defectu
543 558 693 588 natalium
717 567 812 596 quein
831 558 948 595 patitur
970 566 986 586 e
1003 555 1105 586 soluto
1121 555 1248 593 genitus
1265 557 1294 583 et

292 614 409 645 soluta,
433 614 463 641 in
487 611 637 649 susceptis
662 611 844 640 ministrare
869 610 1037 639 ordinibus
1059 613 1088 638 et
1110 612 1292 647 perpetuam

292 667 440 696 vicariam
459 665 609 694 ccclesiae
626 664 664 693 de
679 664 800 701 (Iropri,
819 663 962 701 ejusdem
974 662 1136 697 dioecesis
1155 661 1213 699 ipsi
1228 660 1292 690 col-

292 720 399 753 latam,
427 720 561 747 retinui-n¹
590 716 706 752 valeat,
736 717 880 754 episcopo
913 714 1131 745 Liueoluiensi
1164 713 1294 743 mandat

291 783 368 812 papa
386 778 431 803 ut.
459 772 497 800 al·
520 771 629 800 eodem
654 770 836 808 presbytero
865 769 964 798 libera
989 767 1131 806 ejusdem
1157 767 1293 796 vicariae

293 825 504 863 resignatione
522 828 659 861 recepta,
678 823 834 852 satisfacto
851 822 908 860 ipsi
926 822 1063 852 vicariae
1083 821 1121 850 de
1137 820 1293 849 fructibus

293 879 396 908 nicdio
416 883 552 916 tempore
569 876 720 915 perceptis
737 886 772 905 ex
790 885 836 912 ea,
856 875 1015 914 praedicto
1032 874 1215 913 presbytero
1232 874 1292 902 irn-

293 932 388 971 posita
417 931 609 969 poenitentia
636 930 765 959 salutari
789 938 888 968 eoque
908 929 946 958 ad
972 933 1094 966 tempus
1121 935 1290 965 suspenso,

291 995 362 1015 cum
398 993 433 1014 co
465 985 625 1023 dispenset
656 989 689 1013 ut
723 984 754 1012 iu
788 983 941 1021 susceptis
973 982 1139 1012 ordinibus
1174 981 1292 1010 minis-

295 1045 375 1069 trare
398 1039 505 1077 possit.
524 1038 614 1076 cique
631 1037 830 1075 postmodun]
847 1037 963 1066 dictam
982 1036 1133 1065 vicariam
1152 1034 1191 1064 de
1213 1042 1293 1064 novo

293 1094 443 1123 consui-at.

333 1163 345 1172 «
371 1147 567 1176 Constitutus
591 1147 622 1175 iu
643 1146 837 1184 presentia...
859 1161 896 1166 —
922 1144 991 1174 Dat.
1015 1143 1097 1182 apud
1116 1142 1292 1173 Urbemve-

296 1206 403 1235 terem,
422 1210 440 1227 v
457 1200 526 1228 idus
542 1198 662 1237 aprilis
680 1207 765 1228 anuo
782 1202 904 1236 quarto.
928 1210 940 1221 υ

361 1365 609 1393 4738-4ἵ49
885 1364 1010 1397 Orvieto,
1027 1364 1042 1389 5
1057 1363 1126 1389 avril
1146 1362 1220 1389 1291.

327 1427 532 1459 Indulgentiae.
550 1426 632 1459 (Rae.
651 1426 699 1460 45,
716 1435 740 1453 c.
762 1426 831 1459 1172,
848 1426 866 1452 f.
883 1425 916 1452 ι25.)
934 1428 985 1457 v0.)

335 1530 486 1559 [inversis
509 1530 622 1559 Christi
642 1530 780 1566 fidelibus
798 1534 947 1566 presentes
965 1529 1082 1557 litteras
1100 1529 1289 1565 inspecturis.

293 1583 526 1621 Indulgentiam
548 1583 643 1612 unius
659 1583 736 1611 anui
758 1587 787 1611 et
801 1592 838 1612 xc
860 1582 983 1611 dierum
999 1581 1144 1611 concedit
1160 1582 1293 1611 visitan-

294 1639 374 1668 tibus
387 1638 550 1668 ecclesiam
565 1638 673 1667 Sancti
687 1638 837 1667 Mederici
851 1637 1078 1672 Parisiensem,
1094 1638 1126 1666 in
1141 1638 1294 1675 Assump-

295 1693 377 1722 tioue
400 1693 506 1721 beatae
523 1692 643 1721 Mariae
659 1691 812 1729 virginis,
837 1700 892 1729 per
907 1695 975 1720 octo
992 1690 1059 1720 dies
1078 1695 1246 1729 sequentes
1265 1695 1294 1720 et

293 1747 325 1775 in
345 1745 564 1775 anniversario
581 1744 631 1774 die
648 1744 855 1774 dedicationis
873 1744 1016 1783 ejusdem
1035 1744 1197 1774 ecclesiae.

334 1814 345 1823 ..
373 1799 459 1828 Licet
481 1798 507 1826 is
531 1798 605 1827 de...
633 1816 669 1819 —
697 1799 765 1828 Dat.
789 1798 872 1836 apud
896 1798 1175 1834 Urbemveterem.
1202 1799 1294 1828 nonis

294 1852 414 1892 aprilis,
432 1860 516 1881 anuo
535 1856 656 1890 quarto.
675 1863 689 1879 η

335 1907 370 1935 Ιιι
385 1916 411 1936 e.
431 1915 473 1934 m.
491 1905 622 1942 eisdem,
642 1913 695 1944 pro
709 1905 841 1935 ecclesia
858 1905 964 1935 Sancti
984 1905 1148 1936 Benedicti
1166 1906 1204 1936 de
1218 1907 1295 1936 Fru-

294 1961 423 1996 sinone,
444 1958 624 1988 Verulanae
646 1959 818 1995 dioecesis,
845 1959 878 1987 in
901 1963 1036 1998 quatuor
1051 1959 1159 1989 beatae
1176 1960 1295 1990 Mariae

294 2013 431 2050 virginis
458 2017 487 2041 et
517 2013 547 2041 S.
580 2012 745 2042 Benedicti
773 2012 1014 2049 festivitatibus,
1048 2022 1103 2052 per
1133 2018 1200 2043 octo
1228 2013 1295 2043 dies

294 2070 459 2104 sequentes
485 2070 515 2095 et
540 2066 571 2094 in
600 2065 822 2096 anniversario
847 2066 896 2095 die
921 2066 1128 2096 dedicationis
1150 2068 1294 2106 ejusdem

294 2119 454 2148 ecclesiae.

335 2184 348 2197 «ι
368 2172 438 2200 Vite
456 2171 603 2209 perennis
622 2171 760 2209 gloria...
777 2189 813 2193 -
832 2172 905 2201 Dat.
923 2176 956 2201 ut
975 2181 1080 2211 supra.
1100 2185 1113 2199 n

334 2224 370 2252 In
390 2232 416 2252 e.
437 2232 480 2252 ιιι.
500 2223 635 2259 eisdem,
661 2232 714 2262 pro
730 2223 861 2254 ecclesia
879 2247 899 2254 ..
917 2224 1087 2263 guardiani
1111 2230 1140 2255 et
1162 2226 1295 2256 fratrum

294 2276 415 2305 ordinis
439 2276 600 2305 minorum
623 2276 661 2305 de
686 2276 827 2313 Gualdo,
854 2277 1038 2308 Nucerinae
1066 2278 1233 2315 dioecesis,
1261 2279 1295 2309 in

294 2334 428 2368 quatuor
445 2329 551 2358 beatae
567 2329 683 2358 Mariae
700 2330 847 2367 virginis,
862 2330 895 2359 in
912 2331 1003 2369 cujus
1015 2330 1169 2361 honorem
1184 2332 1293 2362 eadem

294 2382 423 2413 ecclesia
447 2387 492 2411 est
512 2387 706 2418 constructa,
732 2388 911 2414 sanctoruni
931 2384 1093 2414 Francisci
1116 2389 1147 2414 et
1162 2386 1294 2416 Antonii

293 2440 321 2465 et
334 2440 458 2464 sanctae
471 2435 580 2465 Clarae
596 2435 818 2465 festivitatibus
833 2441 863 2466 et
879 2446 932 2476 per
944 2441 1013 2467 octo
1029 2437 1097 2467 dies
1114 2443 1292 2477 sequentes.

294 2490 363 2519 Dat.
383 2493 415 2518 ιιι
433 2498 538 2528 supra.
556 2490 705 2526 (Poma,
723 2490 848 2529 2:3640.)

336 2543 369 2571 [n
388 2552 413 2571 e.
432 2551 474 2571 m.
496 2541 631 2578 eisdem,
654 2552 709 2581 pro
734 2543 905 2573 cathedrali
923 2544 1055 2574 ecclesia
1071 2546 1239 2583 Auriensi⁷
1260 2547 1292 2575 in

291 2599 424 2634 quatuor
440 2596 547 2624 beatae
565 2596 683 2625 Mariae
700 2596 851 2633 virginis,
875 2597 983 2627 beatae
1003 2598 1184 2636 Eufemiae,
1203 2600 1295 2638 cujus

291 2657 402 2687 corpus
420 2649 452 2677 in
469 2648 577 2678 eadem
599 2649 730 2679 ecclesia
750 2651 931 2688 requiescit,
954 2651 986 2681 S.
1009 2652 1138 2682 Martini
1156 2657 1186 2682 et
1200 2661 1293 2683 sanc-

293 2707 394 2731 torum
412 2702 572 2731 Johannis
593 2702 764 2741 Baptistae,
786 2704 953 2734 Laurentii
969 2709 999 2734 et
1014 2704 1191 2736 Eleutherii
1206 2715 1293 2736 mar-

292 2760 410 2794 tyrum,
430 2756 462 2784 iu
475 2764 611 2794 quorum
624 2756 777 2786 honorem
794 2757 826 2786 in
841 2766 876 2787 ea
887 2757 1000 2788 altaria
1011 2764 1191 2789 constructa
1207 2764 1294 2797 sunt,

291 2818 345 2848 per
356 2814 422 2839 octo
434 2809 500 2838 dies
513 2815 681 2847 sequentes
696 2814 726 2840 et
737 2811 769 2840 in
786 2811 1010 2842 anniversario
1023 2812 1073 2842 die
1086 2813 1295 2844 dedicationis

291 2863 432 2901 ejusdem
450 2863 608 2893 ccclesiae.
629 2864 697 2894 Dat.
717 2869 749 2894 ut
767 2874 874 2903 supra.

858 2946 985 2979 Orvioto,
1002 2946 1034 2972 ‘28
1050 2955 1126 2973 mars
1145 2947 1221 2974 1‘291.

333 3007 368 3035 In
379 3015 402 3035 e.
416 3015 458 3035 ιιι.
473 3006 601 3042 eisdem,
618 3015 671 3045 pro
687 3007 818 3038 ecclesia
829 3007 937 3038 Sancti
952 3009 1037 3038 Petri
1051 3008 1090 3039 de
1106 3010 1294 3049 Esquemea-

291 3059 378 3096 villa,
390 3059 589 3089 Lexovieusis
601 3061 763 3097 dioecesis7
775 3062 808 3090 iu
824 3061 960 3100 singulis
972 3062 1003 3092 S.
1021 3062 1104 3092 Petri
1115 3063 1246 3102 apostoli
1264 3068 1293 3094 et

1378 446 1615 484 Assumptiouis
1629 446 1738 475 beatae
1751 446 1871 475 Mariae
1886 445 2108 475 festivitatibus
2122 449 2152 474 et
2163 453 2218 484 per
2231 449 2299 475 octo
2315 445 2381 476 dies

1377 503 1554 536 sequentes.
1576 499 1644 527 Dat.
1663 498 1746 536 apud
1768 498 2042 535 Urbemveterem,
2058 507 2076 526 v
2090 497 2243 527 kalendas
2259 498 2379 536 aprilis,

1376 560 1461 581 anno
1477 556 1598 590 quarto.

1950 604 2081 639 Orvieto‚
2100 605 2127 632 11
2147 605 2215 631 avril
2234 604 2310 632 ¹291.

1418 668 1453 696 In
1471 677 1499 697 e.
1520 677 1561 696 m.
1583 667 1724 701 eisdem,
1744 675 1797 705 pro
1819 667 1951 697 ecclesia
1968 667 2075 697 Sancti
2094 667 2210 697 Memei
2230 666 2268 696 de
2291 667 2381 697 terri-

1379 721 1456 750 torio
1481 722 1619 758 Sengae,
1648 719 1851 750 Florentinae
1876 720 2047 756 dioecesis,
2076 720 2111 749 in
2137 720 2215 750 festo
2239 719 2378 758 ejusdem

1377 775 1488 810 sancti„
1508 784 1561 813 per
1577 778 1644 804 octo
1661 774 1728 803 dies
1745 778 1912 812 sequentes
1929 778 1956 803 et
1973 774 2005 803 in
2023 773 2244 803 anniversario
2262 773 2314 802 die
2327 773 2381 803 de-

1376 827 1547 857 dicationis
1566 827 1709 866 ejusdem
1729 827 1891 857 ecclesiae.
1912 827 1981 856 Dat.
1999 827 2084 865 apud
2103 827 2378 862 Urbemveterem,

1376 890 1408 911 ιιι
1426 880 1497 910 idus
1512 880 1634 919 aprilis,
1651 889 1736 911 anuo
1753 885 1875 919 quarto.
1896 880 1953 918 (En
1969 880 2100 918 merge.)

1416 935 1453 964 Iu
1467 944 1493 964 e.
1511 944 1553 965 m.
1567 935 1697 969 eisdem,
1710 943 1764 973 pro
1777 934 1910 964 ecclesia
1923 957 1943 964 ..
1958 934 2073 973 prioris
2084 938 2113 964 et
2124 938 2300 964 conventus
2314 941 2381 963 mo-

1377 988 1506 1018 nasterii
1514 988 1623 1017 Sancti
1632 987 1773 1017 Marcelli
1781 996 1874 1026 prope
1882 987 2146 1026 Cabilonurn‚per
2154 987 2290 1025 priorem
2299 985 2380 1016 soliti

1377 1042 1561 1079 gubernari,
1571 1041 1794 1071 Cluuiacensis
1807 1041 1972 1076 dioecesis,
1982 1041 2014 1069 in
2025 1040 2264 1079 Assumptionis
2276 1040 2383 1070 beatae

1377 1095 1496 1124 Mariae
1511 1099 1540 1124 et
1552 1099 1735 1124 sanctorum
1747 1093 1907 1124 Johannis
1921 1094 2079 1132 Baptistae
2095 1099 2125 1123 et
2137 1093 2285 1132 Dionysii
2302 1101 2383 1123 mar-

1379 1148 1475 1187 tyris,
1500 1156 1638 1186 quorum
1656 1147 1842 1177 festivitates
1862 1147 1895 1176 in
1919 1147 2028 1176 eadem
2045 1146 2178 1177 ecclesia
2200 1145 2384 1177 solemniter

1377 1201 1590 1237 celebrantur,
1607 1201 1841 1230 festivitatibus.
1860 1200 1930 1230 Dat.
1950 1204 2102 1238 utsupra.
2121 1200 2223 1239 (Ibid.)

1957 1279 2083 1314 Orvieto,
2102 1280 2134 1306 13
2149 1279 2219 1306 avril
2236 1279 2312 1306 1291.

1418 1346 1455 1374 In
1479 1354 1505 1375 e.
1527 1354 1567 1374 ιιι.
1589 1344 1725 1381 eisdem,
1742 1353 1798 1382 pro
1821 1343 1955 1374 ecclesia
1975 1343 2084 1373 Sancti
2105 1342 2260 1372 Martialis
2279 1342 2384 1380 Engo-

1376 1399 1536 1436 lismensi,
1556 1399 1589 1428 in
1608 1402 1744 1437 quatuor
1762 1398 1871 1428 beatae
1888 1398 2009 1427 Mariae
2026 1401 2055 1427 et
2073 1397 2105 1427 S.
2124 1396 2280 1426 Martialis
2298 1395 2383 1426 festi-

1377 1453 1540 1489 vitatibus,
1558 1461 1613 1491 per
1633 1456 1702 1482 octo
1719 1451 1787 1481 dies
1803 1456 1974 1490 sequentes
1994 1455 2024 1480 et
2046 1450 2079 1479 in
2095 1450 2316 1480 anniversario
2332 1449 2385 1480 die

1377 1506 1587 1536 dedicationis
1612 1505 1756 1544 ejusdem
1780 1504 1943 1534 ecclesiae.
1974 1505 2044 1534 Dat.
2077 1508 2110 1534 ut
2137 1512 2248 1543 supra,
2275 1502 2385 1533 idibus

1376 1559 1496 1598 aprilis,
1518 1567 1604 1589 anno
1620 1562 1742 1597 quarto.
1763 1557 1867 1597 (Ibid.)

1952 1632 2079 1665 Ori-iem,
2099 1632 2128 1658 17
2146 1631 2214 1657 avril
2238 1630 2313 1658 t‘29t.

1418 1696 1456 1725 Iu
1474 1705 1502 1726 e.
1520 1704 1563 1724 m.
1584 1695 1720 1732 eisdem,
1739 1703 1795 1733 pro
1814 1694 1934 1733 capella
1953 1693 2062 1723 Sancti
2079 1693 2176 1731 Eligii
2196 1692 2384 1723 confessoris

1378 1752 1411 1781 in
1442 1750 1594 1785 Wacton,
1623 1748 1832 1778 Eboracensis
1855 1747 2028 1784 dioecesis,
2050 1747 2085 1776 in
2114 1746 2257 1785 ejusdem
2285 1746 2384 1776 sancti

1376 1804 1550 1834 festivitate
1577 1807 1607 1832 et
1634 1812 1689 1841 per
1714 1806 1782 1832 octo
1808 1802 1875 1831 dies
1903 1806 2083 1840 sequentes.
2109 1801 2180 1830 Dat.
2209 1804 2243 1830 ut
2271 1808 2383 1839 supra,

1376 1868 1417 1888 xv
1433 1856 1585 1887 kalendas
1605 1856 1694 1892 maii,
1712 1864 1798 1885 auno
1814 1859 1935 1893 quarto.
1954 1854 2059 1893 (Ibid.)

1419 1911 1457 1941 In
1474 1920 1501 1941 e.
1520 1919 1562 1939 m.
1581 1910 1718 1946 eisdem,
1734 1917 1790 1948 pro
1806 1907 1926 1947 capella
1942 1907 2053 1938 Sancti
2068 1907 2211 1938 'rhomae
2233 1905 2385 1945 martyris

1379 1973 1475 2004 prope
1497 1963 1699 2000 Chikesand,
1722 1961 1960 1992 Liucolniensis
1979 1961 2146 1996 dioecesis,
2167 1960 2199 1990 in
2219 1960 2385 1990 festivitate

1379 2017 1523 2057 ejusdem
1552 2016 1704 2055 martyris
1729 2021 1760 2045 et
1785 2024 1840 2054 per
1862 2020 1930 2045 octo
1954 2015 2021 2044 dies
2047 2017 2226 2053 sequentes.
2254 2013 2325 2043 Dat.
2353 2015 2386 2042 ut

1379 2080 1484 2110 supra.
1504 2070 1603 2109 (Ibid.)

1419 2126 1457 2155 In
1476 2134 1503 2155 e.
1524 2134 1567 2154 m.
1586 2124 1720 2160 eisdem,
1739 2132 1793 2163 pro
1809 2122 1929 2162 capella
1945 2123 2054 2153 Sancti
2072 2121 2233 2151 Edmundi
2251 2121 2285 2151 in
2301 2120 2384 2151 Can-

1380 2180 1524 2218 tebrigia‚
1543 2178 1681 2209 Eliensis
1693 2177 1860 2214 dioecesis,
1879 2177 1913 2206 in
1927 2177 2069 2215 ejusdem
2087 2176 2188 2206 sancti
2207 2179 2237 2206 et
2252 2175 2285 2205 S.
2301 2173 2385 2205 Gile-

1379 2233 1459 2264 berti
1475 2231 1667 2263 confessoris
1681 2231 1916 2265 festivitatibus,
1939 2239 1992 2269 per
2007 2234 2074 2259 octo
2089 2229 2156 2259 dies
2172 2232 2340 2267 sequentes
2355 2231 2386 2257 et

1378 2288 1412 2317 in
1432 2286 1655 2316 anniversario
1677 2285 1731 2315 die
1750 2284 1960 2315 dedicationis
1977 2284 2120 2322 ejusdem
2144 2282 2292 2321 capellae.
2313 2282 2383 2312 Dat.

1378 2345 1536 2378 utsupra.
1555 2339 1661 2378 (Ibid.)

1952 2391 2082 2420 Orvieto,
2100 2391 2133 2417 ²26
2148 2389 2218 2416 avril
2237 2389 2313 2416 1291.

1418 2456 1454 2485 In
1479 2464 1507 2485 e.
1525 2464 1568 2485 m.
1593 2455 1732 2492 eisdem,
1758 2463 1812 2493 pro
1834 2453 1966 2484 ecclesia
1986 2453 2093 2483 Sancti
2112 2453 2222 2483 Jacobi
2248 2451 2286 2482 de
2305 2451 2382 2480 Wa-

1379 2509 1511 2546 terleue,
1534 2507 1810 2538 Halherstadensis
1834 2507 2002 2543 dioecesis,
2020 2507 2054 2535 in
2077 2505 2216 2544 singulis
2241 2504 2382 2544 ejusdem

1377 2563 1493 2600 sancti,
1512 2562 1543 2593 S.
1564 2562 1719 2601 Stephani
1735 2566 1766 2591 et
1780 2566 1907 2591 sanctae
1924 2561 2028 2591 crucis
2049 2559 2270 2590 festivitatibus
2285 2563 2316 2588 et
2330 2566 2384 2596 per

1377 2621 1444 2647 octo
1460 2616 1528 2647 dies
1546 2619 1725 2655 sequentes.
1745 2615 1816 2645 Dat.
1833 2615 1917 2654 apud
1933 2614 2206 2649 Urhemveterem,
2224 2621 2254 2642 Vl
2272 2610 2382 2642 kalen-

1378 2670 1432 2700 das
1449 2670 1538 2706 maii,
1555 2678 1641 2700 anno
1656 2673 1780 2708 quarto.
1797 2668 1903 2708 (Ibid.)

1447 2850 1567 2878 4550

1412 2912 1552 2939 Homines
1573 2913 1659 2940 castri
1679 2913 1714 2940 de
1739 2913 1834 2948 Spello
1855 2912 1889 2939 ab
1913 2909 2221 2938 excommunicationis
2242 2907 2380 2936 sententia

1376 2962 1574 2989 absolvuntur.
1593 2962 1675 2996 (Rae.
1693 2962 1737 2994 46,
1753 2971 1778 2989 c.
1796 2962 1856 2996 118,
1874 2962 1892 2988 f.
1910 2961 1943 2989 ‘23
1960 2961 2006 2995 ιο.)

1949 2848 2080 2882 Orvieto‚
2101 2847 2130 2874 tt
2147 2847 2216 2874 avril
2234 2845 2311 2874 1291.

1419 3089 1438 3096 ..
1454 3068 1585 3104 episcopo
1601 3067 1759 3104 spoletano
1774 3065 1905 3096 mandat
1922 3068 1955 3094 ut
1970 3067 2166 3103 potestatem,
2181 3059 2379 3092 consiliarios
