2342 3652
890 362 1124 402 TROisniMn
1144 362 1302 402 ANNnn.
2085 370 2143 401 519

49 444 87 474 de
100 440 233 482 propriis
248 439 392 470 locorum
408 442 438 468 et
454 446 664 477 personarum
678 439 865 469 nominibus
880 438 1009 477 plenam
1025 441 1056 467 et

49 502 227 535 expressam
243 501 308 522 non
324 492 457 521 fecerint
470 491 682 528 mentionem,
696 492 762 521 sive
773 491 969 531 quibuslibet
983 491 1055 521 aliis

50 546 223 589 privilegiis
234 550 264 575 et
274 544 487 582 indulgentiis
501 543 549 574 vel
560 543 675 575 litteris
684 545 940 584 quibuscumque
951 544 1055 583 digni-

53 601 177 635 tatibus,
195 597 374 634 ordinibus,
388 597 465 627 locis
483 596 533 626 vel
549 597 691 635 personis
707 597 900 635 generaliter
915 603 970 627 aut
985 606 1057 636 spe-

52 653 183 688 cialiter,
197 651 257 681 sub
267 659 470 690 quacumque
482 650 584 679 forma
595 650 645 679 vel
660 651 864 689 conceptione
876 651 1055 687 verborum,

51 707 92 738 ab
105 705 215 736 eadem
231 703 305 734 sede
320 703 492 739 concessis,
504 702 542 732 de
557 703 673 741 quibus
689 713 865 742 quorumve
880 703 951 733 totis
968 706 1058 733 teno-

51 760 140 791 ribus
163 758 203 788 de
230 757 325 786 verbo
349 756 388 786 ad
415 756 549 785 verbum
577 757 610 785 in
637 757 754 786 nostris
779 756 892 786 litteris
914 755 1059 795 specialis

53 813 146 854 plena
163 815 193 841 et
207 819 354 850 expressa
374 810 495 839 mentio
511 809 549 838 sit
566 809 723 840 habenda.
741 810 898 840 Volumus
921 810 1060 848 denique

45 871 91 897 ·ut
103 865 286 904 frequenter
302 863 394 893 nobis
408 862 491 901 quod
507 866 613 892 actum
633 863 776 892 fueritin
794 863 934 902 partibus
950 871 1059 901 supra-

34 917 157 961 Qdicfis,
184 921 250 947 tam
277 917 361 946 circa
388 915 570 946 collectores
595 924 692 954 quam
717 917 799 946 circa
828 916 1060 952 collectionem,

26 971 265 1016 ‘9quantitatem
285 969 451 1000 collectam
464 974 495 999 et
511 969 703 999 solutionem
718 970 830 1008 ipsius,
844 970 981 999 scribere
997 977 1060 999 non

39 1025 191 1056 „omittas-
219 1023 255 1053 Et
277 1025 409 1061 insuper
432 1023 470 1052 de
494 1023 658 1061 premissis
680 1022 850 1060 diligenter
874 1027 904 1052 et
927 1022 1063 1052 sollicite

46 1077 294 1118 prosequendis,
307 1081 426 1115 prestes
438 1076 614 1113 evangeliis
626 1084 731 1106 coram
747 1080 773 1105 te
784 1076 1062 1115 positisjuramen-

38 1123 159 1171 itum...
185 1131 299 1161 Forma
318 1133 426 1159 autem
446 1130 624 1168 juramenti
648 1129 731 1168 quod
756 1135 893 1167 prestare
916 1130 1064 1158 volumus

33 1183 235 1222 icellectores
259 1183 387 1213 eosdem
411 1183 470 1212 hec
492 1187 538 1212 est
557 1195 562 1211 :
580 1182 660 1212 Juro
678 1206 696 1212 ..
720 1182 784 1219 Ego
799 1192 816 1211 a
835 1187 861 1211 te
880 1182 1065 1211 auctoritate

36 1231 224 1278 ,tapostotica
235 1236 402 1274 deputatus
414 1234 564 1264 collector
578 1235 613 1264 ad
631 1235 835 1272 exigendum,
849 1234 1064 1271 colligendum

34 1296 87 1333 ζει
110 1289 328 1328 recipiendum
351 1282 509 1318 decimam
533 1289 679 1318 omnium
705 1287 904 1323 reddituum,
930 1295 1065 1326 proven-

32 1347 146 1388 ,uiuum
163 1348 194 1373 et
207 1342 437 1373 obventionum
456 1341 753 1372 ecclesiasticorum,
771 1341 810 1370 ab
826 1340 976 1369 omnibus
996 1348 1064 1378 per-

35 1395 46 1435 ',
57 1397 142 1428 sonis
154 1395 388 1431 ecclesiasticis,
399 1394 552 1433 exemptis
566 1399 596 1423 et
612 1402 676 1423 non
693 1393 859 1431 exemptis,
872 1394 903 1421 in
919 1392 1066 1430 predictis

32 1461 45 1472 ·‹
57 1450 205 1482 Sardinie
220 1454 250 1479 et
264 1449 389 1478 Corsice
406 1448 548 1486 partibus
565 1446 757 1477 constitutis.
773 1455 825 1484 pro
839 1446 962 1482 negotio
976 1445 1066 1482 regui

35 1502 44 1514 *
59 1503 167 1534 Sicilie
183 1503 223 1532 ab
239 1502 411 1541 apostolica
427 1501 500 1531 sede
517 1510 712 1536 concessam,
735 1500 819 1538 quod
845 1499 981 1528 fideliter
1002 1499 1066 1528 exi-

36 1559 42 1595 ζ
59 1557 312 1596 gam,colligam,
322 1556 472 1594 recipiam
485 1560 580 1593 atque
593 1554 771 1584 custodiam
783 1555 882 1591 ipsam
897 1553 1066 1588 decimam,

59 1619 124 1641 non
139 1609 310 1640 deferendo
332 1609 367 1638 in
391 1609 454 1638 hiis
473 1608 568 1638 alicui
588 1616 736 1646 persone,
761 1607 993 1644 cujuscumque
1017 1614 1067 1634 or-

44 1664 156 1702 uinis,
182 1668 293 1699 status,
322 1662 515 1693 conditionis
540 1667 595 1691 aut
620 1661 786 1699 dignitatis
816 1661 936 1696 existat,
966 1668 1066 1697 prece,

42 1719 186 1755 ¹timore,
212 1717 314 1755 gratia
341 1716 389 1745 vel
413 1716 519 1745 favore
542 1724 596 1744 seu
621 1723 822 1752 quacumque
850 1713 887 1741 de
910 1722 1014 1747 causa,
1041 1717 1071 1741 et

43 1769 132 1802 ''eam
147 1772 270 1809 integre
286 1771 452 1800 restituam
467 1768 678 1805 etassignabo
695 1772 786 1806 prout
799 1776 816 1796 a
831 1771 858 1795 te
876 1774 1020 1803 recepero
1035 1766 1069 1794 in

63 1825 234 1860 mandatis,
249 1828 277 1854 et
292 1832 386 1862 super
400 1822 565 1861 premissis
581 1821 731 1850 omnibns
747 1825 776 1849 et
794 1820 929 1857 singulis
944 1818 1070 1857 plenam

63 1877 230 1908 etfidelem
242 1877 398 1906 rationem
411 1876 540 1905 reddam
555 1875 621 1911 tibi,
637 1879 666 1903 et
678 1874 703 1902 si
715 1874 880 1910 contingat
893 1877 920 1902 te
931 1872 1071 1901 officium

57 1986 148 2026 juxta
166 1984 353 2014 mandatum
370 1983 457 2012 illius
477 1982 529 2021 qni
549 1982 762 2011 substituetur
779 1981 810 2010 in
830 1980 940 2009 eodem
957 1980 1068 2008 officio.

62 2038 114 2070 Sic
140 2039 224 2068 Dens
245 2047 296 2067 me
316 2037 444 2075 adjuvet
463 2041 492 2065 et
514 2036 572 2065 hec
593 2038 700 2064 sancta
718 2035 776 2064 Dei
799 2033 974 2070 evangelia.
1001 2034 1070 2062 Dat.

101 2146 140 2176 In
170 2154 198 2175 e.
232 2154 274 2174 in.
309 2143 574 2182 archiepiscopis,
604 2141 776 2180 episcopis,
804 2141 925 2175 electis,
951 2140 1070 2169 abhati—

44 2199 136 2243 vbns,
156 2199 332 2239 prioribus,
350 2198 499 2233 decanis,
519 2195 774 2231 archidiaconis,
794 2194 997 2232 praepositis,
1021 2201 1071 2221 ar—

64 2252 311 2292 chipresbyteris
334 2257 364 2281 et
387 2251 458 2280 aliis
482 2250 693 2280 ecclesiarum
722 2248 884 2287 praelatis,
910 2246 1071 2284 capitulis.

17 2346 19 2348 q
64 2306 206 2344 collegiis
222 2310 253 2335 et
267 2305 476 2335 conventibus
487 2303 720 2336 Cisteiciensis,
735 2300 968 2335 Cluniacensis,
981 2300 1072 2328 Prae-

64 2361 323 2395 monstratensis,
349 2358 381 2388 S.
411 2357 594 2391 Benedicti,
615 2356 646 2386 S.
674 2354 864 2392 Augustini,
889 2353 1073 2383 Cartusien-

31 2438 35 2441 Α
66 2413 126 2451 sis,
154 2412 456 2442 Grandimontensis
491 2415 521 2440 et
553 2410 691 2440 aliorum
723 2408 891 2443 ordinum,
923 2414 979 2435 uec
1010 2414 1073 2434 nou

67 2465 223 2504 prioribus
259 2464 432 2503 Hospitalis
467 2463 577 2493 Sancti
610 2461 770 2492 Johannis
803 2458 1073 2494 jerosolimitani,

66 2581 137 2602 rum
155 2572 411 2611 praeceptoribus
428 2576 458 2600 et
474 2570 635 2608 magistris
651 2569 829 2606 ceterisque
845 2566 994 2596 omnibus
1009 2574 1077 2602 per-

67 2626 154 2656 sonis
168 2625 402 2660 ecclesiasticis,
416 2623 618 2661 regularibus
636 2627 666 2651 et
682 2620 910 2656 saecularibus,
923 2617 1076 2656 exemptis

52 2680 100 2708 'et
112 2686 178 2708 non
193 2678 360 2716 exemptis,
374 2677 409 2706 in
424 2676 592 2706 Sardiniae
608 2675 791 2705 etCoi-sicae
809 2673 948 2712 partibus
963 2671 1076 2701 consti-

55 2731 144 2761 -tutis
166 2731 297 2761 mandat
314 2735 349 2760 ut
369 2739 500 2760 suorum
523 2730 670 2759 omnium
694 2727 981 2758 ecclesiasticorum
1004 2723 1077 2753 red—

69 2783 195 2814 dituum
208 2808 215 2821 ,
252 2788 464 2822 proventuum
500 2788 530 2812 et
564 2781 796 2812 obventionum
830 2779 989 2809 decimani
1024 2786 1078 2816 per

72 2836 247 2866 triennium
271 2835 463 2875 persolvant.
484 2847 498 2863 «
518 2835 666 2865 Ceterum
690 2833 821 2863 clericos
840 2832 913 2861 illos
931 2832 970 2860 ad
990 2839 1078 2869 pres-

71 2889 223 2920 tationem
241 2890 341 2928 ipsius
363 2889 486 2919 decime
509 2888 609 2918 teneri
633 2886 799 2921 nolumus,
820 2893 957 2923 quorum
979 2883 1079 2913 eccle-

71 2942 190 2972 siastici
212 2942 354 2972 redditus
372 2945 401 2971 et
420 2946 591 2980 proventus
608 2948 768 2969 summam
787 2942 907 2976 septem
924 2937 1079 2966 librarum

73 2997 295 3026 turonensium
320 3004 490 3034 parvorum
515 2995 611 3025 annis
627 2991 765 3031 singulis
786 3000 852 3022 non
873 2990 1040 3021 excedunt.
1064 3001 1078 3016 ι)

61 3047 145 3082 „Dan
164 3053 198 3079 ut
211 3058 318 3088 supra.

62 1932 145 1972 quod
168 1932 202 1961 in
229 1930 390 1970 premissis
415 1929 500 1967 geris
526 1928 705 1964 dimittere,
733 1927 792 1956 hec
820 1926 930 1956 eadem
957 1926 1070 1955 [nciam
1112 1934 1113 1941 ¹

65 2092 147 2132 apud
165 2092 441 2127 Urbemveterem,
455 2099 497 2119 xi1
510 2089 665 2119 kalendas
678 2088 825 2124 octobris,
840 2096 924 2116 anno
939 2086 1039 2116 tertio.
1058 2098 1069 2111 n
1112 2095 1114 2106 r

67 2519 233 2550 domorum
251 2518 388 2548 Militiae
404 2517 529 2555 Templi
550 2521 580 2546 et
602 2516 712 2545 beatae
730 2514 850 2544 Mariae
866 2505 1082 2542 Theotonico-'

1207 438 1327 466 3283
1620 437 1747 466 Orvieto,
1762 437 1797 464 20
1811 436 1975 472 septembre
1992 436 2070 464 1290.

1173 499 1217 526 De
1232 499 1333 526 eodem
1347 501 1472 535 negotio.
1491 499 1574 533 (Rae.
1593 501 1635 531 45,
1650 507 1676 526 c.
1694 499 1765 531 411²,
1783 499 1802 526 f.
1817 499 1848 526 81
1865 501 1913 531 r0.)

1185 602 1350 631 Venerabili
1362 603 1457 638 fratri
1468 602 1631 638 Pandulfo,
1644 603 1775 640 episcopo
1787 602 1934 636 Pactensi,
1944 601 2147 630 administra»

1141 656 1201 685 tori
1216 656 1331 685 ecclesie
1350 655 1522 684 Turritane.
1541 667 1555 682 «
1573 654 1811 685 Declarationes
1827 663 1905 693 quas
1928 663 2029 693 nuper
2049 653 2148 684 edidi-

1140 716 1213 737 mus
1229 708 1262 737 in
1279 709 1406 746 negotio
1426 708 1548 738 decime
1566 707 1604 737 de
1623 707 1830 746 proventibus
1851 706 2071 737 ecclesiasticis
2093 716 2148 746 per

1142 761 1325 791 Sardiniam
1336 766 1366 791 et
1376 761 1537 791 Corsicam
1554 762 1588 791 in
1603 761 1782 791 subsidium
1798 761 1919 799 negotii
1932 760 2024 799 regni
2038 760 2149 791 Sicilie

1143 815 1201 844 sub
1225 820 1308 844 certa
1331 815 1432 845 forma
1459 819 1489 844 et
1513 814 1606 844 modo
1631 815 1670 844 ab
1696 814 1865 852 apostolica
1889 813 1963 844 sede
1987 821 2147 851 concesse,

1143 869 1234 906 cujus
1250 868 1380 906 quidem
1401 868 1524 897 decime
1543 871 1571 898 te
1587 868 1620 897 in
1638 867 1786 906 predictis
1807 867 1956 896 Sardinia
1974 870 2004 896 et
2023 866 2150 896 Corsica

1144 921 1461 960 superintendentem
1473 930 1529 950 seu
1542 920 1742 950 collectorem
1756 920 1906 949 duximus
1917 918 2148 957 deputandum,

1145 973 1223 1003 tales
1247 978 1322 1003 sunt
1340 983 1346 1003 :
1366 974 1412 1003 De
1426 973 1603 1003 redditibus
1619 978 1649 1002 et
1665 972 1871 1011 proventibus
1887 971 2150 1010 leprosariarum,

1145 1027 1314 1056 domorum
1335 1027 1395 1056 Dei
1417 1031 1447 1055 et
1471 1025 1676 1064 hospitalium
1695 1033 1868 1063 pauperum
1887 1024 1943 1062 qui
1961 1024 1994 1052 in
2013 1032 2090 1053 usus
2105 1023 2152 1052 le-

1144 1088 1324 1118 prosorum,
1336 1079 1541 1108 infirmorum
1553 1083 1582 1108 et
1593 1087 1769 1117 pauperum
1781 1080 2021 1111 convertuntur,
2030 1076 2154 1105 decima

1147 1142 1212 1163 non
1229 1133 1378 1162 solvetur.
1398 1132 1553 1162 Moniales
1571 1131 1667 1161 etiam
1689 1131 1813 1169 alieque
1837 1129 1999 1168 regulares
2021 1137 2154 1167 persone

1147 1192 1205 1218 etc.
1223 1192 1258 1217 ut
1274 1187 1307 1216 in
1326 1190 1449 1224 regesto
1465 1185 1597 1216 secundi
1617 1185 1696 1214 anni
1716 1184 1859 1222 ejusdem
1879 1183 2001 1213 domini
2016 1182 2153 1219 Nicolai,

1148 1250 1216 1280 cap.
1236 1240 1439 1278 CCCLX111⁰(n⁰
1458 1239 1545 1277 1178)
1559 1247 1672 1277 usque.
1690 1238 1762 1267 Dat.
1779 1236 1863 1275 apud
1877 1237 2153 1273 Urbemveterem,

1148 1303 1190 1323 xii
1208 1293 1362 1323 kalendas
1377 1293 1523 1329 octobris,
1543 1300 1629 1321 anno
1648 1292 1749 1321 tertio.
1772 1303 1784 1317 »

1222 1473 1340 1502 3264

1186 1535 1229 1561 De
1244 1535 1412 1562 collectione
1423 1534 1551 1559 decimae
1569 1542 1619 1568 pro
1636 1533 1751 1567 negotio
1768 1533 1930 1566 Aragoniae
1946 1531 2006 1565 regi
2022 1530 2158 1557 Franciae

1151 1592 1317 1611 concessae.
1337 1583 1417 1615 (Rae.
1435 1583 1477 1616 45,
1495 1591 1520 1609 c.
1539 1582 1599 1613 41⁶2,
1619 1584 1638 1609 f.
1655 1583 1685 1609 81
1705 1584 1752 1614 r0.)

1636 1472 1763 1501 Orvieto,
1780 1471 1811 1496 {si
1830 1469 1992 1503 septembre
2012 1469 2086 1495 1290.

1192 1688 1301 1716 Dilecto
1316 1687 1380 1723 filio
1396 1686 1437 1721 J.‚
1458 1686 1544 1714 ciculi
1558 1685 1666 1714 Sancte
1685 1684 1790 1713 Cecilie
1807 1684 1976 1722 presbytero
1991 1683 2157 1712 cardinali.

1152 1741 1344 1770 Potestatem
1356 1739 1527 1769 committit
1542 1741 1700 1776 quatenns
1716 1737 1857 1766 decimae
1874 1736 2159 1766 ecclesiasticorum

1154 1798 1367 1832 proventuum
1383 1792 1580 1822 clarissimae
1599 1791 1773 1821 memoriae
1792 1790 1956 1828 Philippo,
1974 1790 2043 1827 regi
2060 1789 2159 1818 Frau-

1153 1856 1281 1881 corum,
1299 1855 1355 1884 pro
1375 1845 1500 1883 negotio
1516 1846 1703 1881 Aragonum
1720 1843 1949 1881 Valentiaeque
1965 1851 2138 1879 regnorum
2151 1865 2158 1878 ,

1154 1901 1187 1929 in
1204 1909 1301 1938 regno
1314 1900 1476 1934 Franciae,
1490 1899 1523 1928 in
1540 1897 1760 1935 Lugdunensi,
1774 1897 1961 1932 Viennensi,
1977 1895 2159 1931 Bisuntina‚

1154 1953 1393 1983 Tarentasiensi
1415 1952 1600 1991 provintiis,
1619 1952 1652 1980 in
1672 1955 1757 1990 parte
1775 1950 2012 1980 Ebredunensis
2029 1949 2160 1987 provin-

1155 2008 1215 2037 tiae
1239 2008 1297 2036 sita
1320 2011 1405 2036 extra
1429 2006 1609 2035 Provintiae
1633 2014 1668 2034 ac
1688 2004 1905 2034 Follinllzeriae
1929 2003 2114 2037 comitatus,
2132 2006 2162 2031 et

1154 2062 1188 2090 in
1209 2061 1390 2095 Leodicnsi,
1412 2060 1558 2095 Meteusi,
1579 2059 1787 2093 virdunensi,
1806 2058 1949 2087 Tullensi
1966 2061 1995 2086 et
2013 2057 2162 2086 Camera-

1155 2115 1241 2144 censi
1257 2114 1437 2143 civitatibus
1455 2117 1485 2142 et
1504 2112 1715 2142 dioecesibus.
1728 2121 1744 2140 a
1759 2111 1894 2140 Martino
1912 2119 1989 2148 papa
2003 2110 2071 2138 IIII
2087 2118 2162 2139 con-

1155 2176 1260 2197 cessae
1282 2167 1464 2196 collectores
1485 2166 1558 2204 qui,
1579 2166 1718 2194 maxime
1741 2165 1774 2193 iu
1798 2163 1964 2192 Basiliensi
1987 2163 2111 2191 civitate
2134 2167 2164 2191 et

1120 2230 1123 2233 ’
1156 2220 1312 2252 dioecesi,
1332 2216 1370 2248 de
1385 2219 1512 2248 collecta
1531 2218 1664 2256 pecunia
1681 2217 1836 2246 rationem
1854 2216 1985 2245 reddere
2001 2215 2163 2245 contradi-

1156 2278 1251 2309 cunt,
1284 2278 1313 2302 et
1342 2281 1394 2302 eos
1427 2272 1480 2310 qni
1513 2272 1670 2300 decimam
1702 2270 1853 2299 debentes
1890 2279 1958 2298 eam
1988 2273 2043 2297 aut
2073 2267 2162 2297 nullo

1157 2327 1250 2356 modo
1269 2331 1402 2355 autnon
1424 2326 1546 2362 integre
1568 2329 1620 2353 aut
1642 2333 1703 2353 uon
1724 2324 1757 2352 in
1779 2323 1924 2352 terminis
1948 2322 1987 2351 ad
2007 2322 2065 2351 hoc
2089 2330 2164 2351 con-

1157 2379 1273 2409 stitutis
1290 2379 1453 2408 solverunt
1468 2377 1695 2416 compellendi,
1713 2376 1914 2407 absolvendi.
1932 2379 2000 2413 post
2020 2375 2164 2403 satisfac-

1157 2434 1288 2469 tionem,
1310 2440 1361 2461 eos
1380 2432 1436 2470 qui
1453 2432 1496 2460 sic
1515 2429 1866 2466 excommunicationis,
1881 2428 2098 2467 suspensionis
2115 2427 2165 2456 vel

1157 2486 1319 2524 interdicti
1340 2486 1532 2514 senteutiam
1558 2484 1761 2512 incurrerunt
1776 2507 1782 2512 ,
1804 2486 1833 2512 et
1856 2481 2065 2520 dispensandi
2091 2490 2165 2510 cum

1158 2540 1202 2569 eis
1219 2548 1313 2577 snper
1328 2538 1573 2575 irregularitate.

1201 2604 1213 2618 α
1232 2591 1360 2620 Dudum
1380 2591 1479 2619 felicis
1498 2589 1762 2619 recordationis...
1781 2605 1818 2627 -7
1837 2589 1908 2619 Dat.
1927 2587 2011 2626 apud
2027 2588 2164 2617 Urbem-

1160 2649 1309 2679 veterem,
1330 2653 1385 2673 vm
1403 2643 1556 2673 kalendas
1571 2643 1717 2677 octobris,
1735 2651 1821 2672 anuo
1839 2643 1937 2671 tertio.
1958 2653 1971 2668 x>

1232 2830 1351 2858 3265

1197 2892 1285 2918 Alcro
1300 2891 1482 2917 Torcellanae
1497 2890 1636 2917 ecclesiae
1661 2891 1815 2925 episcopus
1832 2890 2003 2925 praeficitur.
2022 2888 2103 2922 (Rae.
2123 2890 2166 2923 45,

1162 2949 1187 2968 c.
1204 2941 1265 2975 413,
1282 2941 1300 2967 f.
1318 2941 1347 2967 81
1366 2942 1419 2973 vv.)

1644 2828 1770 2859 Orvieto,
1791 2828 1820 2855 16
1838 2827 2000 2862 septembre
2017 2827 2094 2854 1290.

1204 3044 1314 3072 Dilecto
1331 3043 1396 3080 silio
1418 3043 1558 3078 Ater-oni,
1576 3043 1663 3071 electo
1685 3042 1865 3071 Tor-cellano.
1883 3041 2024 3071 Vacante
2042 3040 2169 3071 Torcel-
