2477 3637
222 356 277 385 282
519 377 525 381 ⁴
969 356 1204 387 REGISTRES
1228 358 1281 387 DE
1303 356 1488 387 NIGOLAS
1513 358 1567 387 [v.

293 422 408 450 14¹2

255 485 404 512 Johannes
419 484 552 511 Gerarius
568 488 597 510 et
613 483 732 510 Michael
750 483 901 514 scissuris.
918 484 1014 511 clerici
1027 483 1226 512 Cenomanen-

219 542 278 569 ses,
299 542 395 561 coram
411 534 479 560 sede
494 533 650 568 apostoliea
666 533 799 559 citantur.
818 532 900 566 (Rec.
919 533 962 564 44,
974 542 1000 560 c.
1013 534 1074 567 490,
1086 535 1106 561 ἱ.
1117 534 1166 561 ‘221
1185 542 1224 567 r⁰;

220 582 286 610 Lim.
304 592 336 609 no
349 582 446 613 Tuan„
465 581 501 611 ΙΙ,
519 582 590 612 ‘2532
607 581 712 610 Pon-u.
729 582 839 615 ς230911.)

748 419 833 453 Rieu,
850 420 884 448 -25
899 421 1062 456 septembre
1079 422 1154 449 1289.

259 685 376 714 Dilectis
390 685 466 720 filiis
485 707 505 713 ..
522 684 736 713 arclu‘cliacono
753 684 913 719 Sicalouie‚
932 709 951 715 ..
971 687 1099 721 cantori,
1118 694 1152 716 ac
1169 687 1224 716 Ilo—

217 738 295 767 berto
320 738 354 766 de
375 736 533 774 Cortenai,
560 738 705 767 canonico
725 738 1012 775 Aurwlz'atzetzsibiis,
1037 738 1075 768 ad
1097 739 1223 768 instan-

218 790 296 820 tiam
312 813 330 819 ..
346 789 517 828 guardiani
534 795 564 820 et
581 790 716 820 fratrum
732 790 897 821 minorum
914 790 1224 829 Cenomanensinm,

216 844 349 874 mandat
362 848 520 883 quatenus
545 844 699 883 quosdam
723 844 853 874 clericos
877 845 1111 884 infrascriptos,
1129 845 1156 875 si
1172 854 1224 876 eos

217 907 271 936 per
299 897 417 927 samam
443 897 623 936 publicam,
649 897 697 927 vet
716 898 904 935 indaginem
928 907 991 929 non
1015 898 1221 936 sollemnem,

215 950 390 990 culpabiles
418 951 622 988 invenerint,
649 952 747 981 citent
773 956 807 981 ut
830 952 915 982 infra
939 953 1034 982 trium
1062 953 1222 983 mensium

217 1005 355 1044 spatium
384 1013 489 1035 coram
521 1005 594 1035 sede
623 1005 795 1044 apostolica
824 1011 1038 1044 compareant.
1074 1006 1225 1044 Magister

217 1059 303 1089 enim
319 1058 505 1095 JohauneS‚
523 1058 626 1089 dictus
645 1059 812 1095 Cor-arins,
833 1065 862 1089 et
878 1059 1034 1095 Micbacl,
1053 1060 1139 1089 filius
1161 1059 1224 1089 Mi-

216 1112 336 1143 chaelis
360 1112 530 1150 Scissoris,
557 1112 663 1143 clerici
687 1113 967 1150 cenomanenses,
989 1113 1132 1142 habitum
1158 1113 1222 1142 sra-

217 1169 301 1195 trum
319 1165 484 1195 minorum
505 1166 728 1204 arripuerunt,
751 1166 918 1205 dictusque
941 1166 1078 1195 Michael
1101 1166 1221 1205 primo,

215 1228 341 1249 necnon
358 1224 387 1248 et
402 1219 532 1257 quidam
554 1219 697 1249 ribaldus
717 1219 935 1258 postmodum,
957 1220 1101 1250 habitum
1119 1220 1222 1258 ipsum

216 1273 404 1308 induentes,
425 1281 487 1302 non
505 1272 608 1303 solum
627 1282 681 1311 per
698 1272 815 1312 plateas
827 1274 954 1303 etvicos
970 1273 1107 1303 civitatis
1123 1272 1224 1303 Ceno-

214 1327 395 1362 manensiS,
416 1334 521 1356 coram
541 1326 656 1364 populo
673 1327 717 1356 sic
733 1326 837 1356 induti
855 1327 1045 1365 discurrere,
1059 1326 1114 1356 sed
1126 1327 1220 1356 etiam

215 1379 360 1410 habitum
378 1380 482 1418 ipsum
504 1388 559 1418 per
579 1379 723 1409 tabernas
742 1384 772 1409 et
793 1380 856 1410 alia
880 1380 946 1410 loca
971 1381 1104 1410 omnino
1126 1380 1223 1410 inho-

214 1437 304 1462 nesta
321 1432 373 1462 die
391 1437 549 1471 noctuque
565 1432 705 1468 deferre,
722 1433 873 1472 idemque
889 1433 1028 1464 Michael
1045 1443 1117 1464 cum
1141 1442 1222 1472 quo-

213 1485 287 1516 dam
317 1485 381 1516 alio
413 1485 544 1523 clerico,
575 1490 659 1516 veste
687 1486 851 1526 muliebri,
882 1496 962 1526 qnae
990 1487 1145 1517 Filiarum
1176 1488 1223 1518 De

213 1539 389 1578 vulgariter
410 1539 538 1580 dicitur,
556 1540 700 1577 indutus,
723 1541 899 1571 assiludere
920 1545 1222 1580 praesumpserunt;

213 1594 390 1633 fratresque
414 1594 548 1624 minoris
564 1594 689 1625 ordinis
711 1595 908 1626 incessanter
924 1595 1111 1626 omnimodo
1129 1595 1222 1625 dina-

213 1653 303 1678 mant
318 1652 348 1677 et
362 1648 540 1678 offendunt.

256 1714 270 1728 α
290 1701 438 1731 Insolens
459 1706 489 1732 et
510 1702 679 1732 effrenis...
707 1719 744 1725 —
769 1703 840 1733 Dat.
866 1703 978 1740 Reate,
1003 1714 1045 1734 vn
1069 1704 1222 1735 kalendas

213 1755 350 1786 octobris
362 1778 369 1792 ,
387 1764 472 1785 anno
489 1756 640 1786 secundo.

288 1937 543 1966 1413-1424
743 1937 827 1971 Rieu,
847 1939 876 1965 17
890 1940 1053 1974 septembre
1071 1940 1149 1967 1289.

250 1999 458 2035 Indulgentiae.
476 2000 560 2033 (Rno.
577 2001 621 2031 44,
643 2009 668 2028 c.
691 2001 752 2032 497,
770 2002 787 2028 f.
806 2001 855 2028 221
874 2002 923 2035 vo.)

257 2105 410 2134 Universis
426 2103 540 2133 Christi
562 2104 698 2142 fidelibus
719 2110 869 2142 presentes
892 2106 1010 2136 litteras
1027 2108 1217 2144 inspecturis.

213 2157 453 2195 Indulgentiam
470 2157 566 2187 unius
578 2157 658 2187 anni
675 2162 705 2188 et
717 2167 754 2187 xi.
770 2158 895 2188 dierum
911 2160 1055 2190 concedit
1070 2161 1220 2191 omnibus

213 2220 288 2241 vere
311 2210 545 2249 poenitentibus
566 2215 597 2240 et
615 2211 768 2241 confessis
786 2212 841 2250 qui
864 2212 1030 2242 ecclesiam
1047 2213 1086 2243 de
1103 2214 1220 2244 Brino-

214 2264 286 2301 nia,
306 2264 467 2302 Aquensis
483 2263 653 2301 dioecesis,
672 2264 704 2294 in
723 2265 947 2296 festivitatibus
965 2266 1081 2297 Beatae
1100 2267 1221 2298 Mariae

213 2319 244 2348 et
260 2316 292 2348 S.
313 2316 502 2355 Salvatoris‚
517 2317 550 2347 in
570 2326 704 2356 quorum
720 2318 875 2350 honorem
892 2324 1072 2351 constructa
1089 2325 1154 2359 est,
1172 2322 1221 2351 vi-

213 2371 390 2401 sitaverint.

255 2436 268 2451 «
286 2424 358 2454 Vite
376 2425 558 2464 perempnis
574 2425 711 2463 gloria...
729 2443 768 2448 —
787 2427 856 2456 Dat.
880 2427 993 2463 Reate,
1013 2438 1053 2458 xv
1069 2428 1222 2459 kalendas

212 2478 363 2515 octobris,
381 2487 466 2508 anno
483 2479 633 2509 secundo.
652 2492 664 2506 n

739 2561 824 2593 Rieu,
844 2561 874 2589 13
890 2563 1052 2597 septembre
1072 2563 1148 2590 1289.

255 2623 291 2652 In
313 2632 339 2653 e.
368 2632 409 2652 m.
436 2623 568 2655 eisdem.
591 2624 733 2654 Eandem
755 2625 990 2664 indulgentiam
1011 2627 1157 2656 concedit
1175 2627 1222 2657 eis

213 2677 268 2716 qui
285 2676 451 2707 ecclesiam
469 2678 649 2716 Regensem
670 2678 758 2718 (sic),
783 2679 815 2708 in
833 2688 894 2718 qna
916 2684 1009 2719 capnt
1029 2680 1060 2711 S.
1086 2681 1221 2711 Maximi

213 2730 404 2761 confessoris
420 2735 450 2760 et
465 2731 621 2770 reliquiae
637 2731 671 2762 S.
691 2732 788 2762 Blasii
805 2737 834 2762 et
856 2733 990 2763 Sanctae
1006 2733 1118 2764 Teclae
1137 2743 1221 2764 mar-

215 2787 322 2822 tyrum
345 2790 437 2822 sunt,
455 2785 489 2814 in
507 2786 730 2816 festivitatibus
746 2787 930 2817 eorumdem
948 2792 1130 2818 sanctorum
1149 2789 1223 2829 visi-

216 2838 362 2867 taverint.
382 2839 452 2869 Dat.
476 2839 591 2877 Reate,
610 2840 718 2870 idibus
737 2841 942 2879 septembris,
961 2850 1047 2872 anno
1068 2843 1220 2873 secundo.

738 2921 824 2955 Ricti,
844 2923 874 2949 17
891 2923 1054 2958 septembre
1073 2923 1148 2951 1280.

235 3020 237 3023 .
255 2979 293 3008 ln
311 2988 338 3009 e.
359 2990 402 3010 ni.
426 2983 557 3014 eisdem.
577 2984 719 3014 Eandem
744 2985 982 3023 indulgentiam
1006 2987 1150 3016 concedit
1176 2987 1222 3017 eis

215 3032 271 3069 qui
291 3033 456 3064 ecclesiam
477 3036 629 3067 Diensem
654 3038 687 3066 in
710 3038 932 3069 festivitatibus
959 3040 1074 3070 Beatae
1100 3041 1221 3071 Mariae

1309 422 1520 453 visitaverint.
1552 423 1622 454 Dat.
1658 424 1773 461 Reate,
1805 434 1842 454 xv
1870 425 2022 457 kalendas
2047 427 2203 464 octobris,
2231 437 2317 460 anno

1309 475 1459 507 secundo.

1834 532 1921 566 Rieu.
1938 534 1970 560 15
1986 534 2149 570 septembre
2165 534 2244 563 1289.

1348 593 1386 623 In
1409 602 1436 624 e.
1462 603 1505 623 m.
1530 594 1663 625 eisdem.
1683 595 1825 625 Eandem
1846 595 2081 635 indulgentiam
2099 598 2247 628 concedit
2268 599 2315 630 eis

1308 647 1360 685 qui
1379 646 1546 677 ecclesiam
1570 647 1684 678 Beatae
1702 649 1822 679 Mariae
1837 649 1876 680 de
1897 649 2050 687 Falcono,
2075 651 2316 683 Ebreduneusis

1306 700 1460 730 dioecesis
1471 725 1479 740 ‚
1496 701 1530 730 in
1547 701 1770 732 festivitatibus
1789 703 1902 733 Beatae
1918 703 2051 742 Mariae,
2070 708 2101 734 et
2115 705 2148 734 in
2166 705 2317 736 anniver-

1306 753 1389 784 sario
1418 753 1470 784 die
1500 754 1708 785 dedicationis
1733 756 1877 794 ejusdem
1903 756 2074 794 ecclesiae,
2102 757 2310 789 visitaverint.

1308 806 1378 836 Dat.
1400 807 1511 843 Reate,
1528 817 1590 837 xvn
1609 808 1763 839 kalendas
1778 809 1932 847 octobris,
1949 818 2036 841 anno
2051 811 2202 842 secundo.

1828 890 1914 925 Rieti,
1931 891 1963 918 ’22
1983 892 2146 927 septembre
2163 891 2240 920 1289.

1346 952 1383 981 ln
1400 961 1428 982 e.
1453 961 1494 982 m.
1513 953 1646 983 eisdem.
1675 953 1817 983 Eandem
1840 954 2078 992 indulgentiam
2100 955 2247 986 concedit
2267 956 2314 988 eis

1305 1005 1360 1043 qui
1379 1005 1544 1036 ecclesiam
1564 1007 1749 1037 monasterii
1767 1007 1876 1038 Sancti
1893 1007 1997 1037 Mauri
2015 1007 2227 1039 Virdunensis
2239 1033 2246 1046 ,
2261 1007 2331 1040 ors

1304 1059 1391 1088 dinis
1409 1059 1441 1089 S.
1465 1060 1643 1097 Benedicti,
1665 1062 1697 1090 in
1717 1061 1939 1092 festivitatibus
1956 1061 1989 1092 S.
2006 1061 2168 1092 Johannis
2189 1062 2314 1101 Baptis-

1305 1116 1370 1148 tae,
1391 1113 1422 1142 in
1442 1114 1534 1152 cujus
1552 1113 1707 1144 honorem
1725 1119 1907 1145 constructa
1926 1119 1993 1154 est,
2008 1115 2119 1146 beatae
2135 1115 2268 1153 Mariae,
2284 1120 2316 1147 et

1304 1164 1338 1196 S.
1354 1166 1473 1203 Mauri,
1496 1176 1548 1205 per
1563 1172 1630 1198 octo
1645 1168 1713 1197 dies
1728 1173 1912 1207 sequentes,
1930 1169 2004 1198 etin
2019 1169 2244 1199 anniversario
2259 1168 2314 1200 die

1304 1219 1515 1250 dedicationis
1531 1221 1675 1260 ejusdem
1691 1221 1858 1258 ecclesiae,
1881 1222 2090 1252 visitaverint.
2113 1222 2184 1252 Dat.
2201 1222 2313 1261 Reate,

1303 1282 1322 1302 x
1337 1271 1491 1303 kalendas
1508 1274 1662 1312 octobris,
1678 1283 1765 1306 anno
1781 1275 1932 1306 secundo.

1825 1356 1912 1391 Ricti,
1932 1356 1962 1383 13
1979 1356 2144 1392 septembre
2163 1355 2242 1385 1289.

1345 1417 1382 1446 In
1401 1426 1428 1447 e.
1447 1426 1490 1447 m.
1509 1418 1641 1449 eisdem.
1667 1419 1809 1450 Eandem
1836 1419 2072 1458 indulgentiam
2091 1418 2245 1450 'concedit
2266 1419 2315 1450 eis

1304 1472 1361 1510 qui
1384 1471 1552 1502 ecclesiam
1578 1474 1762 1503 monasterii
1784 1473 1822 1503 de
1847 1474 1963 1504 Sancto
1990 1472 2164 1512 Michaele,
2190 1473 2314 1504 ordinis

1304 1526 1337 1557 S.
1369 1526 1551 1564 Benedicti,
1582 1526 1798 1557 virdunensis
1825 1527 2000 1565 dioecesis,
2028 1527 2062 1557 iu
2088 1526 2314 1558 festivitatibus

1303 1579 1337 1610 S.
1357 1580 1536 1616 Michaelis,
1553 1581 1662 1611 beatae
1679 1581 1815 1618 Mariae,
1834 1585 1864 1611 et
1882 1589 1937 1620 per
1952 1585 2022 1612 octo
2038 1581 2106 1612 dies
2129 1584 2312 1621 sequentes,

1305 1634 1516 1665 visitaverint.
1546 1634 1618 1665 Dat.
1648 1634 1761 1670 Reate,
1789 1634 1894 1665 idibus
1921 1635 2130 1674 septembris,
2152 1643 2239 1665 anno
2259 1642 2312 1665 se-

1304 1688 1419 1718 cundo.

1828 1734 1914 1766 Rieti,
1930 1734 1964 1761 22
1979 1735 2144 1770 septembre
2160 1734 2240 1763 1289.

1343 1799 1381 1829 In
1399 1808 1426 1829 e.
1444 1808 1487 1828 m.
1505 1799 1636 1828 eisdem.
1665 1798 1810 1828 Eandem
1834 1798 2070 1836 indulgentiam
2098 1798 2244 1829 concedit
2266 1798 2314 1830 eis
2344 1806 2346 1809 '

1303 1854 1358 1891 qui
1380 1852 1535 1891 capellam
1560 1852 1724 1891 hospitalis
1747 1852 1864 1887 Beatae
1886 1852 2007 1882 Mariae
2026 1851 2066 1882 de
2082 1852 2312 1883 Pontemonto-

1304 1906 1370 1942 uis,
1388 1905 1550 1936 Tullensis
1565 1905 1717 1935 dioecesis
1729 1928 1737 1942 ,
1755 1905 1788 1934 in
1805 1905 2033 1935 festivitatibus
2049 1905 2160 1936 beatae
2178 1905 2310 1943 Mariae,

1304 1963 1334 1989 et
1361 1959 1395 1988 in
1424 1959 1644 1989 anniversario
1673 1958 1725 1988 die
1749 1958 1961 1988 dedicationis
1989 1957 2134 1997 ejusdem
2160 1957 2312 1997 capellae,

1304 2012 1512 2042 visitaverint.
1540 2013 1611 2042 Dat.
1632 2013 1749 2050 Reate,
1770 2022 1788 2042 x
1808 2012 1962 2042 kalendas
1981 2012 2135 2050 octobris,
2155 2020 2241 2043 anno
2257 2020 2311 2043 se-

1304 2066 1419 2096 cundo.
1439 2067 1496 2103 (En
1512 2066 1643 2106 marye.)

1820 2112 1914 2146 Rieti,
1932 2112 1964 2139 24
1980 2112 2145 2148 septembre
2162 2111 2241 2141 1289.

1347 2178 1383 2207 In
1399 2187 1426 2208 e.
1451 2186 1494 2207 m.
1514 2176 1646 2207 eisdem.
1677 2176 1818 2206 Eandem
1838 2175 2076 2214 indulgentiam
2099 2175 2245 2206 concedit
2267 2175 2312 2207 eis

1304 2231 1358 2270 qui
1375 2230 1541 2261 ecclesiam
1560 2230 1675 2260 Beatae
1693 2230 1814 2260 Mariae
1831 2228 2174 2268 Gratianopolitanam,
2188 2228 2312 2260 ordinis

1305 2286 1337 2316 S.
1363 2284 1553 2322 Augustini,
1576 2284 1608 2313 in
1635 2283 1862 2313 festivitatibus
1883 2283 1993 2313 beatae
2019 2283 2140 2313 Mariae
2157 2282 2332 2314 visitatus--

1304 2340 1380 2369 rint.
1402 2338 1472 2368 Dat.
1494 2337 1609 2373 Reate,
1634 2346 1688 2366 vm
1705 2335 1858 2366 kalendas
1879 2335 2033 2373 octobris,
2054 2343 2140 2366 anno
2159 2334 2310 2366 secundo.

1303 2393 1410 2433 (llud.)
1830 2437 1915 2468 Rieti,
1934 2436 1965 2463 ⁴24
1983 2436 2146 2472 septembre
2162 2435 2240 2464 1289.

1345 2504 1382 2534 Iu
1399 2512 1425 2533 e.
1448 2511 1492 2532 m.
1514 2501 1646 2532 eisdem.
1674 2500 1815 2530 Eandem
1839 2499 2076 2538 indulgentiam
2096 2498 2242 2530 concedit
2264 2499 2312 2530 eis

1305 2559 1360 2598 qui
1385 2557 1551 2588 ecclesiam
1577 2555 1685 2585 Sancti
1708 2555 1858 2585 Andreae
1881 2553 2015 2592 apostoli
2040 2552 2312 2593 Gratianopolita-

1305 2621 1379 2642 nam
1392 2635 1400 2650 ,
1417 2611 1451 2641 in
1468 2609 1635 2640 festivitate
1651 2608 1795 2648 ejusdem
1816 2607 1966 2647 apostoli,
1985 2612 2017 2637 et
2038 2607 2072 2637 in
2091 2607 2312 2639 anniversario
2332 2641 2333 2644 ,

1304 2666 1357 2696 die
1375 2662 1583 2695 dedicationis
1600 2661 1742 2701 ejusdem
1765 2661 1933 2698 ecclesiae,
1952 2660 2162 2691 visitaverint.
2180 2660 2252 2691 Dat.
2275 2663 2310 2691 ut

1305 2728 1409 2758 supra·
1430 2717 1533 2757 (Imd‘)
1825 2762 1912 2794 Rieu,
1932 2761 1963 2788 21
1981 2761 2145 2797 septembre
2162 2760 2240 2790 ¹289.

1344 2823 1382 2852 In
1407 2832 1434 2852 e.
1453 2830 1494 2851 m.
1516 2820 1647 2850 eisdem.
1671 2819 1812 2849 Eandem
1836 2817 2074 2856 indulgentiam
2097 2816 2243 2848 concedit
2263 2815 2310 2848 eis

1305 2876 1360 2916 qni
1378 2875 1543 2906 ecclesiam
1565 2873 1651 2903 Beati
1668 2872 1856 2903 Theoderici
1875 2880 1970 2910 prope
1988 2870 2180 2910 Balsegi'am‚
2197 2870 2312 2901 Mima-

1306 2929 1405 2960 tcnsis
1425 2928 1595 2965 dioecesis,
1623 2928 1653 2956 in
1678 2926 1848 2956 testivitate
1877 2925 2020 2965 ejusdem
2042 2925 2143 2955 sancti
2163 2924 2310 2955 visitave-
2359 2964 2363 2971 ἢ

1305 2985 1381 3014 rint.
1410 2983 1481 3013 Dat.
1505 2981 1621 3018 Reate,
1647 2990 1675 3010 xi
1703 2979 1856 3010 kalendas
1878 2978 2031 3017 octobris,
2053 2986 2139 3008 anno
2158 2975 2308 3008 secundo.
2344 2983 2367 3010 :r

1303 3036 1409 3078 (mid.)
