2477 3637
220 367 277 397 640
963 363 1199 395 REGISTRES
1220 364 1275 394 DE
1296 363 1480 394 NICOLAS
1502 364 1558 394 IV.

289 432 404 460 4:38¹?
759 430 890 464 Orvieto,
907 431 923 457 8
938 430 1054 456 octobre
1070 429 1147 456 ¹290.

253 493 351 520 Eidem
368 493 467 519 scribit
485 496 514 518 ut
530 493 648 519 consilia
667 512 684 518 ..
701 491 868 526 Tripolitani
883 492 1023 526 episcopi,
1037 511 1055 517 ..
1069 490 1218 524 Amalrici,

217 542 323 568 domini
338 541 415 576 Tyri,
431 542 558 575 germani
576 562 593 567 ..
612 541 688 575 regis
702 540 798 575 Cypri,
817 540 1018 573 magistrorum
1035 539 1184 566 domorum
1198 559 1216 566 ..

217 590 332 617 militiae
357 590 480 624 Templi,
505 610 522 616 ..
547 589 696 624 hospitalis
717 588 815 615 Sancti
837 588 979 615 Johnnnis
1003 592 1031 614 ct
1055 609 1072 615 ..
1096 587 1219 614 Sanctae

216 641 320 667 Mariae
341 640 596 671 Theotonicorum,
621 639 731 666 Odonis
752 639 786 665 dc
809 640 1003 669 Grandisono,
1020 638 1162 665 Johannis
1182 638 1217 664 de

215 689 311 719 Grilli,
328 709 346 715 .,
364 689 452 723 bajuli
469 688 644 715 Venetorum
659 693 685 714 et
703 688 854 714 consulum
872 687 1041 714 pisanorum
1059 687 1086 713 in
1104 687 1214 720 Accon,

214 741 242 764 et
263 737 381 763 aliorum
407 738 609 772 praelatorum,
629 737 764 764 nobilium
785 740 812 762 ct
832 736 1013 770 prudentium
1037 736 1164 771 requirat
1187 736 1215 762 in

213 786 336 821 negotiis
351 778 404 813 sibi
421 786 586 812 commissis
597 786 629 812 ad
643 786 768 820 regimen
782 786 926 819 galearum
939 789 966 812 et
977 785 1214 820 gubernationem

212 834 360 861 christiani
375 834 482 869 populi.
501 834 584 866 (Res.
603 835 645 863 45.
663 842 688 860 c.
706 834 750 868 93,
767 834 786 860 s.
806 834 853 861 ¹73
870 837 922 866 vo.)

250 937 364 967 Eidem.

252 1001 265 1016 u
283 989 344 1019 Per
358 989 435 1019 alias
452 994 610 1019 nostras...
629 1006 666 1011 —
682 989 752 1018 Dat.
773 994 806 1018 ut
822 997 927 1028 supra.
946 1001 959 1015 n

277 1163 394 1191 4388
732 1162 862 1196 Orvieto,
880 1163 913 1189 20
928 1163 1043 1189 octobre
1063 1162 1137 1190 1290.

242 1225 285 1252 De
296 1226 384 1259 galeis
397 1226 424 1251 in
435 1225 550 1251 Terram
563 1226 696 1252 Sanctam
711 1226 818 1252 missis.
829 1225 910 1259 (Rea.
921 1225 964 1258 45,
978 1234 1003 1252 c.
1013 1225 1054 1257 94,
1068 1225 1146 1253 s.173
1159 1227 1210 1259 vo.)

244 1328 359 1357 Et'dem.
384 1339 397 1353 α
422 1327 471 1356 Ad
495 1332 578 1357 tuam
601 1327 748 1357 volumus
770 1327 936 1366 pervenire
958 1328 1101 1357 notitiam
1125 1327 1210 1366 quod

205 1380 379 1410 venerabili
394 1380 481 1409 fratri
498 1385 602 1410 nostro
618 1381 668 1417 B.,
684 1381 829 1419 episcopo
842 1380 1048 1419 Tripolitano,
1065 1390 1119 1419 per
1131 1381 1209 1411 alias

203 1438 325 1463 nostras
341 1434 400 1463 suh
415 1436 499 1463 certa
515 1434 615 1462 forma
631 1433 743 1463 damus
759 1433 880 1463 litteras
898 1434 927 1462 in
945 1434 1104 1464 mandatis
1120 1438 1154 1464 ut
1170 1435 1209 1465 de

202 1487 350 1518 omnibns
366 1496 427 1525 que
444 1496 498 1525 pro
516 1487 631 1524 viginti
649 1487 747 1525 galeis
763 1487 926 1517 armandis
944 1487 1028 1526 apud
1044 1488 1206 1524 Venetias,

200 1550 278 1580 quas
293 1541 332 1570 ad
348 1541 478 1570 Terram
496 1540 644 1571 Sanctam
661 1540 812 1570 duximus
827 1540 1043 1579 destinandas,
1056 1542 1177 1581 recepit
1190 1551 1207 1572 a

201 1594 291 1636 nobis
308 1599 338 1624 et
351 1594 430 1624 alias
445 1594 540 1624 etiam
559 1594 597 1624 de
612 1593 860 1624 obventionibus
876 1595 979 1624 crucis
998 1595 1115 1625 dicitur
1136 1604 1208 1634 per-

199 1648 332 1686 cepisse,
349 1646 459 1677 reddat
474 1646 601 1685 plenam
618 1651 648 1676 et
662 1646 846 1677 distinctam
863 1647 897 1676 in
915 1652 967 1677 tua
984 1648 1144 1686 presentia
1158 1657 1207 1678 ra-

201 1701 330 1737 tionem,
345 1700 437 1730 nobis
452 1700 511 1729 sub
525 1705 576 1730 tuo
590 1705 620 1730 et
634 1700 733 1739 ipsius
749 1699 866 1738 sigillis
882 1700 1084 1739 postmodum
1099 1705 1204 1731 trans-

199 1754 398 1784 mittendam.
414 1753 571 1783 Volumus
584 1753 681 1791 igitur
698 1757 730 1783 ut
745 1753 901 1784 rationem
917 1754 1019 1792 ipsam
1034 1753 1207 1792 diligenter

198 1807 310 1837 audire
333 1815 370 1837 ac
393 1806 500 1843 nobis,
521 1806 602 1836 sicut
625 1806 836 1845 premittitur,
858 1806 1019 1837 destinare
1042 1815 1203 1846 procures.

199 1861 269 1890 Dat.
287 1870 338 1889 xni
357 1860 509 1889 kalendas
526 1860 718 1896 novembris,
737 1868 823 1890 anno
841 1861 940 1890 tertio.
960 1872 973 1887 n

266 2032 382 2060 4389
721 2030 852 2066 Orvieto,
869 2031 902 2059 ‘20
918 2032 1035 2058 octobre
1053 2032 1131 2060 1290.

232 2094 277 2120 Ab
291 2095 426 2128 episcopo
437 2094 611 2129 Tripolitano
629 2094 766 2120 rationem
784 2094 877 2129 poscit
892 2094 926 2120 de
942 2096 1064 2129 pecunia
1081 2096 1107 2122 ei
1123 2103 1203 2122 com-

197 2143 284 2169 missa
314 2143 346 2168 ad
376 2143 546 2169 muniendas
573 2143 670 2177 galeas
704 2143 731 2169 in
765 2142 882 2169 Terram
917 2142 1051 2170 Sanctam
1086 2145 1201 2171 missas.

197 2192 279 2224 (Rau.
297 2192 338 2222 45.
355 2200 381 2218 c.
396 2192 438 2223 95,
455 2192 475 2218 s.
494 2192 542 2218 173
559 2200 603 2224 νος
625 2191 741 2225 Ιόἰ’τΗ-,
759 2190 868 2224 23439.)

240 2294 406 2324 Venerabili
429 2296 522 2331 fratri
544 2295 589 2331 B.,
617 2296 750 2333 episcopo
780 2296 979 2333 Tripolitana
1006 2307 1017 2322 α
1046 2295 1200 2326 Gerentes

195 2348 279 2378 cordi
299 2347 463 2385 negotium
481 2348 576 2377 Terre
596 2348 710 2378 Sancte
725 2356 760 2377 ac
776 2348 815 2378 de
832 2351 884 2378 tue
900 2349 1027 2388 probate
1043 2349 1199 2379 circums-

194 2401 349 2440 pectionis
365 2400 521 2431 industria
539 2401 665 2439 plenam
682 2401 715 2430 in
733 2401 871 2432 Domino
888 2402 1035 2432 fidutiam
1051 2403 1199 2433 obtinen—

195 2459 250 2491 tes,
271 2454 393 2493 pridem
410 2454 464 2484 tibi
480 2463 574 2494 super
590 2455 704 2493 viginti
720 2455 819 2493 galeis
835 2455 918 2495 apud
934 2457 1084 2486 Venetias
1100 2458 1198 2486 armis

193 2512 224 2538 et
247 2507 320 2537 aliis
345 2508 529 2537 necessariis
554 2508 741 2538 muniendis
768 2508 1019 2539 sollicitudinem
1047 2509 1198 2540 duximus

192 2560 465 2597 committendam,
481 2566 511 2590 et
526 2560 685 2590 credimus
699 2561 782 2600 quod
794 2562 879 2592 circa
891 2562 951 2592 hoc
967 2566 1018 2592 tue
1031 2562 1198 2601 diligentie

191 2615 333 2645 studium
362 2614 566 2653 impendisti,
591 2614 755 2644 laboribus
780 2624 843 2646 non
875 2616 1043 2654 parcendo.
1071 2616 1132 2647 Sed
1163 2626 1198 2647 re

191 2677 264 2698 vera
277 2668 386 2697 mirari
398 2667 623 2706 compellimur
635 2669 732 2707 quod,
745 2669 874 2699 sicutad
890 2674 1036 2700 nostrum
1052 2671 1199 2709 pervenit

190 2722 354 2758 auditum,
371 2721 460 2758 galee
481 2720 618 2760 predicte
640 2722 748 2752 minus
767 2723 964 2753 sufficienter
983 2724 1108 2754 munite
1127 2724 1197 2754 fue-

190 2779 267 2805 runt
293 2776 391 2805 armis
418 2780 447 2804 et
472 2775 658 2804 hominibus
686 2776 869 2814 oportunis,
893 2776 971 2806 adeo
997 2777 1099 2816 quod,
1122 2786 1196 2807 cum

190 2828 299 2859 eedem
316 2828 403 2866 galee
417 2828 455 2857 ad
472 2828 632 2858 civitatem
647 2830 880 2866 Acconensem,
892 2830 1028 2860 ducente
1043 2831 1194 2869 Domino,

191 2882 426 2920 pervenissent,
443 2882 685 2912 remanentibus
705 2882 737 2911 in
756 2886 837 2912 terra
857 2883 1075 2922 stipendiariis
1093 2889 1124 2914 et
1141 2893 1194 2923 pe-

190 2934 326 2971 regrinis
342 2943 421 2973 quos
436 2935 524 2972 galee
540 2934 720 2965 detulerant
739 2936 932 2974 supradicte,
953 2936 991 2966 de
1009 2936 1195 2967 hominibus

190 2987 335 3026 reliquis,
353 2987 390 3016 ad
410 2988 549 3025 ipsarum
567 2988 737 3018 munimen
757 2989 936 3027 specialiter
953 2990 1125 3028 deputatis,
1142 2991 1195 3020 vix

192 3040 342 3070 tredecim
365 3040 411 3070 vel
436 3041 527 3078 paulo
551 3040 656 3079 plures
677 3041 766 3079 galee
787 3043 903 3072 armari
922 3048 954 3072 ut
972 3044 1122 3074 convenit
1140 3053 1193 3083 po-

1303 433 1450 466 tuerunt,
1467 428 1592 459 defectu
1610 438 1674 460 non
1693 429 1819 460 modico
1835 430 1966 461 invento
1984 431 2018 461 in
2035 431 2081 461 eis
2098 440 2261 463 armorum
2280 437 2312 464 et
2363 429 2370 433 ⁴

1300 482 1450 521 precipue
1472 482 1684 513 ballistarum.
1703 483 1793 519 Quod
1814 487 1900 513 tanto
1920 483 2086 514 molestius
2105 484 2210 514 extitit
2231 483 2309 517 vdtis

1300 535 1418 565 nostris
1441 539 1560 574 quanto
1584 535 1742 574 prefatum
1771 536 1934 574 negotium
1963 537 2003 567 ad
2033 537 2160 568 laudem
2191 538 2250 568 Dei
2278 543 2308 570 et

1298 587 1543 618 christianitatis
1566 588 1720 619 honorem
1737 588 1913 619 ferventius
1936 589 2086 628 cupimus
2108 591 2306 630 promoveri;

1299 649 1358 671 nec
1374 641 1469 671 habet
1485 646 1594 672 nostra
1616 641 1790 672 credulitas
1805 643 1890 682 quod
1906 643 1966 673 hoc
1981 652 2018 673 ex
2033 644 2169 682 pecunie
2184 644 2306 676 defectu

1298 695 1501 733 provenerit,
1519 703 1593 725 cum
1611 695 1668 725 tibi
1684 704 1740 735 pro
1758 696 1946 732 muniendis
1965 695 2064 735 galeis
2083 696 2205 728 eisdem
2224 697 2307 728 fece-

1298 747 1400 777 rimus
1417 747 1454 777 de
1469 748 1642 778 sufficienti
1658 749 1792 787 pecunia
1808 749 1985 788 provideri,
2003 758 2038 780 ac
2053 750 2184 789 insuper
2197 749 2307 790 aliqua
2356 758 2358 766 ’

1296 801 1474 839 percepisse
1489 800 1619 838 dicaris,
1637 810 1699 840 que
1712 811 1748 832 ex
1767 802 1982 841 predicatione
1997 803 2113 840 crucis,
2126 802 2210 833 sicut
2223 811 2306 835 assa-

1296 854 1395 892 ritur,
1413 854 1623 885 obvenerunt.
1641 855 1799 886 Volumus
1814 856 1913 894 igitur
1932 860 1962 886 et
1977 856 2168 886 fraternitati
2182 861 2234 888 tue
2250 865 2306 897 per

1295 907 1467 946 apostolica
1490 909 1607 947 scripta
1631 908 1824 940 mandamus
1845 914 2003 948 quatenus
2027 918 2121 948 super
2140 910 2305 949 premissis

1294 961 1446 991 omnibus
1463 961 1555 992 nobis
1570 962 1732 1001 quamcito
1747 962 1864 1001 poteris
1879 963 2034 993 rescribas
2050 962 2178 1002 plenius
2192 963 2304 994 verita·

1296 1019 1374 1050 tem,
1394 1019 1424 1044 et
1441 1014 1674 1046 nichilominus
1691 1015 1730 1046 de
1747 1015 1905 1046 universis
1920 1016 1953 1046 in
1971 1015 2031 1046 hac
2049 1021 2136 1055 parte
2150 1016 2304 1056 perceptis
2348 1013 2349 1019 ¹

1294 1072 1324 1097 et
1339 1067 1488 1106 expensis
1504 1069 1600 1098 etiam
1613 1077 1631 1098 a
1647 1073 1674 1098 te
1691 1069 1779 1099 factis
1796 1068 1924 1108 plenam
1941 1074 1971 1099 et
1984 1069 2170 1099 distinctam
2183 1069 2218 1099 in
2233 1077 2305 1108 pre-

1294 1120 1397 1149 sentia
1410 1120 1604 1150 venerabilis
1618 1121 1726 1150 fratris
1737 1121 1837 1151 nostri
1850 1121 1906 1159 N.,
1919 1121 2097 1159 patriarche
2106 1121 2127 1152 J
2128 1120 2304 1152 erosolimi·

1295 1173 1379 1210 tani,
1394 1173 1565 1212 apostolice
1581 1174 1664 1203 sedis
1680 1173 1796 1213 legati,
1812 1174 1910 1204 facias
1928 1175 2100 1211 rationem,
2117 1182 2216 1214 quam
2230 1174 2302 1205 des-

1292 1226 1426 1265 criptam
1449 1226 1587 1257 fideliter
1607 1227 1666 1257 sub
1691 1227 1835 1267 ejusdem
1859 1227 2040 1266 patriarche
2059 1235 2096 1257 ac
2116 1230 2169 1258 tuo
2187 1226 2303 1266 sigillis

1292 1280 1383 1310 nobis
1398 1279 1547 1310 volumus
1565 1280 1731 1310 destinari.
1752 1281 1822 1311 Dat.
1843 1285 1997 1320 utsupra.
2016 1292 2030 1308 1>
2201 1281 2203 1283 ’
2336 1277 2340 1282 ’

1361 1439 1481 1468 4390
1837 1440 1968 1472 Orvieto,
1985 1441 1999 1466 7
2017 1440 2134 1468 octobre
2149 1439 2228 1468 1290.

1325 1502 1471 1538 Episcopo
1485 1502 1662 1538 Tripolitano
1678 1502 1794 1530 mandat
1811 1506 1842 1530 ut
1856 1503 1891 1530 N.
1902 1524 1910 1538 ,
1926 1503 2104 1538 patriarchae
2117 1502 2300 1531 Jerosolimi-

1289 1554 1367 1583 tano,
1389 1551 1418 1578 in
1437 1551 1543 1578 Terrae
1565 1550 1689 1578 Sanctae
1712 1552 1838 1587 negotiis
1853 1551 1973 1579 consilio
1989 1555 2018 1578 et
2036 1551 2143 1578 auxilio
2165 1552 2298 1588 assistat,

1290 1601 1374 1634 eique
1391 1601 1448 1627 duo
1465 1601 1552 1627 millia
1567 1600 1743 1628 florenorum
1759 1601 1836 1634 auri,
1853 1601 1930 1628 sicut
1943 1601 1971 1628 in
1988 1601 2092 1628 litteris
2106 1600 2233 1634 Nicotat,
2249 1597 2300 1628 ον’

1288 1650 1404 1676 merarii
1418 1653 1446 1676 et
1463 1649 1565 1676 notarii
1581 1658 1682 1685 papae,
1694 1649 1809 1686 plenius
1821 1651 1996 1684 continetur,
2008 1650 2149 1685 assignet.
2159 1649 2243 1684 (Rso.
2253 1649 2298 1685 45.

1288 1707 1314 1726 c.
1332 1699 1376 1733 96,
1393 1699 1411 1726 f.
1431 1699 1480 1726 174
1498 1700 1546 1730 ro.)

1328 1803 1444 1832 Eidem.

1330 1868 1343 1883 «ι
1361 1856 1495 1886 Gratum
1511 1856 1654 1894 gerimus
1672 1860 1761 1887 tue...
1776 1856 1901 1901 “Da“
1920 1855 2004 1894 apud
2020 1855 2297 1893 Urhemveterem‚

1288 1910 1383 1940 nonis
1398 1910 1546 1947 octobris,
1563 1918 1649 1940 anno
1667 1910 1768 1940 tertio.
1789 1921 1801 1936 1>

1356 2070 1613 2098 4391-4394
1814 2069 1945 2101 Orvieto,
1964 2069 1995 2096 15
2012 2069 2130 2096 octobre
2145 2068 2224 2097 1290.

1320 2133 1347 2160 N
1351 2155 1356 2160 ,
1364 2156 1368 2165 ,
1377 2133 1567 2169 patriarcham
1574 2132 1592 2159 J
1594 2132 1852 2166 erosolimitanum‚
1861 2131 2034 2167 quibusdam
2043 2130 2299 2159 nobilibusTerrae

1285 2182 1407 2210 Sanctae
1423 2181 1613 2209 commendat.
1633 2181 1716 2216 (Rae.
1729 2182 1774 2214 45,
1791 2190 1817 2209 c.
1834 2181 1879 2217 97,
1895 2181 1914 2208 f.
1933 2181 1982 2209 174
1999 2183 2047 2215 νο.)

1322 2286 1423 2316 Nobili
1437 2287 1503 2315 viro
1521 2285 1617 2315 Odoni
1630 2285 1664 2314 de
1678 2285 1881 2321 Grandisono‚
1898 2284 2102 2314 commoranti
2111 2284 2147 2314 in
2157 2284 2296 2322 partibus

1285 2342 1373 2371 Terre
1380 2340 1497 2370 Sancte.
1511 2340 1594 2370 Eum
1606 2344 1694 2378 rogat
1704 2344 1736 2369 ut
1745 2339 1786 2369 N.
1793 2363 1799 2376 ‚
1811 2338 2009 2378 patriarchae
2019 2339 2035 2368 J
2041 2337 2294 2383 erosolimitano⁷>

1282 2394 1317 2424 in
1334 2394 1450 2424 Terrae
1466 2393 1601 2424 Sanctae
1616 2393 1754 2431 negotiis
1769 2392 1901 2423 auxiliis
1916 2393 2053 2423 assistat.

1324 2459 1337 2475 α
1363 2448 1461 2478 Terre
1485 2447 1601 2477 Sancte
1622 2446 1823 2484 negotium...
1847 2462 1887 2468 —
1907 2445 1980 2475 Dat.
2003 2445 2088 2484 apud
2111 2444 2292 2476 Urbemve-

1281 2504 1393 2536 terem,
1409 2501 1516 2530 idibus
1532 2499 1680 2537 octobris,
1697 2508 1783 2530 anno
1803 2500 1906 2530 tertio.
1925 2511 1939 2526 »
2295 2504 2298 2506 ’
2327 2495 2330 2497 ’

1321 2555 1360 2584 In
1385 2563 1412 2584 e.
1439 2563 1481 2584 m.
1506 2553 1682 2591 Amalrico,
1708 2553 1839 2583 domino
1861 2552 1953 2592 Tyri,
1975 2560 2130 2591 germano
2157 2575 2177 2582 ..

1280 2607 1391 2647 Cypri.

1320 2662 1359 2692 In
1375 2671 1402 2692 e.
1422 2671 1465 2692 m.
1487 2661 1632 2693 Johanni
1651 2661 1690 2690 de
1710 2660 1825 2697 Grilli,
1847 2660 2014 2699 capitaneo
2033 2659 2141 2698 gentis
2165 2683 2186 2690 ..
2206 2659 2291 2699 regis

1279 2716 1433 2746 Franciae
1450 2715 1484 2745 in
1502 2715 1644 2754 partibus
1662 2714 1778 2744 Terrae
1795 2714 1940 2744 Sanctae.

1319 2770 1358 2799 In
1374 2779 1401 2800 e.
1420 2777 1462 2798 m.
1486 2768 1672 2799 consulibus
1690 2768 1881 2798 Pisanorum
1900 2767 1934 2796 iu
1950 2765 2078 2797 civitate
2094 2765 2287 2796 Acconensi.

2208 2551 2292 2592 regis

1348 2935 1601 2965 4395-4398
1801 2933 1933 2968 Orvieto,
1952 2933 1985 2960 15
1999 2933 2119 2960 octobre
2136 2932 2215 2960 1290.

1312 2999 1428 3026 Fratres
1451 2998 1584 3026 ordinum
1608 2997 1908 3025 Jerosolimitanorum
1932 2999 1962 3023 et
1980 2996 2052 3023 alios
2076 2998 2158 3030 rogat
2177 2983 2283 3038 qut'N„
2320 3014 2324 3018 .

1277 3049 1454 3084 patriarchae
1467 3047 1712 3080 Jerosolimitano‚
1726 3046 1754 3073 in
1767 3045 1871 3073 Terrae
1884 3045 2006 3072 Sanctae
2021 3043 2146 3080 negotiis
2157 3043 2282 3079 pareant,
