2477 3637
300 387 356 417 492
1048 384 1284 415 REGISTRES
1308 385 1362 415 DE
1385 385 1567 416 NICOLAS
1590 387 1646 416 tv.

300 454 423 483 lendini
447 452 536 491 positi
555 452 587 480 iu
606 451 672 481 loco
690 450 728 479 de
748 450 882 479 Bubulis
900 455 929 479 et
949 451 1150 481 medietatem
1170 452 1208 480 de
1231 451 1307 481 sali·

299 507 425 545 quatico
447 505 528 544 quod
551 504 712 541 colligitur
736 504 767 532 iu
791 503 916 532 civitate
941 504 1048 533 Sancti
1071 504 1188 542 Angeli
1214 513 1308 544 papa-

300 559 338 589 lis
359 573 369 584 ·
389 558 544 596 capitulo,
563 562 593 586 et
610 556 732 595 reliqua
749 556 895 594 episcopo
913 556 1021 587 donat.

343 624 355 638 ι
376 613 460 641 luter
475 611 648 639 iminentes
667 610 806 639 menti...
833 625 871 631 —
899 609 967 638 Dat.
993 610 1076 648 apud
1098 610 1305 640 Urbemvete-

299 674 383 697 reni.
401 674 418 692 v
438 664 507 693 idus
520 663 614 701 julii.
633 671 718 692 anno
737 663 838 692 tertio.
856 674 870 688 ι)

368 841 619 871 ξθθῖ-ἓθῖθ

334 905 539 937 Indulgentiae.
558 904 639 936 (Rea.
654 904 697 934 45,
716 912 741 931 c.
759 904 819 935 310,
838 904 855 929 f.
874 904 906 931 59
923 911 971 932 v0:
991 904 1107 938 Poma,
1124 905 1234 937 23324.)

851 841 981 873 Orvieto,
1002 842 1030 868 15
1043 842 1139 876 juillet
1159 842 1233 869 1290.

339 1015 491 1043 Universis
507 1014 622 1044 Christi
646 1013 785 1050 fidelibus
802 1018 952 1050 presentes
971 1015 1088 1043 litteras
1111 1016 1303 1052 inspecturis.

298 1067 537 1105 Indulgentiani
562 1067 658 1096 unius
677 1066 755 1096 anni
774 1071 803 1095 et
823 1076 859 1096 η
876 1066 1002 1096 dierum
1021 1068 1166 1097 concedit
1187 1068 1233 1098 eis
1251 1069 1306 1107 qui

296 1121 460 1151 ecclesiam
483 1125 602 1159 pati-uin
619 1119 733 1149 doinus
751 1120 887 1149 Sanctae
905 1121 1024 1150 Mariae
1040 1121 1079 1150 de
1091 1121 1222 1159 Casagio
1239 1121 1305 1151 Flo-

297 1175 458 1209 rentinae,
478 1173 601 1203 ordinis
618 1174 650 1202 S.
670 1173 865 1211 Augustini.
891 1174 924 1202 iu
949 1173 1087 1211 singulis
1109 1175 1217 1204 beatae
1238 1176 1306 1205 Ma-

297 1228 361 1257 riae
374 1233 403 1256 et
415 1227 446 1256 S.
460 1227 635 1264 Augustini
652 1226 892 1262 festivitatibus,
907 1236 961 1265 per
975 1232 1045 1257 octo
1056 1227 1125 1257 dies
1137 1233 1305 1267 sequentes

295 1288 325 1312 et
354 1283 386 1311 in
415 1282 638 1311 anniversario
668 1281 717 1310 die
743 1281 955 1311 dedicationis
984 1283 1127 1319 ejusdem
1153 1283 1305 1314 ecclesiae

295 1335 506 1365 visitaverint.

336 1402 349 1416 «
380 1389 476 1426 Virga
505 1388 731 1418 venustissima
755 1393 822 1418 et...
842 1405 881 1411 --
901 1389 969 1419 Dat.
992 1390 1074 1428 apud
1096 1390 1303 1421 Urbemvete—

295 1451 378 1477 rem,
395 1442 500 1471 idibus
513 1441 604 1480 julii,
622 1450 709 1472 anno
726 1443 827 1473 tertio.
847 1452 862 1472 )

850 1530 978 1562 Orvieto,
994 1531 1028 1558 ‘28
1040 1532 1137 1565 juillet
1156 1533 1231 1559 1290.

334 1592 370 1621 In
392 1601 419 1622 e.
442 1601 485 1620 m.
506 1592 808 1622 eisdem..Eandem
831 1593 1067 1631 indulgentiam
1094 1596 1237 1625 concedit
1258 1597 1304 1626 eis

291 1646 346 1683 qui
360 1645 575 1675 cathedralem
601 1645 769 1675 ecclesiam
796 1647 1067 1684 Avinionensem,
1092 1649 1127 1678 in
1147 1649 1303 1679 honorem

292 1699 400 1728 beatae
418 1699 536 1728 Mariae
555 1703 782 1736 constructam,
801 1700 833 1728 iu
852 1700 987 1738 singulis
1004 1701 1148 1739 ejusdem
1166 1702 1303 1740 virginis

292 1752 537 1789 festivitatibus,
555 1762 610 1791 per
627 1757 696 1783 octo
714 1753 782 1783 dies
799 1760 968 1793 sequentes
985 1756 1061 1784 etin
1082 1757 1304 1787 anniversario

291 1806 343 1835 die
358 1806 566 1836 dedicationis
578 1807 722 1845 ejusdem
734 1807 885 1837 ecclesiae
902 1808 1115 1839 visitaverint.
1132 1810 1201 1839 Dat.
1220 1811 1304 1849 apud

293 1860 556 1890 Urbemvetereni
567 1882 575 1896 ‚
594 1869 611 1888 v
626 1859 780 1890 kalendas
795 1861 941 1899 augusti,
959 1871 1045 1892 anno
1063 1864 1165 1894 tertio.

877 1948 1003 1981 Orvieto,
1025 1951 1055 1976 15
1069 1951 1134 1984 juin
1153 1951 1230 1977 1290.

333 2011 367 2039 In
388 2019 415 2040 e.
440 2019 482 2039 m.
502 2010 636 2040 eisdem.
666 2011 807 2040 Eandem
829 2011 1067 2050 indulgentiam
1095 2014 1241 2044 concedit
1259 2015 1303 2044 eis

291 2064 346 2102 qui
365 2063 533 2093 ecclesiam
553 2064 660 2094 Sancti
680 2064 766 2094 Petri
783 2064 821 2094 de
842 2066 943 2095 {toccu
962 2067 1085 2103 Misini,
1102 2067 1304 2098 Theanensis

291 2116 459 2152 dioecesis,
476 2117 508 2146 in
532 2117 670 2155 singulis
687 2118 718 2147 S.
740 2118 824 2147 Petri
843 2124 871 2147 et
886 2119 994 2149 beatae
1009 2120 1130 2150 Mariae
1147 2121 1302 2151 festivita-

292 2170 391 2205 tibus,
411 2179 465 2208 per
481 2175 549 2200 octo
565 2170 632 2199 dies
649 2176 818 2209 sequentes
837 2177 867 2201 et
882 2172 915 2201 in
939 2174 1160 2203 anniversario
1178 2174 1229 2204 die
1248 2175 1303 2205 de-

291 2222 460 2253 dicationis
477 2223 621 2261 ejusdem
639 2224 791 2254 ecclesiae
810 2225 1020 2255 visitaverint.

334 2288 345 2301 α
377 2276 528 2314 Princeps
553 2276 768 2314 apostolorum
793 2278 944 2309 Petrus...
970 2295 1009 2301 —
1034 2280 1104 2309 Dat.
1131 2281 1217 2320 apud
1242 2282 1304 2312 Ur-

290 2328 524 2366 bemveterem,
542 2338 607 2359 xvit
623 2329 775 2360 kalendas
789 2330 882 2369 Julii,
899 2340 984 2362 anno
1002 2333 1105 2363 tertio.
1127 2347 1140 2360 »

849 2418 977 2448 Orvieto,
998 2419 1029 2446 14
1042 2420 1137 2454 juillet
1152 2420 1229 2448 1290.

330 2476 368 2505 In
393 2485 421 2505 e.
443 2485 486 2505 m.
511 2476 643 2507 eisdem.
666 2477 809 2508 Eandem
835 2479 1071 2518 indulgentiam
1092 2483 1238 2513 concedit
1257 2484 1304 2515 eis

290 2530 344 2567 qui
373 2529 538 2559 ecclesiam
572 2530 728 2561 Omnium
758 2537 941 2563 sanctorum
974 2534 1012 2564 de
1043 2535 1146 2566 Rocca
1169 2537 1302 2576 Misini,

289 2582 490 2612 Theanensis
507 2583 674 2621 dioecesis,
688 2585 872 2624 inlsiugulis
888 2587 997 2617 beatae
1014 2588 1135 2619 Mariae
1154 2590 1303 2621 festivita-

292 2635 390 2672 tibus,
417 2645 471 2674 per
493 2641 562 2666 octo
591 2636 659 2667 dies
685 2643 855 2677 sequentes
879 2645 909 2669 et
938 2641 971 2670 iu
1000 2642 1223 2674 anniversario
1253 2644 1304 2675 die

289 2688 498 2719 dedicationis
515 2690 659 2729 eJ'usdem
681 2691 833 2723 ecclesiae
849 2694 1060 2726 visitaverint.

332 2754 344 2768 α
369 2742 526 2781 Splendor
542 2749 672 2782 paterne
688 2745 825 2783 glorie...
842 2763 880 2769 —
897 2747 968 2779 Dat.
987 2749 1070 2787 apud
1090 2750 1302 2782 Urbemvete-

291 2803 374 2830 rem,
390 2805 410 2824 11
428 2796 499 2826 idus
513 2796 604 2835 julii,
622 2807 707 2829 anno
725 2800 827 2831 tertio.
849 2810 864 2830 )

846 2888 974 2924 Orvieto,
992 2890 1025 2917 ‘23
1037 2892 1133 2925 juillet
1151 2892 1228 2921 1290.

332 2943 368 2972 In
388 2953 413 2972 e.
437 2954 478 2974 m.
499 2946 634 2978 eisdem.
658 2948 800 2978 Eandem
821 2950 1058 2990 indulgentiam
1089 2955 1234 2985 concedit
1256 2956 1302 2987 eis

291 2997 344 3034 qui
361 2997 527 3028 ecclesiam
547 2999 680 3031 Sanctae
696 3002 894 3041 Aldegundis
910 3005 1176 3045 Melbodiensem,
1192 3009 1302 3040 Came-

291 3050 431 3079 racensis
449 3050 614 3088 dioecesis,
633 3053 663 3083 in
681 3055 907 3087 festivitatibus
924 3059 1067 3097 ejusdem
1086 3066 1230 3099 sanctae,
1247 3072 1302 3102 per

1392 457 1460 481 octo
1477 452 1546 482 dies
1562 458 1733 492 sequentes
1757 458 1787 483 et
1812 454 1844 483 in
1865 455 2088 485 anniversario
2115 455 2168 486 die
2196 457 2400 490 dedicationis

1392 505 1535 543 ejusdem
1552 505 1704 536 ecclesiae
1716 507 1928 537 visitaverint.

1433 570 1446 585 α
1465 558 1655 589 Sanctorum
1672 559 1795 589 meritis
1810 559 1959 590 inclita...
1980 576 2020 583 —-
2038 560 2108 591 Dat.
2124 563 2208 600 apud
2227 563 2400 596 Urbemve-

1391 616 1505 647 terem,
1523 621 1542 641 x
1557 611 1711 642 kalendas
1725 613 1872 650 augusti,
1891 621 1977 644 anno
1995 614 2096 645 tertio.
2115 627 2127 641 ι

1950 693 2078 726 Orvieto,
2094 695 2128 722 ‘28
2144 697 2236 730 iuillet
2253 697 2330 725 ¹290.

1431 755 1466 784 In
1494 764 1520 785 e.
1543 763 1586 784 m.
1615 755 1750 785 eisdem.
1778 755 1919 786 Eandem
1943 757 2181 795 indulgentiam
2197 759 2400 793 concediteis

1389 808 1444 847 qui
1467 808 1621 847 capellani
1640 808 1748 839 Sancti
1765 809 1875 839 Jacobi
1898 818 1992 849 prope
2018 816 2137 849 portam
2161 812 2262 842 Mileti
2288 813 2326 844 de
2341 813 2399 846 Ca-

1388 863 1500 898 domo,
1534 862 1720 892 Baiocensis
1748 863 1923 900 dioecesis,
1954 863 2105 903 hospitali
2135 864 2248 896 domus
2274 866 2335 896 Dei
2362 866 2400 899 de

1388 916 1528 946 Cadomo
1561 915 1746 945 immediate
1776 917 1971 954 subjectam,
2000 917 2033 946 in
2064 923 2246 948 sanctorum
2273 919 2398 958 Jacobi,

1389 969 1543 1002 Tliomae,
1561 969 1658 1007 Eligii
1677 975 1708 999 et
1727 970 1922 1006 Nativitatis,
1949 970 2199 1008 Purificationi8‚
2216 972 2399 1004 Annuntia-
2437 1004 2443 1011 ,

1391 1023 1485 1053 tionis
1501 1028 1531 1053 et
1547 1023 1789 1062 Assumptionis
1803 1024 1912 1053 beatae
1927 1023 2047 1054 Mariae
2062 1025 2289 1056 festivitatibus
2304 1030 2335 1056 et
2347 1027 2400 1066 per

1388 1082 1457 1107 octo
1475 1077 1544 1107 dies
1567 1082 1738 1116 sequentes
1755 1077 1966 1106 visitaverint.
1994 1077 2065 1107 Dat.
2091 1078 2175 1116 apud
2194 1078 2400 1110 Urbemvete-

1389 1139 1473 1166 rem,
1491 1140 1509 1159 v
1530 1130 1684 1160 kalendas
1703 1131 1850 1168 augusti,
1869 1139 1956 1160 anno
1973 1131 2065 1161 tertio
2086 1131 2143 1170 (En
2157 1131 2288 1171 maroe).

1948 1210 2076 1242 Orvieto,
2093 1211 2126 1238 ‘28
2137 1211 2234 1246 juillet
2251 1211 2330 1240 1290.
2443 1221 2446 1244 1

2446 1249 2454 1261 .

1428 1274 1467 1304 In
1500 1282 1527 1304 e.
1556 1283 1600 1304 m.
1639 1273 1771 1303 eisdem.
1811 1273 1953 1303 Eandem
1990 1266 2401 1312 indulgentiam'concedit
2426 1253 2443 1307 ,ζ

1389 1327 1434 1357 eis
1468 1327 1523 1366 qui
1554 1326 1720 1357 ecclesiam
1748 1326 1917 1366 hospitalis
1947 1326 2062 1357 domus
2089 1327 2149 1357 Dei
2181 1327 2219 1357 de
2245 1327 2397 1367 Cadomo‚
2435 1320 2452 1354 Q

1388 1381 1573 1411 Baiocensis
1598 1380 1768 1424 diue-cesis,
1793 1381 1827 1410 in
1852 1380 2006 1410 honorem
2028 1380 2060 1410 S.
2084 1380 2227 1410 Thomae
2249 1381 2399 1420 martyris
2425 1346 2450 1427 ἃ

1387 1439 1619 1471 constructam,
1642 1435 1677 1463 in
1701 1439 1883 1465 sauctorum
1906 1434 2048 1464 'l‘houiae
2066 1438 2096 1464 et
2113 1434 2209 1473 Eligii
2223 1443 2260 1465 ac
2277 1428 2428 1466 Nativi-·'

1388 1489 1459 1518 tatis
1477 1492 1535 1518 etc.
1556 1492 1590 1518 ut
1606 1496 1701 1526 supra
1717 1487 1833 1526 (Ibat).

1948 1547 2076 1580 Orvieto,
2093 1548 2126 1575 23
2138 1548 2234 1583 juillet
2250 1548 2328 1576 1290.

1428 1611 1466 1641 In
1481 1620 1508 1640 e.
1533 1619 1576 1639 m.
1603 1610 1735 1640 eisdem.
1764 1610 1907 1640 Eandem
1927 1610 2164 1647 indulgentiam
2187 1610 2334 1640 concedit
2353 1606 2411 1642 eis'

1387 1665 1443 1703 qui
1473 1663 1642 1694 ecclesiam
1676 1664 1861 1694 monasterii
1890 1664 1928 1693 de
1961 1663 2157 1701 Fontaneto,
2185 1664 2217 1693 in
2244 1664 2396 1695 honorem

1387 1717 1420 1747 S.
1440 1717 1594 1757 Stephani
1608 1721 1824 1747 constructam
1837 1740 1844 1753 ,
1868 1717 1903 1746 in
1919 1716 1952 1746 S.
1972 1716 2126 1755 Stephani
2142 1721 2173 1747 et
2196 1717 2396 1756 Nativitatis,

1389 1771 1639 1807 Purificationis,
1652 1775 1710 1800 etc.
1730 1775 1763 1800 ut
1777 1779 1883 1809 supra.
1904 1771 1976 1800 Dat.
1992 1770 2076 1809 apud
2088 1770 2365 1806 Urbemveterem.
2378 1777 2413 1802 x⁴

1387 1825 1542 1854 kalendas
1555 1825 1702 1862 augusti,
1720 1833 1807 1854 anuo
1825 1824 1916 1854 tertio
1937 1824 2053 1863 (lbicl.).

1947 1904 2075 1939 Orvieto,
2093 1904 2126 1931 ‘23
2137 1904 2234 1939 juillet
2250 1904 2328 1933 1290.

1428 1969 1465 1998 In
1485 1977 1511 1997 e.
1531 1977 1572 1997 m.
1604 1967 1735 1997 eisdem.
1767 1966 1909 1996 Eandem
1938 1966 2175 2005 indulgentiam
2195 1967 2341 1997 concedit
2354 1967 2398 1999 eis

1387 2022 1441 2062 qui
1463 2021 1630 2051 ecclesiam
1655 2021 1840 2051 monasterii
1865 2020 1984 2050 Montis
2008 2020 2125 2058 Burgi,
2146 2020 2398 2052 Constantiensis

1386 2075 1560 2110 dioecesis,
1585 2075 1619 2104 in
1647 2074 1802 2104 honorem
1827 2074 1936 2104 beatae
1961 2074 2081 2104 Mariae
2105 2078 2337 2110 constructam,
2363 2074 2396 2105 in
2416 2077 2417 2080 ’
2442 2080 2446 2091 ¹

1387 2129 1420 2159 S.
1441 2128 1612 2167 Stephani,
1634 2127 1834 2162 Nativitatis‚
1857 2126 2112 2164 Purificationis,
2129 2127 2397 2158 Annuntiationis

1387 2186 1417 2212 et
1440 2181 1680 2220 Assumptionis
1712 2181 1821 2211 beatae
1844 2181 1964 2211 Mariae
1994 2180 2220 2211 festivitatibus
2247 2181 2396 2212 visitave-

1386 2235 1462 2264 rint.
2416 2168 2439 2278 ξ

1429 2301 1443 2315 (ι
1462 2288 1628 2318 Gloriosus
1645 2288 1732 2317 Deus
1747 2288 1820 2318 in...
1836 2303 1876 2310 —
1893 2287 1964 2317 Dat.
1983 2292 2017 2318 ut
2031 2296 2137 2326 supra.
2157 2299 2170 2315 ι
2190 2287 2294 2328 (lbid.)
2410 2284 2442 2348 ἶ

2421 2362 2436 2379 S

2413 2379 2436 2404 ι

1944 2367 2072 2399 Orvieto,
2092 2367 2124 2395 18
2136 2368 2232 2402 juillet
2249 2367 2326 2396 ¹290.

1428 2433 1465 2462 In
1484 2441 1511 2463 e.
1526 2441 1568 2461 m.
1589 2454 1608 2461 ..
1627 2431 1730 2461 abbati
1747 2435 1777 2461 et
1790 2431 1962 2461 conventui
1980 2430 2168 2461 monasterii
2184 2429 2319 2461 Sanctae
2331 2429 2396 2461 Mae-
2418 2424 2438 2485 ᾖ
2459 2435 2462 2438 ’

1387 2487 1453 2516 riae
1468 2486 1507 2516 de
1524 2485 1655 2521 Alneto‚
1674 2484 1895 2515 Cisterciensis
1911 2484 2052 2521 ordinis,
2072 2483 2258 2514 Baiocensis
2275 2483 2394 2514 dioeoe-
2410 2483 2429 2540 'U

1387 2540 1441 2570 sis.
1462 2539 1606 2570 Eandem
1628 2538 1877 2576 indulgentiam,
1896 2538 1977 2567 utin
1994 2537 2138 2576 proxima
2156 2537 2324 2576 superiori,
2341 2543 2395 2576 pro
2416 2551 2424 2578 ι

1386 2602 1498 2624 eorum
1519 2592 1653 2623 ecclesia
1675 2591 1831 2623 concedit.
1848 2591 1918 2621 Dat.
1943 2591 2027 2630 apud
2053 2590 2334 2627 Urbemveterem,
2355 2598 2395 2621 xv
2415 2615 2430 2635 ⁸,

1389 2646 1542 2677 kalendas
1559 2646 1703 2684 augusti,
1719 2653 1806 2676 anno
1823 2645 1913 2675 tertio
1930 2644 2048 2684 (loia).

1423 2832 1672 2861 zava-2928
1761 2830 2118 2866 Sainte-Marie·Majeure,
2138 2831 2170 2858 15
2188 2838 2264 2858 mars
2281 2829 2358 2858 1290.

1422 2895 1608 2930 Dispensatio
1625 2895 1806 2922 residentiae.
1824 2894 1905 2929 (Risu.
1922 2895 1966 2926 45.
1984 2902 2010 2921 c.
2028 2894 2089 2926 311,
2106 2894 2124 2921 f.
2143 2893 2177 2922 60
2192 2895 2240 2926 1⁸⁰.)

1424 3011 1526 3041 Nobili
1556 3013 1684 3041 mulieri
1706 3012 1831 3048 Blance,
1859 3016 1929 3041 nate
1958 3011 2039 3040 clare
2067 3011 2211 3040 memorie
2228 3009 2390 3046 ,Ludovicss

1384 3066 1466 3102 regis
1482 3065 1687 3102 Francorum,
1708 3065 1813 3094 relicte
1839 3064 1994 3102 quondam
2012 3064 2177 3099 Parandi,
2195 3061 2392 3102 primoqeniti
