2342 3652
920 385 1148 423 DEUXIEME
1170 381 1326 422 ΑΝΝΕΕ.
2111 400 2169 431 215

79 461 305 493 benedictionis
319 464 348 489 et
360 460 473 497 gratie,
489 468 553 489 non
565 460 634 489 sine
648 458 781 489 laudum
795 468 908 489 sonoro
920 459 1080 497 preconio,

79 516 125 547 tui
139 514 270 551 vestigia
286 512 418 542 imitans
435 512 599 550 genitoris,
616 512 774 550 prefatum
791 512 967 549 negotium,
986 520 1083 551 quan-

79 567 222 600 tumlibet
235 566 428 596 laboriosnm
445 570 476 594 et
490 565 639 601 arduum,
660 565 740 594 votis
759 565 956 594 serventibus
975 573 1081 603 prose-

79 622 194 663 quaris,
208 620 246 649 ad
262 619 517 658 prosecutionem
534 617 636 654 illius,
652 618 743 656 juxta
756 618 955 648 celsitudinis
967 617 1082 655 regalis

79 675 268 709 decentiam,
289 672 428 702 studiose
450 680 486 701 ac
512 670 650 700 viriliter
674 671 882 708 intendendo,
903 680 970 706 nos,
993 675 1083 700 tuum

79 727 233 760 laudabile
249 735 285 756 ac
308 725 435 755 salubre
456 725 490 753 in
513 724 573 753 hac
598 728 686 762 parte
711 724 907 762 propositum
927 723 1082 762 multipli-

79 783 154 813 citer
176 781 209 810 in
234 779 371 809 Domino
397 777 673 813 commendantes,
701 783 731 806 et
756 777 898 807 volentes
916 777 973 806 tibi
990 786 1084 815 super

79 835 148 872 hoc,
160 838 194 864 ut
208 832 370 863 comodius
388 836 418 861 et
433 831 589 861 efficatius
605 830 721 869 exequi
736 830 842 860 valeas
858 831 942 869 quod
960 831 1081 869 cepisti,

79 886 295 919 subventionis
309 889 462 924 oportune
478 884 667 922 suffragium
684 884 855 923 impertiri,
868 884 926 913 tibi
938 884 996 914 hoc
1009 893 1083 914 cum

79 939 228 972 instantia
251 938 428 976 requirenti
456 937 603 967 omnium
634 936 922 966 ecclesiasticorum
949 945 1082 975 proven-

80 998 167 1025 tuum
183 996 213 1022 et
227 991 410 1021 reddituum
427 990 585 1020 decimam
601 999 656 1028 per
673 994 734 1019 tres
750 998 852 1020 annos
866 999 884 1020 a
902 989 1083 1019 Nativitatis

79 1046 158 1078 beati
183 1044 343 1075 Johannis
369 1044 512 1082 Baptiste
532 1043 611 1073 festo
635 1043 778 1082 proximo
803 1043 1030 1080 numerandos,
1048 1043 1083 1072 in

79 1108 174 1138 regno
190 1098 324 1128 Francie
340 1106 376 1127 ac
391 1098 425 1126 in
442 1097 662 1135 Lugdunensi,
674 1097 853 1126 Viennensi
868 1101 898 1126 et
912 1097 1083 1126 Bisuntina

78 1151 252 1194 provintiis,
273 1159 399 1180 necnon
420 1150 454 1179 in
474 1150 712 1187 Cameracensi,
732 1150 914 1187 Leodieusi,
933 1151 1078 1186 Metensi‚

79 1205 273 1238 virdunensi
296 1208 326 1234 et
341 1203 487 1234 Tullensi
508 1204 692 1234 civitatibus
711 1207 740 1233 et
758 1204 955 1240 diocesibus,
973 1208 1081 1234 aucto-

79 1260 168 1290 ritate
189 1258 377 1297 apostolica,
403 1257 442 1287 de
462 1257 598 1287 fratrum
615 1263 800 1288 nostrorum
816 1257 962 1293 consilio,
987 1257 1080 1287 duxi-

79 1322 148 1344 mus
171 1311 423 1347 concedendam,
443 1311 482 1340 ad
508 1311 610 1350 ipsius
639 1311 837 1341 exactionem
866 1311 1082 1340 venerabilem

78 1367 206 1396 fratrem
221 1370 365 1395 nostrum
381 1387 401 1395 ..
417 1365 710 1403 Rotliomagensem
725 1365 1002 1403 archiepiscopum
1018 1369 1081 1394 et..

77 1419 256 1459 episcopum
273 1418 571 1448 Autisiodorensem
594 1422 778 1448 executores
793 1427 848 1456 per
863 1418 944 1447 alias
960 1422 1082 1447 nostras

78 1471 196 1502 litteras
219 1471 421 1510 deputantes,
440 1475 473 1501 ut
496 1471 557 1509 ipsi
578 1470 640 1501 duo
663 1476 718 1500 aut
734 1480 817 1500 unus
835 1480 957 1507 eorum,
977 1480 1030 1509 per
1051 1480 1084 1501 se

79 1533 115 1556 ac
134 1524 228 1562 alios,
250 1524 420 1563 procedant
435 1525 469 1553 in
494 1525 632 1563 eajuxta
649 1524 862 1563 subscriptum
880 1524 1011 1554 modum
1031 1534 1085 1563 per

80 1579 177 1618 ipsius
192 1578 276 1608 sedis
292 1578 526 1617 providentiam
542 1578 736 1608 ordinatum.
755 1578 802 1607 Ita
820 1582 925 1608 tamen
944 1577 1028 1616 quod
1046 1578 1085 1607 de

81 1631 198 1671 prefata
210 1631 333 1661 decima
344 1640 400 1670 pro
414 1632 479 1660 suis
491 1631 641 1661 oneribus
653 1634 682 1660 et
693 1631 933 1661 necessitatibus
950 1631 1086 1661 ducenta

81 1684 169 1715 milia
190 1684 345 1714 librarum
369 1685 594 1715 turonensium
620 1684 787 1723 nigrorum
811 1693 941 1714 romane
968 1684 1085 1723 persol-

81 1738 157 1768 vetis
172 1737 299 1768 ecclesie
313 1738 456 1767 Parisius
471 1738 564 1768 certis
581 1738 817 1774 terminis‚sine
833 1737 942 1776 aliqua
958 1747 1085 1776 exemp-

82 1791 182 1829 tione,
209 1792 467 1830 compensatione
493 1791 543 1821 vel
570 1791 761 1822 deductione
786 1801 822 1821 ex
846 1792 1013 1822 occasione
1035 1791 1086 1821 vel

80 1855 174 1877 causa
200 1855 412 1885 quacumque,
443 1845 591 1875 videlicet
612 1846 645 1875 in
675 1846 755 1876 festo
780 1846 936 1875 Omnium
954 1845 1085 1876 Sancto-

81 1908 152 1930 rum
179 1908 263 1929 anno
289 1899 423 1928 Domini
457 1909 478 1928 M
510 1908 544 1929 cc
579 1905 663 1928 vnn⁰
688 1899 910 1936 medietatem,
938 1902 967 1928 et
988 1899 1087 1929 aliam

83 1951 278 1982 medietatem
296 1952 329 1981 in
349 1951 411 1982 alio
428 1952 508 1982 festo
520 1952 677 1982 Omnium
694 1952 885 1982 Sanctorum
901 1952 1087 1982 immediate

82 2004 235 2044 sequenti.
253 2004 420 2043 Siquidem
437 2005 610 2035 exactionis
627 2005 750 2035 decime
766 2005 863 2044 primi
882 2005 962 2035 anni
980 2006 1089 2035 termi-

83 2066 159 2088 num
174 2058 316 2097 primum
335 2059 401 2088 sore
426 2059 596 2088 statuimus
613 2059 729 2088 festum
747 2059 931 2088 Nativitatis
947 2059 1087 2089 domini-

81 2119 116 2142 ce
144 2112 245 2150 primo
260 2115 443 2148 venturum,
461 2112 640 2142 secundum
662 2121 738 2143 vero
762 2113 880 2142 festum
902 2113 1088 2142 Nativitatis

83 2163 164 2194 beati
173 2164 332 2195 Johannis
346 2164 422 2194 inde
439 2166 582 2203 proximo
599 2170 795 2201 secuturum,
809 2167 842 2195 in
853 2166 978 2196 duobus
993 2167 1088 2195 aunis

83 2218 286 2257 sequentibus
307 2217 429 2248 eisdem
446 2218 594 2247 terminis
615 2219 832 2250 observandis.
851 2219 1009 2249 Volumus
1030 2228 1088 2249 au-

83 2273 144 2301 tem
165 2271 247 2309 quod
266 2271 377 2300 fratres
396 2271 497 2301 nostri
516 2280 648 2301 romane
667 2271 801 2302 ecclesie
819 2272 1016 2309 cardinales,
1033 2273 1089 2311 qui

83 2324 194 2354 mundi
221 2324 386 2354 nobiscum
414 2324 540 2362 negotia
569 2325 735 2364 perferunt
760 2330 790 2355 ct
807 2334 904 2355 onera
930 2325 1089 2355 cotidiana

83 2381 275 2416 supportant,
292 2377 332 2407 ab
350 2377 450 2416 ipsius
466 2378 661 2416 prestatione
680 2378 803 2408 decime
819 2379 885 2408 sint
900 2379 1039 2418 exempti
1054 2388 1090 2409 ac

84 2428 174 2460 liberi
201 2431 326 2469 penitus
353 2434 383 2460 et
413 2431 588 2461 immunes·
618 2430 757 2462 Clericos
783 2435 924 2470 preterea
953 2440 1090 2470 quorum

86 2482 226 2513 redditus
246 2487 276 2513 et
293 2487 467 2522 proventus
480 2484 515 2512 in
533 2492 644 2521 regno,
664 2484 842 2523 provintiis,
862 2484 1045 2514 civitatibus
1062 2488 1092 2514 et

85 2535 260 2566 diocesibus
276 2537 466 2575 supradictis
484 2537 671 2575 quindecim
687 2537 844 2567 librarum
864 2538 1090 2567 turonensium

87 2597 253 2628 parvorum
275 2589 417 2620 valorem
439 2599 587 2620 aunuum
609 2598 672 2620 non
695 2590 853 2620 excedunt
873 2590 974 2620 teneri
997 2589 1091 2620 nolu-

86 2650 156 2672 mus
170 2643 209 2672 ad
225 2643 382 2673 decimam
395 2648 621 2680 memoratam,
636 2653 694 2674 uec
707 2644 784 2674 Tem
789 2644 905 2682 plarios
920 2652 956 2674 ac
973 2644 1092 2682 Hospi-·

88 2694 228 2734 talarios,
246 2697 302 2735 qui
323 2701 433 2727 contra
454 2697 559 2727 hostes
578 2698 653 2727 fidei
669 2697 844 2728 christiane
868 2707 901 2727 se
920 2706 956 2727 ac
976 2707 1033 2727 sua
1056 2697 1092 2726 in

89 2747 303 2779 ultramarinis
327 2759 484 2789 exponere
507 2750 651 2789 partibus
672 2760 737 2781 non
762 2751 953 2788 formidant,
974 2751 1092 2790 quique

89 2805 210 2839 propter
227 2801 442 2833 dissentiones
462 2802 573 2840 seculi,
588 2812 666 2841 quas
683 2804 868 2842 frequenter
884 2803 917 2832 in
936 2811 972 2833 eo
988 2804 1091 2833 susci-

91 2854 147 2883 tari
161 2855 327 2893 contingit,
343 2856 376 2885 in
393 2856 531 2886 diversis
547 2856 661 2886 mundi
676 2857 818 2894 partibus
829 2857 968 2895 dampna
984 2856 1093 2894 gravia

89 2906 298 2945 pertulerunt3
316 2908 381 2938 illis
399 2908 495 2938 etiam
513 2909 674 2947 personis,
690 2908 768 2939 locis
784 2913 814 2938 et
830 2909 925 2939 rebus
941 2909 1093 2939 omnibus

88 2958 127 2988 ab
149 2959 290 2998 ejusdem
315 2961 510 2999 prestatione
534 2961 659 2991 decime
682 2970 811 3000 prorsus
835 2962 990 3000 exceptis,
1014 2970 1093 3000 quos

89 3010 317 3044 declarationes
335 3013 413 3044 olim
435 3014 571 3044 diversis
594 3014 788 3053 temporibus
804 3024 859 3053 per
877 3014 985 3044 sedem
1001 3024 1093 3053 apos-

91 3063 214 3096 tolicam
241 3067 324 3098 edite
350 3068 436 3098 circa
459 3068 656 3099 decimarum
688 3068 914 3107 prestationem
940 3068 1095 3098 hactenus

1166 462 1367 497 exceperunt.
1386 460 1496 495 Quoad
1513 461 1866 500 Cisterciensesautem,
1886 464 1942 502 qui
1960 464 1999 494 de
2013 474 2168 496 manuum

1166 519 1297 540 suarum
1325 512 1485 543 laboribus
1519 519 1738 554 terrarumque
1768 516 1906 546 cultibus
1934 521 2166 555 sustentantur,

1165 573 1350 603 quanquam
1370 574 1421 595 eos
1440 576 1642 606 nequaquam
1662 578 1678 598 a
1698 569 1891 606 prestatione
1912 570 2034 600 decime
2057 571 2168 609 liujus-

1165 618 1251 647 modi
1267 618 1456 656 eximamus,
1475 630 1514 649 ue
1533 626 1636 651 tamen
1655 621 1822 659 religionis
1835 623 2047 660 observantia,
2061 625 2169 662 quein

1167 678 1278 699 eorum
1295 671 1407 701 ordine
1421 672 1625 703 laudabiliter
1640 675 1744 712 vigere
1760 675 1946 712 dinoscitur,
1957 677 2168 715 perturbetur,

1167 727 1197 752 et
1217 723 1327 752 divina
1344 733 1405 762 que
1421 725 1503 754 inibi
1527 726 1672 756 sollicitis
1691 728 1802 757 studiis
1819 733 2006 758 exercentur
2020 730 2171 769 obsequia

1167 775 1390 806 diminutionis
1403 777 1570 816 dispendia
1584 781 1755 817 patiantur,
1765 782 1974 819 quantitatem
1987 782 2170 813 solvendam

1168 829 1207 858 ab
1230 833 1276 859 eis
1299 838 1355 868 pro
1376 831 1442 868 ipsa
1462 831 1583 861 decima
1601 837 1630 861 et
1652 833 1783 862 modum
1809 834 1975 864 solutionis
2004 836 2103 874 ipsius
2128 837 2172 866 sic

1166 881 1318 912 duximus
1328 883 1572 921 moderandum,
1585 885 1757 923 utsolvant,
1770 895 1824 924 pro
1835 891 1899 916 rata
1914 888 2056 926 triennii,
2069 899 2172 928 quan-

1167 939 1233 964 tum
1260 940 1289 965 et
1314 936 1397 965 sicut
1421 937 1542 974 prefato
1567 938 1705 975 genitori
1732 948 1788 968 suo
1813 947 1868 977 pro
1892 949 2041 971 concessa
2065 942 2093 971 ei
2118 952 2172 980 per

1167 988 1420 1026 quadriennium
1442 989 1568 1019 decima
1590 991 1800 1021 conventione
1823 992 2004 1022 voluntaria
2028 995 2170 1032 prestite-

1165 1045 1252 1071 runt.
1275 1041 1422 1071 Ceterum
1440 1042 1467 1071 si
1484 1043 1593 1072 forsan
1609 1044 1693 1073 infra
1711 1044 1830 1073 dictum
1849 1045 2024 1075 triennium
2046 1047 2080 1076 in
2101 1057 2172 1085 pre-

1167 1094 1229 1139 fato
1246 1095 1372 1132 negotio
1389 1096 1473 1134 pacis
1489 1096 1597 1125 federa
1613 1098 1835 1135 provenirent,
1853 1097 1903 1127 vel
1921 1099 2117 1138 contingeret
2135 1101 2174 1130 ab

1166 1148 1268 1185 ipsius
1295 1149 1514 1187 prosecutione
1540 1150 1667 1185 desisti,
1696 1154 1794 1180 totum
1819 1150 1899 1180 illud
1927 1152 2010 1190 quod
2034 1153 2094 1182 erit
2119 1163 2174 1184 seu

1166 1203 1322 1240 supererit
1342 1203 1381 1232 de
1399 1203 1522 1233 decima
1540 1204 1594 1233 tibi
1610 1212 1759 1233 concessa
1776 1205 1810 1233 in
1830 1205 1913 1234 sedis
1930 1205 2047 1243 prefate
2068 1206 2173 1245 dispo-

1166 1254 1293 1293 sitione,
1315 1255 1518 1286 ordinatione
1533 1266 1568 1286 ac
1588 1257 1749 1286 voluntate
1768 1257 1867 1287 libera
1882 1259 2072 1288 remanebit.
2094 1259 2131 1288 Et
2148 1260 2175 1289 si

1167 1316 1261 1345 super
1278 1309 1443 1346 premissis
1457 1313 1511 1338 aut
1524 1309 1632 1348 aliquo
1647 1310 1877 1348 premissorum
1891 1312 2109 1350 interpretatio
2126 1312 2174 1342 vel

1167 1361 1336 1391 declaratio
1352 1363 1463 1400 quevis
1479 1363 1652 1392 occurrerit
1668 1363 1829 1400 facienda,
1848 1365 1907 1393 erit
1922 1365 1956 1394 in
1973 1365 2073 1403 ipsius
2091 1366 2174 1395 sedis

1167 1415 1297 1445 arbitrio
1313 1420 1343 1445 et
1358 1416 1425 1454 ejus
1440 1415 1637 1455 beneplacito
1653 1417 1864 1456 relinquetur.
1883 1419 1953 1448 Dat.
1973 1422 2006 1448 ut
2024 1428 2130 1457 supra.
2158 1430 2171 1446 »

1244 1569 1360 1597 10⁰5
1789 1570 1881 1601 Rieti,
1898 1570 1931 1597 *28
1943 1571 2007 1605 juin
2026 1571 2102 1598 1ῗ89.

1205 1630 1247 1656 De
1262 1631 1363 1657 eodem
1382 1631 1504 1665 negotio.
1526 1632 1608 1666 (Rea.
1627 1633 1677 1664 44,
1695 1641 1720 1659 c.
1736 1633 1787 1660 ⁶262
1803 1655 1809 1664 ,
1827 1633 1846 1659 f.
1868 1633 1916 1660 164
1933 1636 1984 1666 νῦ.)

1210 1734 1326 1763 Eidem.
1344 1746 1358 1761 «
1377 1733 1517 1764 Dilectos
1535 1734 1616 1764 filios
1632 1735 1800 1772 magistros
1817 1735 2001 1765 Johannem
2018 1735 2057 1765 de
2081 1736 2174 1766 Was-

1170 1786 1292 1824 segnia,
1304 1787 1503 1825 Brugensem
1512 1787 1774 1818 archidiaconum
1785 1787 1818 1816 in
1829 1788 1959 1818 ecclesia
1968 1789 2172 1824 Tornacensi,

1171 1844 1200 1869 et
1216 1840 1377 1877 Egidium,
1397 1840 1693 1870 Claromontensem
1710 1841 1903 1880 prepositum
1915 1866 1923 1878 ‚
1944 1842 2030 1879 regie
2046 1842 2174 1872 celsitu-

1172 1892 1258 1922 dinis
1275 1893 1424 1929 nuntios,
1445 1893 1626 1932 capellanos
1643 1898 1787 1928 nostros,
1811 1894 1849 1923 ad
1869 1899 2009 1924 nostram
2032 1904 2068 1924 ex
2090 1899 2176 1934 parte

1171 1949 1224 1976 tua
1240 1946 1433 1985 presentiam
1454 1947 1638 1976 accedentes
1651 1970 1659 1984 ‚
1677 1947 1944 1986 contemplatione
1968 1948 2123 1978 mittentis
2147 1952 2177 1979 et

1170 2000 1290 2029 intuitu
1306 2000 1470 2038 probitatis
1493 2009 1623 2038 eorum,
1644 2001 1782 2039 benigne
1799 2002 1994 2040 recepimus,
2012 2006 2042 2032 et
2065 2011 2175 2041 quam-

1172 2054 1316 2094 pluribus
1333 2064 1368 2084 ex
1387 2054 1595 2093 petitionibus
1613 2055 1687 2092 tuis,
1703 2056 1793 2085 nobis
1811 2065 1846 2085 ex
1863 2060 1949 2094 parte
1966 2056 2053 2094 regia
2069 2064 2176 2085 eorum

1171 2108 1353 2137 ministerio
1372 2108 1570 2146 presentatis,
1591 2108 1779 2145 annuimus,
1797 2109 1859 2138 tuis
1878 2109 1911 2137 in
1928 2108 2004 2144 illis,
2019 2112 2109 2147 prout
2125 2109 2176 2138 in-

1171 2161 1338 2199 srascripta
1354 2160 1535 2198 declarant,
1553 2162 1764 2201 beneplacitis
1780 2166 2017 2192 concurrentes.
2041 2162 2176 2192 Conces-

1172 2214 1257 2244 sioni
1273 2214 1436 2252 siquidem
1458 2215 1580 2244 decime
1600 2225 1652 2253 per
1669 2215 1847 2245 triennium
1865 2224 1883 2245 a
1900 2215 1979 2245 sesto
1996 2215 2177 2245 Nativitatis

1171 2267 1257 2296 beati
1267 2266 1426 2297 Johannis
1447 2268 1586 2305 Baptiste
1608 2268 1751 2305 proximo
1763 2268 1912 2306 preterito
1928 2268 2174 2305 numerandum,

1172 2321 1258 2358 regie
1277 2321 1440 2350 serenitati
1456 2321 1535 2350 facte
1556 2331 1574 2351 a
1597 2322 1700 2358 nobis,
1720 2322 1880 2351 civitatem
1898 2326 1928 2351 et
1949 2321 2101 2351 diocesim
2118 2320 2176 2351 Ca-

1173 2382 1390 2402 meracensem
1426 2364 1612 2412 adjecimus,
1645 2378 1679 2403 ut
1717 2374 1847 2412 petiisti,
1881 2374 2116 2403 Tarentasiensi
2147 2378 2176 2403 et

1173 2426 1397 2456 Eberdunensi
1422 2427 1609 2464 provintiis,
1634 2436 1695 2466 que
1718 2428 1752 2456 in
1775 2426 1959 2456 earumdem
1986 2426 2121 2456 civitatis
2147 2430 2177 2455 et

1173 2479 1308 2509 diocesis
1327 2479 1432 2509 locum
1453 2479 1524 2509 date
1545 2480 1686 2515 fuerant,
1714 2481 1752 2510 ab
1775 2480 1886 2510 eadem
1903 2480 1977 2509 sede
1995 2479 2174 2509 subtractis.

1174 2533 1363 2562 Terminum
1385 2533 1531 2572 insuper,
1559 2534 1612 2572 qui
1640 2533 1679 2563 ad
1699 2533 1889 2563 solutionem
1914 2533 2095 2563 medietatis
2116 2533 2175 2562 du-

1173 2589 1339 2616 centorum
1355 2586 1483 2616 milium
1495 2586 1650 2617 librarum
1663 2587 1886 2628 turonensium
1899 2586 2029 2616 ecclesie
2045 2594 2176 2615 romane

1173 2648 1229 2677 pro
1247 2639 1312 2669 suis
1330 2639 1570 2669 necessitatibus
1586 2640 1624 2669 de
1640 2640 1723 2669 dicta
1736 2639 1858 2669 decima
1875 2638 2053 2668 faciendam
2070 2639 2104 2667 in
2122 2637 2175 2668 lit-

1174 2693 1250 2722 teris
1279 2692 1458 2730 apostolicis
1485 2702 1579 2732 super
1605 2693 1666 2723 hoc
1692 2693 1798 2722 missis
1828 2693 1914 2730 regie
1942 2692 2177 2729 magnificentie

1174 2746 1277 2775 fuerat
1290 2745 1476 2784 prestitutus
1487 2770 1494 2782 ,
1513 2746 1628 2775 festum
1642 2746 1791 2775 videlicet
1808 2745 2062 2776 Resurrectionis
2078 2745 2178 2775 domi-

1175 2800 1245 2829 nice
1260 2799 1364 2837 primo
1380 2802 1562 2835 ventui-um,
1578 2808 1678 2837 usque
1693 2799 1731 2828 ad
1745 2799 1860 2827 festum
1874 2798 2030 2828 Omnium
2045 2798 2176 2828 Sancto-

1176 2861 1248 2882 rum
1261 2852 1406 2890 proximo
1422 2851 1630 2890 subsequens,
1643 2853 1733 2890 juxta
1752 2855 1890 2889 porrecte
1904 2860 1998 2889 super
2011 2851 2070 2881 hoc
2086 2851 2178 2881 nobis

1177 2911 1228 2935 tue
1257 2905 1420 2944 petitionis
1448 2905 1644 2941 instantiam,
1673 2913 1891 2942 prorogamuS,
1916 2905 1956 2934 ad
1986 2904 2178 2935 solutionem

1175 2958 1354 2988 medietatis
1384 2957 1523 2996 relique,
1551 2957 1667 2987 festum
1694 2957 1849 2987 Omnium
1876 2957 2066 2988 Sanctorum
2094 2957 2178 2997 quod

1176 3012 1254 3042 anni
1270 3010 1425 3041 revolutio
1441 3011 1635 3049 presentabit
1651 3011 1826 3040 terminum
1843 3015 2027 3041 statuentes.
2043 3012 2179 3041 Venera-

1177 3065 1234 3095 bili
1245 3064 1336 3094 fratri
1355 3068 1461 3094 nostro
1481 3088 1500 3093 ..
1519 3063 1662 3103 episcopo
1677 3063 1907 3095 Aurelianensi
1931 3069 1961 3094 et
1982 3064 2097 3095 dilecto
2113 3064 2178 3095 filio
