2342 3652
957 348 1178 389 PREMIERE
1199 349 1356 388 ANNEE.
2182 363 2200 392 5

116 444 129 458 ι
149 431 376 470 archiepiscopi
385 431 546 461 Cretensis
559 432 692 470 pastoris
701 430 811 461 solatio
822 428 980 463 destituta¹
990 426 1051 464 ipsi
1063 426 1113 455 die

118 497 131 511 ιι
149 485 188 514 ad
204 484 389 521 eligendum
400 484 701 523 prefixa...insimul
712 485 929 514 convenerunt
944 484 973 509 et
985 480 1113 509 tandem

119 549 131 565 ιι
147 537 226 567 votis
238 545 346 566 eorum
360 538 392 566 in
404 537 529 567 diversa
542 538 665 574 divisis,
677 542 738 566 tres
750 545 785 565 ex
799 535 866 573 ipso
877 531 1025 571 capitulo,
1040 540 1114 561 cum

118 603 132 617 ιι
152 599 216 620 non
235 595 340 619 essent
358 591 420 620 nisi
444 591 586 629 quinque
604 589 765 623 canonici,
791 587 845 625 qui
864 585 902 615 ad
923 584 1112 615 electionem

117 652 129 665 ·
143 641 598 677 convenerantcelebrandam,
607 638 821 670 venerabilem
830 637 959 666 fratrem
968 640 1113 665 nostrum

118 706 131 721 ιι
149 695 315 732 Paganum
332 695 546 725 Kironeusem
565 694 745 733 episcopum
762 692 796 720 in
808 690 995 720 Cretensem
1014 689 1115 718 archi-

119 759 133 774 ιι
150 749 331 787 episcopum
355 749 571 788 postularunt,
601 747 721 777 duobus
746 744 877 783 reliquis
899 744 934 772 in
962 742 1114 772 dilectum

118 813 132 828 ιι
149 801 253 831 filium
271 802 433 831 Matheuni
451 803 568 832 dictum
581 799 700 830 Veneri
713 798 750 827 de
760 798 914 834 Venetiis,
929 796 1113 826 Cretensem

119 866 132 881 ιι
150 856 356 892 canonicum,
381 855 589 893 dirigentibus
609 857 680 883 vota
697 861 771 888 sua;
797 855 997 890 procuratore
1018 850 1116 887 igitur

120 920 133 935 ιι
151 909 293 947 ejusdem
310 909 500 939 Kironensis
520 906 654 945 episcopi
678 908 802 943 propter
818 904 876 934 hoc
899 903 982 942 apud
1007 903 1115 932 sedem

120 973 133 988 ιι
151 961 352 1000 apostolicam
378 961 545 992 constituto
568 964 597 989 et
616 962 741 997 petente
758 957 916 986 instanter
935 966 953 986 a
973 956 1063 985 nobis
1082 959 1116 985 ut

118 1026 132 1041 ιι
150 1015 394 1054 postulationem
412 1012 594 1053 hujusmodi
611 1011 778 1040 admittere
799 1010 1026 1047 dignaremur,
1058 1017 1115 1038 nos

119 1080 133 1096 ιι
150 1069 348 1099 attendentes
379 1068 460 1107 quod
494 1066 624 1096 ecclesia
658 1063 1028 1102 Constantinopolitana,
1064 1062 1115 1091 cui

119 1133 133 1149 ιι
150 1121 289 1160 predicta
316 1121 445 1151 ecclesia
473 1119 631 1149 Cretensis
663 1118 805 1155 subjecta
831 1117 1021 1151 dinoscitur,
1048 1120 1116 1146 erat

120 1188 132 1200 ιι
153 1179 227 1205 tunc
259 1175 406 1213 temporis
430 1173 561 1212 pastoris
586 1171 696 1201 solatio
723 1171 881 1207 destituta,
910 1170 1057 1208 quodque
1081 1170 1115 1198 iu

121 1239 133 1254 ιι
151 1228 218 1266 ipsa
233 1227 403 1266 capitulum
420 1228 487 1265 ejus
500 1226 633 1255 minime
650 1224 819 1261 residebat,
832 1224 973 1254 volentes
987 1231 1116 1262 quoque

121 1293 134 1308 ιι
151 1282 277 1311 obviare
293 1280 480 1319 dispendiis,
502 1288 563 1318 que
575 1279 727 1317 jamdicte
745 1278 889 1308 Cretensi
912 1277 1044 1307 ecclesie
1060 1284 1117 1314 po-

121 1347 134 1361 ιι
156 1339 258 1365 terant
274 1344 309 1364 ex
326 1334 486 1363 vacatione
501 1333 626 1363 diutina
643 1333 829 1366 imminere,
848 1330 1033 1370 hujusmodi
1050 1338 1117 1368 pos-

122 1387 311 1418 »tutationis
337 1391 367 1416 et
391 1386 552 1416 electionis
575 1386 739 1424 negotium
774 1385 813 1414 ad
842 1393 899 1414 nos
932 1384 1119 1414 auctoritate

122 1454 135 1467 ιι
152 1440 319 1480 apostolica
334 1440 483 1470 duximus
503 1439 728 1469 revocandum.
749 1439 863 1478 Sicque
877 1438 1035 1476 prefatum
1052 1437 1118 1466 Ma-

123 1505 136 1520 »
154 1493 262 1523 theum
278 1502 332 1532 per
347 1498 469 1522 nostras
485 1492 606 1522 litteras
622 1492 712 1521 citari
728 1491 952 1521 mandavimus
965 1494 1000 1520 ut
1015 1498 1120 1520 coram

123 1558 136 1573 ιι
154 1547 258 1583 nobis,
282 1547 308 1575 si
331 1555 387 1576 sua
408 1547 562 1576 interesse
578 1545 734 1581 crederet,
758 1549 842 1574 certo
860 1544 997 1573 termino
1015 1551 1120 1582 perso-

123 1611 137 1625 ιι
155 1599 268 1629 naliter
287 1602 498 1637 compareret,
525 1599 666 1628 facturus
689 1603 718 1628 et
741 1601 925 1636 recepturus
945 1606 1039 1635 super
1062 1596 1122 1626 hoc

124 1663 137 1679 n
154 1652 236 1690 quod
250 1652 325 1682 ordo
341 1652 481 1690 exigeret
501 1651 644 1681 rationis.
672 1651 735 1687 Qui
751 1659 815 1681 non
833 1650 935 1680 solum
955 1650 989 1679 in
1010 1649 1121 1679 eodem

123 1717 137 1732 ιι
154 1713 257 1735 coram
284 1705 375 1735 nobis
401 1714 582 1744 comparere
615 1705 753 1734 termino
776 1713 840 1734 non
873 1703 1017 1739 curavit,
1040 1703 1119 1741 quin

123 1769 136 1784 ιι
152 1757 251 1787 immo
265 1757 304 1787 ad
318 1758 465 1795 regimen
481 1758 623 1797 ejusdem
641 1756 773 1787 ecclesie
788 1756 949 1786 Cretensis
963 1756 1118 1794 aspirans,

123 1821 136 1837 ιι
153 1810 335 1849 priusquam
350 1810 389 1839 ad
402 1819 476 1840 eum
491 1810 679 1850 hujusmodi
694 1810 801 1840 citatio
814 1809 1020 1848 pervenisset,
1035 1808 1119 1847 jure,

123 1874 137 1890 ιι
154 1863 181 1892 si
199 1863 282 1902 quod
300 1863 362 1893 sibi
383 1873 419 1893 ex
436 1863 590 1894 electione
605 1863 800 1902 competebat
816 1862 1024 1901 hujusmodi,
1042 1862 1121 1891 resi-

123 1927 137 1942 ιι
154 1921 265 1954 gnato,
292 1925 342 1951 se,
368 1922 403 1946 ut
423 1917 556 1954 dicitur,
584 1917 619 1946 in
642 1916 827 1947 Cretensem
847 1915 1122 1954 archiepiscopum

123 1981 138 1997 ιι
154 1969 264 2001 iterato
292 1970 369 2009 eligi
400 1971 591 2010 procuravit.
619 1970 764 2009 Cumque
787 1969 990 2008 postmodum
1017 1968 1123 1998 eidem

125 2034 138 2049 ιι
155 2023 503 2063 constantinopolitane
517 2023 650 2054 ecclesie
663 2023 701 2053 de
715 2022 892 2056 venerabili
905 2023 1001 2051 fratre
1018 2025 1123 2051 nostro

125 2088 138 2102 ιι
156 2076 248 2106 Petro
267 2077 431 2115 provisum
449 2077 581 2112 fuisset,
601 2085 658 2107 nos
677 2077 707 2106 ei
723 2076 851 2106 oraculo
871 2076 943 2105 vive
963 2075 1049 2105 vocis
1071 2075 1122 2103 in-

126 2128 317 2166 »junximus
339 2135 373 2160 ut
397 2139 429 2160 se
454 2138 659 2169 nequaquam
684 2129 914 2159 intromitteret
935 2128 973 2158 de
996 2128 1125 2165 negotio

127 2193 139 2207 n
159 2183 356 2220 supradicto;
376 2184 579 2213 intendentes
604 2187 713 2222 itaque
735 2182 773 2212 ad
793 2182 1030 2221 expeditionem
1049 2181 1124 2211 Cre-

123 2246 135 2260 ι
158 2235 254 2264 tensis
281 2235 412 2266 ecclesie
429 2241 620 2273 memorate,
647 2245 687 2265 ne
707 2235 797 2265 illam
825 2234 1007 2273 prolixioris
1034 2242 1125 2263 vaca—

126 2299 139 2314 ιι
158 2288 254 2318 tionis
271 2289 432 2327 contingat
454 2290 633 2320 incomodis
659 2289 836 2328 subjacere,
863 2287 1050 2317 discretioni
1076 2291 1127 2316 tue

126 2352 140 2366 ιι
158 2349 212 2379 per
228 2341 396 2379 apostolica
416 2343 546 2381 scripta,
573 2343 609 2372 iu
636 2343 754 2372 virtute
779 2340 959 2371 obedientie
984 2339 1127 2369 districte

126 2405 139 2419 ιι
157 2393 362 2432 precipiendo
373 2417 382 2431 ,
404 2396 593 2425 mandamus
610 2399 769 2434 quatenus
786 2394 943 2433 prefatum
962 2392 1127 2422 Matheum

125 2459 136 2472 ιι
157 2447 411 2485 presentialiter,
439 2449 466 2477 si
493 2448 621 2479 comode
656 2448 769 2487 poterit
792 2446 951 2482 inveniri,
982 2445 1126 2484 alioquin

127 2510 139 2525 ιι
159 2499 243 2538 apud
266 2499 432 2530 ecclesiam
451 2501 482 2531 S.
505 2501 651 2531 Silvestri
667 2501 706 2531 de
721 2500 882 2534 Venetiis,
908 2499 998 2538 cujus
1020 2498 1128 2537 pleba-

127 2563 139 2578 »
158 2560 219 2582 nus
234 2553 356 2587 existit,
374 2554 423 2583 vel
440 2554 558 2591 Padue,
578 2555 632 2584 ubi
647 2563 770 2584 moram
787 2552 974 2583 contrahere
990 2552 1125 2587 dicitur,

126 2616 139 2630 ιι
157 2608 212 2634 aut
229 2605 265 2634 in
280 2604 343 2635 alio
361 2604 491 2635 illarum
507 2607 644 2644 partium
661 2606 748 2643 loeo,
769 2606 797 2635 si
813 2605 888 2635 sciri
906 2604 1021 2643 poterit
1037 2608 1067 2633 et
1089 2603 1128 2632 ad

125 2670 136 2683 ι
158 2666 232 2687 eum
257 2658 386 2688 comode
404 2658 506 2688 valeat
526 2668 669 2690 accessus
686 2660 817 2695 haberi,
841 2663 895 2688 aut
917 2658 1048 2688 demum
1064 2657 1128 2686 Ve-

128 2722 140 2737 ιι
158 2711 270 2747 netiis,
294 2712 328 2741 in
350 2711 418 2742 loco
439 2712 478 2742 de
500 2721 562 2751 quo
584 2714 732 2752 expedire
750 2713 891 2748 videris,
921 2711 1064 2750 publice,
1092 2719 1127 2740 ex

128 2776 140 2790 ιι
159 2770 244 2802 parte
272 2769 394 2802 nostra,
426 2766 638 2804 peremptorie
666 2767 763 2796 citare
793 2774 952 2805 procureS,
984 2768 1019 2794 ut
1043 2763 1130 2793 infra

128 2829 140 2843 ιι
161 2817 278 2856 viginti
293 2819 436 2857 quinque
452 2819 520 2848 dies
538 2824 604 2858 post
619 2820 803 2850 citationem
818 2823 922 2855 tuam,
940 2818 967 2848 si
987 2827 1042 2847 sua
1059 2825 1129 2847 cre-

127 2881 139 2895 »
159 2869 276 2900 diderit
291 2871 455 2902 interesse.
474 2881 547 2901 cum
563 2872 713 2903 omnibus
727 2872 852 2911 juribus
868 2876 898 2902 et
915 2869 1129 2901 munimentis

126 2937 138 2950 ι
160 2925 227 2955 suis
237 2932 416 2965 compareat
430 2926 639 2965 personaliter
654 2935 759 2956 coram
776 2926 878 2962 nobis,
893 2925 1031 2954 facturus
1044 2928 1075 2952 et
1085 2932 1131 2953 re-

129 2989 142 3003 ιι
161 2982 308 3016 cepturus
321 2980 405 3018 quod
419 2980 544 3018 justitia
559 2979 714 3016 suadebit,
732 2983 763 3008 et
779 2977 1012 3008 nichilominus
1025 2980 1131 3015 aperte

130 3041 142 3056 ιι
162 3031 303 3068 predicas
318 3033 402 3071 quod
418 3033 485 3063 sive
501 3033 635 3067 venerit,
653 3033 721 3062 sive
736 3040 812 3068 non,
830 3040 887 3061 nos
898 3031 933 3060 in
944 3028 1131 3068 hujusmodi

1201 434 1213 450 ιι
1231 425 1376 461 negotio,
1394 428 1549 463 quantum
1567 425 1606 454 de
1619 425 1692 463 jure
1709 426 1892 463 poterimus,
1906 431 2032 457 auctore
2048 429 2198 467 Domino,

1199 487 1212 502 ιι
1231 477 1449 514 procedemus.
1465 477 1558 506 Diem
1567 486 1641 507 vero
1649 478 1810 507 citationis
1820 479 1993 509 etformam
2005 481 2200 520 etquicquid

1200 540 1211 554 ιι
1232 529 1267 558 in
1285 529 1343 559 hac
1362 534 1448 568 parte
1466 530 1592 567 feceris,
1615 531 1706 560 nobis
1722 540 1777 569 per
1793 536 1860 561 tuas
1876 531 1997 562 litteras
2014 533 2127 563 barum
2147 543 2200 564 se-

1199 591 1214 610 »
1233 582 1314 611 riem
1324 583 1525 613 continentes
1541 583 1666 613 studeas
1678 584 1815 614 fideliter
1825 585 1987 615 intimare.
2002 587 2072 616 Dat.
2087 588 2199 624 Rome,

1199 645 1213 660 ιι
1231 635 1314 672 apud
1332 635 1481 665 Sanctam
1498 636 1668 671 Sabinam,
1691 647 1750 666 vm
1767 638 1839 667 idus
1855 639 1983 675 martii⁷
2000 640 2201 676 pontificatus

1199 698 1213 713 »
1231 695 1317 717 anno
1336 688 1484 718 secundo.
1506 701 1518 715 ιι

1240 752 1251 765 u
1283 741 1440 770 Instantia
1465 747 1572 771 nostra
1595 743 1791 773 cotidiana...
1813 762 1852 766 —
1873 745 1944 775 Dat.
1970 746 2090 783 Rome,
2117 747 2201 785 apud

1199 792 1350 822 Sanctum
1368 794 1517 827 Petrum,
1535 805 1575 824 xv
1591 795 1743 826 kalendas
1758 798 1869 836 aprilis
1880 822 1887 835 ‚
1910 799 2111 837 pontificatus
2128 809 2201 830 nos-

1199 846 1239 874 tri
1255 855 1341 876 anno
1356 847 1471 885 primo.
1492 860 1504 874 ιι

1274 1005 1403 1033 12-13

1235 1067 1361 1094 ,Iohanni
1382 1069 1477 1095 abbati
1501 1072 1666 1097 monasterii
1692 1072 1721 1098 S.
1738 1072 1879 1100 Johannis
1896 1074 2073 1102 Senonensis
2099 1084 2205 1103 munus

1201 1118 1426 1143 consecrationis
1442 1117 1590 1153 impendit.
1610 1121 1690 1152 (Rae.
1708 1121 1750 1151 44,
1769 1129 1793 1147 c.
1812 1123 1837 1155 7,
1854 1122 1872 1148 f.
1891 1123 1905 1149 3
1921 1125 1974 1155 vo.)

1689 1008 1895 1041 Saint-Pierre,
1915 1011 1945 1038 19
1962 1019 2037 1038 mars
2056 1013 2131 1040 1288.

1241 1219 1373 1248 Johanm'
1390 1221 1490 1249 abbati
1514 1224 1690 1252 monasterii
1714 1224 1818 1253 Sancti
1839 1225 1988 1255 ιῘοΙιαηηίε
2008 1227 2204 1264 Senonensis,

1202 1273 1320 1302 ordinis
1343 1273 1375 1303 S.
1400 1275 1574 1311 Auyusti'ni.
1611 1288 1623 1303 ιι
1651 1277 1803 1307 Debitum
1833 1278 1930 1308 officii
1958 1281 2094 1310 nostri...
2122 1281 2206 1312 Sane

1203 1327 1395 1356 monasterio
1412 1327 1520 1357 Sancti
1537 1328 1698 1359 Johannis
1715 1330 1928 1365 Senonensis,
1945 1334 2068 1364 ordinis
2085 1335 2116 1365 S.
2134 1336 2204 1365 Au-

1203 1379 1347 1416 gustini,
1378 1379 1499 1410 dudum
1526 1381 1648 1412 abbatis
1672 1383 1831 1420 regimine
1851 1385 2018 1422 destituto,
2045 1387 2106 1416 due
2124 1387 2206 1418 elec-

1204 1431 1322 1469 tiones,
1344 1441 1409 1462 una
1425 1433 1572 1463 videlicet
1590 1435 1627 1464 de
1646 1440 1674 1465 te
1693 1440 1768 1466 tunc
1789 1437 1827 1467 de
1849 1438 1977 1469 Gressio
1991 1463 1998 1475 ,
2025 1445 2055 1469 et
2081 1440 2144 1470 alia
2168 1441 2206 1471 de

1203 1485 1352 1515 Jolianne
1368 1486 1406 1515 de
1423 1485 1629 1517 Calvomonte
1641 1489 1839 1526 prioratuum
1851 1492 2011 1529 prioribus
2023 1498 2053 1522 et
2065 1494 2207 1532 ejusdem

1204 1539 1392 1568 monasterii
1410 1540 1587 1576 canonicis,
1610 1541 1649 1570 ad
1668 1542 1811 1580 regimen
1829 1544 1954 1574 abbatie
1973 1546 2070 1584 ipsius
2089 1556 2144 1585 per
2159 1556 2208 1577 ca-

1204 1592 1335 1621 nonicos
1359 1592 1502 1630 ejusdem
1524 1595 1710 1623 monasterii
1735 1595 1864 1625 suerunt
1886 1597 1919 1626 iu
1949 1598 2107 1629 discordia
2130 1600 2207 1630 cele-

1204 1644 1302 1674 brate.
1330 1645 1524 1683 Hujusmodi
1544 1650 1651 1676 autem
1674 1647 1866 1678 electionum
1884 1652 2009 1687 negotio
2027 1662 2080 1690 per
2101 1654 2208 1692 appel-

1204 1696 1358 1727 lationem
1373 1698 1413 1727 ad
1426 1698 1533 1728 sedem
1546 1699 1750 1737 apostolicam
1768 1701 1913 1739 legitime
1928 1704 2086 1741 devoluto,
2107 1706 2209 1736 felicis

1205 1751 1433 1781 recordationis
1450 1752 1611 1782 Honorius
1631 1763 1708 1792 papa
1725 1760 1856 1793 quartus
1873 1757 2075 1794 predecessor
2091 1764 2208 1794 noster,

1204 1804 1240 1833 in
1273 1805 1375 1843 ipsius
1402 1810 1570 1844 conspectu
1600 1807 1689 1844 prius
1716 1807 1902 1847 hujusmodi
1932 1812 2059 1849 negotio
2094 1813 2211 1850 agitato

1206 1862 1235 1887 et
1251 1858 1285 1886 in
1303 1857 1359 1888 illo
1375 1867 1481 1888 coram
1497 1859 1565 1898 ipso
1582 1869 1599 1889 a
1618 1861 1760 1898 partibus
1780 1862 1835 1892 lite
1853 1863 1998 1901 legitime
2020 1870 2208 1903 contestata,

1205 1910 1357 1941 dilectum
1383 1912 1486 1942 filium
1512 1917 1657 1943 nostrum
1680 1915 1710 1943 J.
1739 1915 1852 1945 Sancte
1879 1918 1979 1947 Marie
2008 1919 2042 1948 iu
2067 1920 2125 1949 Via
2150 1920 2212 1949 lata

1207 1964 1378 1996 diaconum
1404 1966 1601 1996 cardinalem
1622 1968 1710 1997 dedit
1735 1969 1770 1998 in
1800 1969 1883 2000 dicto
1915 1973 2041 2009 negotio
2067 1974 2210 2012 partibus

1206 2018 1384 2048 auditorem
1401 2023 1431 2048 et
1447 2019 1574 2049 taudem
1590 2025 1621 2050 tu
1638 2025 1668 2050 et
1683 2022 1769 2059 prior
1780 2023 1847 2061 ipse
1863 2024 1901 2053 de
1912 2024 2130 2063 Calvomonte,
2145 2031 2209 2056 tam

1207 2079 1312 2101 coram
1328 2071 1412 2102 dicto
1426 2072 1646 2110 predecessore
1662 2079 1769 2104 nostro
1786 2080 1816 2105 et
1838 2078 1906 2115 eJus
1925 2078 2091 2115 fratribus,
2115 2089 2210 2118 quam

1208 2132 1313 2154 coram
1336 2125 1447 2155 eodem
1469 2126 1613 2156 auditore
1629 2129 1664 2156 in
1676 2128 1799 2166 judicio
1821 2132 2028 2161 consensistis
2042 2157 2049 2168 ,
2068 2138 2116 2170 nt,
2135 2134 2162 2164 si
2179 2139 2211 2164 tu

1208 2179 1409 2208 examinatus
1429 2180 1615 2218 reperireris
1632 2181 1667 2210 in
1684 2181 1861 2213 litteratura
1879 2185 2060 2222 sufficiens,
2085 2189 2211 2226 opposi-

1210 2231 1312 2261 tiones
1328 2236 1359 2262 et
1379 2233 1573 2271 objectiones
1597 2234 1674 2264 hinc
1704 2240 1733 2265 et
1750 2236 1826 2266 inde
1853 2241 2012 2269 cessarent
2035 2245 2064 2270 et
2086 2240 2213 2271 deberet

1209 2284 1248 2314 de
1273 2288 1302 2314 te
1328 2285 1483 2315 celebrata
1506 2286 1618 2317 electio
1641 2289 1844 2326 confirmari,
1873 2291 1980 2330 sicque
2004 2294 2111 2329 nobis⁷
2137 2295 2213 2324 dum

1210 2346 1352 2367 essemus
1374 2338 1409 2367 in
1431 2343 1512 2369 statu
1536 2341 1656 2370 minori
1679 2343 1863 2380 constituti,
1891 2354 1927 2375 ac
1951 2346 2032 2376 bone
2060 2349 2213 2378 memorie

1210 2391 1252 2420 H.
1271 2391 1357 2421 tituli
1373 2392 1481 2422 Sancti
1496 2393 1661 2424 Laurentii
1677 2395 1711 2424 in
1726 2396 1848 2426 Lucina
1863 2399 2047 2438 presbytero
2061 2404 2090 2429 et
2103 2401 2213 2431 eodem

1209 2445 1239 2474 J.
1259 2445 1476 2475 cardinalibus
1494 2446 1533 2475 ad
1559 2448 1829 2479 examinationem
1850 2450 2035 2489 hujusmodi
2057 2457 2108 2482 tue
2132 2453 2212 2483 elec-

1210 2497 1319 2534 tionis,
1337 2507 1355 2527 a
1370 2498 1590 2536 predecessore
1605 2501 1673 2539 ipso
1689 2501 1858 2540 deputatis,
1875 2513 1947 2533 cum
1966 2509 2032 2543 post
2049 2507 2215 2536 examina-

1211 2551 1331 2580 tionem
1350 2551 1539 2589 diligentem
1558 2562 1652 2592 super
1667 2554 1725 2584 hoc
1744 2555 1857 2585 factam
1872 2566 1890 2586 a
1906 2557 1998 2587 nobis
2018 2563 2048 2587 et
2065 2559 2104 2588 ab
2123 2560 2162 2589 H.
2185 2565 2215 2590 et

1210 2603 1241 2632 J.
1261 2603 1480 2634 cardinalibus
1495 2607 1680 2636 memoratis
1696 2607 1731 2636 in
1750 2607 1926 2638 litteratura
1941 2615 2084 2648 repertus
2100 2612 2215 2642 fuisses

1211 2656 1407 2687 sufficienter
1425 2658 1587 2695 ydoneus,
1605 2660 1644 2688 ad
1661 2659 1848 2697 dignitatem
1869 2671 1924 2692 seu
1940 2664 2084 2701 regimen
2100 2665 2214 2704 hujus-

1212 2709 1297 2739 modi
1315 2710 1526 2740 obtinendum
1539 2735 1546 2748 ,
1564 2712 1666 2741 dictus
1689 2713 1909 2750 predecessor,
1928 2716 2001 2754 quia
2016 2726 2072 2755 per
2088 2719 2214 2750 relatio-

1212 2771 1286 2792 nem
1313 2762 1441 2792 fidelem
1468 2763 1506 2792 ad
1532 2764 1590 2794 hoc
1617 2765 1816 2796 subsecutam
1845 2773 1875 2797 et
1893 2769 1970 2798 alias
1994 2770 2054 2800 sibi
2077 2773 2216 2802 constitit

1212 2815 1366 2853 prefatam
1387 2815 1576 2846 electionem
1603 2822 1687 2847 tuam
1714 2819 1810 2849 fuisse
1837 2823 2040 2860 canonicam,
2065 2824 2155 2854 illam
2178 2826 2215 2856 de

1211 2868 1346 2898 fratrum
1370 2869 1511 2906 ipsorum
1536 2871 1668 2901 consilio
1695 2873 1878 2904 auctoritate
1903 2877 2072 2914 apostolica
2096 2880 2213 2909 confir-

1213 2921 1326 2957 mavit.
1354 2921 1408 2951 sed
1432 2926 1604 2961 antequam
1630 2924 1860 2956 benedictionis
1888 2937 2006 2958 munus
2029 2931 2083 2960 tibi
2107 2932 2215 2962 fuisset

1212 2974 1413 3012 impensum,
1434 2975 1637 3013 predecessor
1659 2979 1725 3016 ipse
1749 2979 1893 3010 debitum
1919 2986 2032 3012 nature
2055 2984 2214 3021 persolvit.

1214 3028 1344 3067 Nosque
1371 3028 1571 3066 postmodum
1599 3031 1639 3060 ad
1665 3032 1787 3070 apicem
1813 3036 1930 3064 summi
1952 3037 2143 3074 apostolatus
2168 3048 2215 3068 as-
