2342 3652
932 374 1164 412 TR01SIEME
1187 375 1345 410 ANNEE.
2128 380 2185 409 511

630 450 763 483 Orvieto‚
780 449 814 476 ‘20
830 449 935 475 sevriei·
953 447 1029 474 1‘291.

134 514 173 543 In
199 521 226 543 e.
246 522 305 549 m.,
326 521 380 550 pro
405 512 537 542 ecclesia
559 512 668 543 Sancti
692 512 822 542 Martini
848 510 1043 546 Turonensi,
1064 508 1103 539 ad

94 575 262 597 romanam
278 565 445 595 ecclesiam
469 564 558 595 nullo
579 565 686 595 medio
702 564 892 604 pertinenti,
911 564 945 592 in
962 562 1104 602 quolibet

95 620 148 650 die
164 619 298 649 sabbati.

138 685 152 700 α
172 673 257 702 Licet
272 671 300 700 is
316 671 392 701 de...
411 687 449 692 -—
467 671 538 701 Dat.
555 671 639 709 apud
657 671 938 704 Urbemveterem,
957 679 974 698 x
993 668 1102 698 kalen-

97 726 154 756 das
169 725 288 760 martii,
306 732 391 753 anno
408 723 510 753 tertio.
530 736 543 750 »
563 724 670 762 (Ibid.,·
688 724 826 759 Porrn„
846 723 966 759 23577.)

642 803 768 836 Orvieto‚
788 803 818 830 18
834 803 938 829 fevriei·
956 802 1031 828 1291.

138 867 177 896 In
194 875 221 896 e.
240 875 298 902 m.,
316 873 371 904 pro
386 864 520 894 ecclesia
535 864 644 895 Sancti
661 865 754 894 Marii
772 864 962 895 confessoris
977 863 1015 893 de
1031 862 1105 892 Fol-

98 919 273 958 calquerio,
293 917 513 948 Sistaricensis
531 917 694 952 dioecesis,
713 919 746 947 in
766 918 908 957 ejusdem
925 917 1024 946 sancti
1044 916 1106 945 fes-

100 973 225 1003 tivitate
241 976 271 1001 et
286 981 341 1010 per
356 975 425 1001 octo
441 971 509 1000 dies
527 975 706 1009 sequentes.

141 1038 154 1053 α
173 1025 247 1055 Vite
262 1025 413 1064 perennis
429 1024 568 1062 gloria...
585 1041 624 1046 —
640 1024 710 1053 Dat.
730 1024 813 1062 apud
830 1024 1104 1056 Urbemveterem,

98 1089 140 1110 xn
155 1078 309 1109 kalendas
326 1077 444 1114 martii,
460 1085 546 1107 anno
564 1077 666 1107 tertio.
691 1088 704 1103 ³>
719 1077 824 1116 (thid.)

641 1156 770 1187 Orvieto,
788 1157 820 1183 “20
837 1157 940 1183 sevrier
959 1157 1033 1183 1291.

139 1221 178 1251 ln
202 1230 228 1251 e.
257 1229 299 1250 m.
326 1219 563 1257 indulgentiam
593 1224 721 1248 centum
751 1219 875 1248 dierum
903 1218 1107 1248 visitantibus

99 1273 266 1304 ecclesiam
286 1274 400 1304 Beatae
418 1273 538 1304 Mariae
556 1272 594 1301 de
614 1272 722 1307 Uxuo,
745 1272 1000 1310 Pampilonensis
1018 1272 1106 1301 dioe-

100 1328 197 1364 cesis,
219 1328 254 1357 in
277 1327 388 1357 beatae
409 1326 530 1355 Mariae
560 1325 786 1355 festivitatibus
811 1331 840 1355 et
868 1334 922 1364 per
946 1329 1015 1354 octo
1040 1325 1107 1354 dies

100 1384 272 1419 sequentes
287 1379 442 1409 concedit.

143 1445 157 1460 α
172 1433 260 1463 Licet
273 1432 302 1462 is
312 1432 388 1463 de...
402 1448 440 1454 —
452 1432 522 1461 Dat.
537 1431 621 1470 apud
640 1431 912 1467 Urhemveterem,
925 1440 942 1459 x
954 1429 1108 1460 kalendas

101 1486 221 1523 martii,
238 1494 324 1516 anno
341 1487 443 1515 tertio.
466 1497 478 1511 1>
497 1485 602 1523 (lbid.)

647 1551 774 1585 Orvieto,
794 1552 824 1578 16
841 1552 943 1578 sevriei·
962 1551 1038 1578 1291.

142 1617 181 1647 In
199 1627 227 1647 e.
247 1625 291 1646 m.
310 1615 549 1654 indulgentiam
569 1615 667 1645 unius
688 1615 767 1644 anni
790 1619 819 1644 et
839 1625 876 1644 n,
892 1615 1017 1644 dierum
1034 1622 1109 1644 con-

101 1670 184 1701 cedit
205 1669 405 1699 visitantibus
429 1667 594 1698 ecclesiam
619 1668 727 1698 Sancti
750 1667 849 1698 Cirici
874 1667 912 1697 de
930 1667 1108 1701 Brithulio,

106 1723 306 1754 Belvacensis
321 1722 484 1759 dioecesis,
501 1722 536 1751 in
551 1722 695 1761 ejusdem
712 1722 812 1751 sancti
828 1726 858 1751 et
869 1722 977 1751 beatae
994 1722 1111 1750 Mariae

101 1777 325 1808 festivitatibus
338 1781 431 1815 etper
441 1781 509 1806 octo
520 1776 587 1805 dies
602 1780 781 1814 sequentes.
797 1776 867 1805 Dat.
883 1775 965 1814 apud
979 1775 1112 1805 Urbem-

101 1834 254 1867 veterem,
271 1839 339 1859 xnn
356 1829 509 1859 kalendas
525 1829 643 1866 martii,
661 1838 746 1859 anno
764 1829 864 1859 tertio.
884 1829 986 1867 (Ibz'zl.)

649 1908 776 1942 Orvieto,
798 1909 826 1935 18
842 1908 945 1935 fevi-ier
964 1908 1040 1935 1291.

143 1974 182 2003 In
203 1982 231 2003 e.
253 1982 310 2008 m.,
332 1981 387 2011 pro
409 1971 543 2002 ecclesia
563 1971 698 2002 Sanctae
720 1971 839 2000 Mariae
861 1971 899 2000 de
924 1970 1110 2006 Tribefflon,

103 2025 359 2056 Constantiensis
375 2025 541 2060 dioecesis,
559 2025 593 2054 in
610 2025 719 2054 beatae
738 2024 858 2053 Mariae
876 2024 1110 2058 festivitatibus,

103 2088 158 2118 per
179 2084 248 2109 octo
271 2078 339 2108 dies
360 2083 544 2117 sequentes,
562 2082 593 2107 et
614 2077 650 2106 in
670 2077 892 2106 anniversario
910 2077 961 2106 die
984 2076 1111 2105 dedica-

104 2132 200 2162 tionis
231 2131 376 2170 eJusdem
407 2131 568 2161 ecclesiae.
601 2131 674 2160 Dat.
705 2131 790 2168 apud
828 2130 1109 2163 Urbemveterem,

101 2195 144 2215 xn
160 2184 314 2215 kalendas
330 2184 449 2221 martii,
467 2193 553 2214 anno
571 2185 672 2214 tertio.
693 2183 794 2222 (Ibicl.)

145 2239 183 2269 In
199 2248 228 2269 e.
246 2247 302 2275 m.,
322 2247 377 2277 pro
395 2237 530 2267 ecclesia
548 2238 663 2267 Beatae
679 2237 800 2267 Mariae
819 2237 857 2266 de
874 2236 1109 2275 Folcalquerio,

102 2291 321 2323 Sistaricensis
337 2291 503 2328 dioecesis,
521 2291 556 2320 in
572 2291 681 2320 beatae
699 2291 818 2320 Mariae
838 2290 1063 2320 festivitatibus
1083 2294 1112 2318 et

101 2355 157 2386 per
171 2350 241 2376 octo
258 2344 325 2374 dies
341 2349 520 2383 sequentes.
542 2344 612 2374 Dat.
631 2348 786 2382 utsupra.
806 2344 905 2381 (leid.)

641 2423 772 2456 Orvieto,
793 2424 824 2451 13
840 2424 943 2451 fevi-ier
964 2424 1039 2450 1291.

142 2487 181 2517 In
206 2496 233 2517 e.
255 2496 311 2523 m.,
336 2495 390 2525 pro
415 2485 548 2516 ecclesia
568 2486 675 2516 Sancti
701 2486 856 2525 Stephani
878 2486 916 2516 de
945 2485 1109 2521 Palaz01i0‚

102 2539 332 2579 Aquilegensis
353 2540 522 2577 dioecesis,
542 2540 577 2569 in
599 2540 708 2570 beatae
728 2541 847 2570 Mariae
869 2545 898 2569 et
923 2540 1023 2569 sancti
1042 2539 1111 2568 Ste-

103 2593 203 2632 phani
221 2593 462 2630 festivitatibus,
481 2603 535 2631 per
551 2598 620 2623 octo
636 2593 703 2623 dies
725 2598 894 2632 sequentes
911 2598 940 2622 et
964 2595 996 2622 in
1018 2593 1112 2622 anni-

103 2646 246 2676 versario
259 2645 310 2675 die
319 2645 529 2675 dedicationis
539 2646 684 2685 ejusdem
695 2646 857 2676 ecclesiae.
875 2647 944 2675 Dat.
960 2650 1110 2684 utsupra,

103 2699 212 2729 idibus
225 2699 390 2736 februarii,
408 2707 493 2729 anno
511 2699 612 2729 tertio.
630 2699 735 2738 (Ibid.)

174 2845 296 2873 4128

139 2906 323 2942 Dispensatio
339 2915 426 2942 super
444 2907 603 2942 pluralitate
622 2907 836 2934 beneficiorum.
852 2907 934 2939 (Rau.
952 2908 999 2941 45,
1012 2915 1036 2933 c.
1052 2907 1112 2939 718.

103 2957 125 2984 f.
144 2956 193 2984 146
210 2960 260 2989 v⁰.)

651 2844 778 2876 Orvieto,
798 2845 828 2871 13
846 2845 947 2871 fevi-ier
966 2844 1041 2872 1291.

142 3045 278 3075 Johannt
307 3046 340 3074 de
371 3045 502 3082 Osmele,
531 3046 719 3083 presbytero,
757 3046 971 3074 archidiacono
1000 3046 1113 3074 ecclesie

1184 447 1334 484 Elyensis,
1351 448 1506 484 capellano
1522 453 1633 476 nostro.
1652 446 1733 476 Cum
1750 455 1785 476 eo
1801 446 1963 484 dispensat
1980 451 2011 474 ut
2027 446 2189 475 archidia-

1185 503 1331 529 conatum
1355 499 1505 529 ecclesiae
1536 499 1683 538 Elyensis
1703 503 1733 529 et
1756 498 1921 528 ecclesiam
1949 498 1986 527 de
2009 498 2189 535 Balisham,

1186 552 1334 590 Elyensis
1352 552 1515 589 dioecesis,
1534 561 1614 591 quae
1631 551 1764 581 insimul
1787 551 1826 580 ab
1845 551 1922 580 olim
1939 551 2011 580 sine
2027 551 2192 589 dispensa-

1187 605 1272 634 tione
1296 605 1450 641 detinuit,
1473 605 1651 644 percipiens
1679 605 1800 634 fructus
1826 613 1863 633 ex
1889 603 2027 640 eisdem,
2052 604 2191 633 retinere

1187 657 1306 694 valeat3
1324 658 1498 688 dummodo
1519 666 1694 695 congruam
1713 662 1833 695 partem
1857 657 2018 686 fructuum
2037 656 2081 685 sic
2099 656 2193 685 inde-

1187 710 1250 740 bite
1280 716 1501 749 perceptorum
1530 711 1563 740 in
1594 710 1773 740 evidentem
1803 709 1971 739 utilitatem
2007 709 2191 738 eorumdem

1187 763 1465 793 archidiaconatus
1480 768 1510 793 et
1527 763 1678 793 ecclesiae
1696 767 1869 792 convertat.

1231 830 1242 841 a
1263 816 1376 846 Merita
1393 822 1442 846 tue
1457 816 1659 855 probitatis...
1676 832 1715 838 —
1731 816 1802 845 Dat.
1817 815 1899 853 apud
1916 815 2192 850 Urbemveterem‚

1189 870 1296 900 idibus
1311 870 1475 905 februarii,
1494 878 1580 899 anno
1598 869 1699 898 tertio.
1720 881 1733 895 n

1259 1035 1376 1063 4129

1228 1099 1411 1134 Dispensatio
1423 1106 1510 1132 supet·
1521 1097 1633 1124 defectu
1645 1097 1791 1123 natalium.
1802 1096 1884 1129 (Rm.
1895 1096 1938 1127 45,
1949 1104 1974 1122 e.
1984 1096 2071 1128 719‚f.
2084 1096 2132 1122 146
2144 1099 2193 1125 νῦ.)

1733 1032 1861 1066 ornem,
1881 1033 1912 1059 13
1928 1033 2031 1059 sevrier
2048 1032 2124 1059 1291.

1230 1203 1350 1232 Nicolao
1370 1202 1403 1230 de
1418 1202 1547 1236 Lenem,
1568 1201 1707 1235 diacono,
1728 1200 1872 1228 canonico
1888 1199 2098 1227 Londonienst.
2118 1198 2197 1227 Cum

1191 1264 1227 1285 eo
1252 1255 1416 1293 dispensat
1440 1258 1472 1283 ut
1495 1253 1644 1283 ecciesias
1665 1253 1704 1282 de
1734 1251 1885 1282 Boudone
1907 1255 1937 1281 et
1957 1251 1995 1280 de
2015 1250 2196 1288 Adeligsset‚

1192 1307 1427 1338 Lincolniensis
1449 1311 1479 1336 et
1503 1307 1709 1336 Eboracensis
1731 1305 1940 1340 dioecesium,
1967 1313 2045 1343 quas
2066 1303 2208 1335 insimul,

1191 1362 1261 1391 sine
1274 1361 1510 1400 dispensatione
1526 1361 1672 1393 detinuit,
1687 1360 1806 1389 fructus
1821 1359 1998 1397 percipiens
2013 1367 2047 1387 ex
2065 1357 2196 1392 eisdem,

1192 1420 1222 1445 et
1240 1414 1453 1454 praebendam
1476 1415 1507 1443 in
1530 1412 1748 1443 Londoniensi
1770 1411 1903 1441 ecclesia
1924 1411 2060 1440 retinere
2078 1410 2196 1444 valeat3

1192 1468 1366 1500 dummodo
1382 1477 1554 1505 congruam
1579 1471 1697 1505 partem
1718 1466 1877 1495 fructuum
1901 1465 1945 1494 sic
1964 1464 2104 1493 indebite
2127 1472 2197 1501 per-

1193 1527 1356 1561 ceptorum
1382 1522 1414 1550 in
1439 1519 1619 1550 evidentem
1647 1518 1816 1548 utilitatem
1844 1517 2074 1555 praedictarum
2100 1515 2199 1545 eccle-

1193 1576 1312 1605 siarum
1327 1578 1501 1604 convertat.

1235 1640 1248 1654 κ
1272 1627 1454 1657 Laudabilis
1470 1626 1718 1656 conversationis
1738 1629 1803 1654 et...
1820 1640 1859 1646 —
1876 1624 1946 1653 Dat.
1968 1627 2121 1661 utsupra.
2144 1635 2154 1646 υ

1264 1800 1387 1829 4180
1739 1796 1864 1826 Orvieto,
1885 1794 1915 1821 13
1933 1794 2035 1820 sevrior
2053 1793 2129 1820 1291.

1230 1863 1415 1898 Dispensatio
1431 1869 1518 1896 super
1534 1860 1693 1895 pluralitate
1710 1859 1924 1885 beneficiorum.
1943 1857 2022 1887 (Rae.
2042 1857 2083 1886 45,
2100 1865 2125 1881 c.
2139 1855 2200 1885 730,

1194 1913 1215 1940 f.
1235 1913 1283 1940 146
1301 1914 1349 1943 v0.)

1235 2016 1375 2045 Riccardo
1392 2015 1424 2043 (le
1440 2015 1621 2049 Huverinqe,
1641 2012 1749 2040 rectori
1764 2011 1880 2039 ecclesie
1895 2010 1929 2038 de
1951 2009 2085 2043 Wemmc,
2105 2008 2203 2035 [Αἰθὴρ-

1195 2070 1336 2106 s'etdensts
1346 2068 1479 2096 diocesis.
1488 2066 1570 2095 Cum
1582 2074 1619 2094 eo
1633 2064 1795 2102 dispensat
1806 2068 1838 2091 ut
1848 2061 1996 2091 ecclesias
2007 2060 2044 2089 de
2053 2060 2203 2089 KVemnie

1195 2128 1225 2152 et
1240 2124 1278 2152 de
1295 2121 1368 2151 Alta
1383 2120 1491 2156 Clera,
1518 2118 1767 2148 Licheseldensis
1787 2122 1816 2146 et
1837 2114 2094 2145 XVinctouiensis
2114 2112 2202 2142 dioe-

1196 2177 1328 2210 cesium,
1341 2182 1420 2212 quas
1437 2172 1570 2201 insimul
1586 2172 1654 2200 sine
1668 2169 1906 2208 dispensatione
1922 2167 2070 2202 detinuit,
2082 2166 2203 2195 fructus

1196 2228 1375 2268 percipiens
1404 2236 1439 2256 ex
1465 2225 1600 2259 eisdem,
1622 2224 1760 2253 retinere
1786 2221 1887 2251 valeat
1901 2231 1907 2257 3
1933 2219 2104 2250 dummodo
2127 2227 2204 2247 cou-

1195 2291 1307 2321 gruam
1320 2286 1439 2319 partem
1453 2280 1612 2308 fruetuum
1630 2278 1674 2306 sic
1690 2275 1830 2305 indebite
1844 2279 2063 2312 perceptorum
2081 2273 2114 2301 in
2133 2272 2201 2300 evi-

1195 2337 1323 2366 dentem
1341 2333 1507 2363 utilitatem
1524 2330 1708 2361 earumdem
1723 2328 1929 2358 ecclesiarum
1946 2330 2118 2356 convertat.

1235 2399 1248 2418 «
1269 2386 1452 2417 Laudabilis
1466 2383 1717 2415 conversationis
1734 2387 1800 2411 et...
1822 2398 1859 2401 —
1879 2381 1948 2410 Dat.
1970 2385 2124 2416 utsupra.
2147 2391 2160 2403 »

1265 2559 1382 2588 4181
1755 2553 1881 2585 Orviet0,
1901 2553 1915 2578 5
1933 2550 2035 2577 {errict-
2055 2550 2130 2575 1291.

1231 2623 1359 2649 Ecclesia
1375 2622 1408 2647 de
1426 2620 1576 2654 Mirapisce
1591 2618 1742 2645 Guiileltno
1758 2615 1860 2642 Amolii
1877 2614 1911 2639 de
1923 2613 2074 2646 ›In-apisce
2090 2611 2204 2636 confer-

1196 2678 1251 2700 tur.
1269 2672 1352 2706 (Rea.
1370 2671 1413 2702 45,
1430 2678 1455 2696 c.
1472 2669 1533 2703 721,
1551 2669 1569 2694 si
1591 2667 1638 2693 146
1656 2667 1707 2698 v0.)

1237 2775 1398 2805 Guillelmo
1416 2772 1523 2801 Amelii
1542 2771 1575 2799 de
1593 2769 1765 2806 illirapisce,
1788 2766 1948 2795 Thotosane
1966 2763 2099 2791 diocesis.
2120 2760 2202 2790 Cum

1197 2838 1232 2859 eo
1253 2829 1414 2866 dispensat
1438 2830 1470 2854 ut
1490 2823 1655 2853 ecclesiam
1678 2821 1716 2849 de
1739 2818 1924 2857 Mirapisce,
1945 2815 1982 2844 ad
1999 2823 2094 2853 quam
2113 2821 2202 2851 prae-

1198 2886 1338 2912 sentatus
1357 2884 1402 2909 est
1420 2888 1437 2907 a
1461 2900 1480 2906 ..
1505 2879 1660 2914 prioratus
1682 2873 1740 2902 loci
1757 2871 1898 2909 ejusdem
1916 2868 2039 2907 priore,
2058 2875 2131 2896 vero
2149 2874 2202 2903 pa-

1200 2941 1304 2970 trono,
1325 2938 1354 2963 et
1375 2933 1408 2962 in
1429 2940 1490 2970 qua
1513 2930 1551 2958 ab
1572 2928 1717 2966 episcopo
1741 2924 1920 2955 Tliolosano
1942 2922 2109 2951 institutus
2134 2923 2201 2953 est,

1198 2990 1335 3019 retinere
1350 2986 1460 3015 valeat.
1474 2984 1553 3013 Cum
1566 2980 1725 3020 quondam
1739 2978 1888 3016 magister
1902 2974 2044 3013 Egidius,
2058 2971 2201 3011 ejusdem

1199 3040 1350 3072 ecclesiae
1364 3043 1483 3071 rector,
1504 3045 1537 3066 se
1553 3035 1590 3064 ad
1609 3033 1861 3072 presbyteratum
1878 3027 2057 3068 promoveri
2074 3034 2138 3055 non
2158 3025 2202 3053 fe-
