2342 3652
926 357 1158 394 TROISIEME
1179 353 1335 392 ANNnE.
2115 361 2170 391 461

86 434 196 465 dantes
214 441 249 462 ac
267 432 409 462 volentes
429 436 462 461 ut
481 440 517 461 ex
537 431 595 460 hoc
613 430 774 470 premium
796 430 954 468 condigne
976 438 1085 459 remu·

85 485 260 517 nerationis
278 485 441 523 acquiras,
461 484 535 520 tibi,
557 487 721 522 postquam
741 484 911 522 pecuniam
929 484 1030 521 ipsam
1051 482 1086 511 in

86 540 166 570 dicte
181 543 260 568 terre
276 537 456 567 subsidium
472 537 662 574 erogaveris,
680 536 783 572 illam,
797 537 888 575 juxta
903 534 1087 573 hujusmodi

86 591 294 632 quantitatem
313 590 448 620 subsidii
468 594 499 619 et
519 589 697 619 devotionis
718 589 884 626 affectum,
903 589 1089 618 auctoritate

85 645 292 685 presentium,
305 648 504 683 peccatorum
519 647 660 679 tuorum,
672 642 710 672 de
726 642 842 680 quibus
854 642 945 671 corde
954 641 1090 671 contrita

88 703 119 729 et
132 707 185 728 ore
199 698 342 727 confessa
357 697 472 733 fueris,
490 697 618 726 veniam
639 695 847 733 indulgemus
867 703 928 733 que
950 694 1088 732 proficis-

87 751 230 782 centibus
246 751 280 780 in
298 751 395 780 Terre
412 750 528 780 Sancte
546 749 725 779 subsidium
742 749 776 778 in
795 747 937 786 generali
955 746 1089 777 consilio

86 813 106 835 a
118 804 191 834 sede
205 803 374 842 apostolica
389 808 437 833 est
451 812 610 833 concessa.
626 803 695 832 Dat.
716 802 827 837 Rome,
840 801 924 839 apud
940 800 1090 830 Sanctam

88 857 222 888 Mariam
238 857 410 895 Majorem‚
430 856 525 886 nonis
541 855 666 890 martii,
686 863 771 884 anno
787 854 891 884 tertio.
912 865 925 880 n

158 1042 276 1072 8223

122 1106 251 1133 Licentia
265 1104 428 1131 celebrandi
443 1104 488 1130 vel
510 1104 645 1130 audiendi
666 1104 759 1130 officia
774 1104 802 1130 in
826 1104 898 1129 locis
921 1101 1091 1128 interdictis.

89 1155 170 1192 (Ru.
188 1155 220 1182 45
233 1175 240 1186 ,
257 1162 283 1181 c.
300 1153 372 1185 221³,
390 1154 409 1180 f.
427 1153 459 1180 39
476 1155 526 1186 vo.)

443 1041 800 1076 Sainte-Marie-MaJem-e,
819 1042 832 1067 7
850 1049 926 1067 mars
944 1040 1021 1066 1290.

127 1258 242 1288 Eidem.

131 1323 145 1339 ιι
161 1310 343 1350 Apostolice
359 1309 442 1339 sedis
459 1309 680 1347 benignitas...
699 1324 736 1330 —
753 1309 816 1338 Dat
831 1313 864 1338 ut
879 1317 985 1346 supra.
1000 1320 1015 1334 n

619 1360 634 1379 O

161 1497 281 1526 2224
654 1494 782 1526 Orvieto,
797 1495 830 1522 33
842 1495 937 1529 juillet
951 1494 1027 1522 1290.

126 1560 311 1595 Dispensatio
340 1568 428 1595 super
457 1559 571 1585 defectu
600 1559 748 1585 natalium.
775 1558 858 1592 (Res.
891 1559 942 1589 45,
974 1566 1000 1584 o.
1031 1557 1100 1591 222,

92 1610 112 1637 f.
129 1610 162 1637 39
177 1611 229 1643 v⁰.)

138 1736 156 1742 ..
183 1713 270 1745 electo
290 1712 466 1741 Cassellensi
491 1710 636 1741 concedit
661 1714 820 1748 quatenus
840 1719 912 1739 cum
935 1708 1102 1738 KVillelmo

96 1765 244 1803 Patricii‚
261 1765 447 1804 presbytero
466 1763 674 1794 Cassellensis
692 1763 860 1799 dioecesis,
879 1771 1016 1801 quocum
1034 1763 1103 1801 jam

95 1819 315 1859 dispensatum
331 1823 377 1848 est
393 1823 438 1855 ut,
455 1826 519 1848 non
535 1817 680 1847 obstante
693 1816 816 1846 defectu
834 1816 989 1845 natalium
1006 1824 1102 1854 quem

95 1873 232 1913 patitur,
255 1883 271 1902 e
294 1872 397 1902 soluto
419 1872 548 1910 genitus
571 1875 600 1900 et
625 1870 746 1906 soluta,
774 1870 813 1899 ad
837 1878 949 1899 omnes
973 1869 1102 1899 ordines

95 1927 274 1967 promoveri
298 1930 329 1956 et
353 1925 547 1956 beneficium
573 1923 845 1959 ecclesiasticum,
873 1923 968 1952 etiam
993 1931 1102 1952 euram

95 1981 278 2011 animarum
301 1979 440 2017 habens,
463 1978 602 2017 recipere
620 1982 738 2016 posset,
758 1986 868 2006 rursus
886 1976 1048 2015 dispenset
1069 1979 1104 2005 ut

95 2033 272 2073 quamlibet
285 2033 488 2071 dignitatem,
499 2030 670 2070 episcopali
679 2034 818 2069 excepta,
830 2030 971 2068 recipere
988 2029 1101 2058 valeat.

137 2099 151 2114 α
167 2086 368 2117 Constitutus
382 2086 415 2115 in
432 2089 579 2115 nostra...
593 2101 631 2105 --
643 2084 714 2114 Dat.
729 2083 813 2122 apud
826 2083 1101 2117 Urbemveterem,

96 2149 116 2169 x
131 2139 284 2170 kalendas
299 2138 443 2177 augusti,
459 2146 545 2168 anno
563 2137 664 2167 tertio.
683 2148 698 2163 »

169 2315 288 2355 παῦε
679 2322 811 2355 Orviem,
833 2323 862 2350 13
875 2324 937 2357 juin
958 2323 1033 2350 1290.

99 2425 112 2453 ί
135 2388 320 2423 Dispensatio
353 2394 441 2422 super
469 2385 583 2412 defectu
612 2385 759 2412 natalium.
791 2385 874 2418 (Res.
905 2385 956 2415 45,
982 2393 1007 2411 c.
1034 2385 1106 2418 223,

114 2459 119 2464 .
135 2438 168 2466 39
183 2437 236 2470 v0.)

141 2554 272 2585 Gerardo
291 2552 368 2583 dicto
391 2553 424 2582 de
446 2552 545 2581 Nerlz's
565 2550 601 2580 de
620 2551 793 2587 Florentia,
812 2552 965 2590 capellano
982 2560 1108 2580 venera-

103 2609 171 2639 bitis
185 2608 296 2646 fratris
311 2607 410 2636 nostri
427 2606 472 2642 B.,
485 2605 613 2643 episcopi
628 2605 812 2641 Penestrz'ni,
823 2613 959 2644 quocum
972 2605 1038 2642 Jam
1049 2604 1110 2633 dis'-

101 2665 270 2701 pensatum
294 2663 341 2690 est
365 2663 419 2696 ut,
442 2667 507 2688 non
529 2658 674 2688 obstante
692 2657 814 2688 defectu
834 2658 990 2687 natalium
1013 2666 1109 2696 quem

103 2715 241 2754 patitur,
265 2722 282 2743 e
309 2712 411 2743 soluto
439 2711 568 2749 genitus
597 2715 628 2740 et
653 2710 772 2747 soluta,
795 2710 833 2740 ad
851 2719 963 2741 omnes
982 2710 1109 2740 ordines

104 2766 282 2806 promoveri
307 2769 338 2796 et
361 2764 556 2795 beneficium
580 2763 850 2800 ecclesiasticum,
878 2763 973 2793 etiam
1000 2772 1109 2793 curam

104 2821 286 2851 animarum
306 2819 449 2854 habens,
472 2818 613 2856 recipere
633 2821 756 2856 posset,
776 2826 888 2847 rursus
909 2817 1055 2855 indulget
1077 2821 1111 2846 ut

105 2878 308 2914 personatum
327 2872 378 2902 vel
399 2871 608 2909 dignitatem,
626 2869 796 2909 episcopali
812 2875 955 2909 excepta,
973 2871 1112 2909 recipere

105 2927 218 2958 valeat.

147 2993 162 3008 α
175 2980 298 3010 Meritis
312 2983 364 3009 tue
376 2977 593 3008 devotionis...
605 2976 726 3006 —Dat.
741 2978 825 3016 apud
834 2977 1109 3012 Urbemveterem‚

107 3033 212 3064 idibus
224 3032 324 3072 junii,
344 3040 429 3061 anno
445 3030 547 3060 tertio.
566 3041 581 3056 »

1242 428 1360 457 2⁸72ss
1755 428 1879 459 Orvieto,
1897 427 1931 454 22
1943 429 2007 462 Juin
2025 427 2101 455 1290.

1205 491 1252 516 Ad
1276 491 1471 525 inquisitionis
1495 492 1620 518 officium
1645 492 1673 518 in
1697 491 1827 518 Francia.
1855 491 1939 525 (Rae.
1964 492 2014 523 45,
2046 500 2072 519 c.
2102 492 2172 521 224,

1170 539 1190 565 f.
1209 539 1241 566 39
1259 546 1300 571 νὴ
1318 539 1384 566 LAP.
1403 549 1438 566 nu
1453 540 1551 571 ΤΗειι,
1566 540 1619 574 ΙΠ,
1640 541 1684 567 161
1699 553 1705 572 ;
1722 540 1838 571 Poma,
1858 540 1965 573 23297.)

1215 663 1234 670 ..
1257 642 1360 678 priori
1385 643 1567 678 provintiali
1592 644 1730 679 fratrum
1755 644 1874 672 ordinis
1892 644 2118 681 predicatorum
2144 644 2176 672 in

1171 693 1303 723 Francia
1319 695 1449 724 mandat
1466 700 1499 724 ut
1517 705 1569 725 sex
1586 696 1697 725 fratres
1713 705 1787 725 suae
1804 696 1979 734 provintiae
2000 696 2094 733 eligat
2115 696 2175 725 eis-

1172 755 1234 784 que
1248 748 1421 786 praecipiat
1442 753 1474 778 ut
1494 749 1715 787 inquisitionis
1737 750 1876 779 officium
1898 750 1932 778 in
1955 758 2053 787 regno
2074 750 2176 779 Fran-

1173 800 1256 835 ciae,
1280 802 1480 831 comitatibus
1505 807 1534 832 et
1559 803 1649 832 terris
1667 802 1716 839 C.,
1738 803 1821 840 regis
1844 802 1971 832 Siciliae
1985 827 1992 838 ,
2017 803 2153 841 exceptis
2169 826 2176 839 ,

1173 859 1382 892 exequantur.

1215 919 1228 933 u
1247 907 1309 936 Pre
1330 909 1452 937 cunctis
1471 913 1616 938 nostre...
1639 926 1677 929 —
1698 909 1769 939 Dat.
1792 908 1875 947 apud
1895 909 2177 944 Urbemveterem,

1174 967 1192 988 x
1207 959 1360 990 kalendas
1373 960 1463 999 julii,
1481 969 1566 990 anno
1584 962 1685 991 tertio.
1707 973 1720 987 n

1247 1119 1362 1147 2'2'2'2
1755 1117 1885 1148 Orvieto,
1903 1117 1935 1144 27
1949 1118 2012 1151 juin
2032 1117 2109 1145 1290.

1213 1180 1463 1207 praedicatoribus
1475 1180 1671 1215 inquisitionis
1684 1180 1806 1206 officium
1819 1180 1847 1205 in
1859 1187 1947 1213 regno
1958 1178 2093 1205 Franciae
2105 1187 2183 1206 com·

1179 1230 1264 1256 mittit
1279 1230 1361 1264 (Res.
1380 1230 1422 1263 45,
1441 1238 1466 1257 c.
1484 1230 1546 1260 225,
1563 1231 1582 1256 t.
1601 1230 1633 1256 40
1650 1231 1695 1262 ro).

1219 1328 1338 1356 Dilectis
1358 1327 1433 1363 filiis
1452 1327 1600 1362 fratribus
1621 1326 1740 1354 ordinis
1754 1325 1998 1362 predicatorum,
2022 1326 2186 1362 Inquisito-

1182 1382 1267 1410 ribus
1284 1381 1410 1409 heretice
1429 1381 1594 1416 pravilatis
1615 1380 1647 1408 in
1671 1387 1761 1416 reyno
1777 1379 1903 1407 Francie
1920 1379 2067 1416 deputatis
2085 1382 2187 1407 aucto-

1181 1436 1272 1463 ritate
1294 1431 1453 1469 apostolica
1475 1437 1501 1460 et
1526 1434 1555 1461 in
1580 1437 1732 1470 posterum
1756 1432 1945 1469 deputandis.
1967 1443 1980 1457 (ι
2000 1431 2061 1460 Pre
2081 1430 2187 1460 cuntis

1182 1492 1289 1517 nostre
1305 1486 1434 1523 mentis,
1449 1490 1520 1521 etc.,
1535 1490 1570 1515 ut
1585 1494 1691 1523 supra,
1705 1493 1806 1523 usque
1817 1489 1846 1514 et
1862 1484 2038 1514 doctrinam
2052 1484 2188 1513 fundant

1184 1540 1308 1570 erudita
1334 1539 1417 1568 labia
1444 1538 1636 1574 salutarem,
1666 1542 1700 1567 ut
1723 1546 1811 1567 sacro
1837 1538 1979 1576 ipsarum
2008 1525 2188 1567 ministerio

1183 1594 1341 1632 prefatum
1361 1601 1497 1630 regnum
1514 1592 1661 1621 immune
1677 1600 1805 1630 prorsus
1823 1591 1861 1620 ab
1877 1590 2064 1629 hujusmodi
2079 1595 2187 1620 conta-

1185 1647 1245 1684 giis
1263 1650 1476 1684 preservetur.
1498 1645 1542 1675 Ut
1559 1649 1665 1674 autem
1685 1644 1901 1682 inquisitionis
1919 1643 2060 1673 officium
2080 1648 2189 1673 contra

1185 1699 1339 1729 hereticos
1364 1699 1398 1727 in
1427 1697 1544 1736 prefato
1569 1706 1667 1731 regno
1689 1697 1873 1726 auctoritate
1898 1696 2066 1734 apostolica
2091 1696 2189 1734 possit

1185 1753 1338 1782 efficatius
1371 1750 1556 1789 adimpleri,
1588 1749 1773 1779 discretioni
1807 1752 1909 1778 vestre
1942 1758 1995 1787 per
2021 1749 2189 1787 apostolica

1186 1807 1301 1844 scripta
1321 1805 1533 1839 mandamus,
1555 1803 1587 1832 in
1613 1803 1836 1832 remissionem
1858 1802 1947 1832 vobis
1968 1803 2188 1841 peccaminum

1184 1860 1403 1898 injungentes.
1422 1861 1580 1896 quatenus
1598 1857 1631 1885 in
1651 1857 1779 1885 caritate
1794 1856 1868 1892 Dei,
1889 1856 2057 1886 hominum
2078 1857 2190 1887 timore

1188 1913 1368 1953 postposito,
1380 1911 1530 1940 virtutem
1545 1910 1676 1948 spiritus
1689 1909 1861 1939 induentes
1875 1919 1910 1939 ex
1927 1909 1999 1945 alto,
2013 1910 2189 1948 predictum

1185 1968 1343 2002 officium,
1362 1965 1446 2004 quod
1462 1963 1631 2003 apostolica
1652 1963 1742 1993 vobis
1761 1964 1945 1993 anctoritate
1962 1964 2190 1993 committimus

1187 2022 1219 2050 in
1240 2021 1323 2050 dicto
1339 2027 1450 2057 regno,
1465 2018 1668 2048 comitatibus
1685 2021 1714 2046 et
1732 2017 1823 2046 terris
1841 2017 1999 2046 carissimi
2015 2018 2048 2046 in
2065 2017 2191 2047 Christo

1187 2074 1248 2104 filii
1265 2073 1365 2103 nostri
1381 2072 1430 2108 C.‚
1446 2072 1529 2108 regis
1545 2070 1657 2100 Sicilie
1674 2070 1809 2099 illustris
1825 2075 1855 2099 et
1870 2070 2037 2100 Provincie
2053 2071 2190 2106 comitis,

1187 2127 1351 2157 dumtaxat
1370 2125 1518 2164 exceptis,
1536 2124 1631 2154 simul
1648 2124 1697 2153 vel
1715 2124 1884 2162 separatim
1901 2129 1955 2153 aut
1973 2124 2189 2161 singulariter,

1189 2185 1279 2219 prout
1296 2179 1416 2218 negotii
1438 2178 1560 2208 utilitas
1578 2178 1739 2214 suadebit,
1757 2178 1816 2207 sub
1837 2186 1890 2216 spe
1909 2177 2066 2207 mercedis
2084 2183 2192 2207 eterne

1190 2236 1235 2265 sic
1256 2233 1424 2264 efficaciter
1445 2233 1591 2271 prosequi
1614 2236 1644 2261 et
1661 2231 1771 2270 exequi
1789 2231 1940 2261 studeatis
1957 2237 1990 2261 ut
2006 2240 2059 2270 per
2075 2231 2191 2261 sollici-

1190 2287 1311 2317 tudinis
1326 2290 1430 2316 vestre
1448 2285 1650 2324 prudentiam
1667 2285 1705 2314 de
1718 2293 1816 2321 regno
1829 2284 1897 2322 ipso
1910 2284 1997 2313 radix
2013 2284 2193 2322 iniquitatis

1189 2341 1340 2377 heretice,
1354 2340 1454 2378 siqua
1471 2343 1517 2368 est
1527 2338 1561 2367 in
1579 2337 1741 2376 aliquibus
1753 2337 1821 2375 ejus
1834 2337 1988 2375 partibus,
2002 2337 2190 2371 succidatur,

1189 2399 1220 2424 et
1235 2394 1330 2423 vinea
1348 2392 1500 2427 Domini,
1519 2391 1738 2420 exterminatis
1756 2389 1934 2428 vulpeculis
1955 2398 2015 2428 que
2037 2390 2193 2427 perversis

1189 2447 1350 2477 morsibus
1372 2444 1590 2474 demoliuntur
1605 2443 1740 2473 eandem
1755 2467 1761 2479 ,
1780 2442 1901 2472 fructus
1917 2443 2026 2472 afferat
2041 2442 2193 2472 catholice

1190 2499 1348 2539 puritatis.
1364 2498 1397 2528 Si
1414 2506 1493 2536 quos
1514 2501 1620 2526 autem
1639 2496 1677 2525 de
1695 2496 1848 2534 pravitate
1864 2495 2003 2534 predicta
2020 2495 2194 2533 culpabiles

1190 2552 1381 2582 inveneritis
1404 2550 1454 2580 vel
1472 2550 1608 2579 infectos
1626 2558 1680 2579 seu
1698 2549 1795 2579 etiam
1813 2549 1998 2584 infamatos,
2016 2553 2124 2577 contra
2144 2547 2194 2586 ip-

1191 2615 1240 2636 sos
1251 2629 1258 2642 ,
1287 2605 1350 2634 nisi
1379 2603 1553 2633 examinati
1579 2601 1721 2632 absolute
1751 2601 1851 2631 velint
1876 2600 2034 2630 mandatis
2064 2600 2194 2630 ecclesie

1191 2659 1331 2694 obedire,
1346 2665 1472 2686 necnon
1487 2659 1518 2686 et
1531 2658 1639 2685 contra
1652 2658 1874 2693 receptatores,
1890 2654 2070 2684 defensores
2083 2659 2113 2684 et
2126 2654 2194 2684 fau-

1193 2717 1275 2742 tores
1288 2718 1409 2745 eorum,
1422 2710 1510 2747 juxta
1527 2708 1709 2738 sanctiones
1725 2707 1893 2737 canonicas
1909 2707 2093 2737 auctoritate
2108 2716 2196 2746 apos-

1192 2765 1304 2799 tolica,
1324 2762 1494 2792 hominum
1512 2766 1598 2790 metu
1618 2761 1726 2790 divino
1750 2760 1856 2789 timori
1880 2760 2064 2798 postposito,
2087 2769 2195 2798 proce—

1193 2818 1284 2847 datis.
1307 2816 1380 2845 Non
1401 2813 1599 2844 obstantibus
1617 2812 1779 2851 aliquibus
1794 2812 1907 2842 litteris
1923 2812 1960 2842 ad
1979 2821 2196 2852 quoscumque

1193 2871 1271 2901 alios
1285 2869 1323 2899 de
1337 2876 1436 2906 regno
1451 2867 1529 2905 ipso,
1545 2866 1680 2904 exceptis
1695 2865 1834 2895 locorum
1850 2865 2025 2895 diocesanis
2043 2870 2073 2895 et
2087 2866 2194 2904 inqui-

1194 2922 1343 2954 sitoribus
1360 2920 1522 2959 pravitatis
1539 2919 1680 2958 ejusdem
1698 2919 1731 2947 in
1750 2918 1950 2948 comitatibus
1969 2923 1999 2948 et
2017 2919 2110 2948 terris
2126 2929 2194 2958 pre-

1195 2975 1290 3006 dictis
1310 2984 1327 3003 a
1347 2973 1420 3003 sede
1436 2973 1592 3010 deputatis
1610 2971 1720 3001 eadem
1735 2996 1740 3008 ,
1760 2980 1853 3009 super
1868 2971 2053 3010 hujusmodi
2069 2972 2196 3010 negotio

1195 3029 1234 3059 ab
1256 3028 1323 3067 ipsa
1341 3026 1413 3056 sede
1435 3025 1578 3059 directis,
1596 3033 1732 3063 quarum
1750 3024 1897 3063 deinceps
1915 3023 1954 3053 ad
1973 3024 2197 3063 inquisitiones
