2342 3652
945 355 1171 393 ΒΕυΧΙΕΜΕ
1193 356 1348 395 ANNEE.
2128 379 2183 408 ‘289

171 423 420 452 1425-1480

135 485 339 519 Indulgentiae.
367 485 449 517 (Rsc.
470 486 512 518 44,
528 495 553 512 c.
571 487 631 517 52¹,
649 488 668 513 f.
686 487 736 514 ‘3⁶28
753 493 791 519 1·⁰;
811 488 927 521 Poma,
944 490 1052 523 23092.)

623 425 708 457 Rieu,
725 426 757 452 27
775 428 936 461 septembre
957 429 1030 456 1289.

136 609 158 616 ..
183 586 356 624 quantiano
380 593 405 616 et
426 588 575 623 fratribus
600 587 719 617 ordinis
745 591 899 619 minorum
924 592 956 620 de
980 592 1099 621 Brixia.

97 638 334 676 Indulgentiam
361 640 458 668 unius
475 640 553 668 anni
573 644 602 669 et
620 649 656 669 XL
672 641 797 671 dierum
818 643 962 672 concedit
981 644 1027 673 eis
1045 645 1101 683 qui

97 691 260 723 ecclesiam
283 692 321 721 de
342 691 466 727 Brixia,
485 692 517 721 in
535 692 567 722 S.
586 693 749 722 Francisci
767 694 922 724 honorem
941 701 1100 726 construc-

97 749 171 781 tam,
190 744 225 774 in
244 744 345 783 hujus
362 745 463 774 sancti
479 749 509 774 et
524 745 632 774 beatae
651 745 771 775 Mariae
788 747 1011 778 festivitatibus
1028 749 1101 778 visi-

96 798 241 828 taverint.

135 856 149 871 «
173 843 330 883 Splendor
346 849 475 882 paterne
491 844 628 883 glorie...
642 861 680 867 —
696 845 767 875 Dat.
786 847 895 882 Reate.
911 857 930 876 v
946 847 1099 878 kalendas

94 897 246 932 octobris,
263 906 349 927 anno
366 898 516 928 secundo.
541 911 554 925 η

615 979 700 1010 Rieti,
718 979 749 1005 27
767 980 930 1014 septembre
950 981 1024 1008 1289.

132 1042 170 1072 In
187 1050 215 1071 e.
234 1050 278 1071 m.
301 1064 321 1071 ..
341 1042 518 1072 abbatissae
535 1047 564 1072 et
580 1042 752 1072 conventui
771 1043 957 1072 monasterii
980 1044 1096 1073 Beatae

92 1094 210 1125 Mariae
234 1094 272 1124 de
287 1095 426 1125 Petriolo
451 1095 646 1132 Brixiwsis,
672 1095 796 1125 ordinis
822 1096 955 1126 Sanctae
971 1096 1093 1127 Clarae.

91 1147 230 1178 Eandem
251 1147 487 1186 indulgentiam
512 1148 658 1179 concedit
678 1149 725 1178 eis
745 1149 800 1187 qui
824 1149 987 1179 ecclesiam
1010 1151 1095 1188 ejus-

89 1200 160 1231 dem
181 1201 369 1231 monasterii
386 1202 419 1231 in
436 1201 545 1231 beatae
560 1202 679 1231 Mariae
696 1206 726 1231 et
741 1207 868 1232 sanctae
881 1202 992 1233 Clarae
1009 1204 1095 1233 festi-

88 1253 236 1283 vitatibus
251 1254 464 1285 visitaverint.
482 1255 553 1285 Dat.
572 1259 605 1284 ut
621 1264 726 1294 supra.
739 1254 891 1294 (Poma,
911 1255 1034 1296 23093.)

608 1335 695 1368 Rieti,
714 1336 746 1362 30
762 1337 925 1370 septembre
944 1326 1019 1364 1289.

125 1397 162 1426 In
181 1405 209 1427 e.
231 1405 275 1428 m.
298 1421 318 1426 ..
341 1397 518 1427 abbatissae
539 1403 569 1427 et
588 1400 759 1428 conventui
780 1400 966 1429 monasterii
983 1399 1091 1430 Sancti

86 1449 172 1480 Petri
187 1449 226 1480 de
242 1450 412 1487 Messema,
431 1450 556 1480 ordinis
568 1451 802 1488 Cisterciensis,
814 1452 990 1482 Janueusis
1001 1453 1090 1483 dioe-

85 1503 175 1533 cesis,
195 1503 337 1533 Eandem
361 1504 599 1542 indulgentiam
623 1505 766 1535 concedit
789 1506 833 1535 eis
851 1507 906 1544 qui
926 1506 1090 1536 ecclesiam

84 1556 235 1595 praedicti
260 1558 449 1587 monasterii
472 1558 505 1587 in
525 1558 556 1588 S.
579 1559 664 1588 Petri
688 1559 912 1590 festivitatibus
940 1560 1089 1590 visitave-

85 1609 158 1641 rint.
176 1610 246 1640 Dat.
265 1611 380 1647 Reate,
399 1620 421 1640 11
436 1610 590 1641 kalendas
605 1612 756 1649 octobris,
773 1621 860 1642 anno
876 1613 1026 1643 secundo.

670 1691 758 1726 Rieti,
774 1693 787 1718 7
806 1693 922 1719 octobre
940 1694 1016 1721 1989.

122 1751 160 1781 In
176 1760 203 1781 e.
220 1761 264 1782 m.
283 1752 444 1782 universis
468 1753 588 1783 Christi
605 1754 754 1783 fidelibus
771 1759 950 1794 praesentes
968 1755 1088 1786 litteras

82 1805 282 1845 inspecturis.
303 1806 545 1844 Indulgentiam
570 1812 699 1837 centum
725 1808 850 1838 dierum
876 1810 1019 1840 concedit
1043 1811 1088 1840 eis

82 1858 136 1897 qui
166 1859 331 1889 ecclesiam
360 1860 476 1890 Beatae
508 1861 629 1890 Mariae
659 1862 790 1900 Maj0ris
820 1862 1024 1893 Ferentinam
1052 1865 1086 1893 in

81 1912 189 1943 beatae
219 1913 340 1943 Mariae
369 1914 596 1944 festivitatibus
624 1915 833 1945 visitaverint.
863 1916 933 1946 Dat.
966 1918 1085 1955 Reate,

81 1967 173 1997 nonis
188 1967 340 2004 octobris,
358 1976 444 1998 anno
463 1969 614 1999 secundo.

645 2048 734 2079 Rieti,
752 2049 786 2075 *25
801 2050 917 2076 octobre
938 2050 1012 2077 1989.

119 2107 157 2136 In
175 2117 202 2138 e.
223 2117 268 2138 m.
289 2109 530 2148 Indulgentiam
557 2110 654 2140 unius
673 2112 749 2140 anni
766 2116 796 2141 et
811 2121 848 2141 XL
862 2112 989 2143 dierum
1009 2122 1083 2143 con-

79 2160 160 2190 cedit
175 2161 220 2191 eis
236 2162 291 2200 qui
307 2162 475 2192 ecclesiam
493 2164 681 2193 monasterii
699 2164 807 2194 Sancti
823 2165 984 2195 Johannis
996 2167 1084 2205 juxta

78 2214 256 2252 Ambianis,
278 2216 402 2246 ordinis
426 2217 771 2253 PraemonstratensiS,
790 2218 823 2247 in
841 2218 949 2248 beatae
966 2219 1084 2249 Mariae

79 2271 108 2298 et
124 2267 155 2298 S.
171 2268 334 2299 Johannis
351 2270 511 2309 Baptistae
529 2271 754 2301 festivitatibus
773 2272 984 2301 visitaverint.
1010 2273 1081 2302 Dat.

79 2319 212 2358 Romae,
234 2323 317 2361 apud
338 2323 487 2353 Sanctam
510 2324 645 2354 Mariam
673 2325 837 2363 Majorem,
856 2335 911 2355 vni
927 2326 1082 2356 kalendas

78 2375 269 2412 novembris,
285 2385 372 2406 anno
391 2377 541 2408 secundo.

641 2458 731 2489 Rieti,
754 2459 782 2485 l?
798 2459 915 2486 octobre
934 2459 1008 2487 1289.

115 2518 153 2548 In
169 2527 196 2549 e.
214 2528 256 2548 m.
275 2519 418 2550 Eandem
434 2520 672 2558 indulgentiam
688 2522 835 2552 concedit
849 2523 894 2552 eis
909 2523 963 2561 qui
980 2523 1080 2553 eccle-

77 2570 156 2601 siam
173 2571 281 2602 Sancti
303 2572 450 2603 Severini
475 2574 667 2604 confessoris
691 2575 729 2604 de
747 2574 926 2612 Cresciaco,
946 2576 1079 2606 Ambia-

77 2624 183 2654 nensis
198 2625 366 2664 dioecesis,
381 2627 416 2656 in
433 2627 533 2656 sancti
551 2627 698 2657 Severini
715 2632 745 2657 et
759 2628 867 2658 beatae
885 2628 1004 2658 Mariae
1020 2629 1080 2659 fes-

75 2675 249 2708 tivitatibus
273 2679 484 2710 visitaverint.
520 2680 590 2710 Dat.
620 2681 736 2718 Reate,
758 2690 805 2710 1111
829 2681 901 2711 idus
926 2682 1076 2717 octobris,

74 2737 158 2761 anno
173 2732 312 2762 secundo
327 2732 385 2771 (En
403 2733 531 2773 marye).

146 2876 255 2905 1481

110 2935 290 2973 Dispensatio
300 2940 505 2974 superdefectu
520 2941 665 2968 natalium.
676 2940 758 2973 (Res.
771 2942 814 2974 44,
823 2950 848 2968 c.
860 2942 920 2976 522,
930 2943 948 2969 t‘.
961 2942 1012 2969 228
1025 2944 1075 2975 vo.)

597 2879 682 2910 Rieti,
699 2879 732 2906 2⁶2
748 2880 910 2914 septembre
928 2880 1004 2907 1289.

112 3026 221 3056 Alvaro
235 3027 360 3065 Peltzyii,
374 3030 478 3057 eterit-0
492 3029 647 3065 lspalenss'.
659 3030 738 3058 (jum
754 3038 789 3058 eo
805 3030 967 3067 dispensat
982 3040 1076 3068 super

212 3092 283 3120 Rae.
305 3093 426 3121 Nicoms
448 3094 498 3120 IV.

1185 430 1308 461 defectu
1325 433 1480 464 natalium
1497 444 1592 474 quem
1608 438 1746 475 patitur,
1760 448 1776 469 e
1795 442 1962 479 conjugato
1976 443 2075 472 nobili
2093 446 2182 481 geni-

1185 486 1235 512 tus
1250 489 1279 513 et
1302 485 1414 522 soluta,
1428 489 1509 517 utad
1525 490 1663 520 minores
1676 491 1803 522 ordines
1820 495 1997 532 promoveri
2018 500 2047 524 et
2062 496 2181 526 benefi-

1185 537 1270 566 cium
1289 538 1554 573 ecclesiasticum,
1573 543 1641 573 sine
1656 553 1745 580 cura,
1765 546 1924 585 suscipere
1941 548 2053 577 valeat.

1227 602 1239 616 ι
1265 591 1329 620 Etsi
1346 593 1445 629 geniti
1462 603 1536 625 ex...
1551 612 1590 618 --
1606 597 1676 626 Dat.
1696 598 1809 634 Reate,
1826 609 1843 628 x
1859 599 2012 631 kalendas
2027 602 2179 632 octobris.

1184 652 1269 673 anno
1285 646 1434 676 secundo.
1455 660 1466 673 »

1257 803 1276 830 Ι
1285 804 1371 832 482

1218 864 1259 890 De
1279 868 1462 893 contentione
1483 869 1556 894 inter
1577 869 1757 897 Albertinum
1781 872 1815 898 de
1837 873 1960 905 Ostiolo,
1979 874 2129 902 Continum
2147 877 2180 903 dc

1702 808 1785 840 Rieti,
1804 810 1836 836 30
1852 812 2013 845 septembre
2036 813 2108 840 1289.

1180 912 1319 940 Trivultio
1336 918 1364 941 et
1380 915 1589 943 Guifl'redinum
1607 917 1801 950 Mau-iuononi,
1824 921 1931 947 ratione
1955 923 2130 956 praebendae
2153 926 2180 952 in

1180 962 1304 989 ecclesia
1327 964 1360 989 de
1385 963 1506 995 Bollate,
1524 965 1748 993 Mcdiolanensis
1765 968 1907 995 dioecesis
1922 970 2003 1002 (Res.
2023 972 2064 1005 44,
2078 981 2102 999 c.
2120 974 2179 1004 523,

1180 1009 1199 1036 f.
1214 1010 1265 1037 ‘2⁴28
1282 1014 1332 1043 vv.)

1221 1114 1346 1141 ..abbati
1364 1116 1540 1144 monasterii
1558 1116 1662 1145 Sancti
1680 1117 1825 1146 Vina-emti
1841 1119 2079 1149 Mediolanensis.
2095 1133 2107 1147 ι
2121 1122 2179 1151 Pe-

1179 1164 1247 1194 titio
1272 1165 1379 1195 dilecti
1406 1166 1464 1196 filii
1491 1167 1648 1197 Albertini
1674 1169 1712 1198 de
1737 1169 1874 1205 ostiolo,
1898 1171 2004 1202 clerici
2030 1173 2180 1204 Mediola-

1177 1218 1301 1254 nensis,
1321 1219 1411 1248 nobis
1429 1220 1571 1250 exhibita
1590 1222 1771 1252 continebat
1791 1224 1890 1262 quod.
1909 1230 2038 1255 vacante
2054 1227 2129 1256 olim
2146 1229 2179 1257 in

1177 1271 1308 1300 ecc-lesia
1331 1271 1369 1300 de
1390 1272 1524 1310 Bollate,
1548 1274 1796 1305 Mediolanensis
1818 1276 1967 1310 diocesis.
1986 1287 2040 1316 per
2057 1279 2179 1310 obitum

1176 1325 1337 1362 quondam
1362 1326 1482 1355 Mathei
1508 1327 1712 1365 Bruxatoris,
1732 1329 1832 1367 ipsius
1859 1330 1989 1361 ecclesie
2013 1333 2177 1369 canonici,

1174 1379 1310 1417 quadam
1330 1379 1503 1418 prebenda,
1522 1382 1716 1411 venerabilis
1734 1382 1830 1412 frater
1848 1388 1954 1413 noster
1972 1408 1990 1413 ..
2008 1371 2178 1425 archiepis-

1174 1440 1269 1470 copus
1304 1432 1554 1463 Mediolanensis
1578 1434 1667 1463 illam
1689 1435 1880 1466 Guifredino
1909 1437 2090 1470 Marinono,
2115 1439 2177 1469 cle-

1173 1485 1238 1514 rico
1273 1485 1521 1523 Mediolanensi,
1551 1487 1641 1516 duxit
1671 1489 1855 1518 auctoritate
1887 1489 2064 1520 litterarum
2094 1492 2177 1522 sedis

1173 1539 1353 1577 apostolice,
1372 1543 1406 1569 ut
1420 1540 1546 1571 dicitur.
1564 1541 1801 1576 conferendam,
1820 1547 1945 1581 propter
1961 1544 2045 1581 quod
2064 1544 2175 1574 Conti-

1173 1601 1234 1621 nus
1248 1592 1286 1621 de
1301 1592 1474 1629 Trivultio,
1492 1593 1625 1623 clericus
1641 1595 1906 1632 Mediolanensis,
1924 1597 1978 1634 qui
1996 1606 2089 1635 super
2106 1606 2175 1636 pro-

1172 1645 1296 1674 visione
1324 1645 1383 1675 sibi
1411 1637 1555 1675 facienda
1581 1647 1620 1675 de
1647 1646 1754 1686 aliquo
1781 1647 1994 1678 ecclesiastico
2022 1650 2176 1681 beneficio

1172 1702 1331 1736 spectante
1349 1699 1387 1728 ad
1406 1699 1606 1728 collationem
1628 1700 1677 1729 vel
1696 1701 1964 1738 presentationem
1985 1724 2002 1731 ..
2026 1704 2175 1741 prepositi

1172 1758 1202 1782 et
1216 1753 1345 1791 capituli
1362 1753 1494 1782 ecclesie
1509 1753 1687 1791 supradicte
1706 1754 1744 1783 ad
1762 1759 1863 1784 certos
1886 1760 2066 1786 executores
2083 1765 2174 1795 apos-

1173 1806 1279 1835 tolicas
1307 1806 1427 1836 litteras
1455 1807 1657 1845 impetrarat,
1679 1816 1823 1836 asserens
1855 1809 2046 1846 prebendam
2073 1810 2174 1847 ipsam

1171 1864 1310 1898 spectare
1332 1860 1371 1888 ad
1393 1869 1484 1896 eum,
1511 1860 1550 1889 ad
1577 1861 1684 1890 sedem
1710 1860 1916 1899 apostolicam
1940 1862 2124 1900 appellavit,
2145 1867 2176 1892 et

1172 1917 1234 1942 tam
1251 1913 1286 1942 in
1299 1913 1523 1952 appellationis
1540 1913 1723 1952 hujusmodi
1742 1923 1838 1952 quarn
1855 1915 1972 1952 negotii
1989 1915 2174 1954 principalis

1169 1976 1274 2004 causa,
1294 1975 1355 2004 que
1371 1967 1455 1996 inter
1471 1967 1554 2005 ipsos
1573 1967 1759 2002 Comitium,
1777 1967 2002 1997 Guifredinum
2019 1974 2049 1998 et
2064 1969 2174 1998 Alber-

1168 2020 1274 2049 tinum
1291 2020 1440 2057 eundem,
1456 2020 1489 2049 in
1505 2020 1666 2059 prebenda
1678 2021 1745 2059 ipsa
1759 2030 1791 2050 se
1804 2021 1857 2059 jus
1870 2020 1987 2050 habere
2000 2022 2170 2052 dicentem.

1167 2077 1198 2103 et
1214 2082 1433 2112 quoscumque
1451 2073 1531 2103 alios
1550 2074 1745 2110 vertebatur,
1763 2083 1819 2103 seu
1837 2074 1915 2104 verti
1936 2079 2053 2112 posset,
2070 2075 2171 2104 felicis

1166 2125 1396 2156 recordationis
1413 2127 1569 2155 Martinus
1586 2135 1679 2165 papa,
1696 2126 1896 2165 predecessor
1912 2131 2032 2162 noster,
2051 2127 2169 2164 magis-

1167 2183 1249 2208 trum
1268 2179 1443 2208 Rainerum
1460 2179 1498 2208 de
1515 2179 1670 2214 Viterbio‚
1689 2178 1890 2217 capellanum
1910 2184 2067 2215 nostrum,
2085 2180 2171 2209 dedit

1165 2233 1283 2263 eisdem
1315 2233 1457 2271 partibus
1485 2232 1683 2269 auditorem,
1711 2236 1740 2262 et
1769 2241 1804 2262 eo
1835 2241 1867 2262 se
1891 2233 1930 2261 ad
1958 2237 2062 2271 partes
2090 2233 2168 2263 alias

1166 2286 1392 2322 transferente,
1417 2286 1466 2324 pie
1491 2286 1646 2315 memorie
1668 2285 1829 2315 Honorius
1852 2295 1945 2323 papa.
1967 2285 2169 2323 predecessor

1165 2343 1286 2376 noster,
1304 2339 1419 2369 dilecto
1438 2338 1504 2369 filio
1523 2339 1673 2376 magistro
1693 2338 1842 2369 Nicolino
1863 2338 1901 2367 de
1916 2338 2065 2375 Camilla,
2084 2339 2167 2368 sedis

1163 2391 1332 2430 apostolice
1350 2391 1531 2430 capellano,
1548 2392 1581 2420 in
1601 2400 1637 2421 eo
1653 2395 1734 2421 statu
1750 2391 1784 2420 in
1800 2400 1862 2429 quo
1878 2396 1944 2420 erat
1961 2400 2066 2420 coram
2084 2391 2166 2421 dicto

1163 2445 1315 2482 magistro
1329 2445 1365 2473 R.
1375 2468 1380 2479 7
1390 2444 1583 2473 audiendam
1593 2444 1754 2473 commisit
1763 2449 1792 2473 et
1803 2444 1865 2472 fine
1876 2443 1979 2473 debito
1990 2446 2164 2473 terminan—

1163 2498 1246 2527 dam.
1270 2498 1410 2527 Demum
1434 2498 1592 2527 dictorum
1613 2496 1761 2533 Contini,
1786 2497 1982 2526 Guiffrediui
2000 2506 2035 2526 ac
2051 2497 2164 2526 Alber-

1163 2552 1222 2581 tini
1234 2551 1489 2589 procuratoribus
1498 2559 1602 2580 coram
1617 2550 1726 2580 eodeni
1739 2550 1883 2579 auditore
1895 2550 2160 2587 comparentibus,

1161 2609 1191 2634 et
1206 2613 1262 2643 pro
1278 2608 1363 2643 parte
1379 2604 1453 2633 dicti
1470 2603 1631 2633 Albertini
1647 2603 1750 2632 oblato
1768 2603 1893 2636 libello,
1912 2606 1942 2631 et
1962 2611 2016 2640 per
2035 2603 2162 2631 eosdem

1161 2657 1317 2687 dictorum
1340 2656 1513 2692 Albertini,
1535 2656 1667 2686 Contini
1693 2661 1723 2685 et
1744 2655 1925 2685 Guifredini
1948 2659 2164 2692 procuratores

1161 2712 1215 2742 lite
1231 2715 1401 2741 contestata
1419 2720 1513 2750 super
1528 2711 1598 2746 illo.
1617 2714 1646 2740 et
1663 2711 1701 2739 de
1721 2711 1850 2739 veritate
1873 2709 2007 2739 dicenda
2034 2710 2164 2747 prestito

1156 2766 1410 2805 juramentofftc
1435 2773 1490 2802 per
1513 2764 1641 2792 eosdem
1665 2762 1823 2792 dictorum
1846 2761 2030 2791 Guifredini
2055 2766 2085 2791 et
2108 2761 2162 2791 Al-

1159 2818 1278 2848 bertini
1304 2821 1520 2855 procuratores
1545 2815 1636 2845 factis
1659 2815 1886 2854 positionibus,
1907 2817 1936 2844 et
1960 2814 1999 2843 ad
2022 2823 2072 2844 eas
2096 2824 2162 2844 res-

1159 2870 1368 2909 ponsionibus
1402 2869 1578 2898 subsecutis
1592 2892 1599 2905 ,
1632 2876 1667 2898 ac
1701 2868 1809 2898 eodem
1845 2867 1945 2906 ipsius
1979 2867 2161 2897 Guifredini

1158 2927 1359 2962 procuratore
1386 2931 1491 2952 coram
1520 2921 1668 2951 Nicolino
1694 2924 1888 2959 proponente
1912 2920 2051 2959 predicto
2077 2921 2159 2960 quod

1157 2975 1366 3006 Guifredinus
1392 2975 1459 3014 ipse
1486 2974 1629 3005 nondum
1654 2975 1744 3004 etatis
1772 2983 1826 3003 sue
1852 2973 2011 3004 decimum
2037 2983 2159 3004 annum

1157 3030 1319 3067 attigerat,
1337 3029 1438 3059 dictus
1459 3028 1642 3063 Nicolinus,
1660 3027 1843 3066 hujusmodi
1868 3028 2081 3066 exceptionem
2103 3028 2158 3056 ad-

1986 3094 2016 3120 37
