2342 3652
910 387 1142 426 TRoismME
1163 388 1320 426 ANNEE.
2097 395 2153 428 463

70 473 145 495 nore
162 463 304 494 facultas.
324 463 421 493 Vobis
441 468 546 492 autem
563 472 618 501 pro
634 463 816 500 hujusmodi
838 463 964 501 negotio
983 463 1069 492 labo—

69 516 212 547 rantibus
248 516 338 545 illam
375 520 572 554 peccatorum
608 516 734 545 veniam
769 515 974 553 indulgemus
1008 524 1069 554 que

68 569 308 600 succurentibus
328 569 424 598 Terre
440 570 554 598 Sancte
570 570 601 597 in
618 569 761 605 generali
780 569 914 599 concilio
934 574 980 598 est
993 578 1069 598 con-

68 631 164 653 cessa.
181 621 281 652 Sociis
299 631 372 651 vero
388 622 538 651 fratribus
555 621 650 650 vestri
665 621 788 651 ordinis
804 626 834 650 et
851 622 983 651 notariis
999 631 1068 651 ves-

69 676 123 705 tris
146 675 201 714 qui
227 684 291 704 una
313 675 475 704 vobiscum
501 675 534 703 in
559 674 779 712 prosecutione
804 675 988 712 hujusmodi
1015 684 1068 704 ne-

67 728 146 767 gotii
179 727 368 758 laborabunt
397 732 426 757 et
457 728 607 757 omuibus
643 729 697 766 qui
736 727 944 766 personaliter
982 728 1070 757 vobis

67 781 224 811 astiterint
239 781 272 810 in
290 781 400 810 eodem
418 782 544 819 negotio
563 785 592 810 et
607 782 662 820 qui
678 781 716 810 ad
737 780 994 819 impugnandum
1014 780 1069 810 lie-

67 834 179 864 reticos
195 833 351 871 fautores,
375 839 583 873 receptatores
601 840 632 864 et
647 835 829 864 defensores
849 843 959 864 eorum
981 833 1070 863 vobis

69 897 104 918 ex
125 887 232 918 animo
249 888 447 926 prostiterint
463 888 652 923 consilinm,
670 888 825 918 auxilium
844 888 894 918 vel
910 888 1068 923 favorem,

68 940 107 971 de
129 940 357 979 omnipotentis
380 941 440 970 Dei
463 941 680 971 misericordia
697 946 726 971 et
745 941 910 971 beatorum
933 941 1018 970 Petri
1041 944 1071 969 et

69 993 178 1029 Pauli,
195 993 406 1032 apostolorum
425 995 512 1033 ejus,
530 995 715 1024 auctoritate
736 995 864 1029 confisi,
886 998 947 1023 tres
969 1001 1070 1022 annos

67 1047 107 1077 de
121 1046 274 1085 injunctis
297 1048 343 1077 eis
368 1047 554 1086 penitentiis
571 1048 762 1077 relaxamus.
783 1048 819 1077 Et
839 1048 866 1077 si
882 1048 937 1086 qui
953 1056 989 1077 ex
1006 1046 1070 1076 hiis

66 1100 100 1130 in
116 1100 334 1139 prosecutione
353 1101 539 1139 hujusmodi
556 1101 676 1138 negotii
699 1102 774 1131 forte
792 1102 1006 1137 decesserint,
1024 1100 1071 1129 eis

67 1158 264 1194 peccatorum
280 1154 426 1183 omnium
441 1154 479 1183 de
496 1155 613 1193 quibus
630 1155 724 1184 corde
739 1155 866 1185 contriti
882 1159 912 1184 et
926 1163 979 1184 ore
996 1162 1070 1184 con-

66 1205 141 1236 fessi
159 1205 280 1235 fuerint
296 1206 423 1244 plenam
447 1208 575 1236 veniam
601 1207 818 1244 indulgemus.
840 1206 1070 1246 Compescendi

66 1261 245 1298 propterea,
264 1259 443 1289 monitione
462 1261 614 1298 premissa
626 1283 634 1296 ,
652 1270 705 1298 per
721 1269 890 1290 censuram
906 1260 1070 1290 ecclesias-

67 1313 177 1348 ticam,
194 1312 404 1351 appellatione
421 1313 607 1352 postposita,
626 1314 836 1352 predicatores
852 1314 1068 1352 questuarios,

67 1365 120 1397 uhi
136 1367 303 1403 contigerit
318 1375 374 1405 pro
394 1367 612 1405 inquisitionis
629 1376 683 1396 seu
703 1367 775 1396 fidei
794 1367 919 1404 negotio
937 1375 1070 1404 congre-

66 1419 224 1458 gationem
247 1419 318 1449 fieri
342 1419 389 1449 vel
407 1419 487 1449 alias
510 1420 613 1450 eidem
633 1421 759 1458 negotio
777 1420 1014 1459 quomodolibet
1032 1428 1069 1449 ex

66 1473 125 1503 hoc
136 1472 403 1511 impedimentum
418 1474 525 1502 afferri
540 1483 556 1503 a
568 1474 791 1512 predicationis
804 1474 919 1510 officio,
933 1473 1018 1512 quod
1031 1474 1070 1503 ad

66 1525 150 1565 ipsos
166 1526 350 1556 nullatenus
370 1527 526 1565 pertinet,
547 1536 683 1565 quorum
700 1527 832 1556 interest
849 1532 973 1556 tantum
989 1527 1071 1557 cari-

67 1580 162 1610 tativa
187 1579 328 1609 subsidia
351 1580 541 1618 simpliciter
566 1585 683 1618 petere,
709 1590 744 1610 ac
769 1580 1015 1618 indulgentiam,
1044 1581 1071 1610 si

67 1641 162 1672 quam
177 1633 257 1663 iorte
273 1633 410 1671 habeut,
429 1643 589 1672 exponere
605 1658 610 1670 ,
628 1633 760 1663 liberam
779 1635 867 1664 vobis
884 1639 914 1663 et
933 1634 1071 1672 siugulis

67 1691 207 1717 vestrum
229 1687 434 1717 concedimus
456 1687 642 1717 auctoritate
665 1689 859 1726 presentium
879 1687 1070 1718 facultatem.

68 1739 216 1770 Ceterum
232 1741 257 1769 si
276 1740 371 1777 forte,
389 1740 474 1779 quod
492 1749 555 1770 non
571 1740 748 1777 credimus,
766 1741 869 1779 aliqui
887 1742 1072 1779 cujuscum-

68 1803 130 1834 que
140 1794 334 1825 conditionis
348 1794 423 1824 huic
435 1795 561 1832 negotio
574 1795 663 1824 vobis
678 1795 849 1825 commisso
865 1804 897 1824 se
915 1804 1073 1834 opponere

70 1856 128 1878 seu
149 1847 230 1878 illud
252 1848 508 1887 presumpserint
531 1848 733 1887 aliquatenus
758 1848 935 1887 impedire,
958 1853 991 1878 ut
1010 1857 1073 1878 non

68 1901 168 1943 possit
182 1901 308 1939 procedi
324 1901 423 1931 libere
440 1901 474 1930 in
491 1901 602 1931 eodem
613 1924 622 1938 ,
639 1906 748 1931 contra
763 1910 815 1931 eos
832 1906 982 1940 tanquam
999 1911 1073 1932 con-

70 1958 118 1984 tra
131 1953 347 1985 hereticorum
362 1955 501 1984 fautores
520 1959 549 1984 et
564 1954 765 1991 defensores,
783 1959 892 1984 contra
911 1954 983 1984 illos
1002 1963 1074 1984 vero

69 2008 125 2047 qui
138 2007 224 2038 idem
236 2008 401 2046 negotium
415 2008 562 2046 requisiti
573 2008 665 2046 juxta
678 2007 821 2038 officium
835 2012 864 2037 et
876 2016 966 2046 posse
979 2017 1073 2037 snum

65 2070 133 2091 non
145 2061 290 2100 juverint
309 2070 365 2091 seu
381 2061 521 2091 foverint
538 2060 689 2097 studiose,
714 2061 786 2090 freti
809 2060 919 2090 eadem
940 2061 1074 2090 auctori-

69 2118 148 2152 tate,
166 2114 325 2153 intrepide
347 2114 524 2153 procedatis
548 2113 726 2145 secundum
751 2122 920 2143 canonicas
937 2115 1073 2144 sanctio-

31 2189 34 2194 .
70 2176 137 2207 μθε.
155 2168 314 2207 Denique,
336 2172 371 2198 ut
391 2169 476 2197 circa
491 2168 648 2206 premissa
665 2167 759 2205 plene
779 2167 866 2197 vobis
888 2172 918 2197 et
939 2167 1074 2205 singulis

70 2226 211 2257 nestrum
224 2221 396 2252 coertionis
414 2221 559 2260 expedita
575 2225 605 2251 et
628 2220 824 2250 inviolabilis
844 2221 921 2249 assit
934 2220 1073 2250 anctori-

70 2279 128 2312 tas,
142 2275 290 2306 volumus
306 2280 341 2304 ut
355 2284 392 2305 ea
403 2275 514 2305 omnia
528 2274 663 2304 viriliter
677 2274 893 2313 exequamini.
912 2275 1073 2310 Invocato,

71 2327 100 2358 si
121 2336 198 2367 opus
220 2328 333 2366 fuerit,
347 2327 467 2358 auxilio
482 2327 608 2357 brachii
623 2327 788 2357 secularis.
805 2327 1074 2362 Contradictores,

72 2385 130 2412 etc.
144 2381 216 2412 Non
228 2381 427 2412 obstantibus
439 2380 600 2419 aliquibus
614 2380 792 2419 privilegiis
804 2380 852 2409 vel
866 2379 1076 2417 indulgentiis

72 2434 327 2474 quibuscumque
349 2434 503 2472 personis,
521 2434 662 2472 qu'usvis
682 2433 893 2469 conditionis,
913 2433 1077 2469 dignitatis

72 2487 123 2517 vel
141 2487 278 2526 gradus,
295 2486 465 2525 religionis
487 2486 536 2516 vel
558 2487 696 2523 ordinis,
721 2491 751 2516 et
768 2486 934 2525 presertim
959 2486 1076 2516 Cister-

73 2541 206 2579 ciensis,
223 2540 471 2580 predicatorum,
490 2541 652 2570 minorum
674 2550 728 2571 sen
744 2540 975 2570 heremitarum
986 2563 994 2577 ,
1012 2541 1078 2569 sive

73 2594 356 2625 communitatibus
368 2594 418 2624 vel
432 2593 695 2624 universitatibus
711 2593 875 2624 civitatum
892 2597 921 2623 et
936 2593 1077 2623 locorum

73 2647 246 2688 spetialiter
261 2647 311 2678 vel
326 2647 519 2686 generaliter
535 2647 594 2677 sub
609 2656 811 2686 quacumque
832 2647 1002 2676 verborum
1022 2655 1077 2676 ex-

73 2701 237 2740 pressione
258 2700 309 2731 vel
328 2701 432 2731 forma
451 2710 470 2730 a
489 2705 665 2731 memorata
686 2700 759 2730 sede
779 2700 936 2730 concessis
951 2699 1002 2729 vel
1020 2700 1077 2728 im-

74 2759 234 2794 posterum
254 2755 464 2785 concedendis
479 2779 485 2792 ,
503 2755 599 2784 etiam
617 2755 644 2784 si
661 2754 784 2784 dicatur
799 2754 834 2784 in
852 2753 916 2783 illis
932 2754 1015 2792 qnod
1034 2753 1079 2783 eis

75 2816 130 2847 per
151 2807 274 2848 aliquas
295 2808 416 2838 litteras
438 2812 538 2838 totum
558 2807 596 2837 de
616 2807 711 2837 verbo
728 2807 768 2837 ad
787 2808 920 2837 verbnm
938 2811 1079 2837 tenorem

77 2869 142 2892 non
158 2862 359 2892 continentes
373 2860 618 2900 privilegiorum
635 2860 685 2890 vel
700 2860 977 2898 indulgentiarum
993 2860 1002 2889 i
1007 2869 1078 2898 psa-

77 2922 148 2944 rum
164 2919 302 2953 nequeat
316 2914 480 2953 derogari,
501 2919 531 2944 et
551 2914 616 2944 illis
633 2914 772 2943 maxime
788 2913 966 2952 privilegiis
983 2918 1012 2943 et
1029 2914 1079 2943 iu-

77 2965 250 3005 dulgentiis
274 2967 390 3006 quibus
412 2968 452 2997 ab
474 2968 542 3006 ipsa
558 2967 630 2997 sede
651 2975 837 2997 concessum
858 2972 904 2997 est
918 2966 1080 3005 aliquibus

77 3027 133 3050 seu
151 3021 340 3051 concedetur
357 3021 508 3060 deinceps
529 3020 614 3059 quod
633 3020 905 3051 excommunicari
927 3019 976 3049 vel
995 3020 1080 3058 ipso-

58 3076 150 3104 ·rum
175 3078 255 3104 terre
277 3075 413 3114 supponi
431 3082 496 3104 non
517 3074 641 3113 possint
661 3073 872 3103 ecclesiastico
894 3072 1078 3108 interdicto,

1154 466 1209 492 aut
1224 463 1307 501 quod
1324 464 1536 501 predictorum
1552 465 1601 494 vel
1618 465 1757 494 aliorum
1772 464 1988 503 quorumlibet
2001 465 2153 494 ordinum

1154 515 1266 544 fratres
1282 515 1320 544 ad
1337 517 1540 547 executiones
1557 518 1757 555 negotiorum
1773 523 1827 548 aut
1842 519 1880 548 ad
1896 518 2063 549 citationes
2079 526 2154 557 quo—

1153 567 1304 596 rumlibet
1327 569 1393 597 sive
1414 569 1672 600 denuntiationes
1689 572 1919 600 sententiarum
1936 572 2154 601 excommuni-

1152 620 1295 657 cationis,
1310 623 1528 660 suspensionis
1542 623 1591 652 vel
1605 623 1767 653 interdicti
1781 624 1964 653 auctoritate
1976 623 2153 653 litterarum

1152 672 1397 710 apostolicarum
1416 676 1549 704 minime
1565 676 1635 713 cogi
1655 677 1792 714 possint,
1810 677 1872 706 nisi
1888 677 1926 706 de
1946 677 2086 715 ipsorum
2102 685 2153 707 or—

1153 725 1282 755 dinibus
1303 732 1332 756 et
1353 728 1528 766 privilegiis
1555 729 1603 758 vel
1627 729 1838 766 indulgentiis
1863 730 1908 759 eis
1933 740 2027 768 super
2051 730 2110 760 hoc
2137 739 2156 760 a

1153 779 1226 807 sede
1241 777 1400 809 concessis
1417 781 1525 810 eadem
1544 781 1696 811 habeatur
1716 772 1749 810 in
1767 783 1885 811 eisdem
1904 782 2019 812 litteris
2036 783 2154 813 mentio

1153 831 1304 870 spetialis,
1323 842 1394 862 cuin
1413 843 1450 863 ex
1466 834 1652 872 hujusmodi
1669 835 1718 864 vel
1734 835 1803 864 aliis
1819 836 1994 874 privilegiis
2006 837 2152 866 etiudul-

1151 886 1268 922 gentiis
1295 886 1420 915 nullum
1446 887 1533 916 vobis
1559 887 1592 916 in
1620 892 1704 917 tante
1724 889 1847 926 pietatis
1870 890 1994 926 negotio
2019 889 2155 919 velimus

1152 938 1353 968 obstaculum
1375 940 1536 977 interponi
1551 952 1556 975 ;
1575 945 1605 969 et
1623 941 1848 971 constitutione
1865 942 1902 971 de
1921 942 2044 971 duabus
2061 942 2155 972 dietis

1154 991 1238 1020 edita
1270 993 1303 1021 in
1333 992 1471 1022 concilio
1495 993 1650 1031 generali.
1678 994 1748 1023 Dat.
1770 994 1853 1032 apud
1874 995 2153 1031 Urbemveterem,

1152 1055 1172 1074 v
1188 1044 1341 1075 kalendas
1353 1046 1439 1084 julii,
1458 1055 1543 1076 anuo
1563 1047 1664 1077 tertio.
1686 1059 1698 1073 »

1223 1231 1340 1260 2228

1190 1293 1437 1320 Praedicator-ibus
1457 1294 1652 1329 inquisitionis
1673 1295 1796 1321 officium
1812 1295 1839 1321 in
1858 1294 2018 1326 Bisuntina,
2040 1295 2157 1322 Geben-

1154 1343 1246 1376 nensi,
1263 1342 1456 1374 Lausanensi,
1475 1342 1647 1374 Sedunensi,
1664 1343 1807 1377 Tullensi,
1824 1343 1956 1375 Metensi,
1974 1343 2157 1370 Verdunensi

1153 1391 1335 1418 dioecesibus
1351 1392 1503 1418 committit
1518 1392 1599 1426 (Res.
1617 1393 1658 1423 43,
1678 1401 1703 1418 c.
1722 1392 1781 1422 ⁵226.
1800 1393 1817 1418 f.
1836 1393 1865 1419 41
1884 1394 1931 1425 ro.)

1731 1231 1858 1263 Orvieto,
1875 1232 1908 1259 ‘26
1921 1233 1986 1266 juin
2006 1232 2083 1258 1290.

1194 1495 1312 1524 Dilectis
1331 1495 1405 1531 siliis
1427 1495 1578 1531 fratribus
1598 1495 1715 1524 ordinis
1733 1496 1973 1532 predicatorum,
2000 1496 2157 1532 inquisito-

1153 1549 1238 1576 ribus
1255 1549 1380 1576 heretice
1395 1549 1558 1585 pravitatis
1581 1549 1613 1576 in
1633 1548 1806 1583 Bisuntina,
1827 1548 2057 1583 Gebennenensi,
2077 1548 2156 1576 Lau—

1152 1602 1286 1637 sanensi,
1308 1602 1491 1637 Sednnensi,
1516 1600 1662 1637 Tullensi,
1683 1602 1815 1637 Metensi,
1842 1602 2027 1630 Verdunensi
2045 1601 2157 1630 civita—

1155 1655 1233 1683 tibus
1248 1660 1274 1684 et
1289 1655 1454 1684 diocesibus
1468 1656 1533 1684 suis
1548 1655 1698 1692 deputatis
1713 1656 1892 1684 auctoritate
1905 1654 2064 1692 apostolica
2079 1659 2105 1682 et
2125 1655 2157 1682 in
2192 1691 2198 1698 .

1153 1711 1304 1744 posterum
1322 1708 1512 1745 deputandis.

1198 1773 1210 1787 κ
1246 1761 1305 1790 Pre
1332 1761 1454 1790 cunctis
1481 1765 1566 1790 etc...
1597 1778 1634 1782 -
1663 1761 1732 1790 Dat.
1766 1761 1850 1799 apud
1876 1761 2155 1797 Urbemveterem,

1155 1823 1186 1843 V1
1203 1814 1357 1844 kalendas
1371 1813 1457 1853 julii,
1475 1823 1560 1843 anno
1578 1814 1680 1844 tertio.
1700 1826 1713 1840 »

1229 1987 1347 2015 2229

1192 2049 1234 2076 De
1251 2050 1447 2084 inquisitionis
1463 2049 1567 2076 officio.
1585 2048 1667 2082 (Rae.
1687 2049 1733 2080 45,
1756 2057 1781 2075 c.
1799 2049 1872 2080 2262,
1890 2049 1909 2075 Γ,
1928 2049 1956 2075 41
1980 2055 2019 2079 r⁰;
2043 2048 2159 2079 Pori-n..

1155 2099 1265 2132 23298.)

1731 1986 1860 2017 Orvieto,
1879 1986 1911 2012 ‘27
1924 1986 1988 2021 juin
2012 1986 2086 2013 1290.

1199 2224 1219 2231 ..
1244 2203 1346 2240 priori
1365 2202 1553 2239 provinciali
1574 2202 1710 2237 fratrum
1735 2201 1855 2230 ordinis
1879 2201 2104 2238 predicatortmi
2130 2202 2162 2229 in

1158 2256 1291 2284 Francia
1314 2255 1445 2284 mandat
1470 2258 1629 2293 quatenus
1656 2260 1717 2283 tres
1745 2254 1856 2284 fratres
1882 2255 1930 2283 sui
1956 2254 2078 2284 ordinis
2103 2253 2161 2283 eli-

1158 2313 1210 2346 gat
1229 2308 1339 2347 eisque
1355 2308 1528 2346 praecipiat
1545 2312 1578 2337 nt
1596 2308 1815 2346 inquisitionis
1834 2308 1977 2338 officium
1992 2308 2026 2337 in
2045 2308 2161 2337 Bisuu-

1159 2361 1242 2396 tina,
1272 2360 1496 2397 Gebennensi‚
1528 2361 1743 2397 Lausanensi,
1776 2360 1975 2396 Sednnensi,
2005 2360 2160 2395 Tullensi,

1160 2415 1295 2444 Metensi
1316 2418 1346 2444 et
1362 2413 1567 2443 Verdunensi
1585 2414 1765 2443 civitatibus
1787 2418 1816 2444 et
1833 2413 2030 2443 dioecesibus
2055 2417 2163 2443 contra

1159 2467 1334 2497 haereticos
1352 2472 1382 2496 et
1398 2467 1551 2503 fautores,
1571 2467 1751 2497 defensores
1774 2471 1804 2497 et
1824 2471 2030 2506 receptatores
2052 2475 2162 2496 eorum

1159 2525 1368 2560 exequantur.

1202 2587 1214 2602 α
1233 2575 1293 2604 Pre
1311 2574 1434 2604 cunctis
1452 2577 1536 2603 etc...
1550 2590 1589 2595 —
1602 2574 1672 2603 Dat.
1687 2573 1771 2613 apud
1787 2574 2060 2610 Urbemveterem,
2074 2582 2094 2602 v
2108 2572 2163 2602 ka-

1160 2628 1270 2659 lendas
1285 2627 1376 2665 julii,
1394 2636 1479 2657 anuo
1495 2628 1596 2658 tertio.
1613 2639 1626 2654 ν»
1820 2619 1822 2621 ’

1233 2799 1351 2828 228⁰
1741 2797 1870 2830 Orvieto,
1889 2797 1921 2824 ‘29
1933 2797 1998 2832 juin
2016 2797 2092 2824 1290.

1198 2862 1240 2888 De
1256 2862 1356 2888 eodem
1372 2861 1496 2896 negotio.
1515 2860 1598 2894 (Rae.
1616 2860 1659 2893 45,
1671 2867 1696 2886 e.
1713 2859 1775 2893 227,
1787 2860 1805 2886 s.
1818 2860 1849 2886 41
1867 2865 1908 2891 r⁰;
1926 2859 2043 2893 Po’rm„
2054 2860 2164 2893 23302.)
2194 2842 2202 2846 >

1203 2962 1324 2994 Dilectis
1341 2963 1416 2999 filiis
1430 2962 1580 2998 fratribus
1594 2961 1712 2990 ordinis
1725 2961 1952 2998 predicatorum
1970 2961 2165 2999 inquisitori-

1164 3018 1216 3046 bus
1236 3017 1360 3045 heretice
1379 3016 1543 3053 pravitatis
1557 3016 1736 3044 auctoritate
1754 3015 1831 3044 sedis
1847 3016 2004 3053 apostolice
2019 3016 2167 3053 deputatis

1163 3075 1189 3099 et
1211 3070 1245 3098 in
1264 3074 1416 3107 posterum
1435 3068 1616 3105 deputandis
1636 3066 1796 3105 significat
1817 3076 1849 3097 se
1868 3068 2013 3098 statuisse
2036 3073 2070 3098 ut
2092 3077 2165 3108 pro-
