2342 3652
941 362 1173 401 TROISIEME
1194 360 1351 400 ANNEE.
2134 371 2190 400 577

92 446 169 473 runt
192 440 276 480 quod
297 439 497 469 venerabiles
527 439 640 468 fratres
668 439 768 469 nostri
799 462 818 468 ..
848 439 1104 476 archiepiscopus

91 493 289 525 Viennensis
306 493 439 530 ejusque
456 492 661 528 suffraganei,
680 492 814 529 propriis
826 492 965 521 comodis
977 491 1104 519 inhian—

95 553 152 583 tes,
170 547 203 576 iu
223 554 333 575 eorum
351 544 492 582 generali
510 544 632 583 synodo
644 567 652 580 ,
671 553 725 573 seu
743 544 929 582 provinciali
952 543 1104 579 concilio,

94 601 178 630 inter
194 599 257 628 alia
273 598 384 627 minus
400 597 530 635 provide
548 599 726 626 statuerunt
743 597 826 635 quod
849 597 956 626 nullus
973 596 1105 625 clericus

95 653 146 683 vel
161 653 260 682 laicus
280 652 314 681 in
332 655 539 686 testamento,
559 650 718 680 codicillis
737 659 791 679 seu
811 651 922 680 ultima
945 649 1105 679 voluntate

95 706 220 737 arebus
240 705 306 734 suis
329 704 400 733 sine
422 704 580 742 presentia
605 703 724 741 proprii
747 703 917 733 sacerdotis
937 703 1106 740 disponere

97 759 147 789 vel
172 758 322 788 ordinare
351 756 574 795 quoquomodo
606 761 784 793 presumat3
819 756 903 794 quod
929 756 955 784 si
981 755 1104 787 fecerit,

97 813 263 850 scriptores
283 811 350 840 sive
367 810 482 839 notarii
498 809 553 847 qui
573 812 779 845 testamenta,
798 808 960 838 codicillos
981 817 1036 836 seii
1059 807 1107 836 ul-

99 865 192 895 timas
214 863 393 894 voluntates
420 862 606 901 hujusmodi
628 862 816 900 scripserint
841 862 908 900 ipso
936 862 1015 891 sacto
1040 869 1108 889 sen-

99 919 230 948 tentiam
245 915 585 947 excommunicationis
600 924 723 945 necnon
742 924 856 953 penam
874 914 1109 952 quinquaginta

99 970 277 1001 solidorum
292 973 418 998 monete
430 968 621 998 viennensis
633 967 812 1002 incurrant,
831 972 859 996 et
877 966 1111 997 nichilominus

99 1024 221 1054 tamdiu
240 1023 405 1060 ingressus
425 1021 556 1051 ecclesie
575 1020 780 1050 subtrahatur
797 1021 916 1050 eisdem
940 1020 1041 1049 donec
1059 1029 1111 1049 or—

99 1077 224 1107 dinario
237 1075 451 1106 satisfecerint
462 1075 501 1105 de
514 1074 663 1113 predictis
675 1085 680 1110 ;
700 1074 848 1112 quodque
862 1074 887 1102 si
903 1074 1043 1112 aliquem
1057 1082 1112 1111 per

101 1131 164 1161 loci
179 1129 379 1160 ordinarium
395 1137 469 1158 casu
485 1128 594 1167 aliquo
609 1128 880 1157 excommunicari
892 1129 1065 1165 contingat,
1084 1131 1113 1156 et

102 1183 397 1214 excommunicatus
413 1191 468 1220 per
479 1182 716 1220 quinquaginta
727 1181 793 1210 dies
810 1181 844 1209 in
861 1182 1112 1210 excommunica-

103 1237 190 1266 tione
206 1235 379 1274 persistens
395 1234 523 1273 petierit
545 1233 751 1272 postmodum
775 1242 807 1262 se
831 1233 951 1263 absolvi
966 1257 972 1269 ,
989 1233 1114 1262 absolu-

102 1289 199 1319 tionis
215 1288 406 1318 beneficium
423 1288 568 1317 obtinere
587 1286 776 1316 nullatenus
793 1291 962 1321 mereatur,
983 1287 1043 1316 nisi
1059 1295 1112 1315 or-

101 1342 229 1372 dinario
259 1341 399 1380 predicto
425 1339 666 1379 quinquaginta
693 1340 810 1370 solidos
846 1340 963 1378 prefate
988 1344 1113 1369 monete

102 1393 501 1433 duxeritpersolvendum.
517 1393 704 1423 Statuerunt
717 1393 813 1422 etiam
826 1398 859 1422 ut
873 1393 1032 1429 canonici,
1049 1401 1113 1422 mo-

103 1448 217 1484 nachi,
238 1447 452 1487 predicatores
475 1451 505 1476 et
520 1447 662 1476 minores
681 1455 717 1476 ac
738 1446 835 1476 ceteri
850 1447 986 1484 exempti
1007 1447 1039 1475 in
1062 1456 1113 1475 ea-

103 1502 177 1532 dem
205 1501 364 1540 provintia
392 1504 626 1530 commorantes
656 1508 764 1529 eorum
797 1504 964 1529 teneantur
988 1508 1114 1529 servare

104 1559 230 1591 statuta,
248 1553 331 1592 quod
350 1553 377 1583 si
393 1562 482 1582 secus
500 1552 647 1589 fecerint,
673 1553 741 1591 ipso
763 1552 844 1581 facto
867 1552 1041 1590 predictam
1058 1561 1112 1581 ex-

104 1607 408 1638 communicationis
434 1606 627 1636 sententiam
651 1606 874 1642 incurrentes,
896 1615 950 1644 pcr
980 1610 1114 1635 rectores

105 1660 313 1691 ecclesiarum
339 1661 422 1690 dicte
450 1660 609 1698 provintie
636 1660 757 1689 tamdiu
779 1660 813 1688 in
840 1668 949 1690 eorum
971 1660 1114 1690 ecclesiis

105 1713 371 1744 excommunicati
407 1712 532 1752 publice
567 1713 759 1742 nuntientur
789 1722 955 1752 quousque
984 1713 1115 1742 arbitrio

105 1768 218 1807 prefati
245 1767 401 1797 ordinarii
429 1767 642 1796 satisfecerint
670 1767 710 1796 de
742 1767 918 1805 premissis.
950 1767 1114 1797 Nonnulla

107 1821 269 1859 siquidem
294 1820 356 1850 alia
381 1820 415 1850 in
442 1820 563 1849 eisdem
589 1820 712 1858 synodo
735 1824 765 1849 et
787 1820 922 1850 concilio
947 1820 1115 1849 ediderunt

107 1879 224 1904 statuta
245 1883 307 1913 que
324 1878 399 1904 sunt
415 1874 574 1904 honestati
591 1874 749 1903 contraria
771 1879 801 1903 et
818 1874 999 1903 redundant
1013 1874 1044 1902 in
1063 1883 1114 1902 ea-

106 1928 255 1958 rumdem
272 1928 519 1957 universitatum
537 1931 566 1956 et
582 1926 798 1964 singularium
814 1936 1021 1965 personarum
1039 1936 1111 1964 pre-

104 1981 265 2021 judicium
281 1985 313 2010 et
325 1988 516 2018 gravamen,
535 1984 662 2018 propter
684 1980 769 2018 quod
795 1990 830 2009 ex
848 1985 933 2018 parte
953 1981 1112 2018 ipsorum,

107 2041 182 2063 cum
197 2033 230 2063 id
245 2033 285 2062 ad
301 2041 410 2062 eorum
428 2033 572 2071 pervenit
587 2033 751 2068 notitiam,
773 2033 812 2062 ad
835 2033 942 2062 sedem
964 2032 1112 2071 apostoli-

108 2095 179 2116 cam
199 2085 302 2116 extitit
317 2085 523 2124 appellatum.
541 2085 622 2115 Cum
641 2090 747 2115 autem
764 2094 822 2115 nos
838 2086 872 2114 in
891 2094 985 2115 causa
1000 2086 1112 2124 liujus*

107 2139 195 2170 modi
211 2138 435 2178 appellationis
454 2143 484 2168 et
499 2139 619 2176 negotii
639 2139 824 2178 principalis
841 2139 994 2169 dilectum
1011 2139 1114 2169 filium

107 2197 251 2223 nostrum
268 2193 312 2229 J.,
328 2192 442 2222 Sancte
459 2191 561 2221 Marie
575 2192 609 2221 in
625 2192 684 2221 Via
700 2191 763 2221 lata
779 2192 949 2222 diaconum
969 2193 1113 2222 cardina-

105 2245 182 2284 lem,
199 2246 382 2276 dederimus
397 2246 587 2280 auditorem,
607 2245 792 2275 discretioni
810 2251 911 2276 vestre
926 2256 979 2284 per
995 2250 1112 2284 aposto-

105 2299 167 2330 lica
180 2300 296 2338 scripta
313 2299 507 2328 mandamus
526 2303 683 2337 quatenus
700 2307 773 2336 vos,
796 2299 843 2329 vel
867 2299 929 2329 duo
954 2304 1007 2329 aut
1031 2309 1114 2329 unus

106 2357 248 2383 vestrum
259 2377 266 2389 ,
286 2352 422 2390 prefatos
437 2351 712 2390 archiepiscopum
728 2361 764 2382 ac
784 2376 804 2382 ..
821 2353 1028 2382 Valentinum
1043 2357 1073 2382 et
1093 2376 1111 2382 ..

106 2407 276 2443 Diensem,
299 2429 318 2435 ..
339 2405 582 2441 Vivariensem,
608 2429 627 2437 ..
647 2406 927 2444 Maurianensem,
948 2430 966 2436 ..
991 2407 1113 2437 Geben-

107 2468 240 2489 mensem
263 2463 292 2488 et
321 2481 340 2489 ..
369 2458 704 2497 Gratianopolitanum
732 2460 910 2498 episcopos,
934 2460 1044 2499 prefati
1064 2470 1114 2490 ar-

106 2511 302 2551 chiepiscopi
320 2512 548 2549 suffraganeos,
567 2520 694 2542 necnon
720 2517 750 2542 et
764 2521 875 2543 omnes
892 2513 969 2542 alios
986 2514 1040 2551 qui
1059 2522 1115 2542 sua

107 2565 302 2595 crediderint
326 2565 491 2602 interesse,
510 2574 545 2594 ex
565 2569 652 2603 parte
668 2570 777 2595 nostra
793 2567 1002 2605 peremptorie
1018 2566 1115 2596 citare

107 2618 224 2649 curetis
249 2621 282 2648 ut
308 2617 392 2647 infra
417 2622 479 2647 tres
504 2626 631 2648 menses
656 2622 725 2656 post
753 2619 935 2648 citationem
960 2624 1114 2656 vestram,

108 2680 181 2702 cum
196 2671 348 2702 omnihus
363 2671 588 2710 actis,juribus
603 2673 856 2702 etmunimentis
864 2674 929 2702 suis
943 2674 1114 2711 predictam

109 2733 238 2755 causam
254 2724 528 2762 contingentibus,
544 2733 600 2763 per
618 2733 650 2754 se
669 2725 718 2754 vel
742 2734 796 2764 per
807 2730 1022 2764 procuratores
1043 2726 1117 2765 ydo-

111 2786 198 2813 neos,
217 2781 536 2815 compareantcoram
550 2777 654 2814 nobis,
673 2777 787 2807 facturi
804 2783 834 2808 et
850 2779 1005 2817 recepturi
1023 2788 1117 2817 super

110 2830 275 2869 premissis
293 2829 379 2868 quod
395 2829 472 2859 ordo
488 2829 657 2859 dictaverit
673 2831 817 2861 rationis.
836 2832 928 2861 Diem
946 2841 1019 2862 vero
1035 2832 1115 2861 cita-

111 2883 206 2913 tionis
224 2888 254 2913 et
270 2883 405 2913 sormam
431 2887 461 2912 et
483 2883 636 2922 quicquid
660 2892 754 2922 super
774 2885 939 2923 premissis
964 2885 1116 2915 duxeritis

110 2936 293 2966 faciendum
312 2936 402 2965 nobis
420 2944 475 2974 per
489 2940 610 2965 vestras
627 2935 749 2966 litteras
770 2936 886 2967 harum
905 2939 1019 2968 seriem
1040 2947 1116 2968 con-

113 2990 251 3020 tinentes
267 2989 420 3019 studeatis
445 2988 581 3019 fideliter
599 2989 762 3019 intimare.
782 2991 853 3020 Dat.
877 2992 960 3029 apud
981 2992 1115 3022 Urbem-

110 3047 249 3074 veterem
261 3067 268 3081 ,
286 3052 305 3072 v
318 3041 472 3071 kalendas
488 3042 685 3080 decembris,
703 3051 788 3074 anno
804 3045 904 3074 tertio.
922 3056 936 3071 »

257 3108 329 3135 Res.
351 3108 474 3135 Nicoms
494 3107 546 3134 IV.

1258 437 1375 465 3834

1224 498 1407 533 DIspensatio
1424 506 1511 533 super
1528 499 1686 532 pluralitate
1703 498 1917 524 beneficiorum.
1936 497 2018 530 (Rau.
2036 497 2078 528 45,
2091 506 2117 523 c.
2131 498 2191 528 591,

1188 547 1207 573 f.
1230 547 1276 574 119
1295 549 1344 579 vo.)

1678 436 1808 469 Orvietn,
1831 436 1857 462 12
1875 436 2024 462 decembre
2045 436 2120 462 1290.

1229 649 1370 685 ,tlayistro
1400 649 1484 677 Petro
1504 648 1617 685 (ζαν-δίε,
1635 649 1780 677 canmzico
1802 648 2021 683 macharensi,
2049 646 2196 684 indulget

1190 705 1233 737 ut,
1252 707 1373 739 praeter
1391 701 1557 731 ecclesiam
1573 702 1611 730 de
1629 701 1836 733 Transmiris,
1861 700 2088 729 Bracbarensis
2104 700 2194 729 dioe-

1190 755 1284 789 cesis,
1303 755 1353 784 cui
1371 764 1446 783 cura
1462 755 1610 784 imminet
1629 755 1822 789 animarum,
1841 753 2029 790 dignitatem
2050 762 2105 782 seu
2124 762 2195 791 per-

1190 812 1336 836 sonatum
1354 808 1387 836 in
1407 807 1619 837 Bracliarensi
1633 806 1682 836 vel
1699 808 1793 836 etiam
1812 806 1969 843 Bur-gensi
1986 805 2127 835 ecclesiis
2143 814 2193 835 re-

1191 859 1312 898 cipere,
1329 865 1358 889 et
1378 869 1441 889 uua
1456 869 1527 889 cum
1545 860 1676 889 ecclesia
1694 860 1732 888 de
1750 859 1942 888 Transmiris
1962 863 1992 889 et
2006 858 2196 897 praebendis

1194 913 1422 942 Bracharensis
1438 919 1467 942 et
1482 913 1687 950 Segobiensis
1703 912 1920 948 ecclesiarum,
1933 920 2071 950 quarum
2090 915 2136 940 est
2149 919 2197 940 ca-

1193 966 1338 1001 nonicus,
1358 966 1443 995 licite
1460 967 1596 995 retinere
1616 965 1725 1003 possit.

1235 1032 1248 1046 ι(
1270 1019 1495 1049 Laudabilibus
1514 1024 1564 1048 tue
1585 1019 1784 1057 probitatis...
1802 1035 1841 1039 —
1860 1018 1930 1047 Dat.
1954 1017 2037 1056 apud
2055 1018 2195 1047 Urbem-

1194 1076 1344 1107 veterem,
1362 1082 1382 1101 n
1399 1073 1469 1101 idus
1487 1072 1682 1107 decembris,
1700 1079 1784 1100 anno
1803 1071 1903 1100 tertio.
1924 1082 1937 1097 υ

1266 1238 1384 1266 3835

1231 1301 1273 1327 De
1282 1302 1362 1327 altari
1373 1300 1447 1334 quod
1459 1300 1580 1327 ecclesia
1592 1299 1713 1325 Sanctae
1725 1298 1910 1333 Opportunae
1920 1298 1954 1323 dc
1964 1298 2101 1331 Exaquio,
2111 1296 2208 1335 Consj

1705 1236 1837 1270 Orvieto,
1852 1236 1866 1262 5
1882 1235 2032 1262 decembre
2052 1235 2127 1261 [⁴290.

1195 1351 1347 1377 tantiensis
1363 1349 1519 1378 dioecesis.
1537 1350 1562 1375 in
1581 1348 1754 1374 monasterio
1771 1347 1893 1373 Sanctae
1908 1346 2056 1372 Trinitatis
2075 1346 2109 1371 (le
2125 1345 2200 1371 Exa-

1196 1400 1262 1434 quio
1278 1399 1372 1425 habet.
1390 1398 1473 1431 (Hac.
1490 1398 1532 1428 45,
1551 1405 1576 1423 e.
1593 1397 1654 1427 592,
1670 1397 1689 1423 f.
1708 1396 1757 1423 ¹119
1773 1399 1822 1427 νο.)

1242 1502 1405 1531 Venerabili
1424 1502 1520 1536 fratrs

1197 1556 1288 1586 nobis
1304 1554 1491 1584 dilectorum
1509 1553 1649 1582 filiorum
1668 1575 1687 1581 ..
1706 1551 1827 1580 abbatis
1843 1555 2058 1579 etconventus
2075 1557 2200 1578 monas-

1199 1609 1268 1638 terii
1282 1607 1396 1637 Sancte
1412 1605 1578 1635 Trinitatis
1593 1605 1631 1633 de
1650 1604 1801 1642 Exaquio,
1821 1602 1943 1632 ordinis
1960 1602 1992 1631 S.
2013 1601 2198 1635 Benedicti,

1199 1665 1250 1691 tue
1266 1660 1412 1696 diocesis,
1425 1659 1532 1697 petitio
1545 1657 1728 1688 continebat
1740 1656 1824 1695 quod
1839 1655 1970 1685 ecclesia
1980 1657 2093 1684 Sancte
2105 1654 2202 1692 Opor-

1200 1720 1275 1745 tune
1284 1713 1427 1752 ejusdem
1439 1712 1498 1742 loci
1511 1712 1548 1741 de
1563 1711 1716 1749 Exaquio,
1733 1709 1870 1748 predicte
1882 1708 2028 1744 diocesis,
2042 1707 2201 1745 quoddam

1198 1767 1295 1798 altare
1311 1767 1431 1797 obtinet
1448 1765 1481 1794 in
1498 1763 1632 1794 ecclesia
1649 1763 1835 1793 monasterii
1863 1761 2027 1800 prelibati,
2052 1760 2091 1790 ad
2117 1760 2201 1798 quod

1199 1830 1315 1859 inagna
1333 1829 1403 1859 pars
1417 1818 1701 1858 parrochianorum
1716 1817 1816 1854 ipsius
1830 1814 1960 1845 ecclesie
1977 1814 2090 1844 Sancte
2102 1814 2201 1852 Opor-

1198 1879 1273 1905 tune
1286 1873 1451 1909 accedunt,
1470 1880 1524 1911 pro
1532 1870 1654 1900 divinis
1667 1869 1779 1899 officiis
1795 1867 1964 1897 audiendis
1977 1876 2013 1896 ac
2028 1866 2203 1905 percipien-

1197 1929 1245 1958 dis
1262 1926 1483 1958 ecclesiasticis
1499 1923 1720 1954 sacramentis.
1742 1922 1822 1952 Cum
1839 1926 1943 1950 autem
1962 1920 2138 1959 predictum
2155 1919 2202 1948 al-

1199 1987 1264 2011 tare
1282 1979 1396 2018 majori
1411 1978 1503 2008 altari
1522 1977 1598 2007 dicti
1616 1975 1801 2006 monasterii
1821 1974 1861 2004 sit
1880 1974 2111 2013 propinquum,
2130 1981 2203 2010 sepe

1197 2033 1354 2071 contingit
1371 2032 1466 2071 quod,
1478 2034 1603 2070 propter
1615 2029 1861 2059 celebrationem
1874 2026 2057 2065 hujusmodi
2077 2026 2201 2054 divino-

1198 2097 1269 2117 rum
1286 2091 1315 2116 et
1331 2085 1545 2125 predictorum
1572 2083 1648 2112 illuc
1672 2081 1893 2111 accedentium
1916 2079 2201 2118 parrochianorum

1198 2140 1387 2175 tumultum,
1404 2138 1481 2168 adeo
1504 2136 1724 2175 impediuntur
1742 2133 1890 2164 monachi
1914 2133 1989 2161 dicti
2016 2130 2203 2160 monasterii

1197 2195 1230 2223 in
1256 2193 1376 2222 divinis
1400 2191 1585 2230 hujusmodi
1608 2188 1815 2219 decantandis
1841 2186 1944 2225 qnod,
1969 2194 2040 2214 cum
2069 2186 2102 2214 in
2132 2192 2202 2222 pre-

1197 2248 1279 2278 dicto
1297 2246 1412 2285 maj0ri
1428 2245 1519 2274 altari
1538 2244 1636 2283 ipsius
1653 2242 1784 2272 ecclesie
1801 2240 1875 2270 dicti
1893 2238 2078 2268 monasterii
2096 2237 2204 2266 missa-

1196 2309 1268 2330 rum
1291 2299 1479 2337 sollempnia
1508 2297 1724 2333 celebrantur,
1752 2293 1901 2323 monachi
1927 2292 2130 2321 decantantes
2151 2289 2202 2318 vix

1197 2357 1328 2392 possunt
1348 2356 1474 2391 propter
1498 2359 1626 2380 causam
1650 2347 1833 2386 hujusmodi
1861 2350 1971 2375 mutuo
1998 2353 2029 2373 se
2052 2343 2201 2372 audire...

1200 2405 1402 2437 Fraternitati
1418 2409 1469 2434 tue
1484 2413 1540 2443 per
1556 2401 1726 2441 apostolica
1743 2400 1858 2438 scripta
1881 2397 2072 2427 mandamus
2091 2398 2202 2434 quate-

1198 2469 1270 2496 nus,
1288 2459 1373 2489 veris
1397 2456 1606 2488 existentibus
1627 2452 1839 2492 supradictis,
1868 2451 2025 2488 dictisque
2048 2448 2158 2477 abbate
2175 2451 2205 2476 et

1197 2517 1355 2544 conventu
1372 2510 1586 2550 prestantibus
1602 2509 1662 2547 ipsi
1681 2506 1812 2537 ecclesie
1830 2505 1945 2534 Sancte
1962 2503 2145 2541 Opportune
2159 2509 2204 2528 re-

1197 2565 1489 2604 compensationem
1507 2571 1622 2601 quam,
1645 2565 1678 2590 ut
1698 2558 1871 2598 predicitur
1886 2581 1892 2593 ,
1912 2556 2050 2585 afferunt
2067 2561 2204 2590 congru-

1199 2624 1324 2655 entem,
1346 2627 1398 2648 eos
1421 2615 1570 2655 impediri
1591 2615 1674 2644 circa
1696 2613 1805 2642 divina
1829 2608 2013 2649 huJusmodi
2040 2615 2104 2636 non
2130 2614 2202 2644 per-

1198 2673 1320 2708 mittas,
1342 2671 1460 2700 faciens
1485 2667 1627 2699 construi
1647 2666 1686 2696 ad
1709 2673 1787 2703 opus
1808 2663 1910 2701 ipsius
1935 2659 2066 2690 ecclesie
2089 2659 2204 2688 Sancte

1199 2727 1372 2765 Oportune,
1387 2724 1422 2753 in
1439 2722 1562 2753 decenti
1578 2721 1659 2758 loco,
1672 2718 1838 2757 capellam,
1854 2715 1893 2745 ad
1910 2723 2005 2753 quam
2021 2712 2121 2742 iidem
2138 2719 2204 2749 par-

1199 2779 1343 2809 rochiani
1361 2776 1510 2807 accedere
1523 2773 1654 2805 comode
1668 2772 1792 2802 valeant
1809 2779 1863 2808 pro
1879 2767 2039 2807 predictis.
2058 2766 2096 2794 In
2114 2763 2206 2794 altari

1199 2842 1272 2864 vero
1294 2831 1433 2871 predicto
1454 2828 1538 2868 quod
1561 2828 1656 2857 habet
1674 2825 1792 2865 prefata
1810 2821 1944 2853 ecclesia
1969 2820 2084 2850 Sancte
2103 2818 2204 2856 Opor-

1202 2892 1276 2917 tune
1291 2886 1325 2915 in
1343 2884 1474 2914 ecclesia
1491 2883 1558 2920 ipsa
1573 2879 1758 2910 monasterii
1773 2875 1954 2911 memorati,
1967 2882 2030 2903 non
2049 2870 2206 2902 cantando

1200 2940 1255 2970 sed
1278 2939 1355 2968 adeo
1377 2936 1536 2967 submissa
1559 2943 1633 2964 voce
1654 2932 1763 2962 divina
1791 2927 1976 2968 hujusmodi
2004 2926 2206 2956 celebrentur

1201 2992 1285 3031 quod
1302 3001 1338 3021 ex
1361 2990 1421 3020 hoc
1439 2987 1605 3019 monachis
1627 2983 1860 3016 celebrantibus
1878 2981 1962 3020 apud
1986 2979 2090 3018 majus
2106 2976 2206 3007 altare

1202 3046 1379 3086 predictum
1402 3043 1528 3073 nullum
1554 3040 1820 3079 impedimentum
1848 3035 1933 3066 circa
1958 3033 2068 3063 divina
2094 3031 2206 3069 hujus-

2034 3099 2066 3125 73

1543 1521 1562 1528 ..
1592 1500 1724 1537 episcopo
1748 1497 1981 1526 Constantiensi.
2012 1508 2024 1522 κ
2055 1496 2200 1533 Exposita
