<?xml version="1.0" encoding="UTF-8"?>
<!DOCTYPE html PUBLIC "-//W3C//DTD XHTML 1.0 Transitional//EN"
    "http://www.w3.org/TR/xhtml1/DTD/xhtml1-transitional.dtd">
<html xmlns="http://www.w3.org/1999/xhtml" xml:lang="en" lang="en">
 <head>
  <title>
</title>
<meta http-equiv="Content-Type" content="text/html;charset=utf-8" />
  <meta name='ocr-system' content='tesseract 3.04.00' />
  <meta name='ocr-capabilities' content='ocr_page ocr_carea ocr_par ocr_line ocrx_word'/>
</head>
<body>
  <div class='ocr_page' id='page_1' title='image "./lesregistresdeni01romeuoft_0565.png"; bbox 0 0 2342 3652; ppageno 0'>
   <div class='ocr_carea' id='block_1_1' title="bbox 3 1433 16 2611">
    <p class='ocr_par' dir='ltr' id='par_1_1' title="bbox 3 1433 16 2611">
     <span class='ocr_line' id='line_1_1' title="bbox 3 1433 16 2611; baseline 0 0"><span class='ocrx_word' id='word_1_1' title='bbox 3 1433 16 2611; x_wconf 95' lang='lat' dir='ltr'> </span> 
     </span>
    </p>
   </div>
   <div class='ocr_carea' id='block_1_2' title="bbox 949 364 2203 404">
    <p class='ocr_par' dir='ltr' id='par_1_2' title="bbox 949 364 2203 404">
     <span class='ocr_line' id='line_1_2' title="bbox 949 364 2203 404; baseline -0.001 0"><span class='ocrx_word' id='word_1_2' title='bbox 949 364 1181 404; x_wconf 66' lang='lat' dir='ltr'>TssoisiiiME</span> <span class='ocrx_word' id='word_1_3' title='bbox 1204 365 1361 403; x_wconf 74' lang='lat' dir='ltr'>ANNEE.</span> <span class='ocrx_word' id='word_1_4' title='bbox 2145 375 2203 403; x_wconf 86' lang='lat'>555</span> 
     </span>
    </p>
   </div>
   <div class='ocr_carea' id='block_1_3' title="bbox 106 440 1115 1329">
    <p class='ocr_par' dir='ltr' id='par_1_3' title="bbox 106 440 1115 1329">
     <span class='ocr_line' id='line_1_3' title="bbox 107 440 1111 481; baseline -0.005 -7"><span class='ocrx_word' id='word_1_5' title='bbox 107 445 226 475; x_wconf 86' lang='lat' dir='ltr'><strong>dicium</strong></span> <span class='ocrx_word' id='word_1_6' title='bbox 243 443 325 473; x_wconf 84' lang='lat' dir='ltr'>dicte</span> <span class='ocrx_word' id='word_1_7' title='bbox 346 447 438 472; x_wconf 86' lang='lat' dir='ltr'>terre.</span> <span class='ocrx_word' id='word_1_8' title='bbox 464 443 617 473; x_wconf 90' lang='lat' dir='ltr'>Nolentes</span> <span class='ocrx_word' id='word_1_9' title='bbox 639 443 737 481; x_wconf 85' lang='lat' dir='ltr'>igitur</span> <span class='ocrx_word' id='word_1_10' title='bbox 758 447 843 472; x_wconf 89' lang='lat' dir='ltr'>tante</span> <span class='ocrx_word' id='word_1_11' title='bbox 865 440 1111 481; x_wconf 73' lang='lat' dir='ltr'><strong>presumptionis</strong></span> 
     </span>
     <span class='ocr_line' id='line_1_4' title="bbox 106 495 1112 534; baseline -0.006 -7"><span class='ocrx_word' id='word_1_12' title='bbox 106 505 250 527; x_wconf 82' lang='lat' dir='ltr'>excessus</span> <span class='ocrx_word' id='word_1_13' title='bbox 277 495 492 534; x_wconf 76' lang='lat' dir='ltr'>equanimiter</span> <span class='ocrx_word' id='word_1_14' title='bbox 522 495 673 531; x_wconf 86' lang='lat' dir='ltr'>tolerare,</span> <span class='ocrx_word' id='word_1_15' title='bbox 697 495 897 524; x_wconf 71' lang='lat' dir='ltr'>universitati</span> <span class='ocrx_word' id='word_1_16' title='bbox 925 498 1026 523; x_wconf 77' lang='lat' dir='ltr'>vestre</span> <span class='ocrx_word' id='word_1_17' title='bbox 1057 501 1112 531; x_wconf 91' lang='lat' dir='ltr'>per</span> 
     </span>
     <span class='ocr_line' id='line_1_5' title="bbox 107 546 1111 588; baseline -0.006 -8"><span class='ocrx_word' id='word_1_18' title='bbox 107 548 276 588; x_wconf 88' lang='lat' dir='ltr'>apostolica</span> <span class='ocrx_word' id='word_1_19' title='bbox 299 548 415 586; x_wconf 88' lang='lat' dir='ltr'>scripta</span> <span class='ocrx_word' id='word_1_20' title='bbox 440 548 475 576; x_wconf 87' lang='lat' dir='ltr'>in</span> <span class='ocrx_word' id='word_1_21' title='bbox 500 548 619 577; x_wconf 81' lang='lat' dir='ltr'>virtute</span> <span class='ocrx_word' id='word_1_22' title='bbox 643 547 823 577; x_wconf 75' lang='lat' dir='ltr'>obedientie</span> <span class='ocrx_word' id='word_1_23' title='bbox 848 547 989 576; x_wconf 78' lang='lat' dir='ltr'>districte</span> <span class='ocrx_word' id='word_1_24' title='bbox 1011 546 1111 584; x_wconf 84' lang='lat' dir='ltr'>preci-</span> 
     </span>
     <span class='ocr_line' id='line_1_6' title="bbox 108 599 1112 642; baseline -0.005 -10"><span class='ocrx_word' id='word_1_25' title='bbox 108 601 223 642; x_wconf 89' lang='lat' dir='ltr'>piendo</span> <span class='ocrx_word' id='word_1_26' title='bbox 239 600 430 630; x_wconf 88' lang='lat' dir='ltr'>mandamns</span> <span class='ocrx_word' id='word_1_27' title='bbox 444 601 595 639; x_wconf 82' lang='lat' dir='ltr'>quatinus</span> <span class='ocrx_word' id='word_1_28' title='bbox 611 600 747 638; x_wconf 74' lang='lat' dir='ltr'>quilibet</span> <span class='ocrx_word' id='word_1_29' title='bbox 763 605 913 636; x_wconf 85' lang='lat' dir='ltr'>vestrum,</span> <span class='ocrx_word' id='word_1_30' title='bbox 927 600 960 629; x_wconf 91' lang='lat' dir='ltr'>in</span> <span class='ocrx_word' id='word_1_31' title='bbox 974 599 1112 629; x_wconf 85' lang='lat' dir='ltr'>civitati-</span> 
     </span>
     <span class='ocr_line' id='line_1_7' title="bbox 108 653 1112 692; baseline -0.005 -6"><span class='ocrx_word' id='word_1_32' title='bbox 108 656 183 692; x_wconf 86' lang='lat' dir='ltr'>bus,</span> <span class='ocrx_word' id='word_1_33' title='bbox 215 654 393 684; x_wconf 87' lang='lat' dir='ltr'>dioeesibns</span> <span class='ocrx_word' id='word_1_34' title='bbox 416 658 446 683; x_wconf 92' lang='lat' dir='ltr'>et</span> <span class='ocrx_word' id='word_1_35' title='bbox 467 653 543 684; x_wconf 87' lang='lat' dir='ltr'>locis</span> <span class='ocrx_word' id='word_1_36' title='bbox 567 653 655 683; x_wconf 84' lang='lat' dir='ltr'>vobis</span> <span class='ocrx_word' id='word_1_37' title='bbox 681 654 850 691; x_wconf 81' lang='lat' dir='ltr'>subjectis,</span> <span class='ocrx_word' id='word_1_38' title='bbox 870 657 1032 692; x_wconf 87' lang='lat' dir='ltr'>questores</span> <span class='ocrx_word' id='word_1_39' title='bbox 1057 661 1112 682; x_wconf 87' lang='lat' dir='ltr'>seu</span> 
     </span>
     <span class='ocr_line' id='line_1_8' title="bbox 109 705 1110 745; baseline -0.005 -7"><span class='ocrx_word' id='word_1_40' title='bbox 109 709 220 739; x_wconf 86' lang='lat' dir='ltr'>fratres</span> <span class='ocrx_word' id='word_1_41' title='bbox 247 706 431 745; x_wconf 84' lang='lat' dir='ltr'>hujusmodi</span> <span class='ocrx_word' id='word_1_42' title='bbox 455 707 494 735; x_wconf 88' lang='lat' dir='ltr'>ad</span> <span class='ocrx_word' id='word_1_43' title='bbox 515 706 732 744; x_wconf 77' lang='lat' dir='ltr'>colligendum</span> <span class='ocrx_word' id='word_1_44' title='bbox 761 706 968 742; x_wconf 77' lang='lat' dir='ltr'>elemosinas,</span> <span class='ocrx_word' id='word_1_45' title='bbox 995 705 1110 742; x_wconf 85' lang='lat' dir='ltr'>legata,</span> 
     </span>
     <span class='ocr_line' id='line_1_9' title="bbox 110 759 1114 799; baseline -0.004 -8"><span class='ocrx_word' id='word_1_46' title='bbox 110 760 300 791; x_wconf 89' lang='lat' dir='ltr'>maleablata</span> <span class='ocrx_word' id='word_1_47' title='bbox 319 764 349 790; x_wconf 89' lang='lat' dir='ltr'>et</span> <span class='ocrx_word' id='word_1_48' title='bbox 373 759 436 790; x_wconf 90' lang='lat' dir='ltr'>alia</span> <span class='ocrx_word' id='word_1_49' title='bbox 454 759 593 799; x_wconf 81' lang='lat' dir='ltr'>predicta</span> <span class='ocrx_word' id='word_1_50' title='bbox 614 759 798 790; x_wconf 88' lang='lat' dir='ltr'>nullatenus</span> <span class='ocrx_word' id='word_1_51' title='bbox 816 759 991 789; x_wconf 86' lang='lat' dir='ltr'>admittatis</span> <span class='ocrx_word' id='word_1_52' title='bbox 1011 767 1114 796; x_wconf 88' lang='lat' dir='ltr'>neque</span> 
     </span>
     <span class='ocr_line' id='line_1_10' title="bbox 111 812 1113 854; baseline -0.003 -10"><span class='ocrx_word' id='word_1_53' title='bbox 111 813 299 854; x_wconf 86' lang='lat' dir='ltr'>permittatis</span> <span class='ocrx_word' id='word_1_54' title='bbox 317 822 335 843; x_wconf 89' lang='lat' dir='ltr'>a</span> <span class='ocrx_word' id='word_1_55' title='bbox 355 813 491 843; x_wconf 89' lang='lat' dir='ltr'>subditis</span> <span class='ocrx_word' id='word_1_56' title='bbox 510 813 623 842; x_wconf 91' lang='lat' dir='ltr'>vestris</span> <span class='ocrx_word' id='word_1_57' title='bbox 641 813 779 850; x_wconf 78' lang='lat' dir='ltr'>admitti,</span> <span class='ocrx_word' id='word_1_58' title='bbox 801 813 863 842; x_wconf 84' lang='lat' dir='ltr'>nisi</span> <span class='ocrx_word' id='word_1_59' title='bbox 888 813 974 852; x_wconf 90' lang='lat' dir='ltr'>prius</span> <span class='ocrx_word' id='word_1_60' title='bbox 998 812 1113 850; x_wconf 86' lang='lat' dir='ltr'>hujus-</span> 
     </span>
     <span class='ocr_line' id='line_1_11' title="bbox 110 865 1115 905; baseline -0.002 -8"><span class='ocrx_word' id='word_1_61' title='bbox 110 867 197 898; x_wconf 88' lang='lat' dir='ltr'>modi</span> <span class='ocrx_word' id='word_1_62' title='bbox 225 866 473 905; x_wconf 88' lang='lat' dir='ltr'>prohibitionem</span> <span class='ocrx_word' id='word_1_63' title='bbox 501 870 643 896; x_wconf 87' lang='lat' dir='ltr'>nostram</span> <span class='ocrx_word' id='word_1_64' title='bbox 670 866 855 895; x_wconf 88' lang='lat' dir='ltr'>mandatnm</span> <span class='ocrx_word' id='word_1_65' title='bbox 883 875 977 905; x_wconf 89' lang='lat' dir='ltr'>super</span> <span class='ocrx_word' id='word_1_66' title='bbox 996 866 1054 895; x_wconf 86' lang='grc'>1100</span> <span class='ocrx_word' id='word_1_67' title='bbox 1075 865 1115 895; x_wconf 83' lang='grc'>31)</span> 
     </span>
     <span class='ocr_line' id='line_1_12' title="bbox 110 918 1112 958; baseline -0.003 -8"><span class='ocrx_word' id='word_1_68' title='bbox 110 919 220 950; x_wconf 88' lang='lat' dir='ltr'>eadem</span> <span class='ocrx_word' id='word_1_69' title='bbox 249 919 323 949; x_wconf 92' lang='lat' dir='ltr'>sede</span> <span class='ocrx_word' id='word_1_70' title='bbox 349 920 434 958; x_wconf 91' lang='lat' dir='ltr'>ipsos</span> <span class='ocrx_word' id='word_1_71' title='bbox 459 919 571 948; x_wconf 85' lang='lat' dir='ltr'>fratres</span> <span class='ocrx_word' id='word_1_72' title='bbox 597 918 712 948; x_wconf 87' lang='lat' dir='ltr'>habere</span> <span class='ocrx_word' id='word_1_73' title='bbox 738 919 938 957; x_wconf 85' lang='lat' dir='ltr'>contingeret</span> <span class='ocrx_word' id='word_1_74' title='bbox 967 918 1112 958; x_wconf 86' lang='lat' dir='ltr'>speciale.</span> 
     </span>
     <span class='ocr_line' id='line_1_13' title="bbox 111 972 1113 1012; baseline -0.002 -9"><span class='ocrx_word' id='word_1_75' title='bbox 111 973 186 1004; x_wconf 90' lang='lat' dir='ltr'>lllos</span> <span class='ocrx_word' id='word_1_76' title='bbox 205 981 334 1012; x_wconf 88' lang='lat' dir='ltr'>quoque</span> <span class='ocrx_word' id='word_1_77' title='bbox 356 976 522 1011; x_wconf 87' lang='lat' dir='ltr'>questores</span> <span class='ocrx_word' id='word_1_78' title='bbox 543 980 621 1011; x_wconf 89' lang='lat' dir='ltr'>quos</span> <span class='ocrx_word' id='word_1_79' title='bbox 641 977 751 1002; x_wconf 89' lang='lat' dir='ltr'>contra</span> <span class='ocrx_word' id='word_1_80' title='bbox 770 972 956 1010; x_wconf 84' lang='lat' dir='ltr'>hujusmodi</span> <span class='ocrx_word' id='word_1_81' title='bbox 972 972 1113 1010; x_wconf 86' lang='lat' dir='ltr'>probibi-</span> 
     </span>
     <span class='ocr_line' id='line_1_14' title="bbox 110 1025 1115 1064; baseline -0.003 -7"><span class='ocrx_word' id='word_1_82' title='bbox 110 1027 229 1058; x_wconf 82' lang='lat' dir='ltr'>tionem</span> <span class='ocrx_word' id='word_1_83' title='bbox 259 1030 401 1056; x_wconf 85' lang='lat' dir='ltr'>nostram</span> <span class='ocrx_word' id='word_1_84' title='bbox 431 1034 521 1055; x_wconf 87' lang='lat' dir='ltr'>secus</span> <span class='ocrx_word' id='word_1_85' title='bbox 548 1029 747 1064; x_wconf 85' lang='lat' dir='ltr'>attemptasse</span> <span class='ocrx_word' id='word_1_86' title='bbox 769 1025 898 1055; x_wconf 81' lang='lat' dir='ltr'>forsitan</span> <span class='ocrx_word' id='word_1_87' title='bbox 924 1025 1115 1055; x_wconf 87' lang='lat' dir='ltr'>inveneritis</span> 
     </span>
     <span class='ocr_line' id='line_1_15' title="bbox 110 1078 1115 1119; baseline -0.001 -9"><span class='ocrx_word' id='word_1_88' title='bbox 110 1088 221 1119; x_wconf 85' lang='lat' dir='ltr'>capere</span> <span class='ocrx_word' id='word_1_89' title='bbox 244 1088 280 1109; x_wconf 89' lang='grc'>30</span> <span class='ocrx_word' id='word_1_90' title='bbox 305 1079 364 1109; x_wconf 92' lang='lat' dir='ltr'>sub</span> <span class='ocrx_word' id='word_1_91' title='bbox 387 1078 451 1108; x_wconf 86' lang='lat' dir='ltr'>fida</span> <span class='ocrx_word' id='word_1_92' title='bbox 477 1078 620 1108; x_wconf 86' lang='lat' dir='ltr'>custodia</span> <span class='ocrx_word' id='word_1_93' title='bbox 647 1083 752 1108; x_wconf 91' lang='lat' dir='ltr'>tenere</span> <span class='ocrx_word' id='word_1_94' title='bbox 777 1078 930 1109; x_wconf 86' lang='lat' dir='ltr'>curetis...</span> <span class='ocrx_word' id='word_1_95' title='bbox 966 1079 1027 1108; x_wconf 86' lang='lat' dir='ltr'>Per</span> <span class='ocrx_word' id='word_1_96' title='bbox 1055 1078 1115 1109; x_wconf 88' lang='lat' dir='ltr'>hoc</span> 
     </span>
     <span class='ocr_line' id='line_1_16' title="bbox 109 1131 1115 1170; baseline -0.002 -7"><span class='ocrx_word' id='word_1_97' title='bbox 109 1137 215 1163; x_wconf 88' lang='lat' dir='ltr'>autem</span> <span class='ocrx_word' id='word_1_98' title='bbox 241 1133 353 1162; x_wconf 88' lang='lat' dir='ltr'>fratres</span> <span class='ocrx_word' id='word_1_99' title='bbox 379 1131 493 1161; x_wconf 86' lang='lat' dir='ltr'>militie</span> <span class='ocrx_word' id='word_1_100' title='bbox 511 1131 652 1170; x_wconf 84' lang='lat' dir='ltr'>Templi,</span> <span class='ocrx_word' id='word_1_101' title='bbox 673 1131 846 1170; x_wconf 85' lang='lat' dir='ltr'>Hospitalis</span> <span class='ocrx_word' id='word_1_102' title='bbox 866 1132 974 1162; x_wconf 82' lang='lat' dir='ltr'>Sancti</span> <span class='ocrx_word' id='word_1_103' title='bbox 990 1132 1115 1162; x_wconf 68' lang='grc' dir='ltr'>ι1011311-</span> 
     </span>
     <span class='ocr_line' id='line_1_17' title="bbox 109 1184 1113 1224; baseline -0.002 -7"><span class='ocrx_word' id='word_1_104' title='bbox 109 1187 160 1217; x_wconf 85' lang='lat' dir='ltr'>nis</span> <span class='ocrx_word' id='word_1_105' title='bbox 185 1191 215 1216; x_wconf 84' lang='lat' dir='ltr'>et</span> <span class='ocrx_word' id='word_1_106' title='bbox 236 1186 405 1217; x_wconf 90' lang='lat' dir='ltr'>domorum</span> <span class='ocrx_word' id='word_1_107' title='bbox 429 1194 466 1215; x_wconf 90' lang='lat' dir='ltr'>ac</span> <span class='ocrx_word' id='word_1_108' title='bbox 489 1184 697 1224; x_wconf 85' lang='lat' dir='ltr'>hospitalium</span> <span class='ocrx_word' id='word_1_109' title='bbox 720 1185 933 1223; x_wconf 74' lang='lat' dir='ltr'>predictorum</span> <span class='ocrx_word' id='word_1_110' title='bbox 957 1195 975 1215; x_wconf 87' lang='lat' dir='ltr'>a</span> <span class='ocrx_word' id='word_1_111' title='bbox 1001 1190 1113 1224; x_wconf 85' lang='lat' dir='ltr'>questu</span> 
     </span>
     <span class='ocr_line' id='line_1_18' title="bbox 107 1238 1113 1277; baseline -0.001 -8"><span class='ocrx_word' id='word_1_112' title='bbox 107 1239 195 1270; x_wconf 89' lang='lat' dir='ltr'>licito</span> <span class='ocrx_word' id='word_1_113' title='bbox 230 1239 381 1269; x_wconf 89' lang='lat' dir='ltr'>nolumus</span> <span class='ocrx_word' id='word_1_114' title='bbox 411 1238 583 1277; x_wconf 90' lang='lat' dir='ltr'>prohiberi.</span> <span class='ocrx_word' id='word_1_115' title='bbox 615 1238 686 1268; x_wconf 83' lang='lat' dir='ltr'>Dat.</span> <span class='ocrx_word' id='word_1_116' title='bbox 720 1238 801 1277; x_wconf 85' lang='lat' dir='ltr'>apud</span> <span class='ocrx_word' id='word_1_117' title='bbox 836 1239 1113 1274; x_wconf 76' lang='lat' dir='ltr'>Urbemveterem‚</span> 
     </span>
     <span class='ocr_line' id='line_1_19' title="bbox 109 1291 635 1329; baseline -0.002 -7"><span class='ocrx_word' id='word_1_118' title='bbox 109 1302 129 1322; x_wconf 88' lang='lat' dir='ltr'>v</span> <span class='ocrx_word' id='word_1_119' title='bbox 143 1292 216 1322; x_wconf 88' lang='lat' dir='ltr'>idus</span> <span class='ocrx_word' id='word_1_120' title='bbox 229 1291 375 1329; x_wconf 82' lang='lat' dir='ltr'>octobris,</span> <span class='ocrx_word' id='word_1_121' title='bbox 395 1300 480 1322; x_wconf 91' lang='lat' dir='ltr'>anno</span> <span class='ocrx_word' id='word_1_122' title='bbox 501 1291 602 1322; x_wconf 87' lang='lat' dir='ltr'>tertio.</span> <span class='ocrx_word' id='word_1_123' title='bbox 622 1304 635 1316; x_wconf 72' lang='lat' dir='ltr'>r</span> 
     </span>
    </p>
   </div>
   <div class='ocr_carea' id='block_1_4' title="bbox 142 1463 802 1563">
    <p class='ocr_par' dir='ltr' id='par_1_4' title="bbox 142 1463 802 1563">
     <span class='ocr_line' id='line_1_20' title="bbox 179 1463 434 1494; baseline -0.012 0"><span class='ocrx_word' id='word_1_124' title='bbox 179 1463 434 1494; x_wconf 71' lang='lat'>3584-3590</span> 
     </span>
     <span class='ocr_line' id='line_1_21' title="bbox 142 1527 802 1563; baseline -0.002 -9"><span class='ocrx_word' id='word_1_125' title='bbox 142 1527 351 1563; x_wconf 84' lang='lat' dir='ltr'>Indulgentiae.</span> <span class='ocrx_word' id='word_1_126' title='bbox 369 1527 450 1561; x_wconf 73' lang='lat' dir='ltr'>(Rae.</span> <span class='ocrx_word' id='word_1_127' title='bbox 467 1527 510 1558; x_wconf 81' lang='lat'>45,</span> <span class='ocrx_word' id='word_1_128' title='bbox 528 1535 555 1554; x_wconf 89' lang='lat' dir='ltr'>c.</span> <span class='ocrx_word' id='word_1_129' title='bbox 571 1527 634 1561; x_wconf 85' lang='lat'>513,</span> <span class='ocrx_word' id='word_1_130' title='bbox 651 1527 671 1553; x_wconf 88' lang='lat' dir='ltr'>f.</span> <span class='ocrx_word' id='word_1_131' title='bbox 692 1527 739 1554; x_wconf 98' lang='lat'>104</span> <span class='ocrx_word' id='word_1_132' title='bbox 756 1528 802 1560; x_wconf 69' lang='lat' dir='ltr'>ro.)</span> 
     </span>
    </p>
   </div>
   <div class='ocr_carea' id='block_1_5' title="bbox 619 1463 1041 1495">
    <p class='ocr_par' dir='ltr' id='par_1_5' title="bbox 619 1463 1041 1495">
     <span class='ocr_line' id='line_1_22' title="bbox 619 1463 1041 1495; baseline 0.002 -5"><span class='ocrx_word' id='word_1_133' title='bbox 619 1463 745 1495; x_wconf 82' lang='lat' dir='ltr'>Orvieto,</span> <span class='ocrx_word' id='word_1_134' title='bbox 764 1464 778 1490; x_wconf 86' lang='lat'>4</span> <span class='ocrx_word' id='word_1_135' title='bbox 796 1466 948 1490; x_wconf 81' lang='lat' dir='ltr'>novembre</span> <span class='ocrx_word' id='word_1_136' title='bbox 968 1464 1041 1491; x_wconf 33' lang='lat'>1290.</span> 
     </span>
    </p>
   </div>
   <div class='ocr_carea' id='block_1_6' title="bbox 109 1629 1117 2147">
    <p class='ocr_par' dir='ltr' id='par_1_6' title="bbox 109 1629 1117 2044">
     <span class='ocr_line' id='line_1_23' title="bbox 151 1629 1114 1668; baseline 0.001 -8"><span class='ocrx_word' id='word_1_137' title='bbox 151 1630 306 1660; x_wconf 75' lang='lat' dir='ltr'>Universis</span> <span class='ocrx_word' id='word_1_138' title='bbox 326 1630 439 1660; x_wconf 74' lang='lat' dir='ltr'>Christi</span> <span class='ocrx_word' id='word_1_139' title='bbox 460 1629 596 1667; x_wconf 75' lang='lat' dir='ltr'>fidelibus</span> <span class='ocrx_word' id='word_1_140' title='bbox 614 1635 761 1667; x_wconf 79' lang='lat' dir='ltr'>presentes</span> <span class='ocrx_word' id='word_1_141' title='bbox 786 1631 902 1659; x_wconf 75' lang='lat' dir='ltr'>litteras</span> <span class='ocrx_word' id='word_1_142' title='bbox 924 1633 1114 1668; x_wconf 71' lang='lat' dir='ltr'>inspecturis.</span> 
     </span>
     <span class='ocr_line' id='line_1_24' title="bbox 109 1682 1116 1724; baseline 0.002 -11"><span class='ocrx_word' id='word_1_143' title='bbox 109 1682 349 1721; x_wconf 86' lang='lat' dir='ltr'>Indulgentiam</span> <span class='ocrx_word' id='word_1_144' title='bbox 362 1683 461 1713; x_wconf 89' lang='lat' dir='ltr'>unius</span> <span class='ocrx_word' id='word_1_145' title='bbox 473 1683 552 1712; x_wconf 89' lang='lat' dir='ltr'>anni</span> <span class='ocrx_word' id='word_1_146' title='bbox 567 1687 644 1712; x_wconf 74' lang='lat' dir='ltr'>etxr.</span> <span class='ocrx_word' id='word_1_147' title='bbox 655 1682 781 1712; x_wconf 88' lang='lat' dir='ltr'>dierum</span> <span class='ocrx_word' id='word_1_148' title='bbox 797 1684 947 1714; x_wconf 91' lang='lat' dir='ltr'>omnibus</span> <span class='ocrx_word' id='word_1_149' title='bbox 961 1694 1032 1714; x_wconf 90' lang='lat' dir='ltr'>vere</span> <span class='ocrx_word' id='word_1_150' title='bbox 1047 1693 1116 1724; x_wconf 89' lang='lat' dir='ltr'>poe-</span> 
     </span>
     <span class='ocr_line' id='line_1_25' title="bbox 109 1736 1116 1775; baseline 0.001 -8"><span class='ocrx_word' id='word_1_151' title='bbox 109 1737 286 1767; x_wconf 87' lang='lat' dir='ltr'>nitentibus</span> <span class='ocrx_word' id='word_1_152' title='bbox 308 1741 339 1767; x_wconf 90' lang='lat' dir='ltr'>et</span> <span class='ocrx_word' id='word_1_153' title='bbox 361 1736 515 1766; x_wconf 81' lang='lat' dir='ltr'>confessis</span> <span class='ocrx_word' id='word_1_154' title='bbox 538 1736 684 1766; x_wconf 85' lang='lat' dir='ltr'>concedit</span> <span class='ocrx_word' id='word_1_155' title='bbox 703 1737 758 1775; x_wconf 89' lang='lat' dir='ltr'>qni</span> <span class='ocrx_word' id='word_1_156' title='bbox 775 1736 813 1766; x_wconf 88' lang='lat' dir='ltr'>ad</span> <span class='ocrx_word' id='word_1_157' title='bbox 831 1738 997 1767; x_wconf 85' lang='lat' dir='ltr'>ecclesiam</span> <span class='ocrx_word' id='word_1_158' title='bbox 1016 1739 1116 1768; x_wconf 90' lang='lat' dir='ltr'>sancti</span> 
     </span>
     <span class='ocr_line' id='line_1_26' title="bbox 111 1789 1115 1828; baseline 0.001 -8"><span class='ocrx_word' id='word_1_159' title='bbox 111 1790 265 1821; x_wconf 88' lang='lat' dir='ltr'>Honorati</span> <span class='ocrx_word' id='word_1_160' title='bbox 275 1789 505 1826; x_wconf 86' lang='lat' dir='ltr'>Parisiensem,</span> <span class='ocrx_word' id='word_1_161' title='bbox 517 1790 549 1819; x_wconf 90' lang='lat' dir='ltr'>in</span> <span class='ocrx_word' id='word_1_162' title='bbox 559 1798 632 1828; x_wconf 84' lang='lat' dir='ltr'>qua,</span> <span class='ocrx_word' id='word_1_163' title='bbox 642 1790 880 1828; x_wconf 86' lang='lat' dir='ltr'>singulisannis</span> <span class='ocrx_word' id='word_1_164' title='bbox 890 1791 1005 1821; x_wconf 85' lang='lat' dir='ltr'>festum</span> <span class='ocrx_word' id='word_1_165' title='bbox 1015 1792 1046 1822; x_wconf 88' lang='lat' dir='ltr'>S.</span> <span class='ocrx_word' id='word_1_166' title='bbox 1058 1792 1115 1821; x_wconf 94' lang='lat' dir='ltr'>Ni-</span> 
     </span>
     <span class='ocr_line' id='line_1_27' title="bbox 109 1843 1116 1884; baseline 0.002 -11"><span class='ocrx_word' id='word_1_167' title='bbox 109 1843 189 1874; x_wconf 89' lang='lat' dir='ltr'>colai</span> <span class='ocrx_word' id='word_1_168' title='bbox 204 1843 395 1873; x_wconf 78' lang='lat' dir='ltr'>confessoris</span> <span class='ocrx_word' id='word_1_169' title='bbox 411 1848 441 1873; x_wconf 88' lang='lat' dir='ltr'>et</span> <span class='ocrx_word' id='word_1_170' title='bbox 456 1843 567 1873; x_wconf 87' lang='lat' dir='ltr'>beatae</span> <span class='ocrx_word' id='word_1_171' title='bbox 581 1843 755 1873; x_wconf 81' lang='lat' dir='ltr'>Katerinae</span> <span class='ocrx_word' id='word_1_172' title='bbox 770 1844 905 1882; x_wconf 83' lang='lat' dir='ltr'>virginis</span> <span class='ocrx_word' id='word_1_173' title='bbox 922 1849 951 1874; x_wconf 85' lang='lat' dir='ltr'>et</span> <span class='ocrx_word' id='word_1_174' title='bbox 964 1846 1116 1884; x_wconf 83' lang='lat' dir='ltr'>martyris</span> 
     </span>
     <span class='ocr_line' id='line_1_28' title="bbox 110 1896 1117 1936; baseline 0.002 -10"><span class='ocrx_word' id='word_1_175' title='bbox 110 1896 316 1936; x_wconf 87' lang='lat' dir='ltr'>solempniter</span> <span class='ocrx_word' id='word_1_176' title='bbox 331 1896 519 1934; x_wconf 87' lang='lat' dir='ltr'>celebratur,</span> <span class='ocrx_word' id='word_1_177' title='bbox 534 1897 568 1926; x_wconf 93' lang='lat' dir='ltr'>in</span> <span class='ocrx_word' id='word_1_178' title='bbox 584 1896 723 1935; x_wconf 83' lang='lat' dir='ltr'>singulis</span> <span class='ocrx_word' id='word_1_179' title='bbox 739 1897 839 1927; x_wconf 89' lang='lat' dir='ltr'>sancti</span> <span class='ocrx_word' id='word_1_180' title='bbox 855 1897 982 1927; x_wconf 86' lang='lat' dir='ltr'>Nicolai</span> <span class='ocrx_word' id='word_1_181' title='bbox 998 1903 1027 1928; x_wconf 87' lang='lat' dir='ltr'>et</span> <span class='ocrx_word' id='word_1_182' title='bbox 1045 1899 1117 1928; x_wconf 88' lang='lat' dir='ltr'>bea-</span> 
     </span>
     <span class='ocr_line' id='line_1_29' title="bbox 111 1949 1116 1989; baseline 0.001 -9"><span class='ocrx_word' id='word_1_183' title='bbox 111 1954 159 1980; x_wconf 89' lang='lat' dir='ltr'>tae</span> <span class='ocrx_word' id='word_1_184' title='bbox 175 1949 368 1980; x_wconf 88' lang='lat' dir='ltr'>Catherinae</span> <span class='ocrx_word' id='word_1_185' title='bbox 383 1949 610 1980; x_wconf 85' lang='lat' dir='ltr'>festivitatibus</span> <span class='ocrx_word' id='word_1_186' title='bbox 626 1959 663 1979; x_wconf 89' lang='grc'>30</span> <span class='ocrx_word' id='word_1_187' title='bbox 684 1959 738 1989; x_wconf 90' lang='lat' dir='ltr'>per</span> <span class='ocrx_word' id='word_1_188' title='bbox 754 1954 823 1980; x_wconf 89' lang='lat' dir='ltr'>octo</span> <span class='ocrx_word' id='word_1_189' title='bbox 844 1951 911 1980; x_wconf 88' lang='lat' dir='ltr'>dies</span> <span class='ocrx_word' id='word_1_190' title='bbox 930 1951 1116 1982; x_wconf 80' lang='lat' dir='ltr'>festivitates</span> 
     </span>
     <span class='ocr_line' id='line_1_30' title="bbox 109 2003 930 2044; baseline 0.001 -9"><span class='ocrx_word' id='word_1_191' title='bbox 109 2004 193 2044; x_wconf 86' lang='lat' dir='ltr'>ipsas</span> <span class='ocrx_word' id='word_1_192' title='bbox 208 2003 396 2034; x_wconf 85' lang='lat' dir='ltr'>immediate</span> <span class='ocrx_word' id='word_1_193' title='bbox 410 2009 581 2043; x_wconf 86' lang='lat' dir='ltr'>sequentes</span> <span class='ocrx_word' id='word_1_194' title='bbox 600 2004 711 2034; x_wconf 90' lang='lat' dir='ltr'>devote</span> <span class='ocrx_word' id='word_1_195' title='bbox 727 2005 930 2037; x_wconf 84' lang='lat' dir='ltr'>accesserint.</span> 
     </span>
    </p>

    <p class='ocr_par' dir='ltr' id='par_1_7' title="bbox 112 2057 1113 2147">
     <span class='ocr_line' id='line_1_31' title="bbox 152 2057 1113 2097; baseline 0.005 -12"><span class='ocrx_word' id='word_1_196' title='bbox 152 2070 167 2085; x_wconf 94' lang='lat'>«</span> <span class='ocrx_word' id='word_1_197' title='bbox 181 2057 373 2088; x_wconf 86' lang='lat' dir='ltr'>Sanctorum</span> <span class='ocrx_word' id='word_1_198' title='bbox 385 2062 460 2087; x_wconf 88' lang='lat' dir='ltr'>sunt</span> <span class='ocrx_word' id='word_1_199' title='bbox 473 2057 589 2087; x_wconf 88' lang='lat' dir='ltr'>festa...</span> <span class='ocrx_word' id='word_1_200' title='bbox 602 2073 644 2080; x_wconf 92' lang='lat'><strong>—</strong></span> <span class='ocrx_word' id='word_1_201' title='bbox 657 2058 728 2088; x_wconf 88' lang='lat' dir='ltr'>Dat.</span> <span class='ocrx_word' id='word_1_202' title='bbox 742 2058 826 2097; x_wconf 89' lang='lat' dir='ltr'>apud</span> <span class='ocrx_word' id='word_1_203' title='bbox 841 2058 1113 2097; x_wconf 84' lang='lat' dir='ltr'>Urbemveterem,</span> 
     </span>
     <span class='ocr_line' id='line_1_32' title="bbox 112 2110 717 2147; baseline -0.007 -6"><span class='ocrx_word' id='word_1_204' title='bbox 112 2120 134 2141; x_wconf 88' lang='grc'>11</span> <span class='ocrx_word' id='word_1_205' title='bbox 153 2119 255 2141; x_wconf 91' lang='lat' dir='ltr'>nonas</span> <span class='ocrx_word' id='word_1_206' title='bbox 270 2110 464 2147; x_wconf 84' lang='lat' dir='ltr'>novembris,</span> <span class='ocrx_word' id='word_1_207' title='bbox 481 2118 567 2141; x_wconf 91' lang='lat' dir='ltr'>anno</span> <span class='ocrx_word' id='word_1_208' title='bbox 584 2110 685 2140; x_wconf 88' lang='lat' dir='ltr'>tertio.</span> <span class='ocrx_word' id='word_1_209' title='bbox 703 2122 717 2137; x_wconf 68' lang='lat' dir='ltr'><strong>n</strong></span> 
     </span>
    </p>
   </div>
   <div class='ocr_carea' id='block_1_7' title="bbox 640 2189 1042 2224">
    <p class='ocr_par' dir='ltr' id='par_1_8' title="bbox 640 2189 1042 2224">
     <span class='ocr_line' id='line_1_33' title="bbox 640 2189 1042 2224; baseline 0.005 -8"><span class='ocrx_word' id='word_1_210' title='bbox 640 2189 768 2224; x_wconf 74' lang='lat' dir='ltr'>Orvieto,</span> <span class='ocrx_word' id='word_1_211' title='bbox 783 2190 817 2217; x_wconf 80' lang='lat'>‘23</span> <span class='ocrx_word' id='word_1_212' title='bbox 833 2191 949 2218; x_wconf 82' lang='lat' dir='ltr'>octobre</span> <span class='ocrx_word' id='word_1_213' title='bbox 968 2192 1042 2219; x_wconf 75' lang='lat'>1‘290.</span> 
     </span>
    </p>
   </div>
   <div class='ocr_carea' id='block_1_8' title="bbox 109 2252 1115 2496">
    <p class='ocr_par' dir='ltr' id='par_1_9' title="bbox 109 2252 1115 2397">
     <span class='ocr_line' id='line_1_34' title="bbox 149 2252 1114 2292; baseline 0.002 -9"><span class='ocrx_word' id='word_1_214' title='bbox 149 2253 189 2283; x_wconf 91' lang='lat' dir='ltr'>In</span> <span class='ocrx_word' id='word_1_215' title='bbox 202 2262 229 2283; x_wconf 87' lang='lat' dir='ltr'>e.</span> <span class='ocrx_word' id='word_1_216' title='bbox 245 2261 289 2283; x_wconf 91' lang='lat' dir='ltr'>m.</span> <span class='ocrx_word' id='word_1_217' title='bbox 306 2252 488 2287; x_wconf 82' lang='lat' dir='ltr'>Universis‚</span> <span class='ocrx_word' id='word_1_218' title='bbox 507 2256 566 2282; x_wconf 88' lang='grc'>010.</span> <span class='ocrx_word' id='word_1_219' title='bbox 584 2252 738 2283; x_wconf 84' lang='lat' dir='ltr'>Eamdem</span> <span class='ocrx_word' id='word_1_220' title='bbox 754 2253 988 2292; x_wconf 84' lang='lat' dir='ltr'>indulgentiam</span> <span class='ocrx_word' id='word_1_221' title='bbox 1005 2264 1114 2285; x_wconf 88' lang='lat' dir='ltr'>conce-</span> 
     </span>
     <span class='ocr_line' id='line_1_35' title="bbox 110 2304 1115 2346; baseline 0.003 -11"><span class='ocrx_word' id='word_1_222' title='bbox 110 2305 158 2335; x_wconf 90' lang='lat' dir='ltr'>dit</span> <span class='ocrx_word' id='word_1_223' title='bbox 183 2305 229 2335; x_wconf 87' lang='lat' dir='ltr'>eis</span> <span class='ocrx_word' id='word_1_224' title='bbox 254 2304 312 2345; x_wconf 91' lang='lat' dir='ltr'>qui</span> <span class='ocrx_word' id='word_1_225' title='bbox 333 2304 501 2336; x_wconf 87' lang='lat' dir='ltr'>ecclesiam</span> <span class='ocrx_word' id='word_1_226' title='bbox 518 2305 632 2335; x_wconf 89' lang='lat' dir='ltr'>Beatae</span> <span class='ocrx_word' id='word_1_227' title='bbox 650 2306 770 2336; x_wconf 87' lang='lat' dir='ltr'>Mariae</span> <span class='ocrx_word' id='word_1_228' title='bbox 789 2306 827 2336; x_wconf 92' lang='lat' dir='ltr'>de</span> <span class='ocrx_word' id='word_1_229' title='bbox 846 2306 1059 2346; x_wconf 85' lang='lat' dir='ltr'>Campillone‚</span> <span class='ocrx_word' id='word_1_230' title='bbox 1081 2309 1115 2338; x_wconf 91' lang='grc'>111</span> 
     </span>
     <span class='ocr_line' id='line_1_36' title="bbox 109 2357 975 2397; baseline 0.001 -9"><span class='ocrx_word' id='word_1_231' title='bbox 109 2357 186 2388; x_wconf 89' lang='lat' dir='ltr'>villa</span> <span class='ocrx_word' id='word_1_232' title='bbox 202 2357 359 2397; x_wconf 79' lang='lat' dir='ltr'>Cayvani,</span> <span class='ocrx_word' id='word_1_233' title='bbox 377 2359 562 2388; x_wconf 86' lang='lat' dir='ltr'>Aversanae</span> <span class='ocrx_word' id='word_1_234' title='bbox 578 2357 743 2395; x_wconf 88' lang='lat' dir='ltr'>dioecesis,</span> <span class='ocrx_word' id='word_1_235' title='bbox 762 2359 975 2389; x_wconf 84' lang='lat' dir='ltr'>visitaverint.</span> 
     </span>
    </p>

    <p class='ocr_par' dir='ltr' id='par_1_10' title="bbox 110 2410 1114 2496">
     <span class='ocr_line' id='line_1_37' title="bbox 149 2410 1114 2453; baseline 0.005 -14"><span class='ocrx_word' id='word_1_236' title='bbox 149 2422 163 2438; x_wconf 75' lang='grc' dir='ltr'><strong>α</strong></span> <span class='ocrx_word' id='word_1_237' title='bbox 184 2411 253 2441; x_wconf 90' lang='lat' dir='ltr'>Vite</span> <span class='ocrx_word' id='word_1_238' title='bbox 267 2411 418 2450; x_wconf 86' lang='lat' dir='ltr'>perennis</span> <span class='ocrx_word' id='word_1_239' title='bbox 431 2410 570 2449; x_wconf 85' lang='lat' dir='ltr'>gloria...</span> <span class='ocrx_word' id='word_1_240' title='bbox 586 2427 625 2433; x_wconf 93' lang='lat'>—-</span> <span class='ocrx_word' id='word_1_241' title='bbox 639 2411 710 2442; x_wconf 91' lang='lat' dir='ltr'>Dat.</span> <span class='ocrx_word' id='word_1_242' title='bbox 724 2421 743 2441; x_wconf 82' lang='lat' dir='ltr'>x</span> <span class='ocrx_word' id='word_1_243' title='bbox 754 2411 908 2443; x_wconf 85' lang='lat' dir='ltr'>kalendas</span> <span class='ocrx_word' id='word_1_244' title='bbox 920 2414 1114 2453; x_wconf 84' lang='lat' dir='ltr'>novembris,</span> 
     </span>
     <span class='ocr_line' id='line_1_38' title="bbox 110 2464 351 2496; baseline 0.004 -1"><span class='ocrx_word' id='word_1_245' title='bbox 110 2473 195 2495; x_wconf 84' lang='lat' dir='ltr'>anno</span> <span class='ocrx_word' id='word_1_246' title='bbox 210 2464 314 2496; x_wconf 86' lang='lat' dir='ltr'>tertio.</span> <span class='ocrx_word' id='word_1_247' title='bbox 337 2477 351 2492; x_wconf 72' lang='grc' dir='ltr'><strong>ι</strong></span> 
     </span>
    </p>
   </div>
   <div class='ocr_carea' id='block_1_9' title="bbox 112 2531 1117 2847">
    <p class='ocr_par' dir='ltr' id='par_1_11' title="bbox 112 2531 1117 2847">
     <span class='ocr_line' id='line_1_39' title="bbox 642 2531 1044 2564; baseline 0.01 -6"><span class='ocrx_word' id='word_1_248' title='bbox 642 2531 767 2564; x_wconf 79' lang='lat' dir='ltr'>Orvieto,</span> <span class='ocrx_word' id='word_1_249' title='bbox 783 2534 817 2560; x_wconf 79' lang='lat'>‘23</span> <span class='ocrx_word' id='word_1_250' title='bbox 833 2534 949 2561; x_wconf 84' lang='lat' dir='ltr'>octobre</span> <span class='ocrx_word' id='word_1_251' title='bbox 970 2535 1044 2562; x_wconf 63' lang='lat'>1290.</span> 
     </span>
     <span class='ocr_line' id='line_1_40' title="bbox 151 2594 1116 2634; baseline 0.004 -10"><span class='ocrx_word' id='word_1_252' title='bbox 151 2595 190 2625; x_wconf 90' lang='lat' dir='ltr'>In</span> <span class='ocrx_word' id='word_1_253' title='bbox 212 2604 239 2625; x_wconf 92' lang='lat' dir='ltr'>e.</span> <span class='ocrx_word' id='word_1_254' title='bbox 258 2603 316 2632; x_wconf 90' lang='lat' dir='ltr'>m.,</span> <span class='ocrx_word' id='word_1_255' title='bbox 336 2603 392 2634; x_wconf 90' lang='lat' dir='ltr'>pro</span> <span class='ocrx_word' id='word_1_256' title='bbox 416 2594 550 2625; x_wconf 84' lang='lat' dir='ltr'>eeclesia</span> <span class='ocrx_word' id='word_1_257' title='bbox 573 2595 612 2625; x_wconf 90' lang='lat' dir='ltr'>de</span> <span class='ocrx_word' id='word_1_258' title='bbox 632 2595 783 2633; x_wconf 84' lang='lat' dir='ltr'>Bariaco,</span> <span class='ocrx_word' id='word_1_259' title='bbox 803 2597 1003 2627; x_wconf 88' lang='lat' dir='ltr'>Mimatensis</span> <span class='ocrx_word' id='word_1_260' title='bbox 1028 2598 1116 2629; x_wconf 88' lang='lat' dir='ltr'>dioe-</span> 
     </span>
     <span class='ocr_line' id='line_1_41' title="bbox 113 2648 206 2679; baseline -0.011 0"><span class='ocrx_word' id='word_1_261' title='bbox 113 2648 206 2679; x_wconf 85' lang='lat' dir='ltr'>cesis.</span> 
     </span>
     <span class='ocr_line' id='line_1_42' title="bbox 154 2700 1115 2742; baseline 0.008 -15"><span class='ocrx_word' id='word_1_262' title='bbox 154 2712 168 2727; x_wconf 77' lang='grc' dir='ltr'><strong>α</strong></span> <span class='ocrx_word' id='word_1_263' title='bbox 183 2700 256 2731; x_wconf 89' lang='lat' dir='ltr'>Vite</span> <span class='ocrx_word' id='word_1_264' title='bbox 272 2701 422 2740; x_wconf 88' lang='lat' dir='ltr'>perennis</span> <span class='ocrx_word' id='word_1_265' title='bbox 436 2700 575 2739; x_wconf 84' lang='lat' dir='ltr'>gloria...</span> <span class='ocrx_word' id='word_1_266' title='bbox 591 2718 630 2724; x_wconf 94' lang='lat'>—</span> <span class='ocrx_word' id='word_1_267' title='bbox 647 2702 720 2732; x_wconf 87' lang='lat' dir='ltr'>Dat.</span> <span class='ocrx_word' id='word_1_268' title='bbox 736 2703 820 2742; x_wconf 87' lang='lat' dir='ltr'>apud</span> <span class='ocrx_word' id='word_1_269' title='bbox 839 2703 1115 2742; x_wconf 87' lang='lat' dir='ltr'>Urbemveterem‚</span> 
     </span>
     <span class='ocr_line' id='line_1_43' title="bbox 112 2753 770 2792; baseline 0.005 -9"><span class='ocrx_word' id='word_1_270' title='bbox 112 2763 130 2783; x_wconf 89' lang='lat' dir='ltr'>x</span> <span class='ocrx_word' id='word_1_271' title='bbox 145 2753 299 2785; x_wconf 89' lang='lat' dir='ltr'>kalendas</span> <span class='ocrx_word' id='word_1_272' title='bbox 315 2755 510 2792; x_wconf 82' lang='lat' dir='ltr'>novembris,</span> <span class='ocrx_word' id='word_1_273' title='bbox 528 2764 615 2786; x_wconf 88' lang='lat' dir='ltr'>anno</span> <span class='ocrx_word' id='word_1_274' title='bbox 633 2756 736 2787; x_wconf 85' lang='lat' dir='ltr'>tertio.</span> <span class='ocrx_word' id='word_1_275' title='bbox 757 2769 770 2783; x_wconf 76' lang='lat' dir='ltr'>n</span> 
     </span>
     <span class='ocr_line' id='line_1_44' title="bbox 151 2807 1117 2847; baseline 0.004 -10"><span class='ocrx_word' id='word_1_276' title='bbox 151 2808 190 2837; x_wconf 93' lang='lat' dir='ltr'>In</span> <span class='ocrx_word' id='word_1_277' title='bbox 216 2816 244 2837; x_wconf 89' lang='lat' dir='ltr'>e.</span> <span class='ocrx_word' id='word_1_278' title='bbox 271 2816 328 2845; x_wconf 91' lang='lat' dir='ltr'>m.,</span> <span class='ocrx_word' id='word_1_279' title='bbox 348 2816 404 2846; x_wconf 91' lang='lat' dir='ltr'>pro</span> <span class='ocrx_word' id='word_1_280' title='bbox 427 2807 560 2838; x_wconf 87' lang='lat' dir='ltr'>ecclesia</span> <span class='ocrx_word' id='word_1_281' title='bbox 582 2808 683 2847; x_wconf 88' lang='lat' dir='ltr'>plebis</span> <span class='ocrx_word' id='word_1_282' title='bbox 706 2810 744 2840; x_wconf 89' lang='lat' dir='ltr'>de</span> <span class='ocrx_word' id='word_1_283' title='bbox 766 2810 868 2847; x_wconf 82' lang='lat' dir='ltr'>Colle,</span> <span class='ocrx_word' id='word_1_284' title='bbox 889 2811 929 2840; x_wconf 87' lang='lat' dir='ltr'>ad</span> <span class='ocrx_word' id='word_1_285' title='bbox 951 2820 1117 2841; x_wconf 84' lang='lat' dir='ltr'>romanam</span> 
     </span>
    </p>
   </div>
   <div class='ocr_carea' id='block_1_10' title="bbox 113 2860 1116 2953">
    <p class='ocr_par' dir='ltr' id='par_1_12' title="bbox 113 2860 1116 2953">
     <span class='ocr_line' id='line_1_45' title="bbox 113 2860 1116 2900; baseline 0.004 -10"><span class='ocrx_word' id='word_1_286' title='bbox 113 2860 278 2891; x_wconf 88' lang='lat' dir='ltr'>ecclesiam</span> <span class='ocrx_word' id='word_1_287' title='bbox 297 2860 387 2891; x_wconf 91' lang='lat' dir='ltr'>nullo</span> <span class='ocrx_word' id='word_1_288' title='bbox 410 2861 516 2892; x_wconf 89' lang='lat' dir='ltr'>medio</span> <span class='ocrx_word' id='word_1_289' title='bbox 530 2862 720 2900; x_wconf 87' lang='lat' dir='ltr'>pertinenti,</span> <span class='ocrx_word' id='word_1_290' title='bbox 738 2862 933 2894; x_wconf 87' lang='lat' dir='ltr'>Vulteranae</span> <span class='ocrx_word' id='word_1_291' title='bbox 948 2864 1116 2895; x_wconf 82' lang='lat' dir='ltr'>dioecesis.</span> 
     </span>
     <span class='ocr_line' id='line_1_46' title="bbox 113 2913 358 2953; baseline 0 -9"><span class='ocrx_word' id='word_1_292' title='bbox 113 2913 184 2944; x_wconf 88' lang='lat' dir='ltr'>Dat.</span> <span class='ocrx_word' id='word_1_293' title='bbox 200 2919 237 2944; x_wconf 90' lang='lat' dir='ltr'>ut</span> <span class='ocrx_word' id='word_1_294' title='bbox 252 2923 358 2953; x_wconf 83' lang='lat' dir='ltr'>supra.</span> 
     </span>
    </p>
   </div>
   <div class='ocr_carea' id='block_1_11' title="bbox 617 2981 1045 3016">
    <p class='ocr_par' dir='ltr' id='par_1_13' title="bbox 617 2981 1045 3016">
     <span class='ocr_line' id='line_1_47' title="bbox 617 2981 1045 3016; baseline 0.007 -8"><span class='ocrx_word' id='word_1_295' title='bbox 617 2981 744 3016; x_wconf 78' lang='lat' dir='ltr'>Orvieto,</span> <span class='ocrx_word' id='word_1_296' title='bbox 762 2982 777 3009; x_wconf 92' lang='lat'>3</span> <span class='ocrx_word' id='word_1_297' title='bbox 795 2984 950 3010; x_wconf 84' lang='lat' dir='ltr'>novembre</span> <span class='ocrx_word' id='word_1_298' title='bbox 970 2984 1045 3011; x_wconf 61' lang='lat'>1290.</span> 
     </span>
    </p>
   </div>
   <div class='ocr_carea' id='block_1_12' title="bbox 154 3041 1116 3083">
    <p class='ocr_par' dir='ltr' id='par_1_14' title="bbox 154 3041 1116 3083">
     <span class='ocr_line' id='line_1_48' title="bbox 154 3041 1116 3083; baseline 0.005 -12"><span class='ocrx_word' id='word_1_299' title='bbox 154 3041 190 3071; x_wconf 84' lang='lat' dir='ltr'>In</span> <span class='ocrx_word' id='word_1_300' title='bbox 214 3051 242 3072; x_wconf 84' lang='lat' dir='ltr'>e.</span> <span class='ocrx_word' id='word_1_301' title='bbox 272 3051 329 3080; x_wconf 83' lang='lat' dir='ltr'>m.,</span> <span class='ocrx_word' id='word_1_302' title='bbox 354 3050 410 3081; x_wconf 91' lang='lat' dir='ltr'>pro</span> <span class='ocrx_word' id='word_1_303' title='bbox 436 3042 569 3073; x_wconf 87' lang='lat' dir='ltr'>ecclesia</span> <span class='ocrx_word' id='word_1_304' title='bbox 595 3043 710 3074; x_wconf 84' lang='lat' dir='ltr'>Beatae</span> <span class='ocrx_word' id='word_1_305' title='bbox 740 3045 858 3074; x_wconf 85' lang='lat' dir='ltr'>Mariae</span> <span class='ocrx_word' id='word_1_306' title='bbox 884 3045 923 3075; x_wconf 86' lang='lat' dir='ltr'>de</span> <span class='ocrx_word' id='word_1_307' title='bbox 950 3045 1116 3083; x_wconf 83' lang='lat' dir='ltr'>Torrellis,</span> 
     </span>
    </p>
   </div>
   <div class='ocr_carea' id='block_1_13' title="bbox 1194 439 2198 529">
    <p class='ocr_par' dir='ltr' id='par_1_15' title="bbox 1194 439 2198 529">
     <span class='ocr_line' id='line_1_49' title="bbox 1194 439 2198 478; baseline 0 -9"><span class='ocrx_word' id='word_1_308' title='bbox 1194 439 1483 478; x_wconf 78' lang='lat' dir='ltr'>Caesaragustanae</span> <span class='ocrx_word' id='word_1_309' title='bbox 1513 440 1677 470; x_wconf 70' lang='lat' dir='ltr'>dioecesis.</span> <span class='ocrx_word' id='word_1_310' title='bbox 1710 440 1779 469; x_wconf 89' lang='lat' dir='ltr'>Dat.</span> <span class='ocrx_word' id='word_1_311' title='bbox 1811 440 1893 478; x_wconf 84' lang='lat' dir='ltr'>apud</span> <span class='ocrx_word' id='word_1_312' title='bbox 1924 440 2198 476; x_wconf 83' lang='lat' dir='ltr'>Urbemveterem,</span> 
     </span>
     <span class='ocr_line' id='line_1_50' title="bbox 1195 493 1785 529; baseline 0.003 -9"><span class='ocrx_word' id='word_1_313' title='bbox 1195 501 1227 521; x_wconf 86' lang='lat'>111</span> <span class='ocrx_word' id='word_1_314' title='bbox 1248 501 1349 522; x_wconf 90' lang='lat' dir='ltr'>nonas</span> <span class='ocrx_word' id='word_1_315' title='bbox 1366 493 1560 529; x_wconf 82' lang='lat' dir='ltr'>novembris,</span> <span class='ocrx_word' id='word_1_316' title='bbox 1581 502 1665 522; x_wconf 91' lang='lat' dir='ltr'>anno</span> <span class='ocrx_word' id='word_1_317' title='bbox 1686 493 1785 522; x_wconf 89' lang='lat' dir='ltr'>tertio.</span> 
     </span>
    </p>
   </div>
   <div class='ocr_carea' id='block_1_14' title="bbox 1726 572 2129 603">
    <p class='ocr_par' dir='ltr' id='par_1_16' title="bbox 1726 572 2129 603">
     <span class='ocr_line' id='line_1_51' title="bbox 1726 572 2129 603; baseline 0 -4"><span class='ocrx_word' id='word_1_318' title='bbox 1726 573 1852 603; x_wconf 87' lang='lat' dir='ltr'>Orvieto,</span> <span class='ocrx_word' id='word_1_319' title='bbox 1872 573 1903 599; x_wconf 81' lang='lat'>18</span> <span class='ocrx_word' id='word_1_320' title='bbox 1919 572 2035 599; x_wconf 85' lang='lat' dir='ltr'>octobre</span> <span class='ocrx_word' id='word_1_321' title='bbox 2054 573 2129 599; x_wconf 67' lang='lat'>1290.</span> 
     </span>
    </p>
   </div>
   <div class='ocr_carea' id='block_1_15' title="bbox 1195 633 2201 777">
    <p class='ocr_par' dir='ltr' id='par_1_17' title="bbox 1195 633 2201 777">
     <span class='ocr_line' id='line_1_52' title="bbox 1235 633 2201 673; baseline 0.001 -11"><span class='ocrx_word' id='word_1_322' title='bbox 1235 634 1273 662; x_wconf 90' lang='lat' dir='ltr'>In</span> <span class='ocrx_word' id='word_1_323' title='bbox 1289 643 1316 663; x_wconf 91' lang='lat' dir='ltr'>e.</span> <span class='ocrx_word' id='word_1_324' title='bbox 1335 643 1391 670; x_wconf 75' lang='lat' dir='ltr'>m.,</span> <span class='ocrx_word' id='word_1_325' title='bbox 1409 644 1465 673; x_wconf 91' lang='lat' dir='ltr'>pro</span> <span class='ocrx_word' id='word_1_326' title='bbox 1485 635 1618 665; x_wconf 88' lang='lat' dir='ltr'>ecclesia</span> <span class='ocrx_word' id='word_1_327' title='bbox 1640 635 1771 665; x_wconf 86' lang='lat' dir='ltr'>fratrum</span> <span class='ocrx_word' id='word_1_328' title='bbox 1788 635 1949 664; x_wconf 91' lang='lat' dir='ltr'>minorum</span> <span class='ocrx_word' id='word_1_329' title='bbox 1969 634 2087 664; x_wconf 88' lang='lat' dir='ltr'>Montis</span> <span class='ocrx_word' id='word_1_330' title='bbox 2104 633 2201 664; x_wconf 79' lang='lat' dir='ltr'>Polli-</span> 
     </span>
     <span class='ocr_line' id='line_1_53' title="bbox 1195 688 2199 726; baseline -0.001 -9"><span class='ocrx_word' id='word_1_331' title='bbox 1195 688 1297 723; x_wconf 76' lang='grc'>013111,</span> <span class='ocrx_word' id='word_1_332' title='bbox 1328 689 1479 718; x_wconf 88' lang='lat' dir='ltr'>Aretinae</span> <span class='ocrx_word' id='word_1_333' title='bbox 1507 689 1670 719; x_wconf 87' lang='lat' dir='ltr'>dioecesis.</span> <span class='ocrx_word' id='word_1_334' title='bbox 1702 689 1771 718; x_wconf 89' lang='lat' dir='ltr'>Dat.</span> <span class='ocrx_word' id='word_1_335' title='bbox 1803 688 1886 726; x_wconf 90' lang='lat' dir='ltr'>apud</span> <span class='ocrx_word' id='word_1_336' title='bbox 1919 688 2199 723; x_wconf 84' lang='lat' dir='ltr'>Urbemveterem,</span> 
     </span>
     <span class='ocr_line' id='line_1_54' title="bbox 1196 741 1842 777; baseline 0 -7"><span class='ocrx_word' id='word_1_337' title='bbox 1196 751 1236 770; x_wconf 77' lang='lat' dir='ltr'>xv</span> <span class='ocrx_word' id='word_1_338' title='bbox 1252 741 1405 771; x_wconf 82' lang='lat' dir='ltr'>kalendas</span> <span class='ocrx_word' id='word_1_339' title='bbox 1424 742 1616 777; x_wconf 76' lang='lat' dir='ltr'>novembris,</span> <span class='ocrx_word' id='word_1_340' title='bbox 1636 750 1722 771; x_wconf 89' lang='grc'>311110</span> <span class='ocrx_word' id='word_1_341' title='bbox 1742 742 1842 770; x_wconf 90' lang='lat' dir='ltr'>tertio.</span> 
     </span>
    </p>
   </div>
   <div class='ocr_carea' id='block_1_16' title="bbox 1725 819 2130 854">
    <p class='ocr_par' dir='ltr' id='par_1_18' title="bbox 1725 819 2130 854">
     <span class='ocr_line' id='line_1_55' title="bbox 1725 819 2130 854; baseline -0.002 -8"><span class='ocrx_word' id='word_1_342' title='bbox 1725 820 1851 854; x_wconf 77' lang='grc' dir='ltr'>01νί010,</span> <span class='ocrx_word' id='word_1_343' title='bbox 1867 820 1901 846; x_wconf 75' lang='lat'>‘23</span> <span class='ocrx_word' id='word_1_344' title='bbox 1917 820 2034 845; x_wconf 78' lang='lat' dir='ltr'>octobre</span> <span class='ocrx_word' id='word_1_345' title='bbox 2054 819 2130 846; x_wconf 65' lang='lat'>1290.</span> 
     </span>
    </p>
   </div>
   <div class='ocr_carea' id='block_1_17' title="bbox 1197 883 2202 977">
    <p class='ocr_par' dir='ltr' id='par_1_19' title="bbox 1197 883 2202 977">
     <span class='ocr_line' id='line_1_56' title="bbox 1238 883 2202 924; baseline -0.003 -9"><span class='ocrx_word' id='word_1_346' title='bbox 1238 886 1274 915; x_wconf 94' lang='lat' dir='ltr'>In</span> <span class='ocrx_word' id='word_1_347' title='bbox 1292 895 1319 916; x_wconf 90' lang='lat' dir='ltr'>e.</span> <span class='ocrx_word' id='word_1_348' title='bbox 1335 895 1391 921; x_wconf 89' lang='lat' dir='ltr'>m.,</span> <span class='ocrx_word' id='word_1_349' title='bbox 1406 894 1462 924; x_wconf 90' lang='lat' dir='ltr'>pro</span> <span class='ocrx_word' id='word_1_350' title='bbox 1483 884 1616 914; x_wconf 85' lang='lat' dir='ltr'>ecclesia</span> <span class='ocrx_word' id='word_1_351' title='bbox 1632 884 1765 913; x_wconf 88' lang='lat' dir='ltr'>fratrum</span> <span class='ocrx_word' id='word_1_352' title='bbox 1782 884 1944 913; x_wconf 90' lang='lat' dir='ltr'>minorum</span> <span class='ocrx_word' id='word_1_353' title='bbox 1961 883 2106 913; x_wconf 89' lang='lat' dir='ltr'>Aretina.</span> <span class='ocrx_word' id='word_1_354' title='bbox 2131 884 2202 912; x_wconf 87' lang='lat' dir='ltr'>Dat.</span> 
     </span>
     <span class='ocr_line' id='line_1_57' title="bbox 1197 936 2202 977; baseline -0.002 -9"><span class='ocrx_word' id='word_1_355' title='bbox 1197 938 1279 977; x_wconf 85' lang='lat' dir='ltr'>apud</span> <span class='ocrx_word' id='word_1_356' title='bbox 1300 939 1574 973; x_wconf 88' lang='lat' dir='ltr'>Urbemveterem,</span> <span class='ocrx_word' id='word_1_357' title='bbox 1587 946 1605 966; x_wconf 83' lang='lat' dir='ltr'>x</span> <span class='ocrx_word' id='word_1_358' title='bbox 1621 936 1773 966; x_wconf 85' lang='lat' dir='ltr'>kalendas</span> <span class='ocrx_word' id='word_1_359' title='bbox 1790 936 1985 972; x_wconf 85' lang='lat' dir='ltr'>novembris,</span> <span class='ocrx_word' id='word_1_360' title='bbox 1998 945 2083 966; x_wconf 90' lang='lat' dir='ltr'>anno</span> <span class='ocrx_word' id='word_1_361' title='bbox 2101 936 2202 966; x_wconf 87' lang='lat' dir='ltr'>tertio.</span> 
     </span>
    </p>
   </div>
   <div class='ocr_carea' id='block_1_18' title="bbox 1268 1105 2131 1139">
    <p class='ocr_par' dir='ltr' id='par_1_20' title="bbox 1268 1105 2131 1139">
     <span class='ocr_line' id='line_1_58' title="bbox 1268 1105 2131 1139; baseline -0.009 0"><span class='ocrx_word' id='word_1_362' title='bbox 1268 1109 1524 1139; x_wconf 71' lang='lat'>3591-3583</span> <span class='ocrx_word' id='word_1_363' title='bbox 1723 1107 1854 1137; x_wconf 72' lang='lat' dir='ltr'>Orvieto,</span> <span class='ocrx_word' id='word_1_364' title='bbox 1875 1106 1904 1132; x_wconf 68' lang='lat'>12</span> <span class='ocrx_word' id='word_1_365' title='bbox 1921 1106 2038 1132; x_wconf 79' lang='lat' dir='ltr'>octobre</span> <span class='ocrx_word' id='word_1_366' title='bbox 2057 1105 2131 1132; x_wconf 68' lang='lat'>¹290.</span> 
     </span>
    </p>
   </div>
   <div class='ocr_carea' id='block_1_19' title="bbox 1198 1166 2208 1258">
    <p class='ocr_par' dir='ltr' id='par_1_21' title="bbox 1198 1166 2208 1258">
     <span class='ocr_line' id='line_1_59' title="bbox 1232 1166 2208 1200; baseline -0.005 -1"><span class='ocrx_word' id='word_1_367' title='bbox 1232 1172 1453 1200; x_wconf 86' lang='lat' dir='ltr'>Administratio</span> <span class='ocrx_word' id='word_1_368' title='bbox 1484 1169 1648 1197; x_wconf 86' lang='lat' dir='ltr'>monasterii</span> <span class='ocrx_word' id='word_1_369' title='bbox 1679 1169 1777 1195; x_wconf 84' lang='lat' dir='ltr'>Sancti</span> <span class='ocrx_word' id='word_1_370' title='bbox 1807 1168 1918 1195; x_wconf 83' lang='lat' dir='ltr'>Antimi</span> <span class='ocrx_word' id='word_1_371' title='bbox 1949 1168 1983 1194; x_wconf 84' lang='lat' dir='ltr'>de</span> <span class='ocrx_word' id='word_1_372' title='bbox 2014 1166 2208 1194; x_wconf 82' lang='lat' dir='ltr'>Monteeleino</span> 
     </span>
     <span class='ocr_line' id='line_1_60' title="bbox 1198 1216 2143 1258; baseline -0.008 -9"><span class='ocrx_word' id='word_1_373' title='bbox 1198 1224 1333 1258; x_wconf 88' lang='lat' dir='ltr'>episcopo</span> <span class='ocrx_word' id='word_1_374' title='bbox 1350 1220 1472 1248; x_wconf 81' lang='lat' dir='ltr'>Senensi</span> <span class='ocrx_word' id='word_1_375' title='bbox 1489 1219 1687 1246; x_wconf 83' lang='lat' dir='ltr'>committitur.</span> <span class='ocrx_word' id='word_1_376' title='bbox 1706 1218 1789 1252; x_wconf 73' lang='lat' dir='ltr'>(Rae.</span> <span class='ocrx_word' id='word_1_377' title='bbox 1807 1218 1850 1248; x_wconf 84' lang='lat'>45,</span> <span class='ocrx_word' id='word_1_378' title='bbox 1867 1225 1892 1243; x_wconf 90' lang='grc'>0.</span> <span class='ocrx_word' id='word_1_379' title='bbox 1911 1217 1970 1247; x_wconf 78' lang='grc'>514,</span> <span class='ocrx_word' id='word_1_380' title='bbox 1988 1217 2008 1242; x_wconf 84' lang='lat' dir='ltr'>f.</span> <span class='ocrx_word' id='word_1_381' title='bbox 2026 1216 2075 1242; x_wconf 89' lang='lat'>104</span> <span class='ocrx_word' id='word_1_382' title='bbox 2092 1217 2143 1247; x_wconf 75' lang='lat' dir='ltr'>vo.)</span> 
     </span>
    </p>
   </div>
   <div class='ocr_carea' id='block_1_20' title="bbox 1198 1318 2209 2482">
    <p class='ocr_par' dir='ltr' id='par_1_22' title="bbox 1198 1318 2209 1942">
     <span class='ocr_line' id='line_1_61' title="bbox 1243 1318 2208 1361; baseline -0.009 -5"><span class='ocrx_word' id='word_1_383' title='bbox 1243 1326 1410 1356; x_wconf 79' lang='lat' dir='ltr'>Venerabili</span> <span class='ocrx_word' id='word_1_384' title='bbox 1423 1325 1521 1361; x_wconf 79' lang='lat' dir='ltr'>fratri</span> <span class='ocrx_word' id='word_1_385' title='bbox 1538 1322 1709 1360; x_wconf 77' lang='lat' dir='ltr'>Raynaldo,</span> <span class='ocrx_word' id='word_1_386' title='bbox 1728 1322 1861 1359; x_wconf 75' lang='lat' dir='ltr'>episcopo</span> <span class='ocrx_word' id='word_1_387' title='bbox 1878 1320 2018 1355; x_wconf 79' lang='lat' dir='ltr'>Senensi,</span> <span class='ocrx_word' id='word_1_388' title='bbox 2033 1318 2208 1348; x_wconf 85' lang='lat' dir='ltr'>committit</span> 
     </span>
     <span class='ocr_line' id='line_1_62' title="bbox 1198 1371 2204 1412; baseline -0.01 -3"><span class='ocrx_word' id='word_1_389' title='bbox 1198 1388 1307 1410; x_wconf 90' lang='lat' dir='ltr'>curam</span> <span class='ocrx_word' id='word_1_390' title='bbox 1329 1383 1359 1408; x_wconf 89' lang='lat' dir='ltr'>et</span> <span class='ocrx_word' id='word_1_391' title='bbox 1381 1375 1693 1407; x_wconf 87' lang='lat' dir='ltr'>administrationem</span> <span class='ocrx_word' id='word_1_392' title='bbox 1712 1373 1911 1412; x_wconf 89' lang='lat' dir='ltr'>spiritualem</span> <span class='ocrx_word' id='word_1_393' title='bbox 1928 1377 1958 1401; x_wconf 89' lang='lat' dir='ltr'>et</span> <span class='ocrx_word' id='word_1_394' title='bbox 1978 1371 2182 1410; x_wconf 87' lang='lat' dir='ltr'>temporalem</span> <span class='ocrx_word' id='word_1_395' title='bbox 2196 1394 2204 1404; x_wconf 76' lang='grc'>,</span> 
     </span>
     <span class='ocr_line' id='line_1_63' title="bbox 1198 1424 2206 1471; baseline -0.01 -8"><span class='ocrx_word' id='word_1_396' title='bbox 1198 1442 1299 1471; x_wconf 88' lang='lat' dir='ltr'>usque</span> <span class='ocrx_word' id='word_1_397' title='bbox 1327 1431 1366 1461; x_wconf 89' lang='lat' dir='ltr'>ad</span> <span class='ocrx_word' id='word_1_398' title='bbox 1394 1429 1582 1469; x_wconf 88' lang='lat' dir='ltr'>apostolicae</span> <span class='ocrx_word' id='word_1_399' title='bbox 1614 1427 1697 1458; x_wconf 89' lang='lat' dir='ltr'>sedis</span> <span class='ocrx_word' id='word_1_400' title='bbox 1729 1425 1986 1465; x_wconf 80' lang='lat' dir='ltr'>heneplacitum,</span> <span class='ocrx_word' id='word_1_401' title='bbox 2018 1424 2206 1454; x_wconf 90' lang='lat' dir='ltr'>monasterii</span> 
     </span>
     <span class='ocr_line' id='line_1_64' title="bbox 1199 1477 2205 1517; baseline -0.01 -1"><span class='ocrx_word' id='word_1_402' title='bbox 1199 1485 1309 1516; x_wconf 84' lang='lat' dir='ltr'>Sancti</span> <span class='ocrx_word' id='word_1_403' title='bbox 1331 1484 1453 1515; x_wconf 90' lang='lat' dir='ltr'>Antimi</span> <span class='ocrx_word' id='word_1_404' title='bbox 1477 1483 1515 1513; x_wconf 91' lang='lat' dir='ltr'>de</span> <span class='ocrx_word' id='word_1_405' title='bbox 1538 1481 1763 1517; x_wconf 85' lang='lat' dir='ltr'>Monteelcino,</span> <span class='ocrx_word' id='word_1_406' title='bbox 1787 1479 1826 1509; x_wconf 90' lang='lat' dir='ltr'>ad</span> <span class='ocrx_word' id='word_1_407' title='bbox 1848 1487 2015 1509; x_wconf 89' lang='lat' dir='ltr'>romanam</span> <span class='ocrx_word' id='word_1_408' title='bbox 2038 1477 2205 1507; x_wconf 87' lang='lat' dir='ltr'>ecclesiam</span> 
     </span>
     <span class='ocr_line' id='line_1_65' title="bbox 1199 1531 2208 1576; baseline -0.01 -6"><span class='ocrx_word' id='word_1_409' title='bbox 1199 1539 1288 1570; x_wconf 90' lang='lat' dir='ltr'>nullo</span> <span class='ocrx_word' id='word_1_410' title='bbox 1304 1539 1410 1568; x_wconf 89' lang='lat' dir='ltr'>medio</span> <span class='ocrx_word' id='word_1_411' title='bbox 1426 1536 1632 1576; x_wconf 80' lang='lat' dir='ltr'>pertinentis,</span> <span class='ocrx_word' id='word_1_412' title='bbox 1653 1534 1776 1565; x_wconf 88' lang='lat' dir='ltr'>ordinis</span> <span class='ocrx_word' id='word_1_413' title='bbox 1796 1533 1829 1564; x_wconf 87' lang='lat' dir='ltr'>S.</span> <span class='ocrx_word' id='word_1_414' title='bbox 1853 1532 2038 1569; x_wconf 84' lang='lat' dir='ltr'>Benedicti,</span> <span class='ocrx_word' id='word_1_415' title='bbox 2055 1531 2208 1562; x_wconf 87' lang='lat' dir='ltr'>Clusinae</span> 
     </span>
     <span class='ocr_line' id='line_1_66' title="bbox 1198 1585 2205 1630; baseline -0.011 -6"><span class='ocrx_word' id='word_1_416' title='bbox 1198 1592 1369 1629; x_wconf 79' lang='lat' dir='ltr'>dioecesis,</span> <span class='ocrx_word' id='word_1_417' title='bbox 1394 1591 1478 1630; x_wconf 91' lang='lat' dir='ltr'>qnod</span> <span class='ocrx_word' id='word_1_418' title='bbox 1505 1599 1560 1629; x_wconf 90' lang='lat' dir='ltr'>per</span> <span class='ocrx_word' id='word_1_419' title='bbox 1587 1588 1779 1618; x_wconf 87' lang='lat' dir='ltr'>malitiosam</span> <span class='ocrx_word' id='word_1_420' title='bbox 1806 1591 1964 1616; x_wconf 90' lang='lat' dir='ltr'>rectorum</span> <span class='ocrx_word' id='word_1_421' title='bbox 1994 1594 2123 1615; x_wconf 89' lang='lat' dir='ltr'>suorum</span> <span class='ocrx_word' id='word_1_422' title='bbox 2154 1585 2205 1613; x_wconf 90' lang='lat' dir='ltr'>in-</span> 
     </span>
     <span class='ocr_line' id='line_1_67' title="bbox 1198 1636 2206 1681; baseline -0.01 -6"><span class='ocrx_word' id='word_1_423' title='bbox 1198 1645 1321 1675; x_wconf 82' lang='lat' dir='ltr'>curiam</span> <span class='ocrx_word' id='word_1_424' title='bbox 1350 1644 1384 1673; x_wconf 92' lang='lat' dir='ltr'>in</span> <span class='ocrx_word' id='word_1_425' title='bbox 1414 1641 1644 1681; x_wconf 87' lang='lat' dir='ltr'>temporalibus</span> <span class='ocrx_word' id='word_1_426' title='bbox 1673 1643 1703 1669; x_wconf 90' lang='lat' dir='ltr'>et</span> <span class='ocrx_word' id='word_1_427' title='bbox 1736 1637 1955 1677; x_wconf 87' lang='lat' dir='ltr'>spiritualibus</span> <span class='ocrx_word' id='word_1_428' title='bbox 1988 1645 2052 1667; x_wconf 93' lang='lat' dir='ltr'>non</span> <span class='ocrx_word' id='word_1_429' title='bbox 2085 1636 2206 1666; x_wconf 83' lang='lat' dir='ltr'>modice</span> 
     </span>
     <span class='ocr_line' id='line_1_68' title="bbox 1199 1690 2208 1736; baseline -0.01 -8"><span class='ocrx_word' id='word_1_430' title='bbox 1199 1698 1374 1736; x_wconf 85' lang='lat' dir='ltr'>collapsum</span> <span class='ocrx_word' id='word_1_431' title='bbox 1393 1700 1457 1733; x_wconf 91' lang='lat' dir='ltr'>est,</span> <span class='ocrx_word' id='word_1_432' title='bbox 1474 1695 1512 1724; x_wconf 91' lang='lat' dir='ltr'>ad</span> <span class='ocrx_word' id='word_1_433' title='bbox 1532 1695 1600 1733; x_wconf 88' lang='lat' dir='ltr'>ejus</span> <span class='ocrx_word' id='word_1_434' title='bbox 1618 1697 1733 1723; x_wconf 90' lang='lat' dir='ltr'>statum</span> <span class='ocrx_word' id='word_1_435' title='bbox 1751 1690 1992 1721; x_wconf 83' lang='lat' dir='ltr'>reformandum</span> <span class='ocrx_word' id='word_1_436' title='bbox 2017 1698 2052 1720; x_wconf 83' lang='lat' dir='ltr'>ac</span> <span class='ocrx_word' id='word_1_437' title='bbox 2077 1698 2208 1728; x_wconf 89' lang='lat' dir='ltr'>recupe-</span> 
     </span>
     <span class='ocr_line' id='line_1_69' title="bbox 1198 1743 2208 1784; baseline -0.01 -3"><span class='ocrx_word' id='word_1_438' title='bbox 1198 1751 1299 1781; x_wconf 87' lang='lat' dir='ltr'>randa</span> <span class='ocrx_word' id='word_1_439' title='bbox 1326 1753 1428 1780; x_wconf 88' lang='lat' dir='ltr'>castra</span> <span class='ocrx_word' id='word_1_440' title='bbox 1457 1753 1487 1778; x_wconf 86' lang='lat' dir='ltr'>et</span> <span class='ocrx_word' id='word_1_441' title='bbox 1516 1747 1578 1777; x_wconf 89' lang='lat' dir='ltr'>alia</span> <span class='ocrx_word' id='word_1_442' title='bbox 1608 1747 1711 1782; x_wconf 80' lang='lat' dir='ltr'>bona,</span> <span class='ocrx_word' id='word_1_443' title='bbox 1739 1744 1954 1784; x_wconf 86' lang='lat' dir='ltr'>possessiones</span> <span class='ocrx_word' id='word_1_444' title='bbox 1978 1747 2008 1773; x_wconf 89' lang='lat' dir='ltr'>et</span> <span class='ocrx_word' id='word_1_445' title='bbox 2027 1743 2099 1782; x_wconf 79' lang='lat' dir='ltr'>jura</span> <span class='ocrx_word' id='word_1_446' title='bbox 2122 1743 2208 1781; x_wconf 88' lang='lat' dir='ltr'>ejus,</span> 
     </span>
     <span class='ocr_line' id='line_1_70' title="bbox 1199 1797 2208 1844; baseline -0.01 -9"><span class='ocrx_word' id='word_1_447' title='bbox 1199 1813 1336 1844; x_wconf 88' lang='lat' dir='ltr'>qnorum</span> <span class='ocrx_word' id='word_1_448' title='bbox 1364 1803 1471 1842; x_wconf 89' lang='lat' dir='ltr'>aliqua</span> <span class='ocrx_word' id='word_1_449' title='bbox 1502 1810 1520 1831; x_wconf 89' lang='lat' dir='ltr'>a</span> <span class='ocrx_word' id='word_1_450' title='bbox 1552 1799 1716 1831; x_wconf 87' lang='lat' dir='ltr'>communi</span> <span class='ocrx_word' id='word_1_451' title='bbox 1753 1798 1912 1833; x_wconf 80' lang='lat' dir='ltr'>Senensi,</span> <span class='ocrx_word' id='word_1_452' title='bbox 1944 1797 2055 1835; x_wconf 87' lang='lat' dir='ltr'>aliqua</span> <span class='ocrx_word' id='word_1_453' title='bbox 2084 1805 2159 1826; x_wconf 88' lang='lat' dir='ltr'>vero</span> <span class='ocrx_word' id='word_1_454' title='bbox 2190 1805 2208 1825; x_wconf 91' lang='lat' dir='ltr'>a</span> 
     </span>
     <span class='ocr_line' id='line_1_71' title="bbox 1199 1850 2209 1890; baseline -0.01 -2"><span class='ocrx_word' id='word_1_455' title='bbox 1199 1857 1366 1888; x_wconf 87' lang='lat' dir='ltr'>nonnullis</span> <span class='ocrx_word' id='word_1_456' title='bbox 1384 1854 1582 1886; x_wconf 87' lang='lat' dir='ltr'>Senensibns</span> <span class='ocrx_word' id='word_1_457' title='bbox 1601 1853 1725 1883; x_wconf 88' lang='lat' dir='ltr'>civibus</span> <span class='ocrx_word' id='word_1_458' title='bbox 1752 1857 1782 1882; x_wconf 86' lang='lat' dir='ltr'>et</span> <span class='ocrx_word' id='word_1_459' title='bbox 1805 1851 1951 1890; x_wconf 86' lang='lat' dir='ltr'>personis</span> <span class='ocrx_word' id='word_1_460' title='bbox 1969 1850 2040 1880; x_wconf 90' lang='lat' dir='ltr'>aliis</span> <span class='ocrx_word' id='word_1_461' title='bbox 2058 1853 2209 1888; x_wconf 87' lang='lat' dir='ltr'>occupata</span> 
     </span>
     <span class='ocr_line' id='line_1_72' title="bbox 1199 1912 1396 1942; baseline -0.015 0"><span class='ocrx_word' id='word_1_462' title='bbox 1199 1912 1396 1942; x_wconf 86' lang='lat' dir='ltr'>detinentur.</span> 
     </span>
    </p>

    <p class='ocr_par' dir='ltr' id='par_1_23' title="bbox 1199 1957 2206 2052">
     <span class='ocr_line' id='line_1_73' title="bbox 1240 1957 2206 1997; baseline -0.008 -5"><span class='ocrx_word' id='word_1_463' title='bbox 1240 1977 1253 1992; x_wconf 77' lang='grc' dir='ltr'>α</span> <span class='ocrx_word' id='word_1_464' title='bbox 1272 1965 1369 1994; x_wconf 87' lang='lat' dir='ltr'>Fama</span> <span class='ocrx_word' id='word_1_465' title='bbox 1387 1961 1557 1993; x_wconf 89' lang='lat' dir='ltr'>laudabilis</span> <span class='ocrx_word' id='word_1_466' title='bbox 1575 1958 1668 1990; x_wconf 75' lang='lat' dir='ltr'>tue...</span> <span class='ocrx_word' id='word_1_467' title='bbox 1685 1976 1723 1981; x_wconf 92' lang='lat'>—</span> <span class='ocrx_word' id='word_1_468' title='bbox 1740 1959 1811 1988; x_wconf 90' lang='lat' dir='ltr'>Dat.</span> <span class='ocrx_word' id='word_1_469' title='bbox 1831 1957 1914 1997; x_wconf 88' lang='lat' dir='ltr'>apud</span> <span class='ocrx_word' id='word_1_470' title='bbox 1933 1957 2206 1991; x_wconf 76' lang='lat' dir='ltr'>Urbemveterem‚</span> 
     </span>
     <span class='ocr_line' id='line_1_74' title="bbox 1199 2013 1757 2052; baseline -0.013 -3"><span class='ocrx_word' id='word_1_471' title='bbox 1199 2029 1245 2048; x_wconf 89' lang='lat'>1111</span> <span class='ocrx_word' id='word_1_472' title='bbox 1260 2018 1333 2048; x_wconf 89' lang='lat' dir='ltr'>idus</span> <span class='ocrx_word' id='word_1_473' title='bbox 1350 2016 1498 2052; x_wconf 84' lang='lat' dir='ltr'>octobris,</span> <span class='ocrx_word' id='word_1_474' title='bbox 1516 2023 1602 2044; x_wconf 89' lang='lat' dir='ltr'>anno</span> <span class='ocrx_word' id='word_1_475' title='bbox 1619 2013 1724 2044; x_wconf 88' lang='lat' dir='ltr'>tertio.</span> <span class='ocrx_word' id='word_1_476' title='bbox 1743 2025 1757 2039; x_wconf 70' lang='lat' dir='ltr'>n</span> 
     </span>
    </p>

    <p class='ocr_par' dir='ltr' id='par_1_24' title="bbox 1198 2062 2205 2155">
     <span class='ocr_line' id='line_1_75' title="bbox 1239 2062 2205 2108; baseline -0.01 -7"><span class='ocrx_word' id='word_1_477' title='bbox 1239 2072 1277 2101; x_wconf 90' lang='lat' dir='ltr'>In</span> <span class='ocrx_word' id='word_1_478' title='bbox 1300 2080 1327 2100; x_wconf 88' lang='lat' dir='ltr'>e.</span> <span class='ocrx_word' id='word_1_479' title='bbox 1348 2079 1391 2099; x_wconf 90' lang='lat' dir='ltr'>m.</span> <span class='ocrx_word' id='word_1_480' title='bbox 1417 2093 1434 2098; x_wconf 95' lang='lat'>..</span> <span class='ocrx_word' id='word_1_481' title='bbox 1459 2068 1557 2108; x_wconf 88' lang='lat' dir='ltr'>priori</span> <span class='ocrx_word' id='word_1_482' title='bbox 1583 2071 1613 2097; x_wconf 84' lang='lat' dir='ltr'>et</span> <span class='ocrx_word' id='word_1_483' title='bbox 1641 2066 1812 2096; x_wconf 90' lang='lat' dir='ltr'>couventui</span> <span class='ocrx_word' id='word_1_484' title='bbox 1840 2063 2026 2095; x_wconf 87' lang='lat' dir='ltr'>monasterii</span> <span class='ocrx_word' id='word_1_485' title='bbox 2051 2062 2205 2102; x_wconf 89' lang='lat' dir='ltr'>praedicti</span> 
     </span>
     <span class='ocr_line' id='line_1_76' title="bbox 1198 2117 2084 2155; baseline -0.01 0"><span class='ocrx_word' id='word_1_486' title='bbox 1198 2125 1330 2155; x_wconf 86' lang='lat' dir='ltr'>mandat</span> <span class='ocrx_word' id='word_1_487' title='bbox 1346 2128 1378 2154; x_wconf 91' lang='lat' dir='ltr'>ut</span> <span class='ocrx_word' id='word_1_488' title='bbox 1393 2122 1494 2153; x_wconf 87' lang='lat' dir='ltr'>eidem</span> <span class='ocrx_word' id='word_1_489' title='bbox 1510 2119 1761 2151; x_wconf 87' lang='lat' dir='ltr'>administratori</span> <span class='ocrx_word' id='word_1_490' title='bbox 1778 2118 1907 2149; x_wconf 89' lang='lat' dir='ltr'>obedire</span> <span class='ocrx_word' id='word_1_491' title='bbox 1924 2117 2084 2148; x_wconf 89' lang='lat' dir='ltr'>studeant.</span> 
     </span>
    </p>

    <p class='ocr_par' dir='ltr' id='par_1_25' title="bbox 1198 2169 2207 2482">
     <span class='ocr_line' id='line_1_77' title="bbox 1239 2169 2206 2215; baseline -0.01 -7"><span class='ocrx_word' id='word_1_492' title='bbox 1239 2179 1277 2208; x_wconf 90' lang='lat' dir='ltr'>In</span> <span class='ocrx_word' id='word_1_493' title='bbox 1296 2187 1323 2208; x_wconf 89' lang='lat' dir='ltr'>e.</span> <span class='ocrx_word' id='word_1_494' title='bbox 1342 2186 1386 2208; x_wconf 88' lang='grc'>111.</span> <span class='ocrx_word' id='word_1_495' title='bbox 1408 2199 1427 2206; x_wconf 92' lang='grc'>..</span> <span class='ocrx_word' id='word_1_496' title='bbox 1445 2175 1591 2215; x_wconf 86' lang='lat' dir='ltr'>episcopo</span> <span class='ocrx_word' id='word_1_497' title='bbox 1608 2174 1768 2207; x_wconf 84' lang='lat' dir='ltr'>Massano.</span> <span class='ocrx_word' id='word_1_498' title='bbox 1788 2196 1808 2203; x_wconf 88' lang='lat'>..</span> <span class='ocrx_word' id='word_1_499' title='bbox 1826 2171 2054 2202; x_wconf 89' lang='lat' dir='ltr'>archidiacono</span> <span class='ocrx_word' id='word_1_500' title='bbox 2071 2169 2206 2200; x_wconf 88' lang='lat' dir='ltr'>Senensi</span> 
     </span>
     <span class='ocr_line' id='line_1_78' title="bbox 1198 2223 2207 2271; baseline -0.011 -9"><span class='ocrx_word' id='word_1_501' title='bbox 1198 2236 1264 2262; x_wconf 88' lang='lat' dir='ltr'>et..</span> <span class='ocrx_word' id='word_1_502' title='bbox 1284 2231 1418 2271; x_wconf 89' lang='lat' dir='ltr'>plebano</span> <span class='ocrx_word' id='word_1_503' title='bbox 1437 2229 1536 2268; x_wconf 90' lang='lat' dir='ltr'>plebis</span> <span class='ocrx_word' id='word_1_504' title='bbox 1553 2227 1591 2257; x_wconf 93' lang='lat' dir='ltr'>de</span> <span class='ocrx_word' id='word_1_505' title='bbox 1610 2226 1732 2262; x_wconf 86' lang='lat' dir='ltr'>Murlo,</span> <span class='ocrx_word' id='word_1_506' title='bbox 1751 2225 1904 2255; x_wconf 87' lang='lat' dir='ltr'>Senensis</span> <span class='ocrx_word' id='word_1_507' title='bbox 1926 2223 2095 2260; x_wconf 87' lang='lat' dir='ltr'>dioecesis,</span> <span class='ocrx_word' id='word_1_508' title='bbox 2113 2231 2207 2252; x_wconf 91' lang='lat' dir='ltr'>man-</span> 
     </span>
     <span class='ocr_line' id='line_1_79' title="bbox 1198 2276 2202 2315; baseline -0.011 0"><span class='ocrx_word' id='word_1_509' title='bbox 1198 2286 1251 2315; x_wconf 87' lang='lat' dir='ltr'>dat</span> <span class='ocrx_word' id='word_1_510' title='bbox 1277 2289 1312 2314; x_wconf 89' lang='lat' dir='ltr'>ut</span> <span class='ocrx_word' id='word_1_511' title='bbox 1340 2283 1445 2314; x_wconf 89' lang='lat' dir='ltr'>eidem</span> <span class='ocrx_word' id='word_1_512' title='bbox 1474 2279 1725 2311; x_wconf 87' lang='lat' dir='ltr'>administratori</span> <span class='ocrx_word' id='word_1_513' title='bbox 1754 2278 1794 2308; x_wconf 91' lang='lat' dir='ltr'>de</span> <span class='ocrx_word' id='word_1_514' title='bbox 1822 2277 1975 2307; x_wconf 90' lang='lat' dir='ltr'>omnibus</span> <span class='ocrx_word' id='word_1_515' title='bbox 2006 2276 2202 2311; x_wconf 82' lang='lat' dir='ltr'>redditibus,</span> 
     </span>
     <span class='ocr_line' id='line_1_80' title="bbox 1198 2328 2203 2375; baseline -0.012 -6"><span class='ocrx_word' id='word_1_516' title='bbox 1198 2338 1364 2373; x_wconf 82' lang='lat' dir='ltr'>fructibus,</span> <span class='ocrx_word' id='word_1_517' title='bbox 1381 2335 1596 2375; x_wconf 84' lang='lat' dir='ltr'>proventibus,</span> <span class='ocrx_word' id='word_1_518' title='bbox 1609 2333 1736 2372; x_wconf 85' lang='lat' dir='ltr'>juribus</span> <span class='ocrx_word' id='word_1_519' title='bbox 1753 2336 1782 2361; x_wconf 86' lang='lat' dir='ltr'>et</span> <span class='ocrx_word' id='word_1_520' title='bbox 1797 2330 2044 2361; x_wconf 88' lang='lat' dir='ltr'>obventionibus</span> <span class='ocrx_word' id='word_1_521' title='bbox 2060 2328 2203 2368; x_wconf 83' lang='lat' dir='ltr'>ejusdem</span> 
     </span>
     <span class='ocr_line' id='line_1_81' title="bbox 1198 2380 2206 2427; baseline -0.011 -6"><span class='ocrx_word' id='word_1_522' title='bbox 1198 2389 1404 2426; x_wconf 84' lang='lat' dir='ltr'>monasterii,</span> <span class='ocrx_word' id='word_1_523' title='bbox 1437 2387 1618 2427; x_wconf 87' lang='lat' dir='ltr'>provisione</span> <span class='ocrx_word' id='word_1_524' title='bbox 1652 2393 1795 2423; x_wconf 77' lang='lat' dir='ltr'>congrua</span> <span class='ocrx_word' id='word_1_525' title='bbox 1826 2393 1862 2413; x_wconf 78' lang='lat' dir='ltr'>ex</span> <span class='ocrx_word' id='word_1_526' title='bbox 1884 2384 1929 2413; x_wconf 88' lang='lat' dir='ltr'>eis</span> <span class='ocrx_word' id='word_1_527' title='bbox 1950 2382 2037 2412; x_wconf 89' lang='lat' dir='ltr'>illins</span> <span class='ocrx_word' id='word_1_528' title='bbox 2062 2380 2206 2421; x_wconf 89' lang='lat' dir='ltr'>personis</span> 
     </span>
     <span class='ocr_line' id='line_1_82' title="bbox 1198 2437 1862 2482; baseline -0.012 -8"><span class='ocrx_word' id='word_1_529' title='bbox 1198 2445 1370 2482; x_wconf 85' lang='lat' dir='ltr'>assignata,</span> <span class='ocrx_word' id='word_1_530' title='bbox 1388 2442 1511 2479; x_wconf 84' lang='lat' dir='ltr'>integre</span> <span class='ocrx_word' id='word_1_531' title='bbox 1528 2438 1713 2479; x_wconf 80' lang='lat' dir='ltr'>responderi</span> <span class='ocrx_word' id='word_1_532' title='bbox 1730 2437 1862 2467; x_wconf 80' lang='lat' dir='ltr'>faciant.</span> 
     </span>
    </p>
   </div>
   <div class='ocr_carea' id='block_1_21' title="bbox 1689 2606 2135 2641">
    <p class='ocr_par' dir='ltr' id='par_1_26' title="bbox 1689 2606 2135 2641">
     <span class='ocr_line' id='line_1_83' title="bbox 1689 2606 2135 2641; baseline -0.011 -4"><span class='ocrx_word' id='word_1_533' title='bbox 1689 2610 1821 2641; x_wconf 67' lang='lat' dir='ltr'>(ji-vieto,</span> <span class='ocrx_word' id='word_1_534' title='bbox 1841 2609 1871 2636; x_wconf 85' lang='lat'>13</span> <span class='ocrx_word' id='word_1_535' title='bbox 1889 2607 2042 2634; x_wconf 80' lang='lat' dir='ltr'>novembre</span> <span class='ocrx_word' id='word_1_536' title='bbox 2060 2606 2135 2633; x_wconf 69' lang='lat'>1290.</span> 
     </span>
    </p>
   </div>
   <div class='ocr_carea' id='block_1_22' title="bbox 1271 2616 1392 2645">
    <p class='ocr_par' dir='ltr' id='par_1_27' title="bbox 1271 2616 1392 2645">
     <span class='ocr_line' id='line_1_84' title="bbox 1271 2616 1392 2645; baseline -0.017 0"><span class='ocrx_word' id='word_1_537' title='bbox 1271 2616 1392 2645; x_wconf 74' lang='lat'>3594</span> 
     </span>
    </p>
   </div>
   <div class='ocr_carea' id='block_1_23' title="bbox 1200 2668 2206 2759">
    <p class='ocr_par' dir='ltr' id='par_1_28' title="bbox 1200 2668 2206 2759">
     <span class='ocr_line' id='line_1_85' title="bbox 1237 2668 2206 2713; baseline -0.012 -8"><span class='ocrx_word' id='word_1_538' title='bbox 1237 2677 1420 2713; x_wconf 87' lang='lat' dir='ltr'>Dispensatio</span> <span class='ocrx_word' id='word_1_539' title='bbox 1435 2674 1668 2711; x_wconf 87' lang='lat' dir='ltr'>procurationum</span> <span class='ocrx_word' id='word_1_540' title='bbox 1682 2676 1710 2699; x_wconf 87' lang='lat' dir='ltr'>et</span> <span class='ocrx_word' id='word_1_541' title='bbox 1725 2671 1933 2698; x_wconf 87' lang='lat' dir='ltr'>subsidiorum.</span> <span class='ocrx_word' id='word_1_542' title='bbox 1951 2669 2034 2704; x_wconf 72' lang='lat' dir='ltr'>(Rae.</span> <span class='ocrx_word' id='word_1_543' title='bbox 2048 2669 2090 2698; x_wconf 73' lang='lat'>45,</span> <span class='ocrx_word' id='word_1_544' title='bbox 2105 2676 2130 2694; x_wconf 89' lang='lat' dir='ltr'>c.</span> <span class='ocrx_word' id='word_1_545' title='bbox 2145 2668 2206 2700; x_wconf 82' lang='lat'>515,</span> 
     </span>
     <span class='ocr_line' id='line_1_86' title="bbox 1200 2722 1615 2759; baseline -0.014 -4"><span class='ocrx_word' id='word_1_546' title='bbox 1200 2729 1219 2755; x_wconf 87' lang='lat' dir='ltr'>f.</span> <span class='ocrx_word' id='word_1_547' title='bbox 1239 2727 1286 2754; x_wconf 88' lang='lat'>104</span> <span class='ocrx_word' id='word_1_548' title='bbox 1304 2733 1350 2759; x_wconf 62' lang='grc' dir='ltr'>νος</span> <span class='ocrx_word' id='word_1_549' title='bbox 1369 2725 1486 2756; x_wconf 63' lang='lat' dir='ltr'>Pom-u„</span> <span class='ocrx_word' id='word_1_550' title='bbox 1504 2722 1615 2755; x_wconf 66' lang='lat'>23462.)</span> 
     </span>
    </p>
   </div>
   <div class='ocr_carea' id='block_1_24' title="bbox 1200 2818 2209 2914">
    <p class='ocr_par' dir='ltr' id='par_1_29' title="bbox 1200 2818 2209 2914">
     <span class='ocr_line' id='line_1_87' title="bbox 1242 2818 2208 2863; baseline -0.014 -4"><span class='ocrx_word' id='word_1_551' title='bbox 1242 2853 1261 2861; x_wconf 93' lang='lat'>..</span> <span class='ocrx_word' id='word_1_552' title='bbox 1286 2828 1400 2858; x_wconf 76' lang='lat' dir='ltr'>custodi</span> <span class='ocrx_word' id='word_1_553' title='bbox 1419 2833 1444 2856; x_wconf 84' lang='lat' dir='ltr'>et</span> <span class='ocrx_word' id='word_1_554' title='bbox 1463 2826 1613 2863; x_wconf 77' lang='lat' dir='ltr'>fratribus</span> <span class='ocrx_word' id='word_1_555' title='bbox 1636 2823 1793 2861; x_wconf 74' lang='lat' dir='ltr'>hospitatis</span> <span class='ocrx_word' id='word_1_556' title='bbox 1817 2823 2003 2858; x_wconf 77' lang='lat' dir='ltr'>leprosorum</span> <span class='ocrx_word' id='word_1_557' title='bbox 2022 2819 2128 2848; x_wconf 83' lang='lat' dir='ltr'>Sancti</span> <span class='ocrx_word' id='word_1_558' title='bbox 2152 2818 2208 2846; x_wconf 81' lang='lat' dir='ltr'>La-</span> 
     </span>
     <span class='ocr_line' id='line_1_88' title="bbox 1200 2872 2209 2914; baseline -0.014 -1"><span class='ocrx_word' id='word_1_559' title='bbox 1200 2885 1270 2914; x_wconf 80' lang='lat' dir='ltr'>zari</span> <span class='ocrx_word' id='word_1_560' title='bbox 1296 2883 1329 2911; x_wconf 86' lang='lat' dir='ltr'>de</span> <span class='ocrx_word' id='word_1_561' title='bbox 1352 2879 1537 2914; x_wconf 82' lang='lat' dir='ltr'>Valencellis,</span> <span class='ocrx_word' id='word_1_562' title='bbox 1555 2878 1673 2907; x_wconf 78' lang='lat' dir='ltr'>ordinis</span> <span class='ocrx_word' id='word_1_563' title='bbox 1694 2878 1831 2912; x_wconf 76' lang='lat' dir='ltr'>fratrum</span> <span class='ocrx_word' id='word_1_564' title='bbox 1857 2874 2033 2906; x_wconf 72' lang='lat' dir='ltr'>minorum.</span> <span class='ocrx_word' id='word_1_565' title='bbox 2050 2872 2209 2909; x_wconf 80' lang='lat' dir='ltr'>Spoletane</span> 
     </span>
    </p>
   </div>
   <div class='ocr_carea' id='block_1_25' title="bbox 1203 2938 2206 3027">
    <p class='ocr_par' dir='ltr' id='par_1_30' title="bbox 1203 2938 2206 3027">
     <span class='ocr_line' id='line_1_89' title="bbox 1203 2938 1328 2967; baseline -0.016 0"><span class='ocrx_word' id='word_1_566' title='bbox 1203 2938 1328 2967; x_wconf 74' lang='lat' dir='ltr'>diocesis</span> 
     </span>
     <span class='ocr_line' id='line_1_90' title="bbox 1244 2978 2206 3027; baseline -0.012 -10"><span class='ocrx_word' id='word_1_567' title='bbox 1244 3003 1257 3017; x_wconf 87' lang='lat'>«</span> <span class='ocrx_word' id='word_1_568' title='bbox 1279 2987 1459 3027; x_wconf 81' lang='lat' dir='ltr'>Panpertati</span> <span class='ocrx_word' id='word_1_569' title='bbox 1475 2990 1577 3015; x_wconf 84' lang='lat' dir='ltr'>vestre</span> <span class='ocrx_word' id='word_1_570' title='bbox 1595 2992 1730 3022; x_wconf 88' lang='lat' dir='ltr'>quam...</span> <span class='ocrx_word' id='word_1_571' title='bbox 1752 2998 1786 3003; x_wconf 89' lang='lat'>--</span> <span class='ocrx_word' id='word_1_572' title='bbox 1806 2981 1876 3010; x_wconf 86' lang='lat' dir='ltr'>Dat.</span> <span class='ocrx_word' id='word_1_573' title='bbox 1894 2978 1977 3018; x_wconf 89' lang='lat' dir='ltr'>apud</span> <span class='ocrx_word' id='word_1_574' title='bbox 1997 2978 2206 3008; x_wconf 89' lang='lat' dir='ltr'>Urbemvete-</span> 
     </span>
    </p>
   </div>
   <div class='ocr_carea' id='block_1_26' title="bbox 1203 3035 1874 3079">
    <p class='ocr_par' dir='ltr' id='par_1_31' title="bbox 1203 3035 1874 3079">
     <span class='ocr_line' id='line_1_91' title="bbox 1203 3035 1874 3079; baseline -0.015 -6"><span class='ocrx_word' id='word_1_575' title='bbox 1203 3052 1283 3079; x_wconf 88' lang='lat' dir='ltr'>rem,</span> <span class='ocrx_word' id='word_1_576' title='bbox 1303 3041 1409 3071; x_wconf 89' lang='lat' dir='ltr'>idibus</span> <span class='ocrx_word' id='word_1_577' title='bbox 1427 3038 1619 3077; x_wconf 82' lang='lat' dir='ltr'>novembris,</span> <span class='ocrx_word' id='word_1_578' title='bbox 1636 3045 1721 3066; x_wconf 86' lang='lat' dir='ltr'>anno</span> <span class='ocrx_word' id='word_1_579' title='bbox 1739 3035 1839 3065; x_wconf 86' lang='lat' dir='ltr'>tertio.</span> <span class='ocrx_word' id='word_1_580' title='bbox 1862 3046 1874 3060; x_wconf 71' lang='lat' dir='ltr'>r»</span> 
     </span>
    </p>
   </div>
  </div>
 </body>
</html>
