2342 3652
926 380 1153 420 DEUXIEME
1177 379 1335 419 ANNEE.
2114 396 2168 425 247

86 466 145 488 nus
166 456 395 493 extendantur;
413 457 557 487 attendas
576 457 671 487 etiam
688 458 714 486 si
733 458 862 486 beatum
879 457 1062 486 Johannem
1075 478 1083 492 ,

86 510 304 547 Redemptoris
322 511 419 539 nostri
438 518 674 548 precursorem,
691 518 753 548 quo
769 510 854 538 inter
869 514 959 539 natos
974 509 1086 539 mulie-

85 572 156 593 rum
176 563 291 601 major‚
316 563 397 592 sicut
419 571 508 592 sacra
532 566 661 591 testatur
688 563 821 600 pagina,
845 571 909 592 non
932 563 1084 599 surrexit,

84 616 237 654 cujusque
258 614 396 652 glorioso
414 614 567 644 vocabulo
589 620 619 643 et
641 615 826 644 reverendis
845 615 991 653 reliquiis
1015 623 1085 653 pre·-

85 668 166 699 dicta
181 667 312 698 ecclesia
328 668 393 697 fore
405 668 582 697 dinoscitur
597 668 752 705 insignita
765 691 771 703 ,
791 668 889 705 digne
908 667 1086 697 reverentie

86 721 244 752 venereris
261 721 395 757 affectu,
414 730 450 750 ac
469 721 657 750 meritorum
677 720 796 750 intuitu
821 721 1008 759 placabilem
1030 720 1087 750 tibi

84 773 206 810 reddas,
219 774 244 803 si
257 774 285 803 ei
294 774 519 812 obsequiorum
532 774 705 812 impendiis
716 773 765 803 vel
779 774 942 803 effectibus
953 782 1087 812 operum

84 827 143 858 sihi
157 827 306 858 exhibeas
323 832 351 856 te
366 827 527 863 devotum,
544 827 621 857 dum
637 827 732 856 tantis
744 830 774 856 et
789 830 853 856 tam
869 826 1019 864 gravibus
1031 835 1086 856 ex-

38 882 41 885 ’
87 881 225 912 cessibus
243 881 410 910 ecclesiam
433 881 535 919 ipsam
553 880 699 917 lacessis,
717 889 772 909 seu
795 879 938 909 lacessiri
956 879 1087 917 permit-

85 933 140 971 tis,
156 934 284 972 injuriis
303 934 425 971 vexari,
446 933 600 964 molestiis
619 938 648 963 et
664 933 796 972 jacturis
815 932 922 970 affligi.
942 932 1087 962 Profecto

82 986 230 1018 nonnulli
247 987 462 1026 progenitores
480 987 524 1017 tui
540 986 657 1022 incliti,
674 986 750 1016 dum
769 986 925 1022 viverent,
944 986 1020 1015 dum
1036 994 1086 1015 re-

83 1040 145 1080 gali
157 1039 234 1070 solio
250 1040 460 1078 presiderent,
476 1050 531 1070 seu
548 1039 775 1069 ministeriales
792 1044 822 1069 et
836 1038 988 1069 officiales
1003 1040 1086 1077 ipso-

82 1100 163 1128 rum,
181 1101 246 1122 non
261 1093 308 1122 sic
325 1096 540 1122 tractaverunt
554 1091 702 1122 ecclesias
717 1096 746 1121 et
757 1101 908 1130 personas
922 1091 1086 1122 ecclesias-

81 1146 173 1183 ticas,
191 1154 255 1175 non
272 1146 317 1176 sic
331 1150 442 1176 contra
460 1146 545 1185 ipsas
562 1145 714 1176 ecclesias
730 1154 906 1184 earumque
922 1145 1088 1175 ministros

81 1207 113 1230 se
126 1207 237 1238 gerere
258 1204 468 1236 curaverunt,
486 1200 564 1239 quin
582 1200 682 1229 immo
697 1199 794 1229 iidem
810 1200 1027 1238 progenitores
1037 1199 1088 1228 in-

79 1252 146 1284 oliti
157 1277 164 1289 ,
179 1257 286 1291 utpote
302 1252 364 1282 fide
380 1252 514 1291 preclari
528 1257 600 1290 etc.,
619 1262 718 1292 usque
735 1253 770 1282 in
786 1252 894 1283 seculo
909 1253 1089 1282 incremen-

82 1310 158 1336 tum.
188 1305 270 1335 Cum
302 1306 409 1344 itaque
435 1303 591 1345 prefatam
619 1306 788 1336 ecclesiam
817 1306 1068 1343 Lugdunensem
1079 1327 1087 1342 ,

80 1365 203 1401 propter
215 1361 393 1391 devotionis
405 1370 460 1391 sue
469 1361 574 1392 zelum
582 1365 654 1396 ete,
667 1371 767 1400 usque
777 1361 909 1391 moleste
919 1361 1088 1400 quamplu-

80 1414 198 1444 rimum
221 1414 434 1453 perferamus,
454 1415 659 1445 serenitatem
682 1415 803 1453 regiam
826 1407 998 1453 rogamus,
1019 1423 1088 1445 mo-

80 1476 194 1498 nemus
222 1471 252 1497 et
268 1467 445 1503 hortamur,
464 1468 499 1497 in
521 1467 588 1497 filio
607 1467 665 1497 Dei
683 1469 792 1506 patris,
810 1473 980 1507 quatenus,
1001 1468 1087 1497 solli-

81 1521 141 1551 cita
150 1520 355 1551 meditatione
366 1521 546 1559 recogitans
562 1521 646 1559 quod
662 1521 720 1551 tibi
736 1530 830 1559 snper
845 1521 905 1552 hoc
923 1531 958 1551 ex
975 1521 1088 1552 intimo

81 1573 184 1605 cordis
206 1574 322 1604 affectu
343 1574 513 1612 dirigimus
534 1575 649 1613 scripta
668 1578 792 1609 nostra,
820 1579 849 1604 et
870 1575 954 1614 quod
973 1575 1088 1614 hujus-

80 1628 167 1658 modi
190 1627 354 1665 negotium
378 1628 550 1667 apostolica
573 1627 663 1657 sedes
688 1628 852 1666 potissime
873 1628 960 1658 cordi
987 1628 1085 1666 gerit,

81 1679 227 1720 quodque
254 1684 340 1710 tanta
363 1685 393 1711 et
415 1685 480 1710 tam
507 1680 711 1719 dispendiosa
733 1682 921 1719 gravamina
944 1682 1088 1720 ejusdem

81 1733 226 1770 ecclesie,
244 1742 340 1772 quam
356 1733 442 1764 inter
457 1733 536 1763 alias
557 1733 705 1764 ecclesias
725 1734 978 1765 ultramontanas
994 1735 1090 1765 habet

81 1785 188 1817 eadem
211 1786 301 1816 sedes
323 1786 496 1826 apostolica
517 1787 742 1826 predilectam,
761 1794 964 1827 nequaquam
982 1797 1088 1828 posse-

81 1848 162 1876 muS,
179 1844 313 1878 urgente
325 1849 382 1870 nos
395 1841 603 1877 conscientia,
622 1842 838 1880 equanimiter
853 1842 1000 1879 tolerare,
1013 1843 1087 1872 tuis·

80 1901 141 1932 que
157 1892 275 1923 finibus
291 1897 462 1923 contentus
480 1894 638 1930 existens,
660 1903 678 1924 a
701 1895 850 1933 predictis
868 1895 1038 1932 omnihus,
1058 1900 1088 1925 et

80 1945 150 1976 aliis
171 1946 428 1985 quibuscumque
454 1947 715 1985 gravaminibus,
735 1948 866 1987 injuriis
885 1952 914 1978 et
933 1948 1087 1978 molestiis

81 1997 222 2036 ecclesie,
240 1999 353 2029 decani
369 2003 399 2029 et
414 2000 547 2039 capituli
564 2000 789 2039 predictorum,
804 2010 859 2039 pro
871 2002 980 2031 divina
996 2006 1025 2032 et
1039 2002 1088 2041 ip-

81 2051 146 2082 sius
167 2051 250 2082 sedis
270 2061 306 2082 ac
328 2057 436 2083 nostra
456 2055 654 2091 reverentia,
687 2054 831 2093 regiique
856 2055 987 2085 honoris
1009 2064 1087 2094 aug-

50 2093 57 2099 ·
80 2111 206 2143 mento,
226 2115 356 2145 prorsus
373 2107 548 2145 abstineas,
572 2113 602 2138 et
620 2108 798 2147 predictum
822 2108 1035 2139 Guillelmum
1058 2114 1088 2140 et

81 2158 237 2198 quoslibet
257 2159 409 2197 ballivos,
426 2160 577 2191 officiales
596 2166 627 2191 et
639 2162 830 2201 justitiarios
849 2168 935 2199 tuos,
953 2167 983 2193 et
1007 2163 1087 2193 alios

81 2214 133 2242 tue
143 2211 257 2243 ditioni
269 2213 438 2252 subjectos,
450 2214 557 2251 facias,
571 2214 696 2245 sublato
705 2215 901 2246 difficultatis
914 2216 1084 2253 obstaculo,
1118 2232 1121 2234 ·

80 2265 205 2304 penitus
219 2266 397 2303 abstinere;
415 2267 493 2305 quin
510 2259 622 2304 immo,
640 2260 777 2307 prefatos
794 2269 973 2306 ecclesiam,
993 2269 1086 2299 deca-

82 2327 158 2348 num
169 2324 200 2348 et
211 2319 386 2358 capitulum
400 2320 643 2358 Lugdunenses,
657 2331 730 2351 cum
742 2322 834 2352 bonis
845 2323 1009 2361 etjuribus
1021 2323 1086 2352 suis

81 2372 239 2408 omnibus,
256 2372 378 2403 habens
394 2373 508 2403 affectu
526 2374 676 2405 benivolo
695 2375 912 2406 favorabiliter
927 2385 1085 2406 commen-

82 2423 179 2462 datos,
195 2425 371 2464 predictum
388 2426 600 2457 Guillelmum
617 2432 647 2457 et
671 2428 830 2467 quoslibet
845 2429 926 2459 alios
941 2439 997 2468 per
1013 2439 1086 2460 eum

83 2481 183 2508 castra
211 2483 241 2509 et
267 2479 416 2509 ecclesias
441 2480 622 2511 detinentes
656 2482 812 2520 predicta,
844 2483 940 2512 facias
972 2483 1088 2513 exinde

83 2532 275 2570 quamtotius
286 2533 440 2570 amoveri,
458 2542 558 2572 eaque
574 2535 698 2566 restitui
713 2535 833 2566 decano
844 2540 874 2566 et
887 2536 1024 2576 capitulo
1039 2546 1087 2566 su-

83 2584 248 2623 pradictis,
267 2594 304 2616 ac
319 2586 357 2616 de
374 2587 531 2617 fructibus
547 2592 578 2617 et
595 2589 800 2626 proventibus
817 2599 853 2619 ex
875 2590 1001 2628 prefatis
1017 2599 1086 2620 cas-

86 2638 143 2668 tris
157 2643 188 2668 et
203 2639 344 2669 ecclesiis
360 2641 623 2677 consistentibus,
642 2642 674 2671 in
691 2643 802 2672 castris
819 2643 897 2682 ipsis
916 2644 1086 2682 perceptis,

84 2699 208 2722 necnon
221 2692 260 2722 de
276 2693 461 2731 hujusmodi
477 2694 625 2733 dampnis
640 2700 669 2725 et
685 2695 815 2734 injuriis
831 2697 978 2735 predictis
993 2697 1086 2727 eccle-

83 2744 146 2792 sie,
169 2745 289 2775 decano
305 2750 336 2775 et
349 2747 488 2785 capitulo
505 2748 672 2785 irrogatis,
692 2748 820 2787 plenam
841 2750 888 2779 eis
906 2755 936 2780 et
952 2750 1087 2779 celerem

84 2797 330 2829 satisfactionem
346 2799 510 2838 impendi3
529 2801 574 2830 sic
593 2806 620 2831 te
635 2801 670 2830 in
683 2802 730 2831 eis
746 2802 896 2840 benigne,
914 2803 1088 2833 clementer

84 2855 115 2880 et
135 2851 301 2882 efficaciter
320 2852 506 2890 habiturus,
530 2854 615 2891 quod
635 2854 749 2884 exinde
769 2856 854 2894 apud
874 2856 978 2885 eterni
1004 2856 1087 2893 regis

84 2902 299 2942 clementiam,
309 2914 365 2944 per
374 2915 470 2944 quem
480 2906 641 2944 regalibus
650 2915 814 2938 corruscas
824 2909 988 2946 insigniis,
1002 2918 1087 2938 cres-

84 2963 135 2986 cas
149 2957 278 2988 cumulo
295 2959 502 2994 meritorum,
523 2959 642 2997 tibique
658 2960 692 2989 in
714 2961 860 2998 gentium
879 2962 1003 3000 populis
1019 2961 1087 2991 lau-

85 3007 133 3039 dis
146 3011 330 3048 preconium
342 3016 509 3049 augeatur,
526 3020 561 3041 ac
578 3020 646 3048 nos,
656 3013 711 3051 qui
726 3013 830 3043 eidem
847 3014 978 3044 ecclesie
993 3024 1028 3044 su
1033 3024 1088 3053 per

86 3059 272 3101 hujusmodi
293 3064 553 3101 gravaminibus,
570 3066 728 3103 angustiis
749 3071 778 3095 et
794 3067 950 3105 pressuris
973 3068 1085 3097 affectu

1169 454 1320 485 benivolo
1336 457 1555 494 compatimur,
1577 458 1778 489 devotionem
1794 459 1930 497 regiam,
1948 468 2044 498 quam
2060 461 2094 489 in
2112 461 2169 490 hac

1168 512 1256 545 parte
1273 513 1450 546 promptam
1464 533 1470 545 ,
1489 510 1649 541 efficacem
1666 517 1696 541 et
1711 512 1835 542 facilem
1851 513 1996 551 cupimus
2012 513 2169 553 inveniri,

1167 560 1273 597 dignis
1296 561 1329 589 in
1348 561 1486 592 Domino
1501 563 1649 593 laudibus
1664 565 1858 595 attollamus.
1882 566 1954 595 Dat.
1974 570 2007 595 ut
2027 575 2131 604 supra.
2153 578 2167 593 »

1245 717 1266 744 1
1278 717 1363 746 128
1785 721 1874 753 Rieu,
1891 722 1925 749 ‘33
1939 723 2004 756 juin
2023 723 2098 750 1289.

1203 777 1249 803 Ad
1265 778 1463 806 collectionem
1478 780 1605 807 decimae
1621 790 1670 815 pro
1682 790 1769 815 regno
1785 782 1898 809 Siciliae
1909 792 2075 811 concessae.
2087 785 2168 819 (Rae.

1169 826 1215 856 44,
1234 834 1259 852 c.
1279 827 1343 857 363,
1361 828 1380 853 f.
1400 828 1447 855 185
1463 831 1515 861 vo.)

1207 928 1320 958 Dilecto
1347 930 1411 966 filio
1440 930 1586 967 Gaufrido
1615 932 1647 959 de
1676 932 1849 968 Launcetlo,
1870 934 2023 971 capellano
2052 941 2168 972 nostro,

1167 983 1316 1018 preposito
1344 984 1460 1011 ecclesie
1483 984 1630 1020 Aprensis.
1660 995 1674 1010 «
1705 984 1939 1014 Declarationes
1965 994 2043 1023 quas
2070 995 2171 1025 nuper

1169 1033 1330 1063 edidimus
1342 1034 1375 1063 in
1390 1035 1518 1072 negotio
1535 1036 1708 1066 decimede
1721 1038 1925 1075 proventibus
1942 1038 2170 1076 ecclesiasticis,

1169 1095 1224 1124 per
1240 1086 1528 1125 Tarentasiensem,
1549 1088 1823 1125 Ebredunensem,
1841 1091 2025 1128 Aquensem
2045 1096 2074 1121 et
2090 1093 2171 1121 Are-

1169 1138 1324 1168 latensem
1342 1140 1533 1178 provintias,
1553 1145 1635 1170 terra
1660 1143 1827 1172 comitatus
1845 1142 2020 1181 Veneysini
2042 1148 2072 1173 et
2092 1149 2173 1173 terra

1169 1193 1331 1222 carissimi
1354 1194 1389 1222 in
1407 1193 1535 1224 Christo
1556 1194 1615 1224 filii
1632 1196 1732 1225 nostri
1752 1196 1918 1234 Phylippi,
1938 1197 2021 1234 regis
2040 1197 2173 1228 Francie

1170 1246 1315 1283 illustris,
1331 1256 1426 1285 quam
1440 1247 1535 1278 habet
1549 1248 1583 1277 in
1598 1249 1708 1278 eadem
1722 1249 1901 1279 Arelatensi
1917 1251 2072 1288 provintia
2085 1252 2173 1280 dum-

1171 1303 1253 1328 taxat
1279 1300 1428 1338 exceptis,
1449 1301 1481 1329 in
1506 1301 1685 1330 subsidium
1713 1302 1833 1339 negotii
1858 1303 1949 1340 regni
1973 1303 2096 1340 Sicilie,
2115 1304 2173 1334 sub

1169 1358 1253 1382 certa
1278 1354 1379 1383 forma
1400 1358 1430 1383 et
1447 1355 1540 1385 modo
1561 1355 1600 1385 ab
1619 1356 1787 1394 apostolica
1804 1356 1876 1386 sede
1894 1365 2041 1387 concesse
2053 1381 2060 1394 ,
2081 1358 2171 1396 cujus

1170 1407 1301 1445 quidem
1323 1407 1442 1437 decime
1460 1413 1487 1437 te
1502 1409 1537 1438 in
1555 1409 1702 1447 predictis
1721 1410 1886 1448 provintiis
1904 1411 2172 1449 superintenden-

1170 1463 1234 1489 tem
1251 1468 1304 1489 seu
1321 1460 1521 1491 collectorem
1537 1462 1686 1492 duximus
1706 1463 1939 1501 deputandum,
1958 1464 2033 1494 tales
2052 1469 2126 1493 sunt
2142 1474 2149 1494 ι

1211 1513 1258 1543 De
1282 1514 1459 1544 redditibus
1484 1520 1514 1545 et
1540 1516 1747 1554 proventibus
1770 1517 1979 1555 leprosorum,
2006 1519 2171 1548 domorum

1170 1566 1230 1595 Dei
1248 1571 1279 1595 et
1302 1566 1508 1606 hospitalium
1527 1577 1702 1607 pauperum
1717 1594 1722 1607 ‚
1741 1571 1794 1608 qui
1812 1570 1845 1599 in
1863 1579 1939 1600 usus
1957 1570 2170 1609 leprosorum,

1169 1619 1376 1650 infirmorum
1394 1625 1424 1650 et
1441 1630 1616 1660 pauperum
1633 1627 1874 1660 convertuntur,
1892 1624 2016 1654 decima
2033 1633 2095 1654 non
2112 1625 2170 1654 sol-
2204 1639 2210 1642 ·

1169 1677 1271 1703 vetur.

1210 1726 1367 1757 Moniales
1397 1728 1492 1757 etiam
1525 1728 1648 1767 alieque
1681 1729 1842 1766 regulares
1871 1738 2003 1768 persone
2036 1739 2172 1768 quarum

1169 1779 1311 1810 redditus
1341 1785 1370 1810 et
1391 1786 1565 1819 proventus
1590 1781 1795 1812 ecclesiastici
1819 1783 1896 1813 adeo
1916 1788 1990 1813 sunt
2013 1787 2122 1813 tenues
2145 1788 2175 1814 et

1170 1833 1269 1863 exiles
1288 1834 1371 1872 quod
1389 1834 1428 1864 de
1446 1834 1509 1864 illis
1526 1836 1700 1865 sustentari
1719 1844 1782 1865 non
1799 1841 1944 1874 possunt,
1962 1837 2015 1866 sed
2034 1846 2088 1875 pro
2112 1838 2166 1867 ha-

1168 1887 1272 1917 b'enda
1301 1888 1363 1917 vite
1392 1897 1448 1917 sue
1481 1889 1710 1919 sustentatione
1742 1898 1868 1919 necesse
1898 1890 2016 1920 habent
2045 1890 2170 1928 publice

1168 1941 1351 1970 mendicare
1367 1946 1397 1970 et
1410 1941 1600 1971 elemosinas
1616 1942 1741 1980 publice
1757 1947 1871 1981 petere,
1885 1943 2000 1972 dictam
2012 1943 2169 1973 decimam

1170 2004 1233 2025 non
1253 1996 1444 2034 persolvent.

1209 2049 1375 2079 Seculares
1390 2059 1516 2089 quoque
1531 2049 1639 2080 clerici
1658 2059 1794 2089 quorum
1809 2051 2011 2082 ecclesiastici
2027 2053 2169 2082 redditus

1171 2107 1201 2132 et
1217 2108 1388 2142 proventus
1405 2104 1506 2133 annui
1522 2113 1680 2134 summam
1697 2110 1815 2142 septem
1829 2105 1983 2135 librarum
2001 2114 2168 2144 parvorum

1170 2157 1393 2186 turonensium
1417 2165 1479 2186 non
1505 2157 1661 2186 excedunt
1683 2158 1816 2187 eandem
1835 2159 1990 2188 decimam
2005 2167 2067 2188 non
2083 2168 2168 2197 pres-

1169 2210 1291 2240 tabunt.

1209 2263 1245 2293 Si
1268 2271 1341 2293 vero
1367 2272 1430 2292 una
1453 2272 1585 2302 persona
1608 2263 1743 2301 plurima
1769 2264 1882 2294 habeat
1903 2265 2072 2299 beneficia,
2090 2274 2168 2304 qno-

1169 2326 1242 2346 rum
1264 2316 1392 2346 nullum
1414 2326 1470 2355 per
1490 2325 1522 2346 se
1544 2321 1705 2355 acceptum
1732 2317 1847 2347 dictam
1867 2327 2025 2347 summam
2051 2323 2167 2356 septem

1169 2369 1327 2399 librarum
1357 2378 1527 2408 parvorum
1560 2370 1786 2399 turonensium
1817 2371 1983 2400 annuatim
2017 2372 2167 2408 attingat,

1169 2423 1268 2453 simul
1296 2428 1399 2452 tamen
1426 2422 1555 2452 collecta
1574 2423 1606 2452 in
1630 2423 1748 2452 annuis
1779 2423 1982 2461 proventibus
2010 2432 2165 2453 summam

1170 2480 1379 2505 memoratam
1409 2475 1577 2512 excedant,
1610 2478 1760 2514 quotquot
1793 2475 1841 2505 vel
1875 2481 2167 2515 quantumcumque

1170 2529 1295 2559 modica
1314 2529 1451 2565 fuerint,
1469 2528 1507 2557 de
1523 2528 1673 2558 omnibus
1697 2533 1723 2557 et
1750 2528 1884 2566 singulis
1902 2529 2025 2558 decima
2047 2528 2164 2567 persol-

1170 2587 1277 2618 vetur,
1297 2582 1351 2611 sed
1367 2590 1431 2611 non
1449 2581 1587 2611 solvetur
1602 2581 1639 2611 de
1655 2581 1801 2619 pitantiis
1818 2582 2055 2611 monachorum.
2073 2582 2167 2611 Simi-

1169 2635 1242 2665 liter
1256 2635 1294 2664 de
1310 2635 1386 2673 ipsis
1404 2644 1465 2673 que
1485 2643 1502 2663 a
1522 2634 1642 2664 Christi
1665 2627 1811 2664 fidelibus
1830 2635 2055 2673 relinquuntur
2070 2634 2167 2665 eccle-

1169 2689 1226 2718 siis
1245 2692 1278 2717 ut
1293 2697 1329 2717 ex
1347 2687 1392 2716 eis
1412 2687 1554 2726 perpetui
1570 2691 1717 2717 emantur
1733 2687 1884 2717 redditus

1209 2742 1290 2770 Item
1307 2740 1345 2770 de
1363 2740 1508 2770 exenniis
1526 2739 1653 2779 prelatis
1669 2743 1699 2769 et
1720 2740 1793 2769 aliis
1816 2740 1958 2778 personis
1979 2740 2166 2771 ecclesiasti-

1169 2795 1213 2824 cis
1228 2793 1400 2824 liberaliter
1415 2793 1505 2822 factis
1522 2793 1644 2822 decima
1659 2801 1721 2822 nou
1737 2792 1884 2822 solvetur.

1209 2847 1407 2877 Solventium
1425 2846 1582 2875 decimam
1598 2845 1743 2875 electioni
1765 2855 1819 2875 seu
1835 2846 1964 2876 arbitrio
1986 2848 2166 2877 committa-

1171 2905 1220 2931 tur
1236 2905 1343 2930 utrum
1353 2900 1455 2938 ipsam
1469 2898 1570 2928 velint
1585 2898 1717 2935 solvere,
1731 2907 1786 2936 per
1799 2903 1896 2928 totum
1910 2903 2032 2938 tempus
2042 2901 2167 2939 quodu-

1170 2955 1252 2985 rabit
1275 2954 1414 2987 decima,
1437 2961 1491 2991 pro
1512 2957 1578 2981 rata
1598 2957 1811 2990 proventuum
1828 2962 1907 2991 quos
1923 2954 2058 2992 singulis
2073 2956 2167 2985 annis

1169 3007 1244 3037 dicti
1262 3005 1412 3044 temporis
1429 3005 1511 3043 ipsos
1528 3005 1687 3043 percipere
1708 3005 1892 3043 contigerit,
1910 3015 1967 3043 an,
1984 3016 2040 3045 per
2061 3008 2165 3046 ipsum

1171 3065 1269 3091 totum
1289 3064 1428 3097 tempus,
1445 3067 1499 3097 pro
1520 3062 1586 3087 rata
1608 3058 1787 3087 communis
1803 3059 2015 3090 extimationis
2033 3070 2165 3099 proven-
