2342 3652
921 394 1148 433 DEUXIEME
1170 392 1326 432 ANNEE.
2108 408 2166 438 329

80 474 198 504 tionem
218 475 447 509 congruentem
465 470 618 504 fecerunt,
636 469 669 498 in
694 473 879 507 perpetuum
901 469 1081 499 nichilomi-

79 534 139 555 nus
156 523 330 554 liberaliter
345 522 557 558 concedendo,
575 521 607 550 in
620 521 769 560 predictis
781 522 972 560 prioratibus
988 526 1018 551 et
1035 530 1081 550 eo-

78 586 149 608 rum
171 575 311 615 quolibet
335 575 535 609 visitatione,
561 574 756 604 correctione
783 578 813 603 et
839 574 911 603 aliis
931 574 1082 604 omnibus

79 630 180 661 eidem
195 629 302 659 abbati
318 628 494 658 secundum
513 631 628 656 statuta
644 628 691 656 sui
709 627 831 656 ordinis
847 627 1035 664 regulariter
1053 631 1083 656 et

79 682 284 723 spiritualiter
299 681 416 711 debitis
429 689 464 710 ac
479 679 754 719 procurationibus
769 680 862 709 etiam
880 680 962 709 dicto
977 679 1082 709 abbati

79 740 108 766 et
121 736 189 774 ejus
205 735 457 771 successoribus,
474 733 622 762 censibus
642 741 767 771 qnoque
787 737 817 762 et
835 733 975 770 usuagiis
991 732 1082 762 cella-

43 795 53 797 *
79 789 190 825 rariis,
215 788 353 817 sacristis
379 791 408 816 et
429 786 502 816 aliis
524 785 712 816 officialibus
736 795 791 815 seu
819 786 1082 815 ministerialibus

79 842 150 872 dicti
171 841 355 871 monasterii
376 840 409 869 in
428 839 620 878 prioratibus
642 839 807 876 predictis,
828 838 874 868 eis
895 839 934 868 ab
950 840 1082 877 antiqno

79 895 202 932 debitis,
219 895 251 923 in
268 899 428 933 posterum
445 893 626 928 reservatis,
643 893 686 922 ita
701 893 784 931 quod
801 893 832 921 in
851 893 942 921 dictis
959 893 1080 931 priora-

80 948 162 979 tibus
175 948 218 977 sic
233 947 331 976 unitis
345 946 382 976 ad
398 947 585 975 mandatum
602 945 676 975 dicti
693 945 810 983 prioris
824 945 862 974 de
878 945 1081 976 Grandisono

80 1009 134 1040 pro
150 1004 289 1039 tempore
305 999 468 1029 existentis
484 999 516 1028 in
533 998 652 1028 divinis
670 1007 724 1037 per
742 998 899 1028 seculares
916 1000 1080 1037 presbyte-

36 1090 41 1095 ·
81 1061 130 1084 ros
147 1062 201 1082 seu
217 1053 350 1082 vicarios
366 1052 478 1082 debeat
493 1051 667 1087 deserviri3
684 1051 729 1081 ita
747 1056 851 1080 tamen
869 1052 952 1090 quod
971 1049 1081 1082 secun-

81 1107 155 1138 dum
170 1111 285 1136 statum
301 1106 516 1144 predictorum
532 1105 729 1144 prioratuum
745 1109 775 1134 et
789 1105 994 1135 ecclesiarum
1012 1114 1081 1144 pre-

80 1160 133 1190 rati
145 1159 303 1199 prioratus
317 1164 346 1188 et
361 1158 492 1189 ecclesie
508 1159 621 1188 debitis
638 1158 797 1197 obsequiis
812 1167 875 1188 non
893 1159 1081 1188 fraudentur

79 1217 109 1244 et
121 1213 301 1243 animarum
318 1222 393 1242 cura
410 1212 443 1241 in
463 1213 507 1241 eis
529 1211 713 1242 nullatenus
729 1211 920 1249 negligatur,
939 1217 1031 1250 prout
1046 1212 1078 1241 in

79 1266 256 1306 patentibus
271 1266 383 1295 litteris
394 1266 469 1295 inde
481 1266 633 1295 consectis
647 1265 773 1304 plenius
782 1265 898 1295 dicitur
910 1266 1078 1296 contineri.

79 1319 180 1357 Quare
195 1319 270 1349 dicti
286 1320 382 1349 abbas
399 1324 428 1349 et
443 1318 617 1349 conventus
637 1319 729 1348 nobis
746 1318 912 1349 humiliter
926 1319 1079 1357 supplica-

78 1377 152 1403 runt
171 1377 203 1402 nt
223 1372 306 1412 quod
324 1382 418 1411 super
436 1373 494 1402 boc
512 1372 641 1411 provide
657 1372 774 1401 sactum
792 1376 838 1401 est
854 1372 949 1402 robur
965 1373 1080 1403 facere-

78 1435 147 1456 mus
166 1426 325 1456 firmitatis
349 1427 490 1456 debitum
513 1426 668 1456 obtinere.
693 1426 774 1462 Quia
798 1435 872 1456 vero
894 1426 932 1455 de
953 1426 1032 1457 facto
1050 1431 1081 1457 et

79 1479 151 1510 facti
173 1479 424 1510 circumstantiis
443 1480 586 1509 notitiam
610 1488 672 1509 non
696 1480 868 1516 habemus,
890 1480 1079 1510 fraternitati

80 1537 148 1569 tue,
165 1532 203 1562 de
219 1541 281 1571 qua
297 1533 424 1571 plenam
443 1534 477 1562 in
497 1533 634 1563 Domino
649 1533 797 1562 fiduciam
814 1533 1006 1569 obtinemus,
1025 1543 1080 1572 per

78 1586 243 1625 apostolica
258 1586 374 1624 scripta
390 1586 580 1616 mandamus
597 1591 765 1625 quatenus,
780 1587 988 1616 consideratis
1004 1587 1079 1616 dili-

78 1644 186 1677 genter
201 1640 449 1670 circumstantiis
469 1640 629 1669 universis
648 1649 709 1678 que
725 1641 806 1670 circa
823 1640 963 1678 predicta
980 1645 1009 1670 et
1026 1650 1078 1670 eo-

78 1701 148 1724 rum
166 1693 292 1732 singula
309 1694 430 1723 fuerint
446 1693 654 1730 attendende,
676 1694 703 1723 si
728 1694 760 1723 id
779 1694 955 1724 secundum
976 1695 1079 1724 Deum

80 1750 142 1776 tam
164 1747 349 1777 monasterii
373 1756 470 1786 quam
494 1747 690 1786 prioratuum
715 1747 926 1786 predictorum
951 1748 1079 1778 utilitati

80 1798 196 1830 videris
211 1801 378 1839 expedire,
397 1810 492 1840 super
506 1810 569 1840 quo
587 1807 672 1831 tuam
693 1802 892 1831 intendimus
914 1804 1078 1832 conscien-

82 1853 155 1883 tiam
172 1862 304 1884 onerare
321 1878 326 1890 ‚
351 1854 431 1884 illud
451 1855 635 1884 auctoritate
652 1854 823 1893 apostolica
841 1855 967 1885 studeas
985 1856 1079 1885 infir-

80 1916 176 1938 mare.
204 1908 280 1942 Dat„
301 1908 401 1938 Rome
415 1931 423 1946 ‚
449 1909 532 1948 apud
560 1908 708 1939 Sanctam
742 1909 878 1939 Mariam
907 1910 1077 1948 Maj0rem,

80 1970 112 1992 ιιι
127 1961 198 1992 idus
212 1962 399 2000 decembris,
416 1970 502 1992 anno
518 1962 667 1992 secundo.
687 1974 700 1989 η

151 2114 263 2144 Ιῖἵὲ
320 2114 693 2149 Sainte-Marie-Majeure,
714 2116 745 2142 10
764 2115 915 2142 decembre
932 2116 1010 2143 1289.

114 2174 156 2201 De
165 2176 279 2203 statutis
288 2177 413 2211 capitulo
424 2177 550 2210 generali
563 2176 746 2204 Cluniacensi
758 2179 985 2212 praesentandis.
1000 2179 1080 2211 (Rso.

81 2224 122 2256 ⁴4,
138 2232 163 2251 c.
179 2224 238 2256 663,
256 2226 275 2252 f.
293 2225 343 2252 ‘260
359 2232 398 2260 r⁰;
416 2226 482 2252 Lu).
499 2235 533 2254 nu
549 2226 647 2258 Tum,
668 2227 708 2257 ΙΙ,
727 2227 800 2260 3⁶28.)

125 2327 287 2357 Venerabili
308 2329 402 2364 fratri
421 2350 437 2357 ..
457 2329 591 2366 episcopo
606 2334 632 2357 et
648 2329 753 2358 dilecto
770 2330 835 2366 filio
854 2351 874 2358 ..
895 2330 1004 2359 decano
1021 2330 1083 2358 Bel-

81 2380 178 2408 nensis
198 2381 328 2417 ecclesie,
346 2381 493 2410 Eduensz's
516 2382 647 2411 diocesis.
670 2394 683 2408 «
702 2382 751 2411 Ad
780 2386 896 2411 statum
915 2383 1083 2422 pacificum

82 2435 112 2461 et
126 2432 331 2470 tranquillum
347 2433 566 2463 Cluniacensis
588 2434 710 2464 ordinis
736 2435 876 2474 paternis
900 2435 1014 2465 studiis
1029 2436 1081 2465 in-

81 2483 261 2522 tendentes,
291 2486 481 2524 quamplura
509 2491 624 2516 statuta
648 2496 702 2526 pro
730 2488 956 2518 reformatione
981 2488 1082 2526 ipsius

83 2539 142 2566 tam
170 2537 202 2566 in
226 2537 327 2576 capite
349 2547 444 2578 quam
471 2540 503 2568 in
531 2540 684 2570 membris
707 2540 882 2577 edidimus,
904 2550 922 2570 a
940 2541 1029 2570 vobis
1046 2550 1082 2570 ex

81 2593 165 2627 parte
183 2594 289 2620 nostra
313 2591 347 2620 in
373 2591 516 2629 generali
540 2593 661 2622 ordinis
684 2593 828 2631 prelibati
854 2593 991 2632 capitulo
1011 2603 1081 2632 pre-

83 2642 242 2673 sentanda.
263 2643 419 2674 Volumus
436 2645 534 2682 igitur
553 2651 582 2674 et
604 2654 659 2684 per
677 2646 848 2684 apostolica
864 2647 952 2676 vobis
969 2647 1083 2685 scripta

81 2695 267 2725 mandamus
283 2701 441 2735 quatenus
458 2702 573 2727 statuta
590 2699 675 2737 ipsa,
693 2709 754 2738 que
771 2699 858 2729 vobis
871 2699 1020 2730 duximus
1037 2700 1080 2729 ui-

82 2745 222 2785 rigenda,
240 2749 342 2779 eidem
359 2751 507 2789 capitulo,
526 2753 728 2791 quamprimo
747 2753 828 2782 illud
844 2753 997 2783 celebrari
1010 2761 1084 2783 con-

84 2799 203 2837 tigerit,
231 2802 382 2833 studeatis
414 2812 449 2833 ex
482 2809 568 2843 parte
591 2810 697 2835 nostra
725 2805 858 2836 sollicite
882 2811 1081 2844 presentare,

82 2852 170 2882 nobis
187 2863 281 2892 quam
304 2856 414 2886 devote
436 2867 596 2897 quamque
617 2863 799 2888 reverenter
814 2859 853 2888 ab
869 2859 979 2889 eodem
995 2860 1082 2897 capi—

83 2904 147 2935 tulo
163 2907 259 2945 recipi
275 2912 388 2938 statuta
404 2916 577 2940 memorata
594 2911 773 2949 contigerit,
792 2916 821 2941 et
836 2911 898 2941 alia
914 2921 975 2950 que
990 2921 1084 2950 super

83 2956 140 2988 hoc
157 2959 350 2991 notificanda
372 2963 531 2999 videritis,
558 2973 611 3002 per
632 2968 750 2993 vestras
768 2964 888 2994 litteras
908 2964 1035 3003 plenius
1054 2970 1084 2994 et

83 3010 230 3041 seriosius
245 3013 436 3045 intimando.
455 3016 525 3044 Dat.
548 3017 660 3053 Rome,
678 3017 760 3055 apud
778 3016 926 3046 Sanctam
947 3017 1082 3046 Mariam

83 3061 250 3103 MaJOrem‚
267 3075 313 3095 ιιιι
329 3067 402 3097 idus
417 3068 594 3098 decembris
608 3093 614 3105 ,
637 3078 722 3099 anno
737 3070 887 3100 secundo.
908 3082 919 3094 »

220 3132 290 3160 Rso.
312 3133 433 3161 Nicotis
453 3134 505 3161 1v.

1239 468 1356 496 1223

1198 530 1244 556 Ad
1267 530 1439 556 solutionem
1460 530 1616 557 debitorem
1640 531 1830 559 Ferrariensis
1850 534 1998 560 ecclesiae.
2016 534 2098 567 (Rea.
2117 537 2164 571 44,

1163 587 1189 605 c.
1207 578 1279 610 6632,
1297 579 1315 605 f.
1333 579 1383 605 ‘260
1400 586 1444 609 ro.)

1441 469 1798 504 Sainte—Marie-Majeure,
1816 471 1830 497 9
1847 471 1997 498 decembre
2015 473 2093 500 1‘289.

1204 680 1322 709 Dilectt's
1338 681 1412 716 filiis
1432 682 1596 717 abbatibus,
1613 683 1778 719 prioribus,
1795 684 1925 720 decanis,
1943 686 2166 716 archidiaconis

1163 736 1189 760 et
1204 732 1275 760 aliis
1294 733 1486 761 ecclesiarum
1499 734 1625 769 prelatis
1640 739 1665 762 ει
1682 735 1797 763 clericis
1812 745 1864 772 per
1881 737 2105 767 Ferrariensem
2120 740 2163 768 ci-

1164 784 1284 813 vitatem
1301 792 1326 814 ec
1342 786 1480 814 diocesim
1499 787 1680 815 constitutis.
1699 787 1758 816 Eos
1775 787 1918 818 hortatur
1935 794 1967 818 ut
1986 790 2162 827 Frederico‚

1163 836 1359 867 Ferrariensi
1376 839 1531 876 episcopo,
1547 838 1660 868 debitis
1674 847 1835 878 oppresso,
1853 841 2054 872 subveniant.

1205 901 1217 915 α
1237 889 1269 918 Si
1288 889 1335 918 lex
1361 890 1517 919 Christiw
1538 907 1571 911 -
1598 891 1659 919 Dat
1680 892 1800 928 Rome,
1827 894 1908 930 apud
1928 893 2076 924 Sanctam
2096 895 2163 924 Ma-

1162 943 1243 971 riam
1265 943 1418 981 Majorem
1434 967 1440 977 ,
1461 953 1479 971 v
1496 943 1568 972 idus
1585 943 1762 973 decembris
1777 968 1782 979 ,
1801 953 1886 975 anuo
1903 947 2052 977 secundo.
2073 961 2083 971 »

1237 1114 1353 1143 1524

1199 1177 1384 1212 Dispensatio
1399 1178 1580 1204 matrimonii.
1601 1178 1683 1209 (Rae.
1703 1179 1749 1210 44,
1766 1187 1790 1206 c.
1805 1179 1864 1211 664,
1883 1180 1901 1206 f.
1918 1180 1969 1206 ‘260
1984 1182 2031 1215 ro.)

1427 1114 1783 1150 Sainte-Marie-Majeurc,
1803 1116 1833 1142 13
1849 1117 2000 1143 decembre
2018 1118 2094 1145 1289.

1209 1281 1374 1309 Venerabili
1400 1282 1495 1317 fratri
1522 1303 1542 1310 ..
1575 1281 1793 1319 archiepiscopo
1828 1283 1965 1311 Toletano
1998 1284 2168 1313 committit

1162 1338 1319 1371 quatenus
1335 1342 1407 1362 cum
1426 1334 1519 1363 Petro
1537 1333 1726 1363 Gundisalvi
1740 1357 1748 1371 ,
1766 1334 1848 1364 dicto
1866 1335 2058 1365 Camenonis
2074 1360 2081 1373 ,
2106 1337 2167 1366 mi-

1161 1386 1235 1423 lite,
1254 1391 1283 1416 et
1299 1386 1452 1416 Columba
1471 1387 1579 1416 Didaci
1595 1410 1601 1423 ,
1621 1387 1742 1416 civibus
1764 1387 1934 1422 Toletanis,
1954 1388 2115 1426 dispenset
2134 1393 2167 1419 ut

1162 1440 1195 1468 in
1214 1440 1418 1469 matrimonio
1436 1440 1517 1479 quod
1535 1440 1624 1477 olim,
1643 1440 1826 1477 ignorantes
1842 1442 2011 1479 Agnetem,
2028 1442 2164 1479 priorem

1162 1493 1248 1522 Petri
1271 1502 1419 1528 uxorem,
1443 1493 1615 1523 Columbae
1641 1495 1732 1523 tertio
1754 1494 2041 1530 consanguinitatis
2063 1495 2162 1532 gradu

1161 1548 1363 1584 conjunctam
1382 1547 1488 1582 tuisse,
1505 1552 1740 1581 contraxerunt,
1759 1551 1788 1576 et
1803 1548 1835 1576 in
1849 1556 1910 1585 quo
1926 1547 2008 1577 filios
2026 1556 2166 1585 procrea-

1161 1604 1248 1637 runt,
1264 1609 1428 1628 remauere
1446 1600 1580 1629 valeant.

1205 1665 1217 1679 ει
1239 1653 1387 1682 Exliibita
1406 1653 1496 1682 nobis
1512 1653 1658 1682 dilecti...
1675 1669 1712 1674 —
1730 1654 1799 1682 Dat.
1822 1653 1941 1689 Rome,
1960 1653 2044 1692 apud
2064 1653 2166 1683 Sanc-

1163 1710 1225 1735 tam
1261 1706 1394 1735 Mariam
1425 1706 1577 1744 Majorem
1594 1729 1600 1741 ,
1631 1706 1735 1735 idibus
1765 1706 1941 1736 decembris
1955 1729 1962 1742 ‚
1998 1714 2084 1736 anno
2118 1716 2166 1736 se-

1162 1759 1276 1790 cundo.
1297 1772 1310 1786 »

1203 1933 1223 1960 1
1233 1932 1452 1961 '2254va
1485 1931 1831 1966 sainte-Ma1·ie-MaJeuve,
1846 1932 1877 1959 13
1889 1932 2040 1959 decembre
2056 1933 2132 1960 1289.

1200 1994 1351 2028 Exomptio
1366 1994 1552 2020 decimarum.
1572 1993 1654 2026 (Res.
1672 1994 1703 2020 44
1718 2016 1724 2027 ,
1741 2002 1766 2020 c.
1786 1994 1852 2028 665,
1869 1995 1887 2020 f-
1906 1994 1956 2021 ‘260
1971 2001 2015 2025 v⁰;
2045 1994 2149 2022 Porrfl.
2162 2017 2169 2028 ,

1164 2043 1273 2076 ἳ3143.)

1208 2159 1360 2187 Universt's
1376 2160 1537 2195 prior-essa>
1554 2163 1579 2187 et
1596 2160 1790 2188 effluentibus
1809 2160 2064 2188 monasteriorum
2083 2168 2169 2188 soro-

1166 2221 1235 2240 rum
1257 2212 1444 2240 inclusarum
1468 2213 1584 2241 ordinis
1602 2212 1630 2241 S.
1655 2213 1820 2248 Auqustinz'
1837 2213 2002 2241 secundnm
2025 2213 2169 2242 instituta

1165 2269 1189 2293 et
1210 2266 1262 2293 sub
1284 2274 1360 2294 cura
1384 2266 1519 2296 fratrum
1544 2266 1664 2294 ordinis
1684 2266 1910 2302 predicatorum
1932 2265 2103 2295 viventibus
2120 2266 2167 2294 in-

1164 2317 1274 2355 dulget
1300 2321 1333 2346 ut
1357 2317 1396 2346 de
1421 2317 1592 2355 fructibus,
1616 2317 1794 2347 redditibus
1821 2323 1850 2347 et
1874 2318 2080 2356 proventibus
2102 2318 2168 2347 suis

1165 2371 1385 2400 ecclesiasticis
1410 2371 1565 2400 decimani
1593 2380 1646 2409 pro
1673 2372 1798 2409 negotio
1826 2372 2023 2409 Aragoniae,
2047 2371 2166 2401 Valen-

1166 2424 1227 2453 tiae
1250 2429 1280 2453 et
1306 2424 1434 2453 Siciliae
1462 2433 1632 2461 regnorum
1658 2434 1676 2454 a
1700 2425 1772 2454 sede
1795 2425 1962 2463 apostolica
1988 2425 2167 2463 deputatam

1165 2477 1286 2508 solvere
1304 2487 1366 2507 non
1386 2482 1563 2507 teneantur.

1207 2543 1219 2556 υ
1241 2530 1424 2559 Devotionis
1440 2534 1648 2567 augmentum
1663 2531 1786 2560 vobis...
1805 2547 1844 2553 —
1860 2531 1930 2561 Dat.
1949 2535 2102 2569 utsupra.
2123 2542 2136 2556 »

1204 2585 1242 2613 In
1264 2594 1290 2613 e.
1309 2593 1351 2613 ni.
1371 2593 1425 2621 pro
1448 2584 1606 2613 universis
1628 2584 1795 2613 abbatissis
1821 2589 1850 2619 et
1874 2584 2083 2614 conventibus
2101 2592 2167 2614 mo-

1166 2637 1376 2667 nasteriorum
1392 2636 1514 2665 ordinis
1532 2637 1665 2666 Sanctae
1678 2636 1800 2667 Clarae.

1204 2810 1224 2837 l
1234 2810 1356 2838 ’ἵῖἵ-ἴΙ
1368 2810 1451 2837 '782
1472 2808 1825 2842 Sa}11te-Marie-Majeure,
1842 2808 1872 2834 13
1882 2808 2033 2835 decembre
2051 2808 2131 2836 1289.

1199 2871 1325 2897 Jacobus
1339 2870 1510 2896 Vir-dunensi
1522 2870 1658 2896 ecclcsiae
1668 2871 1822 2904 episcopus
1834 2870 2005 2904 praeficitur.
2021 2869 2104 2903 (Rae.
2119 2870 2162 2902 44,

1165 2930 1189 2946 c.
1207 2919 1268 2953 666,
1286 2920 1303 2944 f.
1323 2919 1372 2945 ‘360
1390 2926 1433 2950 v⁰;
1453 2918 1516 2944 Lsxr.
1536 2927 1569 2944 un
1584 2918 1682 2949 Τιιιειι,
1700 2918 1737 2951 11,
1756 2918 1829 2950 329.)

1204 3020 1314 3050 Dilecto
1332 3022 1395 3057 silio
1412 3021 1516 3049 Jacoto
1528 3043 1534 3055 ‚
1558 3021 1644 3049 electo
1676 3020 1863 3049 Virdmtensi.
1893 3020 2029 3049 Vacante
2047 3020 2165 3050 Virdu-

1164 3074 1256 3102 nensi
1274 3073 1403 3102 ccclesia
1417 3082 1470 3111 per
1480 3073 1599 3102 obitum
1615 3073 1758 3106 Heni-ici,
1777 3073 1857 3102 duae
1871 3072 2053 3111 electiones,
2065 3072 2166 3103 altera

1992 3139 2024 3165 42
