2342 3652
954 363 1185 398 TROISIEME
1206 364 1365 415 ANNEE.
2149 376 2206 406 4⁶29

114 439 270 475 posterum
296 435 481 465 statuendis.
507 435 611 471 Quare
628 434 797 473 praedictis
818 435 963 473 episcopo
976 439 1115 464 0103110-

115 489 193 519 nicis
216 497 293 527 papa
316 488 445 517 mandat
466 484 625 526 quatenus
646 487 828 517 Callensem
851 488 1048 526 episcopum,
1066 487 1115 516 vel

114 542 251 582 aliquem
265 542 302 571 de
316 541 478 571 canonicis
490 540 640 570 ecclesiae
652 540 820 578 Callensis‚
833 543 966 571 nomine
977 541 1115 580 episcopi

113 600 143 626 et
159 595 322 629 ecclesiae,
345 594 380 623 in
399 594 593 632 corporalem
617 594 851 632 possessionem
870 595 1022 633 praedicti
1043 602 1114 624 mo-

113 648 242 678 nasterii
268 651 298 677 et
323 647 592 686 pertinentiarum
618 647 687 686 ejus
710 647 865 676 inducant
890 652 919 676 et
946 647 1113 677 inductum

112 701 299 737 defendant,
327 701 441 730 amotis
466 700 663 739 quibuslibet
683 700 804 730 illicitis
829 701 1047 730 detentoribus
1074 701 1113 730 ab

112 755 240 786 eisdem.

153 821 164 834 u
180 808 268 837 Inter
281 807 359 837 alias
371 807 641 838 sollicitudines...
654 824 693 829 -
704 808 775 837 Dat.
793 808 906 845 Rome,
921 807 1003 846 apud
1017 808 1113 838 Sanc—

114 867 174 892 tam
189 861 322 891 Mariam
340 861 506 899 Majorem‚
520 870 559 890 xv
575 860 727 891 kalendas
739 861 860 899 aprilis,
878 870 963 891 anno
977 861 1078 891 tertio.
1097 874 1109 888 ι)

177 1019 293 1048 2529
451 1018 809 1053 Sainte-Marie-Majeure,
825 1019 858 1046 22
875 1020 943 1046 avril
961 1020 1038 1048 1290.

142 1081 257 1109 Gollatio
275 1081 416 1108 beneficii.
434 1081 515 1117 (Rae.
534 1082 577 1115 45,
595 1090 619 1108 c.
640 1082 700 1115 104,
717 1082 736 1109 f.
755 1083 786 1108 17
804 1084 854 1115 v0.)

151 1178 318 1207 Venerabili
325 1178 421 1214 fratri
436 1200 456 1208 ..
470 1178 693 1215 archiepiscopo
704 1178 885 1207 Ebot-cicensi
894 1177 1024 1207 mandat
1035 1187 1110 1216 qua-

108 1235 198 1261 tenus
215 1229 369 1268 capellam
391 1239 446 1260 seu
472 1230 649 1260 sacristiam
671 1239 767 1269 quarn
786 1230 820 1260 in
844 1231 971 1261 civitate
991 1231 1110 1262 Ebora-

106 1283 194 1314 censi
213 1283 377 1322 quondam
396 1283 592 1313 Percivallus
617 1284 656 1313 de
676 1284 835 1321 Lavania,
859 1285 995 1315 Adriani
1012 1294 1109 1324 papae

106 1345 294 1375 germanus,
314 1337 455 1367 obtinuit
481 1342 511 1366 et
532 1338 624 1375 cujus
648 1338 859 1375 provisionem
883 1339 943 1367 sibi
965 1347 1108 1369 reserva-

105 1390 149 1420 vit
164 1389 313 1420 Nicotaus
330 1399 409 1429 papa
422 1390 519 1420 alicui
533 1390 668 1421 discreto
685 1391 762 1427 viro,
780 1391 818 1420 de
834 1392 1024 1429 Anglicanis
1042 1402 1108 1431 par-

106 1444 187 1474 tibus
202 1443 354 1481 oriundo,
373 1444 428 1482 qui
446 1444 484 1473 de
501 1444 646 1482 legitimo
663 1445 871 1475 matrimonio
881 1450 1062 1484 procreatus
1079 1450 1108 1475 et

104 1497 138 1528 in
162 1497 336 1535 theologica
350 1497 499 1527 facultate
520 1498 690 1535 magister,
710 1502 763 1527 aut
779 1498 812 1527 in
829 1498 962 1528 decretis
982 1499 1106 1536 doctor,

105 1555 158 1581 aut
172 1550 206 1580 in
220 1551 292 1589 jure
308 1550 395 1580 civili
418 1551 576 1590 professor
596 1551 652 1588 sit,
671 1552 827 1590 conseram
844 1553 887 1582 ita
908 1553 992 1591 quod
1008 1553 1034 1582 is
1051 1553 1107 1592 qui

104 1604 295 1644 praedictam
320 1603 474 1643 capellam
499 1605 655 1644 receperit
678 1606 890 1644 personaliter
913 1607 945 1635 in
970 1616 1005 1636 ea
1029 1608 1105 1637 resi-

104 1657 174 1688 deat
185 1662 215 1687 et
229 1656 348 1696 capella
363 1661 433 1696 post
448 1658 517 1697 ejus
533 1658 657 1688 obitum
673 1658 774 1688 libera
791 1664 965 1690 remaneat.

148 1723 161 1737 ι
180 1710 229 1740 Ad
246 1714 333 1741 tuam
353 1710 540 1742 volumus...
560 1729 598 1732 —
620 1712 691 1743 Dat.
711 1713 831 1750 Rome,
848 1713 932 1752 apud
957 1713 1106 1744 Sanctam

102 1764 234 1795 Mariam
252 1765 406 1804 Majorem
418 1787 427 1802 ‚
445 1774 463 1794 x
477 1764 631 1794 kalendas
648 1766 742 1803 maii,
760 1775 845 1797 anno
864 1767 968 1797 tertio.
991 1779 1004 1794 7>

168 1924 288 1953 2530
446 1924 802 1960 Sainte-Marie-Majeure,
819 1924 851 1951 ‘22
867 1925 936 1952 avril
955 1925 1032 1952 1290.

132 1985 249 2013 Collatio
265 1986 481 2014 beneficiorum.
500 1986 584 2020 (Rea.
602 1987 646 2020 45,
658 1995 682 2013 c.
703 1988 764 2018 105,
781 1987 801 2014 f.
820 1987 851 2013 18
869 1988 915 2020 r0.)

145 2090 308 2118 Venerabili
343 2090 439 2126 fratri
465 2113 483 2119 ..
515 2091 646 2128 episcopo
678 2091 882 2120 Lincolniensi
908 2090 1040 2120 mandat
1071 2092 1107 2120 ut

99 2142 394 2173 archidiaconatum
421 2143 653 2181 Bekingamiae
669 2147 699 2173 et
726 2144 949 2174 canonicatum
970 2147 1001 2174 et
1016 2152 1106 2182 prae-

100 2196 236 2230 hendam
262 2206 343 2236 quae
367 2197 400 2226 in
422 2197 554 2227 ecclesia
577 2197 799 2227 Lincoiniensi
821 2197 984 2228 detinebat
1000 2198 1107 2228 Perci-

101 2249 201 2279 vallus
220 2250 258 2280 de
273 2250 432 2287 Lavania,
451 2250 590 2280 Adriani
615 2260 712 2289 papae
738 2260 928 2289 germanus,
954 2260 1056 2290 nuper
1072 2251 1107 2281 in

102 2302 186 2333 Urbe
210 2303 397 2341 defunctus,
415 2304 556 2334 conserat
583 2305 704 2334 eisdem
729 2305 967 2335 conditionibus
991 2305 1108 2343 quibus

103 2356 252 2395 capellam
283 2356 318 2386 in
348 2357 474 2387 civitate
502 2357 694 2388 Eboracensi
719 2358 855 2388 contulit
883 2358 937 2396 (In
967 2359 1109 2397 proximo

104 2409 257 2448 superiori
272 2409 431 2448 capitulo).

144 2473 158 2489 α
177 2462 228 2492 Ad
247 2459 333 2493 tuam
347 2462 536 2494 volumus..
553 2481 592 2486 —
608 2464 679 2494 Dat.
699 2467 733 2494 ut
749 2473 854 2503 supra.
873 2477 884 2491 n

174 2615 288 2644 2531

141 2675 181 2702 De
197 2678 407 2712 compositione
423 2679 498 2705 inter
511 2687 608 2713 regem
623 2679 745 2714 Angliae
762 2683 790 2706 et
805 2679 973 2714 episcopum
989 2683 1017 2706 et
1033 2681 1110 2715 capi-

105 2724 194 2752 tulum
217 2725 394 2754 Vasatenses
417 2727 523 2754 habita.
546 2728 628 2762 (Rae.
648 2729 680 2755 45
692 2750 699 2763 ‚
716 2737 742 2755 0.
764 2729 813 2757 106
826 2750 833 2763 ,
852 2729 869 2755 f.
888 2730 919 2757 18
935 2736 974 2760 r⁰·,
992 2729 1059 2756 Lip.
1075 2739 1110 2758 1111

105 2771 201 2808 Tuam,
217 2774 268 2805 ΙΙΙ,
287 2775 343 2809 85.)

475 2616 833 2652 Sainte-Marie-Majeure,
851 2618 867 2644 9
883 2617 937 2644 mai
960 2617 1036 2644 1290.

153 2875 318 2906 Venerabili
345 2878 441 2914 fratri
472 2900 493 2908 ..
521 2879 745 2916 Enqolismensi
769 2886 794 2909 el
827 2903 847 2910 ..
876 2880 1112 2917 Petraqoricensi

107 2929 258 2966 episcopis.
274 2941 288 2957 «
310 2930 460 2961 Exhibita
476 2932 568 2962 nobis
585 2932 743 2962 carissimi
757 2933 789 2962 in
806 2933 935 2963 Christo
952 2933 1009 2962 filii
1025 2955 1044 2962 ..
1062 2941 1110 2962 re-

106 2979 155 3018 gis
171 2982 288 3020 Anglie
304 2982 438 3014 illustris
465 2993 500 3014 ac
522 2985 715 3015 venerabilis
737 2986 844 3016 fratris
867 2986 968 3016 nostri
989 3008 1009 3015 ..
1029 2985 1111 3024 epis-

108 3034 175 3072 copi
202 3039 231 3065 et
259 3035 446 3067 dilectorum
471 3037 611 3068 filiorum
639 3039 770 3078 capituli
794 3040 979 3070 Vasatensis
1001 3039 1111 3078 petitio

1199 435 1381 464 continebat
1413 437 1496 474 quod
1521 438 1598 467 olim
1623 438 1705 467 inter
1735 438 1874 468 eundem
1899 448 2024 477 regem,
2051 450 2086 470 ex
2117 447 2204 480 parte

1199 496 1280 523 una,
1297 496 1332 516 30
1355 489 1536 528 episcopum
1554 496 1583 520 et
1599 491 1773 530 capitulum
1793 492 1945 530 prefatos,
1964 502 1997 522 ex
2015 493 2132 530 altera,
2151 505 2202 525 su-

1198 549 1253 577 per
1270 542 1434 579 temporali
1453 543 1676 580 jurisdictione
1699 545 1836 574 civitatis
1863 545 2048 576 Vasatensis
2071 547 2203 587 ejusque

1198 592 1380 629 districtus,
1407 604 1501 633 quam
1531 597 1630 626 iidem
1656 598 1820 636 episcopus
1843 602 1873 627 et
1900 599 2077 636 capitulum
2101 601 2139 630 ad
2171 610 2203 632 se

1198 650 1336 684 spectare
1355 648 1520 684 dicebant,
1539 659 1573 679 ac
1587 651 1598 689 j
1607 651 1750 681 nstitiatu
1770 651 1909 690 aliisque
1929 652 2062 683 diversis
2083 655 2202 684 articu-

1197 698 1238 727 lis
1257 701 1389 729 materia
1411 703 1589 739 questionis
1615 709 1735 740 exorta,
1765 704 1892 733 tandem
1917 706 2132 736 mediantibus
2149 708 2201 738 bo·

1197 752 1247 781 nis
1281 753 1378 789 viris,
1403 764 1497 793 super
1520 757 1685 793 premissis
1706 758 1855 787 omnibus
1880 759 1962 788 inter
1987 764 2089 798 partes
2118 761 2201 799 ipsas

1196 806 1375 836 amicabilis
1399 809 1586 846 compositio
1604 811 1798 847 intervenit,
1826 816 1918 849 prout
1944 812 1979 841 in
1998 812 2112 843 litteris
2126 814 2201 845 inde

1196 859 1346 888 consectis
1369 859 1494 898 plenius
1510 861 1627 890 dicitur
1644 863 1812 892 contineri.
1832 864 1935 899 Quare
1948 874 2014 901 rex,
2035 866 2200 905 episcopus

1197 915 1227 940 et
1251 912 1424 950 capitulum
1455 914 1587 951 predicti
1612 915 1702 944 nobis
1728 915 1894 945 humiliter
1924 918 2143 956 supplicarunt
2167 925 2200 950 ut

1196 965 1457 1003 compositionem
1475 967 1608 996 eandem
1623 990 1631 1003 ‚
1650 977 1747 1005 quam
1766 969 1800 997 in
1822 969 1919 1007 ipsius
1936 970 2066 1000 ecclesie
2083 972 2199 1002 utilita-

1196 1020 1259 1046 tem
1275 1018 1455 1048 redundare
1466 1024 1624 1057 asserunt,
1638 1021 1830 1051 confirmare
1845 1022 1884 1051 de
1900 1023 2099 1061 benignitate
2113 1034 2199 1064 apos-

1197 1069 1289 1099 tolica
1305 1071 1523 1108 dignaremur.
1541 1073 1606 1102 Nos
1622 1073 1740 1112 itaque,
1755 1075 1809 1112 qni
1828 1075 2038 1106 ecclesiarum
2054 1078 2198 1108 omnium

1195 1123 1361 1161 spirituale
1387 1128 1417 1153 et
1441 1125 1614 1163 temporale
1639 1126 1825 1156 affectamus
1848 1133 2077 1167 augmentum,
2106 1140 2200 1170 super

1195 1176 1359 1214 premissis
1390 1186 1446 1216 per
1476 1187 1530 1208 vos
1561 1178 1686 1222 plenius
1712 1180 1880 1210 certificari
1908 1181 2061 1218 volentes,
2091 1184 2199 1213 frater-

1194 1230 1286 1259 nitati
1307 1234 1423 1268 vestre,
1444 1231 1483 1261 de
1500 1241 1562 1270 qua
1580 1232 1706 1270 plenam
1734 1233 1766 1262 in
1789 1234 1927 1264 Domino
1950 1235 2094 1265 fidutiam
2114 1238 2197 1275 geri-

1194 1292 1281 1320 mus,
1299 1293 1354 1322 per
1368 1285 1541 1323 apostolica
1564 1286 1681 1325 scripta
1699 1287 1891 1317 mandamus
1910 1293 2066 1326 quatenus
2077 1295 2196 1328 utrum,

1193 1337 1404 1367 consideratis
1421 1339 1670 1369 circumstantiis
1682 1341 1852 1377 universis,
1864 1343 2050 1380 compositio
2058 1344 2198 1383 predicta

1192 1390 1225 1419 in
1242 1391 1361 1429 prefate
1374 1391 1525 1429 ecclesie,
1544 1397 1577 1422 ut
1597 1393 1806 1432 premittitur,
1832 1395 2001 1425 utilitatem
2021 1396 2194 1435 redundet,

1192 1453 1286 1483 super
1302 1453 1364 1483 quo
1381 1450 1499 1475 vestras
1516 1446 1716 1477 intendimus
1737 1448 1949 1478 conscientias
1968 1457 2101 1479 onerare
2116 1474 2122 1486 ,
2145 1451 2194 1480 in-

1190 1498 1336 1537 quiratis,
1355 1508 1411 1537 per
1426 1508 1480 1529 vos
1495 1499 1544 1529 vel
1558 1509 1613 1538 per
1628 1500 1720 1537 alios,
1734 1501 1826 1539 plene
1839 1510 1874 1531 ac
1886 1502 2018 1532 sollicite
2030 1504 2193 1533 veritatem

1191 1554 1220 1580 et
1238 1552 1321 1590 qnod
1340 1553 1527 1582 inveneritis
1544 1553 1577 1582 in
1596 1553 1654 1583 hac
1674 1558 1762 1592 parte
1778 1555 1869 1584 nobis
1885 1555 2020 1585 fideliter
2037 1557 2192 1586 rescriba-

1191 1604 1240 1634 tis.
1267 1605 1338 1635 Dat.
1368 1606 1486 1643 Rome,
1514 1607 1596 1645 apud
1625 1607 1774 1637 Sanctam
1800 1609 1936 1639 Mariam
1958 1609 2111 1648 Majorem
2127 1635 2132 1646 ,
2150 1621 2193 1640 vn

1190 1658 1264 1688 idus
1280 1659 1375 1695 maii,
1393 1668 1479 1690 anno
1495 1662 1597 1691 tertio.
1616 1673 1631 1688 »

1262 1846 1379 1875 2532

1226 1908 1437 1936 Concessiones
1459 1909 1493 1935 de
1509 1909 1593 1936 bonis
1614 1912 1779 1937 monasterii
1794 1911 1992 1938 Cluniacensis
2008 1912 2097 1938 factae
2112 1920 2195 1938 revo-

1190 1962 1300 1985 cantur.
1317 1958 1400 1992 (Rso.
1419 1959 1461 1993 45,
1479 1967 1504 1985 c.
1524 1959 1581 1990 107,
1600 1959 1620 1986 f.
1639 1960 1671 1986 18
1687 1967 1730 1992 νος
1752 1960 1817 1988 Lip.
1836 1969 1871 1987 nu
1891 1960 1988 1992 Tasrn,
2005 1960 2057 1991 III,
2074 1961 2127 1994 87.)

1501 1846 1861 1882 Sainte-Marie-Majeure,
1878 1848 1910 1876 ⁴25
1926 1849 2029 1875 fevi-ier
2046 1849 2122 1877 1290.

1236 2075 1404 2105 Venerabili
1416 2076 1512 2112 fratri
1528 2097 1549 2106 ..
1567 2076 1699 2113 episcopo
1716 2075 1902 2105 Cabilonenst
1913 2081 1938 2105 el
1954 2077 2070 2105 dilectis
2080 2076 2155 2112 fillis
2173 2097 2192 2104 ..

1194 2130 1420 2159 Trenorcha'ensi
1438 2138 1473 2158 ac
1491 2152 1512 2159 ..
1529 2129 1563 2157 de
1580 2129 1688 2158 Sancto
1715 2128 1847 2167 Hlyaudo
1872 2129 2124 2159 monasteriorum
2143 2130 2194 2158 ab·

1192 2183 1323 2219 batibus,
1343 2183 1553 2212 Cabilonensis
1570 2187 1595 2211 et
1614 2183 1837 2212 lllatisconensz's
1857 2183 2030 2212 diocesiztm.
2055 2194 2069 2209 α
2098 2182 2194 2221 Expo-

1194 2236 1259 2266 suit
1279 2236 1372 2266 nobis
1391 2236 1527 2266 dilectus
1547 2236 1633 2265 filius
1658 2235 1873 2272 Guillelmus,
1894 2236 1991 2266 abbas
2010 2236 2194 2266 monasterii

1190 2288 1432 2325 Cluniacensis,
1450 2289 1487 2318 ad
1507 2297 1674 2318 romanam
1691 2288 1856 2318 ecclesiam
1873 2289 1962 2319 nullo
1980 2289 2083 2319 medio
2096 2290 2194 2327 perti-

1191 2343 1317 2377 nentis,
1337 2342 1582 2372 Matisconensis
1598 2342 1748 2379 diocesis,
1766 2341 1851 2380 quod
1870 2341 2018 2372 nonnulli
2034 2342 2195 2380 predeces-

1192 2405 1278 2426 sores
1295 2396 1344 2425 sui
1368 2395 1495 2425 abbates
1517 2395 1614 2433 ipsius
1638 2395 1821 2424 monasterii
1851 2399 1881 2424 et
1906 2394 2110 2433 quamplures
2140 2394 2194 2423 alii

1191 2449 1316 2480 abbates
1333 2453 1363 2478 et
1376 2449 1495 2487 priores
1511 2448 1595 2478 dicto
1607 2448 1800 2477 monasterio
1814 2447 1949 2477 mediate
1966 2452 1994 2477 et
2010 2448 2193 2477 immediate

1191 2503 1334 2541 subiecti,
1354 2502 1409 2540 qui
1426 2502 1555 2531 fuerunt
1570 2510 1626 2540 pro
1647 2505 1805 2539 ternpore,
1830 2501 1997 2540 pensiones
2015 2510 2137 2530 annuas
2156 2501 2194 2530 de

1193 2556 1284 2586 bonis
1300 2555 1443 2594 ejusdem
1462 2554 1646 2584 monasterii
1667 2554 1902 2591 Cluniacensis,
1927 2563 2052 2584 necnon
2069 2558 2099 2583 et
2117 2554 2193 2584 alio-

1193 2618 1265 2639 rum
1278 2608 1541 2638 monasteriorum
1557 2611 1586 2636 et
1597 2609 1792 2646 prioratuum
1810 2607 2023 2645 predictorum
2039 2606 2192 2644 redditus,

1192 2662 1359 2701 grangias,
1379 2661 1593 2699 possessiones
1608 2660 1647 2689 ad
1665 2659 1893 2689 monasterium
1917 2659 2092 2698 predictum
2111 2668 2195 2698 spec-

1194 2720 1307 2751 tantes,
1332 2721 1457 2744 necnon
1478 2717 1507 2742 et
1529 2713 1704 2752 prebendas
1724 2712 1889 2742 nonnullis
1907 2712 2045 2751 prelatis,
2070 2712 2194 2742 clericis

1194 2773 1224 2799 et
1241 2768 1343 2804 laicis,
1359 2770 1466 2797 contra
1478 2770 1592 2795 statuta
1609 2765 1708 2795 felicis
1719 2765 1946 2795 recordationis
1957 2765 2104 2803 Gregorii
2117 2775 2194 2804 pape

1194 2822 1286 2857 noni,
1300 2819 1528 2859 predecessoris
1545 2818 1662 2854 nostri,
1683 2818 1866 2848 retinendos
1881 2823 1911 2848 et
1926 2819 2144 2858 percipiendos
2155 2819 2194 2848 ab

1194 2876 1238 2905 eis
1255 2873 1397 2913 quandiu
1415 2872 1562 2909 vixerint,
1581 2875 1816 2909 concesserunt,
1836 2872 1869 2900 in
1890 2871 1990 2910 ipsius
2005 2871 2193 2902 Cluniacen-

1195 2929 1238 2958 sis
1254 2930 1283 2957 et
1297 2926 1432 2956 aliorum
1447 2924 1713 2954 monasteriorum
1729 2933 1764 2953 ac
1773 2924 1969 2963 prioratuum
1980 2925 2193 2963 predictorum

1195 2989 1260 3011 non
1276 2979 1435 3009 modicum
1453 2977 1665 3016 prejudicium
1682 2981 1712 3006 et
1727 2986 1912 3015 gravamen.
1933 2978 2037 3014 Quare
2054 2979 2194 3017 prefatus

1195 3034 1290 3064 abbas
1304 3032 1394 3061 nobis
1406 3029 1573 3060 humiliter
1587 3029 1775 3068 supplicavit
1793 3033 1826 3060 ut
1844 3030 2009 3069 providere
2028 3040 2122 3070 super
2135 3031 2194 3061 hoe
