2477 3637
179 358 236 388 414
514 378 520 382 .
558 382 562 383 ⁷
924 345 1160 379 REGISTRES
1182 345 1237 376 DE
1259 344 1442 376 NICOLAS
1464 345 1520 374 IV.

177 422 295 454 diocesi
311 419 520 459 Lugduneusi
538 426 638 456 usque
650 417 686 446 ad
702 415 966 454 quinquennium
983 422 1094 444 vacare
1105 421 1183 442 con-

179 477 298 515 tigerit,
315 475 410 505 etiam
434 473 460 503 si
482 472 655 510 dignitates
681 470 730 499 vel
748 473 936 508 personatus
959 467 1132 498 existerent
1153 469 1183 495 et

178 538 287 560 curam
318 527 455 558 habeant
483 525 678 559 animarum,
713 522 873 561 percipere
903 521 1014 560 possis,
1047 528 1183 550 conver—

179 582 289 614 tendos
302 581 337 610 in
348 579 540 610 solutionem
556 575 746 615 hujusmodi
762 575 956 605 debitorum.
972 573 1092 604 Verum
1107 572 1183 612 quia

177 636 210 666 in
226 632 393 664 nonnullis
408 631 549 662 ecclesiis
565 628 751 659 earumdem
768 628 935 658 civitatum
955 631 986 656 et
1006 625 1184 656 diocesinm

177 689 215 719 de
231 691 345 717 statuto
370 694 425 715 seu
450 683 683 715 consuetudine
705 682 893 712 observatur
910 680 993 719 quod
1010 679 1184 710 canonicus

177 741 332 772 decedens
349 737 507 778 prebende
523 745 590 772 sue,
611 735 777 774 dignitatis
799 739 854 764 aut
870 737 1068 773 personatus,
1085 741 1183 771 quam

176 794 226 824 vel
243 801 340 832 quem
356 793 390 821 in
409 790 543 821 ecclesia
559 798 615 820 sua
632 787 809 818 obtinuerit
833 787 880 817 sic
901 786 1075 822 decedens,
1100 792 1186 814 anno

177 856 240 888 quo
262 845 432 877 decesserit
459 845 534 874 facit
558 848 589 873 et
616 846 717 882 potest
743 842 847 872 facere
869 841 991 871 fructus
1012 847 1104 875 suos,
1131 843 1183 875 tu,

177 901 254 940 quia
269 900 308 930 de
330 898 530 938 perceptione
550 897 713 927 fructuum
737 895 833 935 primi
851 895 930 925 anni
956 893 1186 923 beneficiorum

176 955 319 993 ipsorum
335 953 380 982 sic
395 951 578 981 vacantium
596 951 629 980 in
649 949 763 979 litteris
781 949 861 988 ipsis
883 947 1064 987 expressius
1081 946 1184 976 conti-

177 1011 282 1042 netur,
299 1005 425 1035 dubitas
445 1004 500 1034 tibi
517 1013 572 1043 per
588 1003 648 1033 hoc
664 1003 873 1041 imposterum
889 1001 923 1031 in
942 1001 1000 1030 liac
1015 1003 1103 1039 parte
1116 999 1186 1029 obs-

178 1059 318 1091 taculum
335 1059 508 1097 interponi,
525 1065 699 1096 super-quo
720 1056 869 1086 adhiberi
892 1055 950 1085 tibi
972 1053 1151 1084 remedium
1168 1061 1187 1082 a

177 1113 271 1144 nobis
296 1111 482 1151 suppliciter
507 1109 684 1149 postulasti.
706 1109 772 1139 Nos
796 1110 915 1147 itaque,
934 1107 1077 1138 volentes
1101 1106 1187 1145 quod

178 1165 364 1205 hujusmodi
393 1165 473 1194 sacta
507 1163 563 1193 tibi
589 1163 691 1201 gratia
713 1162 752 1192 ad
779 1162 912 1201 plenum
945 1161 1003 1191 tibi
1027 1160 1188 1190 fructuosa

178 1219 340 1255 reddatur,
359 1217 423 1247 tuis
438 1216 724 1256 supplicationibus
742 1215 900 1251 inclinati,
927 1218 961 1244 ut
982 1214 1131 1252 quotiens
1151 1212 1186 1241 in

178 1273 242 1303 illis
260 1282 297 1302 ex
324 1271 475 1311 predictis
496 1269 638 1301 ecclesiis
661 1269 716 1299 ubi
739 1268 934 1299 consuetudo
958 1276 1012 1297 seu
1034 1271 1186 1296 statutum

178 1325 364 1364 hujusmodi
381 1324 568 1354 observatur
583 1323 707 1352 fructus
719 1321 950 1351 beneficiorum
962 1318 1187 1349 decedentium

175 1388 261 1411 anno
276 1379 380 1417 primo
406 1377 540 1407 mortuis
557 1375 720 1406 canonicis
741 1383 795 1404 seu
820 1373 966 1412 personis
985 1372 1116 1402 illarum
1136 1380 1188 1401 ec-

178 1433 349 1463 clesiarum
369 1431 490 1461 suerint
506 1429 671 1468 persoluti,
688 1428 790 1467 possis
818 1428 938 1457 fructus
954 1425 1087 1456 secundi
1108 1424 1188 1454 anni

178 1486 337 1516 dictorum
354 1483 599 1519 beneficiorum,
616 1485 845 1520 personatuum
857 1488 912 1509 seu
925 1479 1120 1517 dignitatum
1132 1486 1189 1516 per

178 1537 365 1578 hujusmodi
393 1535 658 1576 quinquennium
684 1534 865 1573 percipere,
892 1534 983 1571 juxta
1009 1531 1188 1561 litterarum

178 1593 321 1632 ipsarum
341 1595 497 1627 tenorem,
516 1587 708 1619 fraternitati
723 1592 774 1617 tue
789 1586 976 1616 auctoritate
991 1585 1188 1624 presentium

179 1646 398 1684 indulgemus.
414 1643 509 1674 Nulli
521 1651 595 1681 ergo
609 1646 682 1679 etc.‚
695 1645 803 1671 nostre
817 1639 1032 1670 concessionis
1043 1643 1102 1669 etc.
1116 1632 1188 1668 Dat.

181 1704 216 1731 ut
230 1709 336 1739 supra.
357 1711 370 1726 »ι

253 1845 373 1874 23,ἵο
527 1840 881 1876 Salute-Maric-Majeure,
900 1840 931 1867 10
948 1847 1024 1866 mars
1042 1838 1120 1866 1290.

217 1894 323 1922 Contra
347 1901 398 1921 eos
420 1893 469 1928 qui
494 1893 575 1931 plura
599 1891 736 1917 beneficia
756 1890 895 1916 detinent.
917 1888 1002 1923 (Reo.
1023 1888 1075 1922 45,
1091 1895 1117 1915 c.
1137 1887 1191 1922 302,

182 1944 202 1971 f.
218 1944 234 1971 6
249 1942 342 1972 v⁰OEn
360 1950 473 1977 marge;
493 1941 560 1968 Lim.
576 1949 612 1968 nu
626 1940 723 1971 Tnmc,
741 1938 800 1970 111,
816 1938 873 1971 ⁵28.)

222 2021 364 2050 Nicotaus
387 2026 439 2050 etc.
471 2019 637 2048 Venerabili
661 2017 757 2054 fratri
774 2016 818 2053 3.,
838 2015 1058 2053 archiepiscopo
1075 2015 1195 2052 Luyclu-

184 2075 282 2104 wiensi.
302 2085 315 2100 <a
333 2074 375 2103 Ex
392 2076 479 2112 parte
503 2076 555 2102 tua
577 2071 638 2100 fuit
660 2069 858 2109 propositum
874 2077 981 2099 coram
1000 2067 1092 2098 nobis
1109 2067 1194 2107 quod

184 2126 335 2158 nonnulli
352 2125 493 2164 religiosi
511 2129 638 2154 tuarum
654 2123 792 2154 civitatis
808 2126 838 2152 et
853 2114 999 2158 diocesis,
1016 2129 1088 2151 ceca
1103 2121 1193 2159 cupi-

184 2180 281 2211 ditate
295 2179 428 2214 seducti,
451 2177 572 2216 singuli
596 2176 703 2216 plures
726 2175 1023 2205 administrationes
1042 2176 1112 2204 sine
1128 2173 1194 2203 dis-

184 2234 371 2274 pensatione
391 2232 476 2262 sedis
500 2230 671 2270 apostolice
698 2230 875 2260 temeritate
900 2228 1027 2267 propria
1052 2227 1196 2257 detinere

185 2291 386 2327 presumunt,
403 2290 513 2316 contra
536 2284 707 2314 canonicas
733 2282 926 2318 sanctiones,
948 2282 983 2311 in
1010 2282 1196 2311 animarum

186 2349 317 2371 suarum
347 2338 524 2378 periculum
560 2342 591 2367 et
622 2335 810 2366 scandalum
837 2335 1069 2374 plurimorum,
1101 2342 1196 2373 super

186 2403 249 2434 quo
276 2393 394 2433 petiisti
419 2401 474 2431 per
502 2391 610 2421 sedem
633 2389 838 2429 apostolicam
866 2387 994 2418 salubre
1016 2387 1197 2418 remedium

186 2446 344 2478 adhiberi.
361 2445 517 2482 Quocirca
535 2443 727 2474 fraternitati
749 2446 802 2472 tue
824 2451 879 2481 per
896 2440 1068 2481 apostolica
1082 2440 1197 2479 scripta

186 2500 378 2531 mandamus
400 2503 579 2538 quatenus,
607 2497 635 2527 si
653 2500 700 2527 est
719 2496 782 2533 ita,
809 2500 919 2525 contra
943 2494 1109 2532 religiosos
1124 2502 1196 2533 pre—

187 2554 304 2591 dictos,
325 2552 389 2583 nisi
415 2552 522 2583 forsan
547 2550 760 2590 exemptionis
781 2549 950 2589 privilegio
973 2548 1039 2578 sint
1066 2547 1196 2584 muniti,

188 2611 251 2638 tam
268 2607 453 2638 auctoritate
469 2610 577 2637 nostra
594 2613 690 2644 quam
703 2609 757 2634 tua
773 2602 873 2634 libere
885 2594 1039 2633 officii'tui
1054 2601 1198 2632 debitum

189 2661 366 2701 exequaris.
384 2660 456 2691 Dat.
475 2663 630 2698 utsupra.
649 2669 664 2685 υ
846 2654 849 2656 ’

261 2808 372 2836 ἓῧῖἱ
527 2803 887 2838 Sainte·Marie·MaJeure‚
907 2802 939 2828 10
956 2809 1033 2828 mars
1051 2800 1129 2828 1290.

226 2856 360 2883 Facultas
381 2855 503 2882 habendi
526 2854 614 2881 altare
633 2853 775 2888 portatile.
802 2852 885 2884 (Rae.
907 2851 956 2884 45,
972 2859 999 2877 c.
1017 2850 1066 2882 31,
1083 2850 1103 2876 f.
1124 2850 1138 2876 7
1155 2855 1200 2881 νος

192 2905 258 2932 Lar.
275 2913 309 2932 nu
324 2904 421 2936 Tum,
440 2903 492 2938 ΙΙΙ,
509 2903 544 2931 ‘28
560 2903 611 2936 νῦ.)

233 2981 348 3010 Eidem.

238 3045 251 3060 α
276 3033 459 3077 Devotionis
475 3037 526 3063 tue
543 3031 728 3071 precibus...
745 3048 784 3053 —
799 3030 871 3060 Dat.
889 3032 924 3060 ut
942 3037 1046 3068 supra.
1064 3040 1078 3055 ι

1337 411 1453 440 βῧῖᾖ

1302 472 1345 500 De
1360 472 1444 500 modo
1461 472 1614 500 exercendi
1627 473 1679 507 jus
1692 472 1878 499 visitationis.
1894 471 1977 505 (Rau.
1996 473 2029 500 45
2041 493 2048 505 ,
2064 480 2090 500 c.
2109 471 2152 505 32,
2167 473 2187 501 f.
2203 474 2218 500 ‘1
2234 479 2272 507 τος

1267 523 1334 550 Lar.
1351 531 1385 549 nu
1400 522 1500 554 ΤΗειι,
1518 521 1570 553 ΙΙΙ,
1588 521 1644 554 c29.)

1599 409 1966 444 Sainte-Marie-Majeure,
1985 410 2017 438 10
2032 419 2109 438 mars
2126 411 2203 439 1290.

2342 447 2349 487 i

1307 626 1422 655 Eidem.
1441 637 1455 652 «
1473 625 1517 655 Ut
1533 624 1594 654 tuis
1609 623 1816 662 petitionibus
1829 623 2002 661 benignius
2017 631 2200 654 annuamus
2210 624 2274 655 sin-

1267 688 1338 709 cere
1360 678 1500 708 caritatis
1521 677 1655 707 affectus
1677 685 1740 716 quo
1764 681 1890 707 tuorum
1911 676 2073 714 exigentia
2091 677 2276 708 meritorum

1267 741 1434 772 personam
1453 736 1539 761 tuam
1556 739 1787 770 prosequamur
1805 738 1863 760 nos
1879 729 2015 760 inducit.
2035 730 2119 760 Hinc
2131 734 2180 769 est
2193 729 2298 770 quod*

1267 795 1326 817 uos
1338 809 1346 824 ‚
1366 786 1428 816 tuis
1442 784 1729 824 supplicationibus
1747 783 1895 814 inclinati
1910 807 1916 818 ‚
1934 784 2120 814 auctoritate
2138 783 2192 814 tibi
2205 792 2291 824 prens

1267 841 1407 870 sentium
1424 838 1632 877 indulgemus
1650 842 1701 874 ut,
1719 846 1792 868 cum
1811 841 1839 867 te
1857 837 2051 877 provintiam
2070 841 2156 867 tuam
2176 837 2280 869 conti-

1267 893 1349 932 gerit
1365 893 1494 922 visitare
1507 915 1514 927 ,
1535 891 1562 922 si
1578 895 1705 931 propter
1720 899 1912 929 guerrarum
1928 887 2118 921 discrimina
2132 914 2140 928 ‚
2157 885 2220 930 'que
2238 884 2297 917 :e'

1267 946 1336 978 lent
1354 947 1558 985 frequenter,
1575 945 1710 975 inimico
1725 944 1858 974 homine
1874 943 2055 974 seminante
2067 944 2234 981 zizaniam,
2243 943 2279 977 m

1268 1000 1335 1030 illis
1350 999 1493 1039 partibus
1512 999 1666 1035 iminere,
1683 1003 1738 1028 aut
1753 997 1849 1028 aliam
1863 997 1983 1037 justam
1998 1006 2128 1028 causam
2141 1021 2149 1034 ,
2166 997 2228 1028 visi
2247 1011 2250 1023 2

1269 1054 1388 1084 tionem
1404 1052 1592 1093 hujusmodi
1607 1052 1796 1083 continuare
1812 1050 2010 1090 nequiveris,
2026 1059 2098 1081 eam
2113 1059 2169 1090 per
2181 1049 2218 1080 in
2238 1063 2247 1076 ι
2262 1071 2291 1085 η.

1268 1107 1451 1146 ruptionem
1481 1105 1530 1136 vel
1561 1104 1733 1135 intervalla
1761 1107 1939 1143 temporum
1973 1103 2126 1142 proficere
2157 1101 2281 1144 valeas*

1269 1161 1495 1192 constitutione
1515 1159 1623 1199 aliqua
1639 1159 1798 1190 contraria
1821 1166 1885 1188 non
1903 1158 2058 1188 obstante.
2084 1157 2133 1188 lta
2148 1155 2234 1196 quod
2255 1170 2282 1183 2»-

1269 1224 1324 1254 per
1351 1214 1411 1244 hoc
1434 1213 1514 1243 alias
1536 1213 1750 1253 prejudicium
1774 1211 1904 1242 nullum
1920 1211 1988 1241 fiat.
2012 1210 2105 1241 Nulli
2127 1218 2202 1249 ergo
2220 1218 2250 1241 e·
2280 1200 2282 1202 .

1269 1274 1376 1300 nostre
1393 1269 1609 1300 concessionis
1623 1273 1681 1299 etc.
1699 1268 1771 1298 Dat.
1793 1271 1945 1306 utsupra.
1967 1278 1980 1294 ι)
2126 1259 2128 1261 ’

2450 1063 2477 1250 ΠᾼἘ”“ἩἯ
2462 904 2477 1032 ΜΑΕἚ
2465 843 2477 880 ’ρ.
2466 789 2477 818 Ε·
2467 742 2477 765 ιιι
2468 690 2477 712 ιε

1342 1415 1460 1444 2373

1307 1478 1442 1506 Facultas
1457 1477 1611 1505 exercendi
1627 1485 1678 1512 per
1693 1477 1764 1503 alios
1780 1476 1900 1503 durante
1915 1474 2115 1510 quinquennio
2127 1475 2178 1509 jus
2191 1473 2266 1502 visi
2278 1470 2285 1484 ³

1271 1529 1368 1555 tionis.
1386 1527 1470 1562 (Rae.
1487 1527 1530 1558 45,
1547 1534 1573 1554 c.
1591 1526 1634 1561 33,
1651 1526 1671 1552 ί.
1688 1527 1702 1552 7
1719 1532 1764 1557 μ’,
1781 1524 1848 1552 Lar.
1869 1533 1903 1552 uu
1919 1523 2018 1556 Tum,
2035 1522 2087 1556 ΠΙ,
2105 1522 2160 1558 33.)

1600 1412 1971 1448 Sainte-Marie-Majeure,
1992 1412 2023 1439 10
2039 1419 2117 1440 mars
2133 1411 2212 1440 1290.

1312 1631 1426 1662 Eidem.

1315 1697 1329 1712 α
1346 1683 1499 1715 Habetin
1515 1683 1643 1714 uobis...
1663 1697 1703 1705 —
1721 1682 1793 1712 Dat.
1814 1685 1848 1711 ut
1869 1689 1976 1720 supra.
1995 1691 2009 1707 a>

1345 1830 1463 1859 2324

1309 1893 1351 1921 Ut
1378 1891 1600 1920 beneficiati-ad
1622 1878 1807 1918 residentiam
1833 1893 1861 1916 et
1882 1889 1918 1917 ad
1946 1889 2063 1917 ordines
2082 1887 2293 1924 suscipiendo‘ss'

1275 1943 1492 1979 compellantur.
1509 1942 1592 1976 (Rau.
1608 1941 1656 1972 45,
1674 1949 1699 1968 c.
1717 1940 1761 1973 34,
1778 1940 1797 1967 f.
1815 1941 1829 1967 7
1846 1946 1889 1972 r⁰;
1906 1939 1974 1967 Lar.
1992 1947 2027 1967 nu
2042 1938 2142 1973 Tnsrn,
2157 1937 2210 1971 ΠΙ,
2227 1934 2288 1974 3⁰⁴3·

1602 1826 1969 1861 Sainte-Marie-Majeure‚
1993 1825 2025 1852 10
2040 1833 2117 1852 mars
2132 1824 2212 1854 1290.
2231 1824 2235 1829 ”

1315 2047 1432 2077 Eidem.

1318 2112 1332 2128 «
1349 2099 1528 2130 Insinuasti
1544 2098 1636 2129 nobis
1653 2097 1777 2137 quod...
1794 2113 1834 2119 —
1851 2096 1924 2126 Dat.
1943 2100 1978 2126 ut
1995 2103 2103 2135 supra.
2122 2106 2136 2122 n

1347 2246 1465 2275 2325

1313 2309 1446 2337 Facultas
1462 2307 1629 2335 absolvendi
1644 2306 1920 2333 excommunicatos.
1935 2304 2019 2339 (κω.
2032 2303 2076 2339 45,
2090 2311 2117 2332 ο.
2131 2303 2175 2336 35,
2185 2303 2206 2331 f.
2217 2302 2233 2330 7
2243 2292 2294 2330 β’

1277 2359 1345 2387 LA».
1362 2367 1398 2386 nu
1412 2357 1509 2390 Tuan„
1528 2356 1580 2391 111,
1598 2356 1654 2389 31.)

1619 2242 1977 2277 Sainte-Marie-Majeure,
1996 2242 2028 2269 10
2043 2249 2120 2268 mars
2136 2239 2216 2269 1290.

1317 2461 1420 2491 Eidem
1438 2459 1622 2491 facultatem
1638 2457 1782 2488 concedit
1795 2455 1982 2487 absolvendi
1994 2455 2094 2486 laicos
2104 2455 2145 2486 ab
2159 2460 2298 2488 excom-

1278 2514 1507 2546 municationis
1520 2512 1680 2543 sententia
1695 2520 1791 2551 quam
1807 2519 1863 2550 pro
1879 2509 2018 2541 violenta
2028 2509 2204 2549 injectione
2225 2521 2241 2534 ι·
2256 2520 2259 2533 1
2277 2517 2282 2521 ’

1278 2578 1379 2600 nuum
1396 2569 1431 2598 in
1447 2575 1597 2607 personas
1614 2565 1842 2597 ecclesiasticas
1857 2563 2067 2596 incurrerint.

1321 2634 1334 2650 «
1352 2623 1420 2653 Tua
1437 2621 1527 2652 nobis
1540 2620 1761 2650 fraternitas...
1777 2636 1816 2640 —
1832 2618 1904 2649 Dat.
1921 2620 1957 2648 ut
1974 2621 2081 2656 supra.
2099 2627 2114 2644 n

1351 2769 1468 2799 2326
1623 2764 1978 2800 Sainte-Marie-MaJeure,
1996 2763 2029 2791 10
2044 2770 2122 2790 mars
2137 2761 2216 2791 1290.

1316 2832 1449 2860 Facultas
1467 2830 1591 2866 eligendi
1611 2829 1807 2857 confessorem
1821 2825 1982 2863 ‘propi-iuni.
2001 2825 2085 2861 (Rue.
2108 2825 2159 2860 45,
2175 2832 2202 2852 c.
2222 2821 2269 2852 35⁸
2285 2848 2290 2855 ,,

1281 2883 1301 2910 f.
1316 2884 1331 2910 7
1349 2888 1390 2913 ro:
1410 2880 1475 2908 [ΑΡ.
1495 2889 1529 2908 nu
1544 2879 1645 2913 Tuan„
1662 2877 1713 2910 ΙΙΙ,
1732 2877 1762 2905 31
1781 2877 1832 2912 νο.)

1322 2971 1438 3002 Eidem.

1326 3037 1339 3052 α
1361 3023 1504 3062 Benigno
1522 3025 1597 3052 sunt
1611 3021 1706 3052 tibi...
1724 3036 1762 3042 —
1776 3019 1846 3049 Dat.
1864 3021 2019 3057 utsupra.
2037 3029 2052 3045 ι»
