2477 3637
283 404 337 432 54'
1028 392 1261 424 REGISTRES
1284 391 1338 421 DE
1363 388 1545 420 NICOLAS
1570 389 1624 418 IV.

323 484 334 495 a
366 467 531 505 llegularis
552 465 674 495 ordinis
696 462 958 502 professoribus...
976 477 1016 483 —
1036 461 1103 489 Dat.
1124 459 1204 497 apud
1224 459 1284 489 [Tr-
1328 468 1332 486 ι

280 524 507 552 beniveterem.
526 529 563 548 xv
581 517 731 547 kalendas
748 516 893 546 octobris.
912 523 997 544 anno
1014 515 1114 543 tertio.
1136 526 1149 537 ι»

351 690 470 719 35¹⁰
1004 685 1119 710 octobre
1139 683 1214 710 1‘290.

317 754 399 779 Liber
416 754 560 778 fructuum
584 751 722 777 transitus
744 758 792 784 per
814 748 977 775 l‘atrinionii
1002 752 1092 774 terras
1107 745 1285 773 conceditur.

280 802 362 834 (lieo.
382 802 424 833 45,
442 810 465 826 v.
486 800 557 830 4⁸6²,
576 800 594 826 l'.
613 799 706 829 9910,
728 798 842 828 l'orrn..
860 797 968 826 2342&

824 686 955 718 nrt-icio,
973 686 986 711 τ

322 926 341 933 ..
363 905 505 932 abbatisse
528 908 553 932 el
575 903 726 931 sororibus
747 902 924 930 monasterii
939 900 1042 929 Sancti
1059 899 1215 928 Laurentii
1240 898 1288 926 ἰη-

282 964 324 986 let·
346 958 447 986 vinens
467 956 660 989 l'rberetoni,
682 954 798 984 ordinis
819 954 925 983 Sancte
945 953 1043 982 Clare.
1071 964 1083 978 α
1110 950 1288 988 Religionis

283 1015 384 1040 vestre
404 1010 529 1039 favor...
551 1009 593 1039 Ut
611 1009 731 1038 fructus
744 1031 752 1044 ,
771 1007 912 1037 redditus
930 1012 960 1036 et
983 1010 1154 1045 proventus
1177 1013 1290 1034 omnes

282 1064 516 1102 possessionum
534 1071 611 1100 quas
628 1061 858 1091 monasterium
879 1061 982 1098 ipsum
1001 1060 1034 1088 in
1051 1058 1196 1088 districtu
1212 1056 1288 1087 Val-

283 1117 320 1146 lis
345 1117 444 1146 Lacus
466 1116 582 1145 babere
598 1114 792 1150 dinoscitur,
811 1113 1006 1143 inhibitione
1021 1112 1163 1150 qualibet
1181 1135 1200 1140 ..
1222 1119 1289 1140 rec-

283 1171 359 1200 toris
378 1169 567 1199 Patriuionii
584 1169 640 1207 qui
662 1172 707 1197 est
728 1168 794 1197 sive
814 1175 868 1206 pro
892 1171 1030 1205 tempore
1049 1166 1143 1195 suerit
1168 1174 1289 1203 nequa—

283 1232 377 1262 quam
409 1223 571 1257 obstante,
597 1221 635 1250 ad
671 1221 900 1250 monasterinm
934 1220 1037 1258 ipsum
1069 1220 1158 1258 juxta
1188 1222 1290 1248 vestre

285 1275 458 1305 voluntatis
474 1275 644 1304 arbitrium
661 1274 776 1303 deferri
795 1273 894 1303 libere
910 1273 1012 1302 facere
1031 1272 1198 1301 valeatis...
1216 1271 1287 1300 Dat.

283 1329 365 1368 apud
385 1329 658 1363 Urbemvetere1n‚
678 1327 770 1357 nonis
786 1326 934 1362 octobris,
953 1334 1039 1355 anno
1057 1325 1158 1355 tertio.
1179 1337 1192 1351 »

355 1501 435 1528 35¹
447 1500 599 1528 1—3512

322 1561 504 1596 Dispensatio
524 1560 702 1587 residentiae.
720 1560 802 1593 (Rrec.
821 1561 864 1591 45,
881 1568 906 1586 c.
925 1560 986 1594 487,
1001 1560 1020 1587 f.
1039 1561 1071 1588 99
1087 1562 1135 1593 1¹⁰.)

763 1498 889 1528 orvieto,
907 1498 940 1525 -26
959 1498 1122 1532 septembre
1140 1497 1217 1525 1990.

327 1664 488 1693 Carissimo
504 1664 533 1692 in
553 1663 670 1692 Christo
692 1664 753 1699 filie
770 1664 920 1691 Elisabeth
935 1687 940 1698 ‚
960 1664 1063 1700 reyine
1081 1663 1290 1692 Romanorum

283 1717 411 1748 illustri.
433 1716 579 1754 indulget
596 1724 628 1745 ut
644 1721 791 1755 quattuor
808 1716 915 1745 clerici
933 1717 1002 1755 ejus
1020 1716 1180 1755 obsequiis
1193 1716 1290 1746 insis-

287 1774 388 1799 tentes
409 1770 547 1803 sructus,
567 1769 708 1798 redditus
730 1774 760 1799 et
777 1774 947 1807 proventus
968 1769 1198 1799 beneficiorum
1218 1779 1291 1800 suo-

288 1832 358 1852 rum
379 1823 675 1853 ecclesiasticorum.
693 1832 748 1861 per
763 1823 1038 1862 quinquennium,
1055 1831 1127 1852 cum
1151 1832 1186 1853 ea
1208 1827 1291 1852 inte-

287 1877 399 1915 gritate
413 1877 587 1915 percipiant
600 1885 672 1906 cum
687 1886 749 1915 qua
762 1876 832 1906 illos
847 1877 1046 1915 perciperent
1059 1877 1086 1906 si
1102 1877 1135 1906 in
1150 1877 1292 1907 ecclesiis

288 1931 319 1959 in
338 1930 453 1968 quilius
469 1929 523 1959 illa
538 1930 683 1959 obtinent
699 1930 905 1968 personaliter
921 1931 1107 1960 residerent.

330 1995 343 2009 ι
362 1983 461 2012 Tuam
479 1983 619 2013 volentes
635 1983 829 2014 honorare...
847 2001 884 2004 —
900 1984 970 2013 Dat.
988 1984 1071 2022 apud
1091 1984 1293 2014 Urbemvete-

289 2046 367 2071 rem,
389 2046 418 2065 Vl
436 2036 587 2065 kalendas
603 2037 749 2074 octobris,
768 2045 853 2067 anno
871 2038 971 2066 tertio.
991 2049 1004 2063 n

331 2090 365 2118 In
389 2099 416 2119 e.
444 2100 486 2119 m.
514 2113 532 2119 ..
560 2091 706 2129 episcopo
728 2092 975 2128 Argentinensi,
1001 2115 1021 2122 ..
1047 2092 1166 2122 decano
1191 2092 1291 2122 eccle-

289 2144 353 2172 siae
372 2143 481 2173 Sancti
502 2143 689 2173 Maimboldi
711 2144 750 2174 de
772 2145 880 2174 Monte
900 2144 1077 2182 Beligardi,
1104 2146 1294 2176 Bisuntinae

291 2197 462 2232 dioecesis,
481 2201 511 2226 et
527 2198 678 2235 magistro
694 2197 867 2228 Guillelmo
885 2198 923 2228 de
942 2198 1122 2236 Belloiorti‚
1142 2200 1294 2230 canonico

292 2249 484 2286 Parisicusi,
504 2250 634 2279 mandat
654 2256 688 2279 ut
709 2250 828 2280 eisdem
846 2252 968 2281 clericis
986 2252 1139 2290 praefatos
1156 2253 1294 2289 fructus,

292 2302 432 2331 redditus
453 2308 483 2332 et
506 2309 694 2342 proventus,
718 2313 772 2342 per
792 2305 1072 2343 quinquennium,
1092 2306 1215 2344 integre
1233 2307 1296 2336 rni-

293 2355 421 2384 nistrari
439 2356 567 2387 faciant.
588 2357 657 2387 Dat.
676 2362 829 2396 utsupra.

361 2534 607 2563 35133522
820 2537 947 2571 Orvicto,
965 2538 993 2564 31
1013 2539 1129 2565 octobre
1149 2540 1225 2568 1290.

328 2595 535 2629 Indulgentiae.
552 2597 635 2629 (lieo.
657 2599 698 2629 45,
717 2606 742 2624 c.
759 2599 818 2630 488,
838 2600 855 2626 s.
873 2600 906 2627 99
924 2606 964 2634 r⁰;
984 2600 1089 2628 ΡοτίἩ,
1107 2602 1218 2636 eei-¹148.)

336 2720 354 2726 ..
376 2700 516 2727 monstro
530 2705 554 2728 e(
568 2701 717 2735 fratribus
733 2702 839 2730 <Ionius
855 2704 1014 2740 hospstalis
1025 2705 1129 2734 Sancti
1146 2707 1250 2735 Thome
1266 2707 1299 2735 in

295 2751 409 2779 For-wts-
429 2754 462 2779 ‹le
481 2752 568 2786 l'rbe,
586 2754 625 2782 nd
644 2762 803 2784 romanum
821 2757 974 2785 ecclesiam
992 2759 1076 2787 nullo
1097 2760 1193 2788 medio
1205 2761 1300 2798 perti-

295 2806 403 2839 notris,
423 2805 541 2833 ordinis
556 2806 662 2835 Sancte
682 2808 842 2837 Trinitatis
858 2814 882 2837 ec
901 2811 1103 2847 captivorum.
1124 2811 1298 2850 Indulgen-

296 2856 370 2884 tiam
396 2858 490 2885 unius
515 2859 591 2887 anni
617 2864 645 2888 et
668 2869 704 2888 ,η
730 2860 853 2890 dierum
883 2863 1027 2892 concedit
1052 2865 1202 2894 omnibus
1228 2875 1300 2895 vere

298 2909 530 2945 poenitentibus
543 2916 571 2940 et
585 2913 737 2942 confessis
747 2914 799 2952 qui
810 2914 975 2945 ecclesiam
987 2917 1164 2954 praedictae
1173 2918 1298 2955 domus,

297 2960 328 2987 in
350 2960 500 2991 honorem
522 2964 602 2993 beati
621 2965 760 2995 Tliouiae
775 2967 907 3005 apostoli
925 2974 1151 3008 constructam,
1171 2972 1203 3000 in
1224 2972 1301 3003 festo

297 3013 436 3049 ejusdum
456 3018 566 3051 sancti,
584 3018 614 3045 in
633 3018 791 3049 dominura
809 3026 875 3058 post
895 3022 1102 3053 Pentecosten
1120 3029 1149 3053 et
1165 3035 1218 3063 per
1234 3031 1302 3057 octo

298 3065 364 3094 lit->-
382 3074 546 3105 sequentes
565 3070 772 3101 visitaverint.

1411 470 1423 482 1«
1449 456 1526 485 Loca
1545 460 1728 485 sauctorum
1744 453 1930 484 omnium...
1950 468 1989 475 —
2012 452 2082 481 Dat.
2102 451 2185 490 apud
2202 451 2378 482 Urbemve-

1369 514 1479 544 terem,
1498 518 1518 537 n
1536 507 1690 537 kalendas
1707 506 1902 542 novembris,
1918 513 2004 535 anno
2020 505 2122 535 tertio.
2144 516 2158 531 n

1918 587 2046 617 Orvieto.
2063 587 2077 612 '1
2094 586 2213 614 octobre
2230 586 2307 614 1290.

1410 652 1445 681 lu
1471 660 1496 681 e.
1521 660 1563 680 m.
1587 650 1746 680 universis
1765 649 1886 679 Christi
1912 648 2072 679 fidelibus.
2093 648 2247 678 Eamdem
2271 648 2378 679 indul-

1368 704 1510 742 gentiam
1541 702 1688 733 concedit
1717 711 1773 741 pro
1800 702 1974 732 cathedrali
2003 701 2137 732 ecclesia
2164 701 2317 739 Signina„
2344 701 2379 732 in

1370 757 1525 787 honorem
1550 756 1660 786 heatae
1684 756 1807 786 Mariae
1829 756 1968 793 virginis
1987 759 2177 785 constructa.
2202 755 2274 784 Dat.
2297 755 2380 794 apud

1373 811 1648 846 Urbemveterem,
1668 809 1762 839 nonis
1778 809 1927 845 octobris,
1946 817 2032 839 anno
2050 809 2152 839 tertio.

1922 902 2049 934 Orvieto,
2067 902 2081 928 4
2098 901 2214 928 octobre
2231 901 2310 929 1290.

1412 967 1448 995 In
1477 975 1504 995 e.
1537 975 1579 995 m.
1612 965 1750 1002 eisdem,
1785 974 1841 1004 pro
1868 965 2002 996 ecclesia
2030 965 2216 995 monasterii
2247 964 2382 996 Sanctae

1372 1019 1490 1049 Elenae
1507 1018 1753 1049 Londoniensis.
1773 1019 1844 1048 Dat.
1867 1018 1951 1058 apud
1970 1018 2246 1054 Urbemveterem,
2261 1026 2309 1048 nn
2326 1010 2382 1048 no-

1371 1080 1429 1100 nas
1444 1071 1593 1107 octobris,
1611 1079 1697 1101 anno
1715 1070 1815 1101 tertio.
1948 1066 1951 1069 ⁴

1883 1151 2011 1183 Orvieto,
2028 1151 2044 1178 ‘2
2062 1151 2216 1178 novembre
2233 1150 2312 1178 1290.

1413 1216 1450 1245 In
1465 1224 1492 1245 e.
1507 1224 1548 1245 m.
1567 1215 1700 1252 eisdem,
1722 1224 1778 1254 pro
1794 1215 1914 1254 capella
1930 1215 2045 1245 domus
2060 1214 2257 1253 leprosorum
2274 1213 2383 1244 Sancti

1374 1269 1483 1299 Lazari
1499 1269 1537 1298 de
1555 1268 1725 1305 Sambnco,
1746 1268 1951 1299 Florentinae
1967 1268 2132 1298 dioecesis.

1414 1335 1428 1349 «
1447 1323 1520 1352 Vite
1536 1323 1687 1361 perennis
1703 1322 1841 1360 gloria...
1859 1339 1897 1343 —
1913 1322 1985 1352 Dat.
2004 1321 2087 1360 apud
2104 1321 2380 1357 Urbemveterem‚

1373 1385 1419 1406 1111
1437 1385 1538 1406 nouas
1555 1376 1751 1411 novembris,
1772 1384 1857 1406 anno
1875 1376 1977 1406 tertio.
1998 1388 2011 1401 n
2028 1374 2091 1414 (En
2106 1373 2239 1414 mar-qe.)

1880 1470 2007 1500 Orvieto,
2025 1469 2041 1496 9
2058 1468 2214 1495 novembre
2234 1468 2312 1496 1290.

1415 1533 1453 1562 In
1474 1542 1501 1562 e.
1525 1542 1567 1562 m.
1593 1532 1714 1562 eisdem
1727 1557 1734 1569 ,
1757 1541 1812 1571 pro
1831 1532 1963 1562 ecclesia
1980 1532 2138 1571 prioratus
2155 1531 2264 1562 Sancti
2280 1530 2384 1562 Theo-

1374 1585 1461 1616 baldi
1475 1595 1513 1615 en
1529 1586 1605 1622 Hes,
1623 1586 1745 1616 ordinis
1758 1586 1791 1616 S.
1806 1586 1984 1620 Benedicti,
2001 1585 2206 1615 Belvacensis
2216 1584 2382 1615 dioecesis.

1375 1640 1447 1669 Dat.
1461 1639 1545 1678 apud
1560 1639 1837 1676 Urbemveterem,
1852 1639 1955 1669 vidus
1971 1639 2167 1676 novembris,
2181 1647 2268 1669 anno
2280 1637 2383 1669 tertio.

1375 1691 1479 1731 (Ibid.)

1908 1772 2036 1804 Orvieto,
2053 1773 2088 1800 23
2102 1772 2220 1800 octobre
2235 1772 2314 1800 1290.

1415 1837 1454 1866 In
1471 1845 1498 1867 e.
1517 1845 1559 1866 m.
1578 1836 1712 1873 eisdem,
1730 1844 1786 1875 pro
1800 1835 1920 1875 capella
1933 1835 2027 1865 castri
2046 1835 2084 1864 de
2100 1834 2310 1872 Montiniaco,
2325 1834 2386 1865 Pe-

1376 1889 1602 1928 tragoricensis
1618 1889 1785 1920 dioecesis.
1800 1889 1870 1918 Dat.
1887 1899 1904 1919 x
1916 1888 2071 1918 kalendas
2088 1888 2284 1926 novembris,
2301 1895 2386 1918 anno

1378 1944 1480 1974 tertio.
1498 1943 1603 1983 (Ibid.)

1907 2023 2036 2055 Orvieto,
2054 2023 2086 2050 15
2105 2022 2222 2050 octobre
2238 2022 2316 2050 1290.

1417 2087 1456 2117 In
1473 2096 1500 2117 e.
1518 2096 1559 2116 m.
1579 2087 1718 2122 eisdem,
1738 2094 1794 2125 pro
1811 2085 1944 2116 ecclesia
1965 2086 2100 2116 fratrum
2119 2085 2286 2116 minorum
2302 2084 2388 2124 Ypo-

1378 2141 1493 2176 riensi,
1514 2141 1547 2169 in
1572 2140 1728 2171 honorem
1753 2140 1837 2169 beati
1858 2139 2020 2169 Francisci
2045 2142 2234 2170 constructa.
2258 2139 2331 2169 Dat.
2355 2141 2390 2168 ut
2426 2160 2431 2170 .

1378 2202 1486 2232 supra,
1502 2193 1610 2223 idibus
1625 2193 1773 2229 octobris,
1791 2201 1877 2223 anno
1894 2193 1995 2222 tertio.
2016 2193 2122 2230 (Ibid.‚·
2140 2192 2262 2222 Po'r'rn.
2280 2190 2390 2230 23435)

1911 2287 2038 2318 Orvieto,
2055 2286 2090 2313 28
2105 2286 2224 2313 octobre
2240 2285 2319 2313 1290.

1419 2352 1457 2381 In
1474 2359 1502 2380 e.
1520 2360 1563 2380 m.
1581 2350 1702 2380 eisdem
1714 2373 1722 2387 ,
1743 2358 1798 2389 pro
1815 2349 1948 2379 ecclesia
1970 2348 2156 2379 monasterii
2178 2347 2289 2379 Sancti
2305 2347 2390 2393 Sim-

1379 2404 1527 2444 phoriani
1545 2403 1767 2443 Belvacensis,
1782 2403 1904 2433 ordinis
1921 2402 1954 2433 S.
1974 2401 2150 2432 Benedicti.

1421 2470 1435 2485 «
1450 2457 1535 2487 Licet
1546 2457 1573 2486 is
1586 2457 1662 2486 de...
1678 2472 1716 2478 —-
1728 2457 1798 2486 Dat.
1812 2455 1895 2495 apud
1910 2455 2188 2490 Urbemveterem,
2202 2463 2222 2484 v
2235 2452 2389 2484 kalendas
2431 2475 2433 2477 .
2476 2474 2477 2504 ;

1381 2511 1575 2546 novembris,
1592 2518 1678 2540 anno
1695 2509 1797 2540 tertio.
1820 2521 1832 2535 n
1853 2507 1956 2547 (Ibicl.)

1915 2588 2043 2619 Orvieto,
2060 2586 2094 2614 28
2111 2586 2228 2614 octobre
2244 2585 2322 2614 1290.

1422 2654 1460 2683 In
1480 2663 1506 2683 e.
1532 2662 1575 2682 m.
1599 2652 1738 2689 eisdem,
1761 2660 1816 2691 pro
1835 2650 1969 2680 ecclesia
1988 2650 2097 2680 Sancti
2115 2649 2253 2680 Adriani
2269 2648 2309 2679 de
2323 2647 2392 2678 Tri-

1381 2707 1509 2746 gaudio,
1526 2706 1702 2736 Janueusis
1724 2704 1889 2735 dioecesis.
1916 2704 1987 2734 Dat.
2005 2703 2090 2742 apud
2108 2703 2370 2734 Urbemveterem
2382 2725 2390 2740 ,

1381 2772 1400 2792 v
1416 2760 1570 2791 kalendas
1590 2759 1788 2796 novembris,
1808 2766 1893 2788 anuo
1912 2757 2014 2788 tertio.
2031 2756 2135 2796 (Ibid.)

1913 2848 2042 2880 Orvieto,
2062 2848 2089 2874 11
2108 2847 2226 2874 octobre
2242 2846 2319 2874 1290.

1424 2918 1461 2946 In
1482 2925 1508 2946 e.
1527 2925 1568 2945 m.
1588 2915 1720 2951 eisdem,
1740 2923 1794 2953 pro
1812 2912 1945 2943 ecclesia
1963 2913 2076 2942 Beatae
2092 2911 2211 2941 Mariae
2227 2909 2265 2940 de
2281 2907 2393 2946 Stiolo.

1388 2971 1608 3002 Urbevetanae
1623 2968 1788 2999 dioecesis.

1426 3036 1437 3051 ι(
1457 3023 1530 3053 Vite
1551 3022 1701 3061 perennis
1717 3021 1858 3060 gloria...
1877 3037 1914 3042 -—
1929 3019 1999 3049 Dat.
2018 3017 2101 3057 apud
2119 3017 2392 3051 Urbemveterem,

1387 3089 1404 3107 v
1423 3077 1494 3107 idus
1511 3076 1660 3112 octobris,
1678 3083 1763 3105 anno
1780 3074 1883 3104 tertio.
1907 3086 1919 3099 ι)
1937 3071 2043 3111 (Ital.)
