2477 3637
202 355 260 386 380
948 342 1186 375 REGISTRES
1208 342 1263 372 DE
1286 340 1472 372 NICOLAS
1494 340 1551 370 1v.

274 420 394 450 2¹58
539 412 890 447 Sainte-Marie-Majeure,
908 411 924 439 9
941 412 1045 439 fevi-ier
1060 409 1140 438 1290.

240 482 424 518 Dispensatio
441 480 519 507 sedis
540 478 716 513 apostolicae
737 474 908 503 visitandae.
924 474 1010 508 (Rea.
1027 474 1059 501 44
1071 495 1077 505 .
1093 481 1120 500 c.
1140 472 1193 500 862
1205 496 1211 507 ‚

204 534 224 560 s.
243 533 291 560 297
309 533 361 563 νο.)

252 632 417 663 Venerabili
422 630 518 667 fratri
525 629 677 664 Roderico,
686 628 818 665 episcopo
829 626 1067 662 Mari-achitam,
1075 624 1141 663 qui,
1150 623 1213 653 nisi

203 695 278 718 cum
302 683 509 723 permissione
531 681 781 711 Sarracenorum
806 683 836 709 et
851 677 1039 708 difficultate
1054 677 1212 714 maxima,

204 738 312 770 sedem
327 735 532 776 apostolicam
548 734 678 764 visitare
697 741 760 763 non
779 736 897 771 potest,
915 731 1063 769 indulget
1080 734 1115 760 ut
1131 730 1214 760 hanc

205 791 312 822 sedem
329 790 457 819 visitare
472 797 572 827 usque
585 787 625 818 ad
641 786 837 817 decennium
855 794 921 816 non
937 788 1094 815 teneatur.

247 857 260 872 α
279 844 367 874 Fidei
380 848 431 873 tue
446 842 606 882 puritas...
620 857 657 864 —
672 840 745 870 Dat.
759 840 871 875 Rome,
885 838 969 878 apud
985 838 1134 868 Sanctam
1149 837 1216 866 Ma-

205 899 286 929 riam
303 897 469 936 Majorem,
487 905 506 925 v
523 894 595 925 idus
613 893 778 930 februarii,
795 900 880 923 anno
895 891 1045 922 secundo.
1066 902 1080 917 »

278 1071 396 1100 2154
519 1066 879 1100 sainte-Marie-MaJeure,
900 1065 929 1091 ¹2
947 1064 1049 1090 fevi-ier
1066 1062 1144 1090 1290.

244 1133 376 1160 Facultas
395 1130 572 1158 absolvendi.
590 1130 673 1163 (Rae.
691 1129 740 1162 44,
761 1136 786 1155 c.
805 1128 867 1158 863,
885 1128 904 1154 s.
921 1127 972 1154 ί298
989 1127 1036 1159 r0.)

255 1235 420 1265 Venerabili
437 1233 531 1270 fratri
546 1231 720 1266 Laurentio,
737 1229 911 1268 patriarche
930 1228 1089 1264 Gradensz',
1107 1234 1218 1257 conce-

207 1287 254 1317 dit
269 1292 303 1317 ut
316 1286 447 1317 clericos
461 1289 491 1315 et
506 1284 603 1314 laicos
621 1282 853 1321 patriarchatus
870 1280 919 1310 sui
938 1280 994 1319 qui
1009 1288 1065 1318 pro
1080 1278 1219 1309 violenta

208 1339 381 1379 injectione
398 1345 554 1367 manuum
570 1336 603 1365 in
622 1342 771 1373 personas
788 1333 1016 1363 ecclesiasticas
1032 1340 1219 1362 excommu-

209 1392 377 1422 nicationis
394 1390 589 1420 sententiam
616 1387 816 1417 incurrerint
839 1385 982 1416 absolvat
1007 1389 1037 1416 et
1057 1385 1220 1424 dispenset

208 1455 280 1476 cum
298 1445 342 1475 eis
358 1444 415 1483 qui
431 1444 475 1473 sic
490 1442 579 1481 ligati
592 1441 862 1479 irregularitatem
878 1440 1106 1470 contraxerint.

251 1511 264 1526 α
280 1499 348 1529 Tua
359 1497 451 1527 nobis
469 1496 686 1526 fraternitas...
700 1512 738 1515 —
751 1494 823 1523 Dat.
838 1494 950 1529 Rome,
967 1493 1052 1532 apud
1067 1492 1218 1523 Sanctam

210 1552 343 1582 Mariani
361 1552 533 1590 Majorem,
554 1559 574 1578 11
593 1549 666 1578 idus
681 1547 852 1582 februarii,
871 1555 957 1576 anno
973 1546 1123 1576 secundo.
1140 1558 1153 1573 ι

279 1727 397 1756 2155
532 1722 882 1757 Sainte-Marie-MaJeure‚
900 1721 933 1748 18
949 1721 1052 1747 fevi-ie·-
1069 1719 1147 1747 1290.

244 1790 289 1817 Ad
306 1789 479 1816 solutionem
492 1787 657 1818 debitorum
673 1785 890 1812 Cantuariensis
906 1784 1056 1811 ecclesiae.
1074 1783 1158 1816 (Rea.
1175 1783 1219 1814 44,

210 1848 234 1866 c.
253 1839 314 1869 864,
333 1839 352 1864 f.
369 1838 421 1865 298
439 1839 485 1869 νο.)

256 1941 422 1971 Venerabili
447 1940 541 1976 fratri
566 1938 717 1972 Johafnnz',
740 1935 961 1974 archiepiscopo
982 1935 1220 1971 Cantuariensi,

211 1994 394 2025 facultatem
411 1992 557 2023 concedit
572 1989 771 2030 percipiendi
789 1989 922 2026 fructus,
942 1988 1086 2018 redditus
1105 1991 1135 2016 et
1150 1995 1221 2026 pro-

211 2054 324 2079 ventus
351 2047 446 2086 primi
468 2046 549 2076 anni
568 2044 800 2075 beneficiorum
827 2042 1113 2072 ecclesiasticorum
1141 2049 1223 2080 quae

211 2103 245 2132 in
263 2101 340 2132 locis
354 2101 414 2130 sibi
430 2099 614 2130 immediate
631 2097 783 2136 subjectis
797 2105 899 2135 usque
915 2096 952 2126 ad
974 2095 1153 2125 triennium
1167 2103 1222 2124 va-

211 2164 283 2186 care
305 2153 483 2191 contigerit,
499 2154 533 2182 in
549 2151 744 2182 solutionem
762 2150 944 2180 debitorum
966 2148 1118 2178 ecclesiae
1135 2148 1222 2178 Can-

212 2208 381 2239 tuariensis
397 2205 638 2236 convertendos.

253 2274 270 2298 ‹sz⁴
293 2261 384 2291 Circa
410 2268 520 2289 curam
548 2257 803 2297 quarumlibet...
830 2273 869 2277 —
893 2256 962 2284 Dat.
992 2255 1112 2291 Rome,
1139 2255 1223 2293 apud

213 2315 360 2345 Sanctam
383 2313 516 2343 Mariam
540 2312 717 2350 Majorern,
744 2319 784 2340 x11
811 2309 965 2339 kalendas
991 2309 1118 2345 martii,
1136 2316 1223 2338 anno

213 2367 364 2398 seeundo.
386 2379 400 2393 ²>

254 2421 290 2450 In
308 2429 336 2449 e.
355 2429 398 2449 m.
416 2442 433 2448 ..
455 2418 600 2458 episcopo
614 2416 771 2453 Roffensi‚
787 2415 1046 2446 ..archidiacono
1058 2414 1223 2453 Suchreye

214 2474 246 2503 in
276 2472 409 2503 ecclesia
427 2471 660 2507 &Vintoniensn
681 2474 710 2500 et
739 2492 758 2499 ..
783 2469 880 2508 priori
899 2469 1012 2498 Beatae
1038 2467 1160 2498 Mariae
1184 2467 1224 2496 de

214 2526 368 2557 Swzverk
381 2549 388 2563 ‚
423 2524 662 2555 VVintoniensis
695 2523 869 2559 dioecesis,
910 2521 1041 2551 mandat
1067 2525 1224 2559 quatenus

215 2580 392 2619 praedictos
415 2579 553 2615 fructus,
574 2577 717 2607 redditus
740 2581 770 2606 et
786 2578 959 2615 proventus
977 2574 1082 2604 eidem
1098 2573 1224 2604 archie-

215 2634 340 2672 piscopo
357 2633 481 2671 integre
500 2631 677 2661 ministrari
696 2630 823 2660 faciant.

286 2813 405 2841 215ss

254 2873 436 2908 Dispensatio
452 2882 540 2908 super
558 2873 720 2908 pluralitate
736 2872 952 2899 beneficiorum.
966 2871 1048 2904 (Rea.
1064 2870 1109 2904 44,
1125 2878 1150 2896 c.
1163 2869 1224 2901 865,

219 2923 372 2955 ΐ.ἳ98ιὮᾼ

526 2810 886 2845 Sainte-Marie-Majeure,
906 2810 938 2835 15
953 2808 1057 2835 fevrier
1075 2807 1152 2835 1290.

258 3025 397 3061 Magistro
424 3026 566 3060 llenrico,
593 3024 808 3054 archidiacono
832 3023 999 3058 Lumlensi‚
1025 3021 1168 3051 concedit
1191 3025 1226 3050 ut

1294 407 1588 438 archidiaconatum
1606 405 1811 437 Lundensem
1827 409 1858 435 et
1873 404 2039 436 ecclesiam
2055 405 2095 436 de
2110 405 2302 444 Haulumbi,

1295 460 1479 490 Lundensis
1495 460 1666 495 dioecesis,
1692 467 1774 498 quae
1794 458 1861 489 fere
1881 467 1936 497 per
1959 458 2212 497 quadriennium
2234 458 2304 490 sine

1295 513 1533 552 dispensatione
1565 512 1650 543 sedis
1675 511 1867 553 apostolicae
1890 511 2024 542 insimul
2052 511 2204 548 retinuit,
2231 519 2304 542 cum
2343 509 2351 516 ”

1296 566 1446 597 ecclesiae
1464 565 1605 596 redditus
1620 565 1789 596 duodecim
1804 564 1959 595 librarum
1976 564 2200 594 turonensium
2215 563 2304 595 valo-

1296 628 1362 650 rem
1390 628 1536 649 annuum
1564 627 1628 649 non
1654 618 1809 649 excedant
1835 621 1865 648 et
1891 617 2170 648 archidiaconatus
2193 619 2306 648 tenues
2327 655 2330 660 ,
2356 656 2358 660 ⁴

1297 673 1380 710 sint,
1401 672 1485 702 licite
1507 673 1645 702 retinere
1665 671 1781 710 possit,
1802 671 1895 710 eique
1916 670 2037 701 fruetus
2055 671 2124 710 jam
2143 673 2306 710 perceptos

1296 725 1439 756 remittit.

1339 792 1352 806 «
1373 779 1520 817 Benigno
1545 778 1602 809 tihi
1625 781 1737 809 sunt...
1762 794 1802 800 —
1821 778 1892 808 Dat.
1913 778 2031 813 Rome,
2051 777 2136 817 apud
2155 777 2327 808 Sanctam'
2368 782 2369 785 ’

1298 833 1436 862 Mariam
1455 832 1607 871 Majorem
1621 855 1627 866 ,
1643 840 1684 861 xv
1699 830 1854 861 kalendas
1872 831 1996 867 martii,
2015 839 2101 861 anno
2122 829 2272 860 secundo.
2290 839 2304 858 ι

1369 999 1484 1028 2¹5⁸?
1587 996 1942 1031 Sainte-Marie-Majeure,
1960 997 1974 1022 5
1990 995 2142 1022 decembre
2158 994 2237 1023 1289.
2270 994 2274 996 ’

1335 1060 1377 1087 De
1394 1060 1645 1096 procurationibus
1663 1059 1770 1086 nuntiis
1786 1062 1814 1085 et
1830 1059 1932 1093 legatis
1947 1058 2121 1093 apostolicae
2135 1057 2215 1084 sedis
2228 1057 2311 1085 exhi-

1299 1110 1412 1137 bendis.
1430 1109 1513 1143 (Rae.
1532 1110 1575 1141 44,
1588 1117 1613 1135 c.
1634 1108 1695 1140 866,
1714 1109 1731 1135 f.
1748 1108 1799 1135 ι298
1815 1110 1868 1140 νο.)

1346 1212 1568 1242 Venerabilibus
1580 1212 1729 1248 fratribus
1741 1211 1883 1249 episcopis
1894 1214 1920 1239 el
1932 1210 2048 1239 dilectis
2060 1209 2136 1246 filiis
2144 1207 2310 1246 abbatibus,

1296 1267 1466 1304 prioribus,
1485 1270 1547 1294 lam
1563 1265 1706 1302 exemptis
1722 1273 1815 1302 quam
1830 1272 1891 1293 non
1906 1263 2061 1301 exemptis,
2075 1262 2244 1300 prepositis,
2261 1269 2313 1291 ar-

1299 1318 1526 1356 chipresbyteris
1553 1323 1578 1348 et
1603 1318 1770 1347 rectoribus
1795 1317 1989 1346 ecclesiarum
2019 1315 2132 1345 Orcane
2157 1314 2331 1364 civitatis..

1301 1371 1469 1402 Castellane
1493 1376 1519 1401 et
1543 1371 1684 1409 Nepesina
1710 1372 1873 1401 civitatum
1890 1375 1915 1400 et
1943 1370 2119 1399 diocesium.
2146 1367 2263 1398 Statuit
2277 1369 2313 1398 ut

1301 1425 1451 1455 ecclesiae
1468 1424 1621 1454 dioecesis
1640 1423 1790 1453 Sutrinae
1815 1432 1889 1453 cum
1912 1423 1957 1453 eis
1977 1423 2011 1452 in
2033 1420 2312 1461 procurationibus

1301 1478 1414 1517 legatis
1433 1485 1463 1508 et
1479 1477 1601 1507 nuntiis
1621 1476 1813 1516 apostolicae
1835 1476 1919 1506 sedis
1935 1484 1991 1515 per
2006 1475 2184 1515 praedictas
2199 1474 2312 1505 civita-

1301 1536 1347 1562 tes
1366 1531 1606 1561 transeuntibus
1624 1529 1815 1560 exhibendis
1834 1529 2049 1560 contribuant.

1344 1598 1357 1612 a
1377 1585 1507 1615 Dudum
1531 1583 1774 1614 insinuantibus
1796 1583 1924 1613 uobis...
1942 1599 1982 1604 —-
2000 1582 2070 1612 Dat.
2094 1582 2212 1619 Rome,
2228 1580 2313 1621 apud
2334 1618 2337 1624 -

1302 1639 1452 1669 Sanctam
1476 1638 1610 1668 Mariam
1629 1637 1783 1676 Majorem
1796 1658 1805 1672 ,
1823 1637 1917 1666 nonis
1935 1635 2112 1666 decembris
2125 1658 2132 1671 .
2155 1643 2242 1666 anno
2262 1643 2312 1666 se-

1301 1691 1418 1723 cundo.
1438 1704 1450 1718 r
1988 1688 1990 1690 V

1375 1838 1493 1867 2158
1864 1835 1939 1862 Rieti
1951 1856 1958 1867 ,
1979 1836 2017 1862 1⁶¹
2031 1834 2148 1862 octobre
2163 1834 2243 1863 1289.

1340 1899 1525 1934 Dispensatio
1542 1907 1629 1934 super
1649 1898 1763 1925 defectu
1782 1898 1916 1924 natalium
1936 1900 1964 1924 et
1984 1897 2145 1932 pluralitate
2159 1895 2315 1924 beneficio-

1304 1957 1379 1975 rum.
1398 1948 1481 1981 (Rno.
1500 1948 1542 1982 44,
1561 1956 1586 1974 ο.
1604 1948 1665 1979 867,
1683 1948 1702 1973 f.
1719 1947 1771 1974 ’298
1788 1952 1838 1978 νο.)

1345 2052 1488 2090 Μαῃίεινο
1503 2051 1626 2081 Roberto
1646 2051 1679 2080 de
1694 2051 1825 2087 Lasorda
1835 2073 1842 2086 ,
1860 2050 2004 2080 canonico
2019 2049 2136 2079 ecclesie
2149 2047 2315 2079 Suwellen-
2328 2061 2333 2066 -

1304 2107 1364 2142 sis,
1381 2105 1573 2134 Eboracensis
1589 2104 1722 2134 diocesis.
1747 2103 1828 2133 Cum
1852 2112 1888 2134 eo
1909 2102 2074 2142 dispensat
2089 2106 2143 2139 ut,
2164 2109 2230 2132 non
2257 2101 2334 2132 ob-

1305 2163 1409 2189 stante
1437 2158 1562 2188 defectu
1589 2157 1746 2187 natalium
1777 2165 1875 2195 quern
1912 2155 2050 2195 patitur,
2080 2163 2097 2184 e
2128 2154 2245 2186 clerico
2279 2154 2318 2185 in·

1305 2212 1488 2242 minorihus
1508 2211 1675 2241 ordinibus
1696 2210 1866 2240 constituto
1890 2209 2018 2248 genitus
2043 2212 2073 2239 et
2097 2208 2220 2246 soluta,
2241 2216 2315 2240 cum

1304 2265 1495 2296 canonicatu
1512 2269 1543 2294 et
1561 2264 1740 2303 praebenda
1756 2273 1838 2302 quae
1854 2264 1889 2293 in
1905 2262 2040 2293 ecclesia
2056 2261 2251 2299 Suwellensi
2266 2264 2325 2299 te·-

1305 2324 1359 2349 net
1373 2343 1379 2356 ,
1396 2324 1426 2348 et
1442 2327 1496 2357 pro
1510 2318 1626 2357 quibus
1639 2319 1706 2356 Jam
1722 2322 1816 2348 antea
1831 2316 2104 2356 dispensationem
2120 2315 2205 2346 sedis
2219 2311 2323 2355 apos-¹
2343 2306 2346 2310 ’
2398 2308 2400 2315 ⁴

1305 2372 1417 2403 tolicae
1433 2372 1583 2408 obtinuit,
1603 2371 1692 2401 aliud
1707 2371 1902 2401 beneficium
1919 2369 2171 2400 ecclesiasticum
2185 2367 2314 2408 assequi
2331 2400 2333 2402 .

1307 2425 1419 2456 valeat.

1348 2491 1361 2505 α
1391 2478 1507 2509 Merita
1535 2483 1586 2508 tue
1616 2478 1831 2509 devotionis...
1859 2494 1898 2499 —
1923 2477 1994 2507 Dat.
2028 2477 2142 2515 Reate,
2166 2475 2326 2510 kalendis

1305 2531 1460 2567 octobris,
1477 2539 1563 2561 anno
1582 2531 1732 2562 secundo.
1754 2544 1765 2557 »ι

1378 2691 1495 2732 ξίὸθ
1926 2690 2004 2718 Rieti
2015 2710 2022 2722 ,
2037 2690 2072 2718 ς26
2086 2690 2149 2725 J'uin
2168 2689 2244 2718 1289.

1344 2754 1386 2781 De
1400 2754 1500 2780 eodem
1518 2753 1643 2787 negotio.
1665 2752 1748 2783 (Rea.
1764 2752 1810 2785 44,
1825 2760 1851 2780 c.
1868 2752 1930 2787 868,
1948 2752 1967 2779 s.
1983 2751 2035 2780 298
2050 2752 2104 2786 νο.)

1349 2858 1464 2887 Eidem.
1483 2855 1565 2885 Cum
1584 2864 1620 2885 eo
1638 2854 1802 2895 dispensat
1820 2859 1855 2886 ut
1876 2855 2083 2892 beneficium,
2100 2851 2243 2886 etiam'si
2257 2853 2324 2884 ‹zu-²

1308 2919 1378 2941 ram
1396 2909 1581 2940 animarum
1597 2908 1726 2945 habeat,
1743 2909 1884 2948 recipere
1900 2909 2013 2939 valeat.

1350 2976 1364 2991 «
1382 2963 1471 2994 Sicut
1486 2963 1595 3002 petitio
1612 2967 1702 2992 tua...
1721 2979 1760 2984 —
1777 2962 1850 2993 Dat.
1868 2962 1986 3000 Reate,
2004 2971 2035 2992 vt
2055 2961 2209 2992 kalendas
2220 2959 2325 3001 julii,7

1307 3026 1394 3049 anno
1410 3016 1561 3047 secundo.
1581 3027 1594 3043 ι
