2342 3652
989 353 1221 393 TROISIEME
1242 354 1398 392 ANNEE.
2187 363 2243 391 527

189 443 199 456 u
227 429 341 459 Petitio
364 427 470 457 dilecti
494 427 592 457 filii...
617 444 657 451 -—
678 429 748 459 Dat.
773 429 855 468 apud
880 430 1152 465 Urbemveterem,

148 493 191 513 1111
208 482 359 512 kalendas
374 481 521 518 octobris,
539 490 626 511 anno
642 483 743 512 tertio.
767 495 780 508 υ

220 647 332 676 3341
632 647 758 679 Orvieto,
780 648 808 674 17
826 650 988 683 septembre
1008 649 1084 676 1290.

186 709 228 736 De
243 710 406 744 provisione
422 708 648 743 praebendarum
671 709 699 734 in
723 709 897 736 Eboracensi
913 714 942 737 et
964 711 1157 738 Lincolniensi

150 759 290 786 ecclesiis.
308 758 390 791 (Rae.
410 758 451 792 45,
469 766 494 783 c.
513 757 573 789 436,
591 758 610 783 f.
627 758 659 784 86
677 765 718 791 r⁰;
739 758 854 788 Pom-u„
871 759 978 791 23404.)

192 860 355 890 Carissimo
380 861 413 889 in
437 859 555 889 Christo
577 860 641 896 filio
664 861 711 896 E„
736 863 801 897 reos
822 862 928 898 Anylie
953 860 1079 897 illustri,
1103 862 1159 900 qui

154 914 283 944 moleste
313 913 433 942 ferebat
468 913 662 951 provisiones
699 914 950 952 praebendarum
980 916 1012 944 in
1042 915 1161 945 Ebora-

154 967 239 997 censi
257 971 287 995 et
309 966 529 996 Lincolniensi
555 966 696 996 ecclesiis
719 967 868 997 basilicae
895 968 1001 998 Sancti
1026 969 1111 998 Petri
1132 973 1162 998 et

153 1020 301 1058 hospitali
317 1019 425 1049 Sancti
442 1020 579 1058 Spiritus
600 1021 633 1049 in
651 1020 745 1049 Saxia
763 1021 800 1050 de
817 1021 903 1051 Urbe
926 1030 943 1050 a
966 1031 1043 1060 papa
1067 1023 1161 1052 saetas

152 1078 182 1103 et
196 1073 272 1103 huic
288 1074 326 1103 de
345 1073 404 1113 hog:
419 1072 600 1111 scripserat,
619 1074 782 1111 respondit
798 1074 881 1104 hanc
897 1075 1112 1112 provisionem
1128 1076 1161 1104 in

153 1127 394 1164 derogationem
412 1127 518 1164 regiae
536 1127 700 1164 potestatis
719 1136 781 1157 non
799 1136 877 1157 esse.

194 1192 207 1207 ιι
226 1180 327 1218 Regie
342 1179 544 1209 celsitudinis
560 1179 718 1210 litteraS...
737 1196 774 1202 —
797 1181 868 1209 Dat.
886 1182 968 1219 apud
988 1182 1161 1211 Urbemve-

153 1239 262 1269 terem,
280 1243 319 1262 xv
336 1233 489 1262 kalendas
503 1233 653 1269 octobris,
671 1242 757 1263 anno
776 1234 876 1264 tertioi
901 1248 913 1259 ι»

223 1400 340 1428 3342

191 1462 374 1497 Dispensatio
391 1462 574 1488 matrimonii.
592 1461 674 1494 (Rae.
691 1462 733 1493 45,
751 1470 776 1488 c.
794 1462 855 1491 437,
874 1464 891 1487 tl
907 1463 938 1488 87
956 1464 1001 1494 ro.)

640 1400 766 1430 (Ji-vieto,
786 1399 815 1425 {¹7
834 1402 997 1434 septembre
1016 1401 1091 1427 1290.

197 1589 216 1594 ..
236 1566 369 1603 episcopo
386 1565 567 1602 Eryadiensi
596 1565 766 1594 committit
788 1569 946 1602 qnatenus
969 1574 1041 1594 cnm
1065 1565 1165 1595 nobili

157 1619 224 1649 viro
245 1618 418 1652 Molmore,
444 1622 517 1647 nato
539 1618 739 1655 Lagmanni,
759 1617 890 1654 militis,
909 1622 939 1647 et
959 1618 1144 1648 Christiana
1157 1642 1164 1655 ‚

157 1676 230 1702 nata
252 1671 428 1702 Alexandri
454 1671 531 1701 dicti
557 1671 595 1701 de
623 1671 774 1708 Ergadia,
804 1671 933 1707 militis,
962 1672 1166 1709 Ergadiensis

157 1724 328 1761 dioecesis,
346 1725 508 1763 dispenset
534 1729 566 1753 ut
583 1725 617 1753 in
636 1724 842 1753 matrimonio
859 1724 942 1762 quod
960 1724 1053 1760 olim,
1074 1725 1166 1762 igno-

159 1783 264 1808 rantes
285 1787 318 1808 se
331 1783 443 1817 quarto
459 1778 750 1815 consanguinitatis
767 1778 869 1815 gradu
883 1779 1067 1816 conjunctos
1086 1787 1164 1814 esse„

159 1836 387 1862 contraxerunt
402 1841 570 1861 remanere
585 1831 722 1861 valeant.

200 1897 214 1912 ιι
236 1886 351 1916 Petitio
371 1885 477 1915 dilecti
502 1885 601 1914 filii...
623 1902 662 1906 -
688 1885 759 1915 Dat.
782 1885 866 1923 apud
888 1885 1164 1921 Urbemveterem‚

158 1949 178 1968 v
193 1939 346 1969 kalendas
360 1939 512 1975 octobris,
528 1947 615 1968 anno
633 1940 734 1969 tertio.
753 1950 765 1964 ›

229 2106 346 2135 3343

195 2169 378 2205 Dispensatio
394 2177 482 2204 super
496 2169 609 2195 defectu
627 2168 748 2195 ordinis.
764 2168 847 2201 (Rae.
866 2168 910 2202 45,
922 2176 948 2194 c.
961 2167 1020 2198 438,
1034 2168 1054 2193 f.
1071 2167 1104 2193 87
1121 2167 1168 2201 ru.)

739 2105 865 2135 Orviet0‚
884 2104 917 2131 28
934 2105 1001 2130 a01¹1t
1018 2104 1095 2131 1290.

199 2273 343 2310 Moqz'stro
363 2272 499 2300 ,Iohanni
518 2271 552 2299 de
569 2271 671 2300 Castro
691 2271 869 2308 Reginaldi,
890 2271 1034 2300 canonico
1054 2270 1170 2299 ecclesie

162 2325 242 2354 Beati
269 2325 395 2354 Martini
424 2322 618 2354 Turonensis.
645 2324 726 2354 Cum
757 2332 793 2353 eo
817 2324 981 2362 dispensat
1010 2332 1104 2361 super
1134 2331 1170 2352 eo

162 2378 263 2417 quod,
283 2387 356 2407 cnm
382 2378 517 2407 Romam
541 2378 580 2407 ad
603 2378 732 2415 negotia
750 2378 799 2412 P..
816 2377 952 2415 episcopi
971 2376 1167 2415 Bajocensis,

161 2431 346 2467 accesserit,
365 2440 398 2460 se
414 2431 498 2460 infra
517 2439 641 2460 annum
657 2431 695 2460 ad
713 2430 975 2460 subdiaconatum
993 2429 1171 2468 promoveri

163 2494 226 2516 non
248 2486 565 2518 fece1=it.dummodo
589 2486 624 2514 in
649 2486 802 2524 proximis
824 2490 959 2524 quatuor
978 2485 1171 2524 temporibus

162 2540 341 2578 promoveri
361 2549 394 2569 se
412 2539 515 2569 faciat.

203 2606 215 2618 «ι
242 2593 361 2622 Meruit
384 2598 435 2622 tue
458 2593 673 2624 devotionis...
695 2609 735 2615 —-
757 2593 828 2622 Dat.
854 2592 933 2631 apud
960 2592 1171 2621 Urbemvete—

163 2655 247 2684 rem,
264 2656 283 2675 v
299 2645 453 2676 kalendas
469 2647 673 2685 septembris,
690 2655 776 2676 anno
794 2646 896 2675 tertio.
918 2658 930 2671 ι)

234 2812 352 2841 3344
644 2811 776 2846 Owieto,
794 2812 826 2839 ‘26
843 2812 1005 2847 septembre
1023 2811 1100 2838 1290.

200 2874 384 2909 Dispensatio
415 2883 503 2909 super
530 2874 643 2901 defectu
674 2875 820 2902 natalium.
854 2875 935 2906 (Rsc.
967 2875 1013 2902 45.
1042 2883 1067 2900 c,
1095 2874 1172 2907 4382,

166 2923 184 2950 f.
201 2924 232 2951 87
249 2926 296 2956 ro.)

209 3050 228 3057 ..
245 3027 376 3064 episcopo
401 3027 562 3056 Feretrano
579 3026 709 3055 mandat
727 3029 884 3064 quatenus
904 3034 977 3055 cum
1002 3025 1172 3055 Laurentio

1239 429 1411 465 Venturae,
1426 429 1463 458 de
1482 430 1584 459 Massa
1601 429 1762 465 Trabaria,
1779 429 1921 464 diacono⁷
1941 428 2101 466 dispenset
2117 432 2160 463 ut,
2179 436 2245 458 non

1237 482 1380 511 obstante
1405 482 1529 512 defectu
1555 482 1710 511 natalium
1738 491 1833 520 quem
1861 482 1996 520 patitur,
2019 491 2035 510 e
2061 481 2246 519 presbytero

1237 535 1364 572 genitus
1385 539 1415 564 et
1435 535 1550 570 solnta,
1571 535 1605 564 in
1626 535 1778 574 susceptis
1798 534 1967 565 ordinibus
1989 534 2188 570 ministrare,
2206 534 2245 564 ad

1238 588 1495 626 presbyteratum
1521 589 1694 627 promoveri
1717 593 1745 617 et
1763 588 1954 617 beneficium
1979 587 2244 619 ecclesiasticum.

1239 641 1335 670 etiam
1352 641 1377 670 si
1395 650 1503 670 curam
1519 641 1633 671 habeat
1648 642 1841 678 animarum,
1859 650 1923 671 non
1941 646 2045 671 tamen
2064 642 2097 670 in
2114 641 2247 671 ecclesia

1238 693 1271 722 iu
1290 703 1352 732 qua
1369 699 1456 732 pater
1472 696 1540 733 ejus
1558 695 1766 724 beneficiatus
1782 699 1839 730 est„
1859 695 1997 733 recipere
2014 694 2126 724 valeat.

1282 760 1296 773 «
1317 748 1479 782 Accedens
1494 748 1533 777 ad
1553 749 1778 786 presentimm..
1798 765 1835 770 —
1853 749 1921 778 Dat.
1943 749 2025 786 apud
2043 748 2247 778 Urbemvete-

1242 810 1321 833 rem,
1341 810 1371 829 v1
1388 800 1540 830 kalendas
1556 802 1703 837 octobris,
1721 811 1805 831 anno
1825 803 1924 831 tertio.
1946 814 1958 827 »

1315 1007 1432 1037 3345
1823 1006 1950 1041 Orvieto‚
1970 1007 2000 1034 13
2016 1008 2083 1033 aout
2100 1007 2176 1034 1290.

1282 1076 1414 1102 Fac-uias
1423 1076 1575 1102 exercendi
1584 1077 1709 1110 peralios
1719 1084 1768 1111 per
1777 1077 2060 1110 quinquenniumjus
2068 1077 2250 1103 visitationis.

1244 1124 1327 1159 (Rae.
1345 1125 1386 1155 45,
1405 1133 1430 1151 c.
1449 1125 1514 1155 439,
1532 1125 1551 1151 s.
1567 1125 1599 1151 87
1618 1127 1668 1157 νῦ.)

1289 1241 1436 1270 Adewczro
1448 1265 1455 1278 ‚
1473 1243 1605 1279 episcopo
1622 1241 1873 1271 claromontensi.

1290 1306 1303 1321 (ε
1325 1294 1533 1332 Exigentibus
1556 1299 1606 1323 tue
1629 1295 1843 1324 devotionis...
1860 1311 1900 1317 —
1922 1295 1991 1324 Dat.
2013 1294 2096 1333 apud
2115 1295 2254 1325 Urbem-

1248 1350 1400 1383 veterem,
1418 1347 1524 1377 idibus
1540 1348 1684 1387 augusti,
1701 1357 1787 1378 anno
1805 1348 1905 1377 tertio.
1928 1360 1939 1371 n

1320 1554 1437 1581 3346
1731 1553 1857 1587 Orvieto,
1876 1553 1907 1579 ‘24
1925 1553 2088 1587 septembre
2103 1552 2179 1580 1290.

1285 1621 1471 1656 Dispensatio
1494 1621 1676 1647 matrimonii.
1695 1621 1779 1654 (Rae.
1796 1621 1843 1654 45,
1860 1629 1884 1648 c.
1903 1621 1969 1652 440,
1988 1621 2006 1647 f.
2024 1621 2055 1647 87
2073 1628 2117 1651 v⁰;
2136 1620 2252 1652 Pom-u.q

1249 1670 1359 1703 23414.)

1296 1787 1464 1815 Venerabili
1483 1787 1577 1824 fratri
1597 1809 1616 1815 ..
1637 1788 1767 1824 episcopo
1789 1787 1970 1815 Lismorensi
1990 1785 2160 1815 committit
2177 1793 2254 1824 qua-

1251 1844 1344 1869 tenus
1377 1848 1450 1869 cum
1485 1839 1585 1869 nobili
1615 1840 1682 1869 viro
1717 1839 1793 1869 Lohi
1823 1839 1903 1869 Ouel
1935 1843 1965 1869 et
1995 1838 2092 1868 nobili
2122 1838 2257 1868 muliere

1252 1892 1460 1931 Derworgul⁷
1485 1897 1559 1922 nata
1589 1893 1759 1922 Mahilwin
1786 1892 1949 1931 Osegyth‚
1975 1893 2136 1931 dispenset
2163 1896 2198 1921 ut
2222 1891 2257 1920 in

1252 1946 1458 1975 matrimonio
1475 1946 1560 1984 quod
1578 1946 1667 1982 olim,
1684 1946 1870 1983 ignorantes
1887 1955 1919 1975 se
1933 1950 2045 1984 quarto
2061 1944 2257 1982 consangui-

1252 2000 1360 2028 nitatis
1383 1999 1483 2037 gradu
1506 1999 1692 2038 conjunctos
1719 2009 1806 2034 esse,
1828 2003 2051 2028 contraxerunt
2076 2003 2106 2028 et
2133 1998 2167 2027 in
2195 2006 2257 2036 quo

1252 2053 1358 2091 plures
1374 2052 1457 2082 filios
1475 2058 1680 2091 procrearunt
1696 2061 1860 2082 remanere
1877 2052 2013 2081 valeant.

1294 2119 1307 2133 «
1338 2106 1452 2135 Petitio
1475 2106 1581 2135 dilecti
1608 2106 1704 2135 filii...
1720 2123 1759 2128 —
1777 2107 1847 2135 Dat.
1873 2105 1956 2144 apud
1981 2105 2256 2139 Urbemveterem,

1253 2169 1308 2188 vui
1328 2158 1481 2188 kalendas
1497 2159 1649 2194 octobris,
1665 2167 1750 2188 anno
1768 2159 1868 2187 tertio.
1887 2170 1899 2184 >³

1325 2366 1441 2394 3342
1738 2364 1865 2396 Orvieto,
1883 2364 1914 2390 ²24
1933 2363 2095 2398 septembre
2113 2363 2188 2389 12290.

1292 2436 1476 2470 Dispensatio
1497 2434 1678 2461 matrimonii.
1698 2434 1780 2467 (Rae.
1799 2435 1846 2467 45,
1864 2442 1888 2459 c.
1906 2434 1953 2459 441
1965 2454 1971 2463 ,
1988 2433 2007 2459 f.
2025 2433 2057 2459 87
2073 2439 2120 2464 v⁰;
2141 2431 2260 2461 Perre„

1254 2486 1361 2515 23413.)

1304 2601 1472 2629 Venerabili
1486 2600 1581 2635 fratri
1600 2621 1618 2627 ..
1637 2601 1769 2635 episcopo
1784 2599 1988 2634 Archsertensi
2003 2596 2172 2626 committit
2187 2605 2260 2634 qna-

1259 2658 1351 2683 tenus
1378 2661 1451 2682 cum
1478 2652 1578 2681 nobili
1602 2652 1670 2681 viro
1688 2651 1864 2681 Doncbuch
1886 2651 1969 2680 dicto
1997 2649 2207 2688 Marbarchy,
2235 2654 2264 2678 et

1256 2705 1360 2735 nobili
1376 2705 1512 2734 muliere
1531 2705 1613 2740 Eva,
1631 2705 1697 2734 filia
1718 2705 1859 2734 Thomae
1883 2703 1942 2732 filii
1962 2702 2083 2739 David,
2104 2702 2265 2740 dispenset

1258 2763 1291 2789 ut
1307 2759 1340 2788 in
1359 2758 1566 2788 matrimonio
1585 2758 1665 2796 quod
1683 2758 1777 2794 olim,
1795 2757 1979 2795 ignorantes
1997 2755 2265 2794 impedimentum

1257 2822 1341 2848 esse,
1359 2815 1586 2841 contraxerunt
1607 2819 1774 2840 remanere
1800 2810 1939 2844 valeant,
1958 2817 2142 2847 quanquam
2162 2816 2265 2846 quon-

1258 2865 1330 2895 dam
1348 2865 1473 2899 Sathin,
1493 2864 1561 2893 filia
1572 2863 1741 2901 Reginaldi
1758 2864 1832 2893 dicti
1844 2862 1961 2901 Oneyl,
1973 2871 2068 2901 quam
2087 2861 2264 2891 Donchuch

1258 2918 1427 2948 carnaliter
1443 2917 1608 2955 cognovit,
1628 2917 1711 2946 Evae
1727 2921 1839 2955 quarto
1860 2915 2149 2953 consanguinitatis
2164 2914 2264 2952 gradu

1258 2972 1428 3009 conjuncta
1444 2975 1522 3000 erat.

1302 3038 1314 3051 a
1334 3025 1447 3054 Petitio
1464 3024 1570 3054 dilecti
1587 3024 1685 3053 filii...
1704 3042 1739 3045 —
1757 3024 1827 3053 Dat.
1846 3027 1998 3062 utsupra.
2018 3035 2031 3049 n
