<?xml version="1.0" encoding="UTF-8"?>
<!DOCTYPE html PUBLIC "-//W3C//DTD XHTML 1.0 Transitional//EN"
    "http://www.w3.org/TR/xhtml1/DTD/xhtml1-transitional.dtd">
<html xmlns="http://www.w3.org/1999/xhtml" xml:lang="en" lang="en">
 <head>
  <title>
</title>
<meta http-equiv="Content-Type" content="text/html;charset=utf-8" />
  <meta name='ocr-system' content='tesseract 3.04.00' />
  <meta name='ocr-capabilities' content='ocr_page ocr_carea ocr_par ocr_line ocrx_word'/>
</head>
<body>
  <div class='ocr_page' id='page_1' title='image "./lesregistresdeni01romeuoft_0110.png"; bbox 0 0 2477 3637; ppageno 0'>
   <div class='ocr_carea' id='block_1_1' title="bbox 302 376 1644 419">
    <p class='ocr_par' dir='ltr' id='par_1_1' title="bbox 302 376 1644 419">
     <span class='ocr_line' id='line_1_1' title="bbox 302 376 1644 419; baseline -0.009 -1"><span class='ocrx_word' id='word_1_1' title='bbox 302 388 355 419; x_wconf 70' lang='lat'>102</span> <span class='ocrx_word' id='word_1_2' title='bbox 1048 379 1284 410; x_wconf 77' lang='lat' dir='ltr'>REGISTRES</span> <span class='ocrx_word' id='word_1_3' title='bbox 1306 379 1361 409; x_wconf 80' lang='lat' dir='ltr'>DE</span> <span class='ocrx_word' id='word_1_4' title='bbox 1383 376 1566 408; x_wconf 75' lang='lat' dir='ltr'>NICOLAS</span> <span class='ocrx_word' id='word_1_5' title='bbox 1587 376 1644 406; x_wconf 90' lang='lat' dir='ltr'>IV.</span> 
     </span>
    </p>
   </div>
   <div class='ocr_carea' id='block_1_2' title="bbox 299 446 1304 749">
    <p class='ocr_par' dir='ltr' id='par_1_2' title="bbox 299 446 1304 702">
     <span class='ocr_line' id='line_1_2' title="bbox 299 446 1301 484; baseline -0.007 -2"><span class='ocrx_word' id='word_1_6' title='bbox 299 467 314 482; x_wconf 65' lang='lat' dir='ltr'>n</span> <span class='ocrx_word' id='word_1_7' title='bbox 338 462 472 484; x_wconf 90' lang='lat' dir='ltr'>manum</span> <span class='ocrx_word' id='word_1_8' title='bbox 488 452 663 483; x_wconf 88' lang='lat' dir='ltr'>Johannis.</span> <span class='ocrx_word' id='word_1_9' title='bbox 682 454 788 479; x_wconf 82' lang='lat' dir='ltr'>sancte</span> <span class='ocrx_word' id='word_1_10' title='bbox 802 456 933 479; x_wconf 88' lang='lat' dir='ltr'>romane</span> <span class='ocrx_word' id='word_1_11' title='bbox 947 446 1078 477; x_wconf 79' lang='lat' dir='ltr'>ecclesie</span> <span class='ocrx_word' id='word_1_12' title='bbox 1094 446 1218 476; x_wconf 88' lang='lat' dir='ltr'>diaconi</span> <span class='ocrx_word' id='word_1_13' title='bbox 1235 455 1301 476; x_wconf 84' lang='lat' dir='ltr'>car-</span> 
     </span>
     <span class='ocr_line' id='line_1_3' title="bbox 300 499 1303 544; baseline -0.007 -8"><span class='ocrx_word' id='word_1_14' title='bbox 300 520 314 536; x_wconf 73' lang='lat'>»</span> <span class='ocrx_word' id='word_1_15' title='bbox 339 507 471 544; x_wconf 81' lang='lat' dir='ltr'>dinalis‚</span> <span class='ocrx_word' id='word_1_16' title='bbox 495 516 515 536; x_wconf 87' lang='lat' dir='ltr'>n</span> <span class='ocrx_word' id='word_1_17' title='bbox 541 514 641 536; x_wconf 87' lang='lat' dir='ltr'>nonas</span> <span class='ocrx_word' id='word_1_18' title='bbox 661 503 791 542; x_wconf 81' lang='lat' dir='ltr'>aprilis,</span> <span class='ocrx_word' id='word_1_19' title='bbox 817 500 991 531; x_wconf 83' lang='lat' dir='ltr'>indictione</span> <span class='ocrx_word' id='word_1_20' title='bbox 1008 500 1115 538; x_wconf 86' lang='lat' dir='ltr'>tertia,</span> <span class='ocrx_word' id='word_1_21' title='bbox 1143 508 1228 530; x_wconf 91' lang='lat' dir='ltr'>anno</span> <span class='ocrx_word' id='word_1_22' title='bbox 1246 499 1303 530; x_wconf 91' lang='lat' dir='ltr'>do-</span> 
     </span>
     <span class='ocr_line' id='line_1_4' title="bbox 300 553 1304 592; baseline -0.007 -3"><span class='ocrx_word' id='word_1_23' title='bbox 300 574 314 589; x_wconf 72' lang='lat'><strong>»</strong></span> <span class='ocrx_word' id='word_1_24' title='bbox 338 561 458 591; x_wconf 87' lang='lat' dir='ltr'>minice</span> <span class='ocrx_word' id='word_1_25' title='bbox 478 557 707 589; x_wconf 82' lang='lat' dir='ltr'>incarnationis</span> <span class='ocrx_word' id='word_1_26' title='bbox 727 554 960 585; x_wconf 60' lang='lat' dir='ltr'><strong>MLXXXX.</strong></span> <span class='ocrx_word' id='word_1_27' title='bbox 978 557 1082 591; x_wconf 84' lang='lat' dir='ltr'>sexto,</span> <span class='ocrx_word' id='word_1_28' title='bbox 1102 553 1304 592; x_wconf 86' lang='lat' dir='ltr'>pontificatus</span> 
     </span>
     <span class='ocr_line' id='line_1_5' title="bbox 300 605 1302 646; baseline -0.01 -2"><span class='ocrx_word' id='word_1_29' title='bbox 300 627 313 642; x_wconf 85' lang='lat'><strong>»</strong></span> <span class='ocrx_word' id='word_1_30' title='bbox 338 618 444 644; x_wconf 87' lang='lat' dir='ltr'>antem</span> <span class='ocrx_word' id='word_1_31' title='bbox 465 612 567 642; x_wconf 89' lang='lat' dir='ltr'>donni</span> <span class='ocrx_word' id='word_1_32' title='bbox 594 610 717 641; x_wconf 80' lang='lat' dir='ltr'>Urbani</span> <span class='ocrx_word' id='word_1_33' title='bbox 743 607 874 638; x_wconf 90' lang='lat' dir='ltr'>secundi</span> <span class='ocrx_word' id='word_1_34' title='bbox 898 611 976 646; x_wconf 87' lang='lat' dir='ltr'>pape</span> <span class='ocrx_word' id='word_1_35' title='bbox 999 610 1107 637; x_wconf 84' lang='lat' dir='ltr'>octavo</span> <span class='ocrx_word' id='word_1_36' title='bbox 1132 618 1146 632; x_wconf 75' lang='grc' dir='ltr'>ιι</span> <span class='ocrx_word' id='word_1_37' title='bbox 1170 605 1302 645; x_wconf 64' lang='grc' dir='ltr'>(δΑιΊ-ὲ,</span> 
     </span>
     <span class='ocr_line' id='line_1_6' title="bbox 302 661 770 702; baseline -0.015 -5"><span class='ocrx_word' id='word_1_38' title='bbox 302 668 342 697; x_wconf 69' lang='grc' dir='ltr'>1η</span> <span class='ocrx_word' id='word_1_39' title='bbox 357 666 419 702; x_wconf 82' lang='lat' dir='ltr'>ed.,</span> <span class='ocrx_word' id='word_1_40' title='bbox 437 665 525 700; x_wconf 69' lang='lat'>41130,</span> <span class='ocrx_word' id='word_1_41' title='bbox 543 664 575 693; x_wconf 73' lang='lat' dir='ltr'>-2e</span> <span class='ocrx_word' id='word_1_42' title='bbox 587 663 649 698; x_wconf 55' lang='lat' dir='ltr'>ed„</span> <span class='ocrx_word' id='word_1_43' title='bbox 669 661 770 700; x_wconf 76' lang='lat'>5560).</span> 
     </span>
    </p>

    <p class='ocr_par' dir='ltr' id='par_1_3' title="bbox 339 715 868 749">
     <span class='ocr_line' id='line_1_7' title="bbox 339 715 868 749; baseline -0.013 0"><span class='ocrx_word' id='word_1_44' title='bbox 339 732 353 746; x_wconf 72' lang='grc' dir='ltr'>ιι</span> <span class='ocrx_word' id='word_1_45' title='bbox 373 718 569 749; x_wconf 83' lang='lat' dir='ltr'>Provisionis</span> <span class='ocrx_word' id='word_1_46' title='bbox 586 720 693 746; x_wconf 84' lang='lat' dir='ltr'>nostre</span> <span class='ocrx_word' id='word_1_47' title='bbox 709 715 837 744; x_wconf 84' lang='lat' dir='ltr'>debet...</span> <span class='ocrx_word' id='word_1_48' title='bbox 856 726 868 740; x_wconf 75' lang='grc' dir='ltr'>ι</span> 
     </span>
    </p>
   </div>
   <div class='ocr_carea' id='block_1_3' title="bbox 369 845 1233 882">
    <p class='ocr_par' dir='ltr' id='par_1_4' title="bbox 369 845 1233 882">
     <span class='ocr_line' id='line_1_8' title="bbox 369 845 1233 882; baseline -0.01 -2"><span class='ocrx_word' id='word_1_49' title='bbox 369 851 457 880; x_wconf 67' lang='lat'>529</span> <span class='ocrx_word' id='word_1_50' title='bbox 625 847 986 882; x_wconf 65' lang='lat' dir='ltr'>Salnte-Marie-Majeure,</span> <span class='ocrx_word' id='word_1_51' title='bbox 1004 846 1020 873; x_wconf 78' lang='lat'>9</span> <span class='ocrx_word' id='word_1_52' title='bbox 1037 846 1138 872; x_wconf 73' lang='lat' dir='ltr'>tevi-ier</span> <span class='ocrx_word' id='word_1_53' title='bbox 1157 845 1233 873; x_wconf 67' lang='lat'><strong>1289.</strong></span> 
     </span>
    </p>
   </div>
   <div class='ocr_carea' id='block_1_4' title="bbox 296 908 1305 1095">
    <p class='ocr_par' dir='ltr' id='par_1_5' title="bbox 296 908 1305 1095">
     <span class='ocr_line' id='line_1_9' title="bbox 334 908 1305 945; baseline -0.006 -5"><span class='ocrx_word' id='word_1_54' title='bbox 334 913 519 941; x_wconf 80' lang='lat' dir='ltr'>Confirmatio</span> <span class='ocrx_word' id='word_1_55' title='bbox 540 913 697 940; x_wconf 87' lang='lat' dir='ltr'>litterarum</span> <span class='ocrx_word' id='word_1_56' title='bbox 718 911 824 945; x_wconf 85' lang='lat' dir='ltr'>quibus</span> <span class='ocrx_word' id='word_1_57' title='bbox 844 910 993 937; x_wconf 81' lang='lat' dir='ltr'>Johannes</span> <span class='ocrx_word' id='word_1_58' title='bbox 1014 919 1085 945; x_wconf 83' lang='lat' dir='ltr'>papa</span> <span class='ocrx_word' id='word_1_59' title='bbox 1101 908 1216 940; x_wconf 82' lang='lat' dir='ltr'>XVIII,</span> <span class='ocrx_word' id='word_1_60' title='bbox 1235 916 1305 935; x_wconf 92' lang='lat' dir='ltr'>con-</span> 
     </span>
     <span class='ocr_line' id='line_1_10' title="bbox 299 958 1304 996; baseline -0.006 -6"><span class='ocrx_word' id='word_1_61' title='bbox 299 964 394 990; x_wconf 80' lang='lat' dir='ltr'>firmat</span> <span class='ocrx_word' id='word_1_62' title='bbox 409 966 436 989; x_wconf 85' lang='lat' dir='ltr'>et</span> <span class='ocrx_word' id='word_1_63' title='bbox 452 962 507 989; x_wconf 87' lang='lat' dir='ltr'>sub</span> <span class='ocrx_word' id='word_1_64' title='bbox 529 961 705 996; x_wconf 79' lang='lat' dir='ltr'>protectione</span> <span class='ocrx_word' id='word_1_65' title='bbox 724 969 776 987; x_wconf 86' lang='lat' dir='ltr'>sna</span> <span class='ocrx_word' id='word_1_66' title='bbox 795 960 917 987; x_wconf 85' lang='lat' dir='ltr'>assumit</span> <span class='ocrx_word' id='word_1_67' title='bbox 932 960 1004 987; x_wconf 83' lang='lat' dir='ltr'>bona</span> <span class='ocrx_word' id='word_1_68' title='bbox 1021 959 1184 986; x_wconf 79' lang='lat' dir='ltr'>monasterii</span> <span class='ocrx_word' id='word_1_69' title='bbox 1207 958 1304 985; x_wconf 79' lang='lat' dir='ltr'>Sancti</span> 
     </span>
     <span class='ocr_line' id='line_1_11' title="bbox 299 1007 1304 1043; baseline -0.006 -5"><span class='ocrx_word' id='word_1_70' title='bbox 299 1012 427 1040; x_wconf 81' lang='lat' dir='ltr'>Victoris</span> <span class='ocrx_word' id='word_1_71' title='bbox 454 1011 657 1038; x_wconf 75' lang='lat' dir='ltr'>Massiliensis.</span> <span class='ocrx_word' id='word_1_72' title='bbox 676 1010 759 1043; x_wconf 72' lang='lat' dir='ltr'>(Hac.</span> <span class='ocrx_word' id='word_1_73' title='bbox 778 1010 821 1043; x_wconf 66' lang='lat'>44,</span> <span class='ocrx_word' id='word_1_74' title='bbox 838 1018 862 1035; x_wconf 84' lang='lat' dir='ltr'>c.</span> <span class='ocrx_word' id='word_1_75' title='bbox 881 1008 941 1043; x_wconf 81' lang='lat'>343,</span> <span class='ocrx_word' id='word_1_76' title='bbox 960 1009 977 1035; x_wconf 82' lang='lat' dir='ltr'>s.</span> <span class='ocrx_word' id='word_1_77' title='bbox 996 1008 1029 1035; x_wconf 78' lang='lat'>78</span> <span class='ocrx_word' id='word_1_78' title='bbox 1043 1015 1092 1039; x_wconf 86' lang='lat' dir='ltr'>v⁰;</span> <span class='ocrx_word' id='word_1_79' title='bbox 1118 1007 1232 1040; x_wconf 53' lang='lat' dir='ltr'>Mirum,</span> <span class='ocrx_word' id='word_1_80' title='bbox 1251 1008 1304 1032; x_wconf 80' lang='lat' dir='ltr'>Pa-</span> 
     </span>
     <span class='ocr_line' id='line_1_12' title="bbox 296 1059 790 1095; baseline -0.006 -7"><span class='ocrx_word' id='word_1_81' title='bbox 296 1063 357 1095; x_wconf 73' lang='lat' dir='ltr'>piri</span> <span class='ocrx_word' id='word_1_82' title='bbox 374 1061 557 1094; x_wconf 70' lang='lat' dir='ltr'>ln&#39;plomatici,</span> <span class='ocrx_word' id='word_1_83' title='bbox 575 1066 605 1086; x_wconf 90' lang='lat' dir='ltr'>n⁰</span> <span class='ocrx_word' id='word_1_84' title='bbox 620 1068 676 1090; x_wconf 73' lang='lat' dir='ltr'>xm,</span> <span class='ocrx_word' id='word_1_85' title='bbox 694 1068 721 1094; x_wconf 85' lang='lat'>1).</span> <span class='ocrx_word' id='word_1_86' title='bbox 737 1059 790 1091; x_wconf 77' lang='lat'>64.)</span> 
     </span>
    </p>
   </div>
   <div class='ocr_carea' id='block_1_5' title="bbox 296 1131 1312 3097">
    <p class='ocr_par' dir='ltr' id='par_1_6' title="bbox 296 1131 1306 1761">
     <span class='ocr_line' id='line_1_13' title="bbox 337 1131 1304 1171; baseline -0.007 -4"><span class='ocrx_word' id='word_1_87' title='bbox 337 1136 468 1167; x_wconf 80' lang='lat' dir='ltr'>Eisdem.</span> <span class='ocrx_word' id='word_1_88' title='bbox 494 1149 505 1162; x_wconf 73' lang='grc' dir='ltr'>ι</span> <span class='ocrx_word' id='word_1_89' title='bbox 522 1135 720 1165; x_wconf 85' lang='lat' dir='ltr'>Provisionis</span> <span class='ocrx_word' id='word_1_90' title='bbox 738 1139 844 1164; x_wconf 88' lang='lat' dir='ltr'>nostre</span> <span class='ocrx_word' id='word_1_91' title='bbox 865 1134 956 1163; x_wconf 87' lang='lat' dir='ltr'>debet</span> <span class='ocrx_word' id='word_1_92' title='bbox 977 1133 1144 1171; x_wconf 86' lang='lat' dir='ltr'>provenire</span> <span class='ocrx_word' id='word_1_93' title='bbox 1161 1131 1304 1162; x_wconf 86' lang='lat' dir='ltr'>subsidio</span> 
     </span>
     <span class='ocr_line' id='line_1_14' title="bbox 299 1184 1302 1229; baseline -0.008 -9"><span class='ocrx_word' id='word_1_94' title='bbox 299 1195 333 1220; x_wconf 92' lang='lat' dir='ltr'>ut</span> <span class='ocrx_word' id='word_1_95' title='bbox 345 1190 398 1229; x_wconf 87' lang='lat' dir='ltr'>jus</span> <span class='ocrx_word' id='word_1_96' title='bbox 414 1198 508 1219; x_wconf 88' lang='lat' dir='ltr'>suum</span> <span class='ocrx_word' id='word_1_97' title='bbox 525 1189 656 1218; x_wconf 75' lang='lat' dir='ltr'>cuilibet</span> <span class='ocrx_word' id='word_1_98' title='bbox 669 1192 884 1218; x_wconf 84' lang='lat' dir='ltr'>conservetur.</span> <span class='ocrx_word' id='word_1_99' title='bbox 899 1187 981 1216; x_wconf 86' lang='lat' dir='ltr'>Sane</span> <span class='ocrx_word' id='word_1_100' title='bbox 998 1185 1156 1225; x_wconf 89' lang='lat' dir='ltr'>quoddam</span> <span class='ocrx_word' id='word_1_101' title='bbox 1174 1184 1302 1223; x_wconf 91' lang='lat' dir='ltr'>privile-</span> 
     </span>
     <span class='ocr_line' id='line_1_15' title="bbox 299 1237 1305 1282; baseline -0.007 -10"><span class='ocrx_word' id='word_1_102' title='bbox 299 1243 390 1282; x_wconf 87' lang='lat' dir='ltr'>gium</span> <span class='ocrx_word' id='word_1_103' title='bbox 417 1242 518 1272; x_wconf 80' lang='lat' dir='ltr'>felicis</span> <span class='ocrx_word' id='word_1_104' title='bbox 541 1241 770 1272; x_wconf 86' lang='lat' dir='ltr'>recordationis</span> <span class='ocrx_word' id='word_1_105' title='bbox 786 1240 947 1269; x_wconf 85' lang='lat' dir='ltr'>Johannis</span> <span class='ocrx_word' id='word_1_106' title='bbox 968 1248 1056 1277; x_wconf 77' lang='lat' dir='ltr'>pape,</span> <span class='ocrx_word' id='word_1_107' title='bbox 1074 1237 1305 1276; x_wconf 72' lang='lat' dir='ltr'>predecessoris</span> 
     </span>
     <span class='ocr_line' id='line_1_16' title="bbox 298 1290 1304 1332; baseline -0.007 -7"><span class='ocrx_word' id='word_1_108' title='bbox 298 1296 409 1332; x_wconf 86' lang='lat' dir='ltr'>nostri,</span> <span class='ocrx_word' id='word_1_109' title='bbox 423 1295 616 1325; x_wconf 83' lang='lat' dir='ltr'>monasterio</span> <span class='ocrx_word' id='word_1_110' title='bbox 633 1299 736 1323; x_wconf 89' lang='lat' dir='ltr'>vestro</span> <span class='ocrx_word' id='word_1_111' title='bbox 748 1302 949 1329; x_wconf 86' lang='lat' dir='ltr'>concessum,</span> <span class='ocrx_word' id='word_1_112' title='bbox 965 1293 999 1321; x_wconf 89' lang='lat' dir='ltr'>in</span> <span class='ocrx_word' id='word_1_113' title='bbox 1021 1291 1130 1331; x_wconf 79' lang='lat' dir='ltr'>papiro</span> <span class='ocrx_word' id='word_1_114' title='bbox 1144 1290 1193 1320; x_wconf 84' lang='lat' dir='ltr'>vel</span> <span class='ocrx_word' id='word_1_115' title='bbox 1207 1291 1304 1328; x_wconf 89' lang='lat' dir='ltr'>junco</span> 
     </span>
     <span class='ocr_line' id='line_1_17' title="bbox 296 1342 1305 1386; baseline -0.007 -8"><span class='ocrx_word' id='word_1_116' title='bbox 296 1349 526 1386; x_wconf 87' lang='lat' dir='ltr'>conscriptum,</span> <span class='ocrx_word' id='word_1_117' title='bbox 546 1347 696 1386; x_wconf 77' lang='lat' dir='ltr'>plumbea</span> <span class='ocrx_word' id='word_1_118' title='bbox 718 1346 821 1384; x_wconf 87' lang='lat' dir='ltr'>ipsius</span> <span class='ocrx_word' id='word_1_119' title='bbox 839 1345 1068 1384; x_wconf 81' lang='lat' dir='ltr'>predecessoris</span> <span class='ocrx_word' id='word_1_120' title='bbox 1090 1343 1178 1373; x_wconf 84' lang='lat' dir='ltr'>bulla</span> <span class='ocrx_word' id='word_1_121' title='bbox 1198 1342 1305 1372; x_wconf 89' lang='lat' dir='ltr'>muni-</span> 
     </span>
     <span class='ocr_line' id='line_1_18' title="bbox 298 1395 1305 1439; baseline -0.006 -8"><span class='ocrx_word' id='word_1_122' title='bbox 298 1406 384 1439; x_wconf 88' lang='lat' dir='ltr'>tum,</span> <span class='ocrx_word' id='word_1_123' title='bbox 401 1402 434 1430; x_wconf 90' lang='lat' dir='ltr'>in</span> <span class='ocrx_word' id='word_1_124' title='bbox 457 1401 548 1439; x_wconf 74' lang='lat' dir='ltr'>cujus</span> <span class='ocrx_word' id='word_1_125' title='bbox 567 1400 652 1429; x_wconf 89' lang='lat' dir='ltr'>bnlle</span> <span class='ocrx_word' id='word_1_126' title='bbox 676 1400 789 1438; x_wconf 89' lang='lat' dir='ltr'>tipario</span> <span class='ocrx_word' id='word_1_127' title='bbox 809 1398 1022 1437; x_wconf 81' lang='lat' dir='ltr'>apostolorum</span> <span class='ocrx_word' id='word_1_128' title='bbox 1047 1397 1133 1427; x_wconf 88' lang='lat' dir='ltr'>Petri</span> <span class='ocrx_word' id='word_1_129' title='bbox 1157 1401 1186 1426; x_wconf 92' lang='lat' dir='ltr'>et</span> <span class='ocrx_word' id='word_1_130' title='bbox 1212 1395 1305 1425; x_wconf 85' lang='lat' dir='ltr'>Pauli</span> 
     </span>
     <span class='ocr_line' id='line_1_19' title="bbox 298 1449 1305 1492; baseline -0.007 -7"><span class='ocrx_word' id='word_1_131' title='bbox 298 1464 362 1486; x_wconf 90' lang='lat' dir='ltr'>non</span> <span class='ocrx_word' id='word_1_132' title='bbox 380 1459 470 1484; x_wconf 87' lang='lat' dir='ltr'>erant</span> <span class='ocrx_word' id='word_1_133' title='bbox 483 1453 585 1492; x_wconf 86' lang='lat' dir='ltr'>capita</span> <span class='ocrx_word' id='word_1_134' title='bbox 596 1453 773 1490; x_wconf 67' lang='lat' dir='ltr'>designata,</span> <span class='ocrx_word' id='word_1_135' title='bbox 787 1452 840 1481; x_wconf 89' lang='lat' dir='ltr'>sed</span> <span class='ocrx_word' id='word_1_136' title='bbox 853 1451 990 1490; x_wconf 86' lang='lat' dir='ltr'>quedam</span> <span class='ocrx_word' id='word_1_137' title='bbox 1004 1451 1118 1486; x_wconf 68' lang='lat' dir='ltr'>littere,</span> <span class='ocrx_word' id='word_1_138' title='bbox 1133 1459 1194 1489; x_wconf 90' lang='lat' dir='ltr'>que</span> <span class='ocrx_word' id='word_1_139' title='bbox 1207 1449 1305 1488; x_wconf 81' lang='lat' dir='ltr'>signi-</span> 
     </span>
     <span class='ocr_line' id='line_1_20' title="bbox 296 1503 1306 1547; baseline -0.007 -8"><span class='ocrx_word' id='word_1_140' title='bbox 296 1509 392 1540; x_wconf 80' lang='lat' dir='ltr'>ficare</span> <span class='ocrx_word' id='word_1_141' title='bbox 408 1509 551 1547; x_wconf 85' lang='lat' dir='ltr'>ipsorum</span> <span class='ocrx_word' id='word_1_142' title='bbox 568 1507 700 1539; x_wconf 81' lang='lat' dir='ltr'>nomina</span> <span class='ocrx_word' id='word_1_143' title='bbox 718 1506 925 1542; x_wconf 87' lang='lat' dir='ltr'>videbantur,</span> <span class='ocrx_word' id='word_1_144' title='bbox 944 1504 978 1534; x_wconf 87' lang='lat' dir='ltr'>in</span> <span class='ocrx_word' id='word_1_145' title='bbox 1003 1503 1066 1534; x_wconf 88' lang='lat' dir='ltr'>alio</span> <span class='ocrx_word' id='word_1_146' title='bbox 1087 1503 1184 1533; x_wconf 89' lang='lat' dir='ltr'>etiam</span> <span class='ocrx_word' id='word_1_147' title='bbox 1205 1503 1306 1541; x_wconf 88' lang='lat' dir='ltr'>ipsius</span> 
     </span>
     <span class='ocr_line' id='line_1_21' title="bbox 296 1557 1304 1601; baseline -0.007 -9"><span class='ocrx_word' id='word_1_148' title='bbox 296 1562 384 1593; x_wconf 91' lang='lat' dir='ltr'>bulle</span> <span class='ocrx_word' id='word_1_149' title='bbox 406 1562 535 1601; x_wconf 85' lang='lat' dir='ltr'>tipario,</span> <span class='ocrx_word' id='word_1_150' title='bbox 559 1560 635 1592; x_wconf 87' lang='lat' dir='ltr'>licet</span> <span class='ocrx_word' id='word_1_151' title='bbox 660 1559 891 1599; x_wconf 80' lang='lat' dir='ltr'>predecessoris</span> <span class='ocrx_word' id='word_1_152' title='bbox 909 1557 1053 1597; x_wconf 87' lang='lat' dir='ltr'>ejusdem</span> <span class='ocrx_word' id='word_1_153' title='bbox 1078 1561 1160 1587; x_wconf 90' lang='lat' dir='ltr'>esset</span> <span class='ocrx_word' id='word_1_154' title='bbox 1186 1564 1304 1586; x_wconf 87' lang='lat' dir='ltr'>nomen</span> 
     </span>
     <span class='ocr_line' id='line_1_22' title="bbox 297 1610 1305 1654; baseline -0.007 -8"><span class='ocrx_word' id='word_1_155' title='bbox 297 1616 468 1654; x_wconf 84' lang='lat' dir='ltr'>signatum,</span> <span class='ocrx_word' id='word_1_156' title='bbox 488 1623 553 1645; x_wconf 88' lang='lat' dir='ltr'>non</span> <span class='ocrx_word' id='word_1_157' title='bbox 572 1619 677 1646; x_wconf 84' lang='lat' dir='ltr'>tamen</span> <span class='ocrx_word' id='word_1_158' title='bbox 693 1616 809 1652; x_wconf 87' lang='lat' dir='ltr'>quotus</span> <span class='ocrx_word' id='word_1_159' title='bbox 823 1616 904 1642; x_wconf 88' lang='lat' dir='ltr'>esset</span> <span class='ocrx_word' id='word_1_160' title='bbox 922 1611 1171 1650; x_wconf 77' lang='lat' dir='ltr'>exprimebatur,</span> <span class='ocrx_word' id='word_1_161' title='bbox 1184 1610 1305 1640; x_wconf 83' lang='lat' dir='ltr'>ibidem</span> 
     </span>
     <span class='ocr_line' id='line_1_23' title="bbox 297 1665 1306 1708; baseline -0.008 -8"><span class='ocrx_word' id='word_1_162' title='bbox 297 1679 353 1708; x_wconf 89' lang='lat' dir='ltr'>per</span> <span class='ocrx_word' id='word_1_163' title='bbox 370 1674 409 1706; x_wconf 87' lang='lat' dir='ltr'>te,</span> <span class='ocrx_word' id='word_1_164' title='bbox 433 1669 481 1698; x_wconf 88' lang='lat' dir='ltr'>fili</span> <span class='ocrx_word' id='word_1_165' title='bbox 499 1669 607 1704; x_wconf 84' lang='lat' dir='ltr'>abbas,</span> <span class='ocrx_word' id='word_1_166' title='bbox 625 1667 805 1700; x_wconf 80' lang='lat' dir='ltr'>exhibitum</span> <span class='ocrx_word' id='word_1_167' title='bbox 820 1674 927 1696; x_wconf 85' lang='lat' dir='ltr'>coram</span> <span class='ocrx_word' id='word_1_168' title='bbox 944 1665 1050 1701; x_wconf 86' lang='lat' dir='ltr'>nobis,</span> <span class='ocrx_word' id='word_1_169' title='bbox 1069 1667 1145 1700; x_wconf 89' lang='lat' dir='ltr'>etc.,</span> <span class='ocrx_word' id='word_1_170' title='bbox 1163 1668 1306 1702; x_wconf 88' lang='lat' dir='ltr'>utsupra</span> 
     </span>
     <span class='ocr_line' id='line_1_24' title="bbox 297 1718 1131 1761; baseline -0.007 -9"><span class='ocrx_word' id='word_1_171' title='bbox 297 1731 410 1761; x_wconf 88' lang='lat' dir='ltr'>usque.</span> <span class='ocrx_word' id='word_1_172' title='bbox 430 1722 534 1751; x_wconf 86' lang='lat' dir='ltr'>Tenor</span> <span class='ocrx_word' id='word_1_173' title='bbox 551 1724 659 1750; x_wconf 84' lang='lat' dir='ltr'>autem</span> <span class='ocrx_word' id='word_1_174' title='bbox 674 1719 776 1758; x_wconf 87' lang='lat' dir='ltr'>ipsius</span> <span class='ocrx_word' id='word_1_175' title='bbox 795 1718 955 1758; x_wconf 85' lang='lat' dir='ltr'>privilegii</span> <span class='ocrx_word' id='word_1_176' title='bbox 974 1718 1044 1747; x_wconf 87' lang='lat' dir='ltr'>talis</span> <span class='ocrx_word' id='word_1_177' title='bbox 1062 1722 1109 1747; x_wconf 87' lang='lat' dir='ltr'>est</span> <span class='ocrx_word' id='word_1_178' title='bbox 1125 1730 1131 1747; x_wconf 91' lang='lat'>:</span> 
     </span>
    </p>

    <p class='ocr_par' dir='ltr' id='par_1_7' title="bbox 297 1767 1312 3097">
     <span class='ocr_line' id='line_1_25' title="bbox 343 1767 1307 1813; baseline -0.007 -7"><span class='ocrx_word' id='word_1_179' title='bbox 343 1788 356 1802; x_wconf 87' lang='lat'><strong>‹</strong></span> <span class='ocrx_word' id='word_1_180' title='bbox 384 1775 550 1806; x_wconf 82' lang='lat' dir='ltr'>Johannes</span> <span class='ocrx_word' id='word_1_181' title='bbox 580 1775 746 1813; x_wconf 81' lang='lat' dir='ltr'>episcopus</span> <span class='ocrx_word' id='word_1_182' title='bbox 769 1781 880 1802; x_wconf 85' lang='lat' dir='ltr'>servus</span> <span class='ocrx_word' id='word_1_183' title='bbox 895 1780 1060 1801; x_wconf 85' lang='lat' dir='ltr'>servorum</span> <span class='ocrx_word' id='word_1_184' title='bbox 1082 1771 1152 1801; x_wconf 86' lang='lat' dir='ltr'>Dei.</span> <span class='ocrx_word' id='word_1_185' title='bbox 1176 1767 1307 1800; x_wconf 85' lang='lat' dir='ltr'>Gifredo</span> 
     </span>
     <span class='ocr_line' id='line_1_26' title="bbox 297 1824 1306 1859; baseline -0.007 1"><span class='ocrx_word' id='word_1_186' title='bbox 297 1840 310 1856; x_wconf 68' lang='grc' dir='ltr'>ι</span> <span class='ocrx_word' id='word_1_187' title='bbox 338 1829 515 1859; x_wconf 82' lang='lat' dir='ltr'>venerabili</span> <span class='ocrx_word' id='word_1_188' title='bbox 540 1828 646 1858; x_wconf 87' lang='lat' dir='ltr'>abbati</span> <span class='ocrx_word' id='word_1_189' title='bbox 667 1831 696 1856; x_wconf 86' lang='lat' dir='ltr'>et</span> <span class='ocrx_word' id='word_1_190' title='bbox 716 1826 867 1856; x_wconf 89' lang='lat' dir='ltr'>omnibus</span> <span class='ocrx_word' id='word_1_191' title='bbox 884 1825 1034 1855; x_wconf 83' lang='lat' dir='ltr'>fratribus</span> <span class='ocrx_word' id='word_1_192' title='bbox 1051 1824 1088 1854; x_wconf 91' lang='lat' dir='ltr'>de</span> <span class='ocrx_word' id='word_1_193' title='bbox 1111 1824 1306 1854; x_wconf 86' lang='lat' dir='ltr'>monasterio</span> 
     </span>
     <span class='ocr_line' id='line_1_27' title="bbox 299 1877 1306 1919; baseline -0.004 -9"><span class='ocrx_word' id='word_1_194' title='bbox 299 1893 312 1909; x_wconf 69' lang='grc' dir='ltr'>ι</span> <span class='ocrx_word' id='word_1_195' title='bbox 337 1882 445 1912; x_wconf 88' lang='lat' dir='ltr'>Sancti</span> <span class='ocrx_word' id='word_1_196' title='bbox 477 1882 627 1919; x_wconf 87' lang='lat' dir='ltr'>Victoris,</span> <span class='ocrx_word' id='word_1_197' title='bbox 659 1879 875 1910; x_wconf 89' lang='lat' dir='ltr'>dilectissimis</span> <span class='ocrx_word' id='word_1_198' title='bbox 906 1879 982 1908; x_wconf 90' lang='lat' dir='ltr'>filiis</span> <span class='ocrx_word' id='word_1_199' title='bbox 1015 1878 1131 1908; x_wconf 88' lang='lat' dir='ltr'>nostris</span> <span class='ocrx_word' id='word_1_200' title='bbox 1155 1877 1306 1916; x_wconf 88' lang='lat' dir='ltr'>spiritua-</span> 
     </span>
     <span class='ocr_line' id='line_1_28' title="bbox 301 1931 1307 1972; baseline -0.003 -9"><span class='ocrx_word' id='word_1_201' title='bbox 301 1947 314 1963; x_wconf 76' lang='lat'>»</span> <span class='ocrx_word' id='word_1_202' title='bbox 339 1935 442 1972; x_wconf 85' lang='lat' dir='ltr'>libus,</span> <span class='ocrx_word' id='word_1_203' title='bbox 474 1935 610 1965; x_wconf 87' lang='lat' dir='ltr'>salutem</span> <span class='ocrx_word' id='word_1_204' title='bbox 644 1938 674 1964; x_wconf 91' lang='lat' dir='ltr'>et</span> <span class='ocrx_word' id='word_1_205' title='bbox 706 1934 840 1971; x_wconf 81' lang='lat' dir='ltr'>gratiam</span> <span class='ocrx_word' id='word_1_206' title='bbox 879 1933 1011 1971; x_wconf 87' lang='lat' dir='ltr'>insuper</span> <span class='ocrx_word' id='word_1_207' title='bbox 1046 1935 1077 1962; x_wconf 89' lang='lat' dir='ltr'>et</span> <span class='ocrx_word' id='word_1_208' title='bbox 1111 1931 1307 1962; x_wconf 86' lang='lat' dir='ltr'>benedictio-</span> 
     </span>
     <span class='ocr_line' id='line_1_29' title="bbox 302 1986 1306 2028; baseline -0.006 -9"><span class='ocrx_word' id='word_1_209' title='bbox 302 1999 317 2019; x_wconf 66' lang='grc' dir='ltr'>ι</span> <span class='ocrx_word' id='word_1_210' title='bbox 339 1998 414 2019; x_wconf 89' lang='lat' dir='ltr'>nem</span> <span class='ocrx_word' id='word_1_211' title='bbox 445 1988 663 2028; x_wconf 84' lang='lat' dir='ltr'>apostolicam.</span> <span class='ocrx_word' id='word_1_212' title='bbox 697 1987 899 2018; x_wconf 79' lang='lat' dir='ltr'>Consuetudo</span> <span class='ocrx_word' id='word_1_213' title='bbox 925 1986 986 2015; x_wconf 87' lang='lat' dir='ltr'>fuit</span> <span class='ocrx_word' id='word_1_214' title='bbox 1011 1989 1192 2015; x_wconf 88' lang='lat' dir='ltr'>nostrornm</span> <span class='ocrx_word' id='word_1_215' title='bbox 1215 1988 1306 2014; x_wconf 87' lang='lat' dir='ltr'>ante-</span> 
     </span>
     <span class='ocr_line' id='line_1_30' title="bbox 301 2038 1307 2081; baseline -0.007 -7"><span class='ocrx_word' id='word_1_216' title='bbox 301 2054 315 2070; x_wconf 81' lang='lat'>»</span> <span class='ocrx_word' id='word_1_217' title='bbox 340 2052 501 2073; x_wconf 87' lang='lat' dir='ltr'>cessornm</span> <span class='ocrx_word' id='word_1_218' title='bbox 546 2042 734 2081; x_wconf 86' lang='lat' dir='ltr'>pontificum</span> <span class='ocrx_word' id='word_1_219' title='bbox 786 2040 957 2070; x_wconf 88' lang='lat' dir='ltr'>subvenire</span> <span class='ocrx_word' id='word_1_220' title='bbox 997 2039 1146 2069; x_wconf 89' lang='lat' dir='ltr'>omnibus</span> <span class='ocrx_word' id='word_1_221' title='bbox 1193 2038 1233 2068; x_wconf 88' lang='lat' dir='ltr'>ad</span> <span class='ocrx_word' id='word_1_222' title='bbox 1274 2046 1307 2067; x_wconf 92' lang='lat' dir='ltr'>se</span> 
     </span>
     <span class='ocr_line' id='line_1_31' title="bbox 302 2091 1307 2135; baseline -0.003 -12"><span class='ocrx_word' id='word_1_223' title='bbox 302 2108 315 2123; x_wconf 69' lang='lat' dir='ltr'>n</span> <span class='ocrx_word' id='word_1_224' title='bbox 337 2100 463 2135; x_wconf 85' lang='lat' dir='ltr'>propter</span> <span class='ocrx_word' id='word_1_225' title='bbox 486 2096 608 2125; x_wconf 89' lang='lat' dir='ltr'>bonum</span> <span class='ocrx_word' id='word_1_226' title='bbox 641 2104 719 2133; x_wconf 84' lang='lat' dir='ltr'>opus</span> <span class='ocrx_word' id='word_1_227' title='bbox 748 2093 1028 2129; x_wconf 84' lang='lat' dir='ltr'>convenientibus,</span> <span class='ocrx_word' id='word_1_228' title='bbox 1060 2091 1151 2121; x_wconf 86' lang='lat' dir='ltr'>illam</span> <span class='ocrx_word' id='word_1_229' title='bbox 1180 2099 1307 2130; x_wconf 87' lang='lat' dir='ltr'>quoque</span> 
     </span>
     <span class='ocr_line' id='line_1_32' title="bbox 301 2144 1307 2186; baseline -0.004 -9"><span class='ocrx_word' id='word_1_230' title='bbox 301 2161 315 2177; x_wconf 77' lang='lat' dir='ltr'>n</span> <span class='ocrx_word' id='word_1_231' title='bbox 340 2150 457 2179; x_wconf 86' lang='lat' dir='ltr'>bonam</span> <span class='ocrx_word' id='word_1_232' title='bbox 481 2147 766 2183; x_wconf 75' lang='lat' dir='ltr'>cousuetudinem,</span> <span class='ocrx_word' id='word_1_233' title='bbox 783 2155 881 2186; x_wconf 88' lang='lat' dir='ltr'>quam</span> <span class='ocrx_word' id='word_1_234' title='bbox 899 2146 933 2175; x_wconf 88' lang='lat' dir='ltr'>in</span> <span class='ocrx_word' id='word_1_235' title='bbox 949 2145 1013 2175; x_wconf 89' lang='lat' dir='ltr'>illis</span> <span class='ocrx_word' id='word_1_236' title='bbox 1029 2144 1191 2175; x_wconf 88' lang='lat' dir='ltr'>audiendo</span> <span class='ocrx_word' id='word_1_237' title='bbox 1214 2148 1243 2174; x_wconf 86' lang='lat' dir='ltr'>et</span> <span class='ocrx_word' id='word_1_238' title='bbox 1259 2144 1307 2173; x_wconf 93' lang='lat' dir='ltr'>vi-</span> 
     </span>
     <span class='ocr_line' id='line_1_33' title="bbox 303 2198 1307 2241; baseline -0.004 -10"><span class='ocrx_word' id='word_1_239' title='bbox 303 2215 316 2231; x_wconf 77' lang='lat'>»</span> <span class='ocrx_word' id='word_1_240' title='bbox 341 2203 444 2233; x_wconf 89' lang='lat' dir='ltr'>dendo</span> <span class='ocrx_word' id='word_1_241' title='bbox 463 2203 688 2241; x_wconf 82' lang='lat' dir='ltr'>cognovimus,</span> <span class='ocrx_word' id='word_1_242' title='bbox 706 2210 780 2231; x_wconf 87' lang='lat' dir='ltr'>cnm</span> <span class='ocrx_word' id='word_1_243' title='bbox 801 2200 891 2230; x_wconf 87' lang='lat' dir='ltr'>omni</span> <span class='ocrx_word' id='word_1_244' title='bbox 913 2199 1092 2229; x_wconf 89' lang='lat' dir='ltr'>devotionis</span> <span class='ocrx_word' id='word_1_245' title='bbox 1111 2198 1216 2228; x_wconf 88' lang='lat' dir='ltr'>studio</span> <span class='ocrx_word' id='word_1_246' title='bbox 1229 2207 1307 2228; x_wconf 90' lang='lat' dir='ltr'>con-</span> 
     </span>
     <span class='ocr_line' id='line_1_34' title="bbox 302 2252 1307 2292; baseline -0.006 -6"><span class='ocrx_word' id='word_1_247' title='bbox 302 2268 316 2283; x_wconf 76' lang='lat'>»</span> <span class='ocrx_word' id='word_1_248' title='bbox 341 2265 467 2286; x_wconf 82' lang='lat' dir='ltr'>servare</span> <span class='ocrx_word' id='word_1_249' title='bbox 484 2256 655 2291; x_wconf 83' lang='lat' dir='ltr'>debemus,</span> <span class='ocrx_word' id='word_1_250' title='bbox 676 2259 726 2291; x_wconf 83' lang='lat' dir='ltr'>nt,</span> <span class='ocrx_word' id='word_1_251' title='bbox 753 2261 929 2292; x_wconf 82' lang='lat' dir='ltr'>agnoscens</span> <span class='ocrx_word' id='word_1_252' title='bbox 947 2261 1003 2282; x_wconf 89' lang='lat' dir='ltr'>nos</span> <span class='ocrx_word' id='word_1_253' title='bbox 1028 2252 1187 2282; x_wconf 88' lang='lat' dir='ltr'>Dominus</span> <span class='ocrx_word' id='word_1_254' title='bbox 1212 2260 1307 2281; x_wconf 90' lang='lat' dir='ltr'>suum</span> 
     </span>
     <span class='ocr_line' id='line_1_35' title="bbox 300 2304 1308 2347; baseline -0.003 -11"><span class='ocrx_word' id='word_1_255' title='bbox 300 2321 313 2336; x_wconf 70' lang='grc' dir='ltr'>ι</span> <span class='ocrx_word' id='word_1_256' title='bbox 341 2308 423 2339; x_wconf 86' lang='lat' dir='ltr'>velle</span> <span class='ocrx_word' id='word_1_257' title='bbox 438 2309 600 2347; x_wconf 82' lang='lat' dir='ltr'>perficere,</span> <span class='ocrx_word' id='word_1_258' title='bbox 613 2307 724 2337; x_wconf 85' lang='lat' dir='ltr'>reddat</span> <span class='ocrx_word' id='word_1_259' title='bbox 738 2306 830 2337; x_wconf 87' lang='lat' dir='ltr'>nobis</span> <span class='ocrx_word' id='word_1_260' title='bbox 840 2305 1097 2335; x_wconf 84' lang='lat' dir='ltr'>vicissitudinem</span> <span class='ocrx_word' id='word_1_261' title='bbox 1110 2313 1184 2334; x_wconf 88' lang='lat' dir='ltr'>cnm</span> <span class='ocrx_word' id='word_1_262' title='bbox 1196 2304 1236 2334; x_wconf 85' lang='lat' dir='ltr'>ab</span> <span class='ocrx_word' id='word_1_263' title='bbox 1249 2304 1308 2334; x_wconf 91' lang='lat' dir='ltr'>hac</span> 
     </span>
     <span class='ocr_line' id='line_1_36' title="bbox 304 2358 1307 2401; baseline -0.001 -12"><span class='ocrx_word' id='word_1_264' title='bbox 304 2373 317 2389; x_wconf 74' lang='grc' dir='ltr'>ι)</span> <span class='ocrx_word' id='word_1_265' title='bbox 341 2362 481 2401; x_wconf 86' lang='lat' dir='ltr'>presenti</span> <span class='ocrx_word' id='word_1_266' title='bbox 497 2363 560 2391; x_wconf 87' lang='lat' dir='ltr'>vita</span> <span class='ocrx_word' id='word_1_267' title='bbox 576 2370 634 2392; x_wconf 89' lang='lat' dir='ltr'>nos</span> <span class='ocrx_word' id='word_1_268' title='bbox 651 2359 856 2390; x_wconf 78' lang='lat' dir='ltr'>subtraxerit.</span> <span class='ocrx_word' id='word_1_269' title='bbox 879 2359 1050 2389; x_wconf 85' lang='lat' dir='ltr'>Voluimus</span> <span class='ocrx_word' id='word_1_270' title='bbox 1066 2358 1175 2396; x_wconf 86' lang='lat' dir='ltr'>itaque</span> <span class='ocrx_word' id='word_1_271' title='bbox 1192 2361 1226 2388; x_wconf 89' lang='lat' dir='ltr'>ut</span> <span class='ocrx_word' id='word_1_272' title='bbox 1240 2366 1307 2388; x_wconf 93' lang='lat' dir='ltr'>mo-</span> 
     </span>
     <span class='ocr_line' id='line_1_37' title="bbox 303 2411 1310 2450; baseline -0.005 -4"><span class='ocrx_word' id='word_1_273' title='bbox 303 2427 318 2443; x_wconf 81' lang='lat'>»</span> <span class='ocrx_word' id='word_1_274' title='bbox 342 2416 518 2446; x_wconf 87' lang='lat' dir='ltr'>nasterium</span> <span class='ocrx_word' id='word_1_275' title='bbox 539 2415 648 2445; x_wconf 89' lang='lat' dir='ltr'>Sancti</span> <span class='ocrx_word' id='word_1_276' title='bbox 663 2414 820 2450; x_wconf 86' lang='lat' dir='ltr'>Victoris,</span> <span class='ocrx_word' id='word_1_277' title='bbox 841 2422 915 2444; x_wconf 87' lang='lat' dir='ltr'>cum</span> <span class='ocrx_word' id='word_1_278' title='bbox 931 2412 1082 2443; x_wconf 88' lang='lat' dir='ltr'>omnibus</span> <span class='ocrx_word' id='word_1_279' title='bbox 1098 2411 1264 2442; x_wconf 86' lang='lat' dir='ltr'>monachis</span> <span class='ocrx_word' id='word_1_280' title='bbox 1279 2415 1310 2441; x_wconf 88' lang='lat' dir='ltr'>et</span> 
     </span>
     <span class='ocr_line' id='line_1_38' title="bbox 303 2466 1310 2509; baseline -0.003 -12"><span class='ocrx_word' id='word_1_281' title='bbox 303 2481 318 2497; x_wconf 75' lang='lat' dir='ltr'>x&gt;</span> <span class='ocrx_word' id='word_1_282' title='bbox 342 2470 475 2509; x_wconf 87' lang='lat' dir='ltr'>reliquis</span> <span class='ocrx_word' id='word_1_283' title='bbox 491 2470 557 2500; x_wconf 90' lang='lat' dir='ltr'>Deo</span> <span class='ocrx_word' id='word_1_284' title='bbox 573 2468 786 2499; x_wconf 88' lang='lat' dir='ltr'>servientibus</span> <span class='ocrx_word' id='word_1_285' title='bbox 802 2467 919 2497; x_wconf 84' lang='lat' dir='ltr'>ibidem</span> <span class='ocrx_word' id='word_1_286' title='bbox 938 2466 1212 2505; x_wconf 80' lang='lat' dir='ltr'>permanentibus,</span> <span class='ocrx_word' id='word_1_287' title='bbox 1229 2474 1310 2495; x_wconf 90' lang='lat' dir='ltr'>sem-</span> 
     </span>
     <span class='ocr_line' id='line_1_39' title="bbox 303 2519 1310 2563; baseline -0.003 -12"><span class='ocrx_word' id='word_1_288' title='bbox 303 2535 316 2551; x_wconf 71' lang='grc' dir='ltr'><em>η</em></span> <span class='ocrx_word' id='word_1_289' title='bbox 341 2532 397 2563; x_wconf 84' lang='lat' dir='ltr'>per</span> <span class='ocrx_word' id='word_1_290' title='bbox 418 2522 647 2553; x_wconf 86' lang='lat' dir='ltr'>honorabiliter</span> <span class='ocrx_word' id='word_1_291' title='bbox 668 2525 871 2561; x_wconf 69' lang='lat' dir='ltr'>permaneat,</span> <span class='ocrx_word' id='word_1_292' title='bbox 894 2521 938 2550; x_wconf 87' lang='lat' dir='ltr'>ita</span> <span class='ocrx_word' id='word_1_293' title='bbox 961 2524 995 2550; x_wconf 92' lang='lat' dir='ltr'>ut</span> <span class='ocrx_word' id='word_1_294' title='bbox 1018 2519 1129 2550; x_wconf 88' lang='lat' dir='ltr'>omnia</span> <span class='ocrx_word' id='word_1_295' title='bbox 1151 2529 1221 2556; x_wconf 87' lang='lat' dir='ltr'>sua,</span> <span class='ocrx_word' id='word_1_296' title='bbox 1247 2528 1310 2558; x_wconf 89' lang='lat' dir='ltr'>que</span> 
     </span>
     <span class='ocr_line' id='line_1_40' title="bbox 301 2574 1307 2615; baseline -0.005 -8"><span class='ocrx_word' id='word_1_297' title='bbox 301 2590 313 2604; x_wconf 86' lang='lat'><strong>›</strong></span> <span class='ocrx_word' id='word_1_298' title='bbox 342 2577 446 2607; x_wconf 89' lang='lat' dir='ltr'>eidem</span> <span class='ocrx_word' id='word_1_299' title='bbox 469 2577 662 2607; x_wconf 89' lang='lat' dir='ltr'>monasterio</span> <span class='ocrx_word' id='word_1_300' title='bbox 686 2576 838 2615; x_wconf 88' lang='lat' dir='ltr'>pertinet,</span> <span class='ocrx_word' id='word_1_301' title='bbox 861 2574 966 2614; x_wconf 85' lang='lat' dir='ltr'>quiete</span> <span class='ocrx_word' id='word_1_302' title='bbox 989 2578 1019 2604; x_wconf 92' lang='lat' dir='ltr'>et</span> <span class='ocrx_word' id='word_1_303' title='bbox 1042 2574 1171 2612; x_wconf 89' lang='lat' dir='ltr'>pacifice</span> <span class='ocrx_word' id='word_1_304' title='bbox 1193 2577 1307 2603; x_wconf 88' lang='lat' dir='ltr'>teneat.</span> 
     </span>
     <span class='ocr_line' id='line_1_41' title="bbox 304 2627 1310 2670; baseline -0.003 -11"><span class='ocrx_word' id='word_1_305' title='bbox 304 2643 318 2658; x_wconf 69' lang='lat' dir='ltr'>n</span> <span class='ocrx_word' id='word_1_306' title='bbox 342 2630 446 2661; x_wconf 84' lang='lat' dir='ltr'>Cellas</span> <span class='ocrx_word' id='word_1_307' title='bbox 462 2640 588 2670; x_wconf 82' lang='lat' dir='ltr'>quoque</span> <span class='ocrx_word' id='word_1_308' title='bbox 604 2630 664 2660; x_wconf 88' lang='lat' dir='ltr'>sibi</span> <span class='ocrx_word' id='word_1_309' title='bbox 682 2629 851 2668; x_wconf 87' lang='lat' dir='ltr'>subjectas,</span> <span class='ocrx_word' id='word_1_310' title='bbox 869 2632 970 2658; x_wconf 89' lang='lat' dir='ltr'>cortes</span> <span class='ocrx_word' id='word_1_311' title='bbox 986 2632 1016 2657; x_wconf 92' lang='lat' dir='ltr'>et</span> <span class='ocrx_word' id='word_1_312' title='bbox 1031 2627 1124 2657; x_wconf 84' lang='lat' dir='ltr'>villas</span> <span class='ocrx_word' id='word_1_313' title='bbox 1140 2630 1170 2657; x_wconf 89' lang='lat' dir='ltr'>et</span> <span class='ocrx_word' id='word_1_314' title='bbox 1187 2627 1310 2665; x_wconf 85' lang='lat' dir='ltr'>reliqua</span> 
     </span>
     <span class='ocr_line' id='line_1_42' title="bbox 304 2680 1311 2723; baseline -0.004 -9"><span class='ocrx_word' id='word_1_315' title='bbox 304 2697 317 2711; x_wconf 77' lang='lat' dir='ltr'>n</span> <span class='ocrx_word' id='word_1_316' title='bbox 342 2684 410 2714; x_wconf 87' lang='lat' dir='ltr'>loca</span> <span class='ocrx_word' id='word_1_317' title='bbox 433 2684 492 2714; x_wconf 88' lang='lat' dir='ltr'>sibi</span> <span class='ocrx_word' id='word_1_318' title='bbox 515 2684 709 2723; x_wconf 84' lang='lat' dir='ltr'>pertinentia</span> <span class='ocrx_word' id='word_1_319' title='bbox 731 2692 785 2722; x_wconf 91' lang='lat' dir='ltr'>per</span> <span class='ocrx_word' id='word_1_320' title='bbox 808 2682 1012 2721; x_wconf 89' lang='lat' dir='ltr'>apostolicam</span> <span class='ocrx_word' id='word_1_321' title='bbox 1035 2681 1256 2711; x_wconf 86' lang='lat' dir='ltr'>anctoritatem</span> <span class='ocrx_word' id='word_1_322' title='bbox 1282 2680 1311 2710; x_wconf 91' lang='lat' dir='ltr'>ei</span> 
     </span>
     <span class='ocr_line' id='line_1_43' title="bbox 302 2734 1312 2774; baseline -0.004 -7"><span class='ocrx_word' id='word_1_323' title='bbox 302 2749 315 2763; x_wconf 82' lang='lat'><strong>»</strong></span> <span class='ocrx_word' id='word_1_324' title='bbox 343 2738 573 2767; x_wconf 88' lang='lat' dir='ltr'>confirmamus</span> <span class='ocrx_word' id='word_1_325' title='bbox 596 2736 746 2767; x_wconf 86' lang='lat' dir='ltr'>ammodo</span> <span class='ocrx_word' id='word_1_326' title='bbox 763 2739 793 2766; x_wconf 90' lang='lat' dir='ltr'>et</span> <span class='ocrx_word' id='word_1_327' title='bbox 808 2744 910 2774; x_wconf 88' lang='lat' dir='ltr'>usqne</span> <span class='ocrx_word' id='word_1_328' title='bbox 932 2735 964 2764; x_wconf 90' lang='lat' dir='ltr'>in</span> <span class='ocrx_word' id='word_1_329' title='bbox 989 2739 1193 2774; x_wconf 85' lang='lat' dir='ltr'>perpetuum,</span> <span class='ocrx_word' id='word_1_330' title='bbox 1210 2734 1255 2763; x_wconf 85' lang='lat' dir='ltr'>ita</span> <span class='ocrx_word' id='word_1_331' title='bbox 1277 2737 1312 2763; x_wconf 92' lang='lat' dir='ltr'>ut</span> 
     </span>
     <span class='ocr_line' id='line_1_44' title="bbox 302 2786 1310 2830; baseline -0.003 -11"><span class='ocrx_word' id='word_1_332' title='bbox 302 2803 315 2818; x_wconf 84' lang='lat'><strong>›</strong></span> <span class='ocrx_word' id='word_1_333' title='bbox 343 2790 432 2820; x_wconf 89' lang='lat' dir='ltr'>nulla</span> <span class='ocrx_word' id='word_1_334' title='bbox 460 2800 577 2829; x_wconf 83' lang='lat' dir='ltr'>magna</span> <span class='ocrx_word' id='word_1_335' title='bbox 602 2799 761 2830; x_wconf 87' lang='lat' dir='ltr'>parvaque</span> <span class='ocrx_word' id='word_1_336' title='bbox 786 2797 921 2828; x_wconf 89' lang='lat' dir='ltr'>persona</span> <span class='ocrx_word' id='word_1_337' title='bbox 945 2788 1060 2819; x_wconf 85' lang='lat' dir='ltr'>audeat</span> <span class='ocrx_word' id='word_1_338' title='bbox 1085 2796 1228 2826; x_wconf 91' lang='lat' dir='ltr'>unquam</span> <span class='ocrx_word' id='word_1_339' title='bbox 1250 2786 1310 2817; x_wconf 90' lang='lat' dir='ltr'>ali-</span> 
     </span>
     <span class='ocr_line' id='line_1_45' title="bbox 306 2841 1311 2882; baseline -0.002 -10"><span class='ocrx_word' id='word_1_340' title='bbox 306 2856 319 2871; x_wconf 74' lang='lat' dir='ltr'>n</span> <span class='ocrx_word' id='word_1_341' title='bbox 344 2853 439 2882; x_wconf 85' lang='lat' dir='ltr'>quam</span> <span class='ocrx_word' id='word_1_342' title='bbox 456 2843 635 2874; x_wconf 85' lang='lat' dir='ltr'>molestiam</span> <span class='ocrx_word' id='word_1_343' title='bbox 651 2844 773 2873; x_wconf 78' lang='lat' dir='ltr'>inferre</span> <span class='ocrx_word' id='word_1_344' title='bbox 789 2852 824 2873; x_wconf 81' lang='lat' dir='ltr'>ex</span> <span class='ocrx_word' id='word_1_345' title='bbox 841 2842 1004 2879; x_wconf 88' lang='lat' dir='ltr'>omnibus,</span> <span class='ocrx_word' id='word_1_346' title='bbox 1018 2851 1080 2881; x_wconf 87' lang='lat' dir='ltr'>que</span> <span class='ocrx_word' id='word_1_347' title='bbox 1093 2841 1230 2880; x_wconf 85' lang='lat' dir='ltr'>pertinet</span> <span class='ocrx_word' id='word_1_348' title='bbox 1245 2849 1311 2880; x_wconf 91' lang='lat' dir='ltr'>pre-</span> 
     </span>
     <span class='ocr_line' id='line_1_46' title="bbox 305 2895 1311 2935; baseline -0.002 -10"><span class='ocrx_word' id='word_1_349' title='bbox 305 2909 320 2924; x_wconf 72' lang='lat'>»</span> <span class='ocrx_word' id='word_1_350' title='bbox 344 2897 428 2926; x_wconf 88' lang='lat' dir='ltr'>dicto</span> <span class='ocrx_word' id='word_1_351' title='bbox 445 2897 656 2931; x_wconf 74' lang='lat' dir='ltr'>monasterio.</span> <span class='ocrx_word' id='word_1_352' title='bbox 674 2901 704 2927; x_wconf 86' lang='lat' dir='ltr'>et</span> <span class='ocrx_word' id='word_1_353' title='bbox 719 2897 775 2935; x_wconf 83' lang='lat' dir='ltr'>qui</span> <span class='ocrx_word' id='word_1_354' title='bbox 791 2896 911 2926; x_wconf 78' lang='lat' dir='ltr'>inseri-e</span> <span class='ocrx_word' id='word_1_355' title='bbox 930 2895 1167 2935; x_wconf 85' lang='lat' dir='ltr'>presumpserit,</span> <span class='ocrx_word' id='word_1_356' title='bbox 1185 2903 1220 2924; x_wconf 87' lang='lat' dir='ltr'>ex</span> <span class='ocrx_word' id='word_1_357' title='bbox 1237 2902 1311 2924; x_wconf 87' lang='lat' dir='ltr'>auc-</span> 
     </span>
     <span class='ocr_line' id='line_1_47' title="bbox 305 2947 1311 2992; baseline -0.002 -14"><span class='ocrx_word' id='word_1_358' title='bbox 305 2961 319 2978; x_wconf 76' lang='grc' dir='ltr'>ι</span> <span class='ocrx_word' id='word_1_359' title='bbox 345 2950 468 2980; x_wconf 88' lang='lat' dir='ltr'>toritate</span> <span class='ocrx_word' id='word_1_360' title='bbox 483 2950 712 2992; x_wconf 75' lang='lat' dir='ltr'>omnipotentis</span> <span class='ocrx_word' id='word_1_361' title='bbox 731 2950 789 2980; x_wconf 90' lang='lat' dir='ltr'>Dei</span> <span class='ocrx_word' id='word_1_362' title='bbox 802 2954 832 2979; x_wconf 90' lang='lat' dir='ltr'>et</span> <span class='ocrx_word' id='word_1_363' title='bbox 847 2949 930 2979; x_wconf 84' lang='lat' dir='ltr'>beati</span> <span class='ocrx_word' id='word_1_364' title='bbox 949 2948 1034 2978; x_wconf 86' lang='lat' dir='ltr'>Petri</span> <span class='ocrx_word' id='word_1_365' title='bbox 1049 2947 1184 2986; x_wconf 88' lang='lat' dir='ltr'>apostoli</span> <span class='ocrx_word' id='word_1_366' title='bbox 1197 2951 1227 2977; x_wconf 90' lang='lat' dir='ltr'>et</span> <span class='ocrx_word' id='word_1_367' title='bbox 1241 2955 1311 2977; x_wconf 91' lang='lat' dir='ltr'>nos-</span> 
     </span>
     <span class='ocr_line' id='line_1_48' title="bbox 307 3002 1309 3038; baseline -0.002 -5"><span class='ocrx_word' id='word_1_368' title='bbox 307 3017 321 3033; x_wconf 78' lang='lat'>»</span> <span class='ocrx_word' id='word_1_369' title='bbox 344 3010 391 3035; x_wconf 87' lang='lat' dir='ltr'>tra</span> <span class='ocrx_word' id='word_1_370' title='bbox 419 3005 496 3035; x_wconf 86' lang='lat' dir='ltr'>sciat</span> <span class='ocrx_word' id='word_1_371' title='bbox 527 3014 560 3034; x_wconf 89' lang='lat' dir='ltr'>se</span> <span class='ocrx_word' id='word_1_372' title='bbox 591 3014 658 3034; x_wconf 84' lang='lat' dir='ltr'>esse</span> <span class='ocrx_word' id='word_1_373' title='bbox 687 3004 1000 3034; x_wconf 87' lang='lat' dir='ltr'>excommunicatum</span> <span class='ocrx_word' id='word_1_374' title='bbox 1030 3008 1059 3034; x_wconf 89' lang='lat' dir='ltr'>et</span> <span class='ocrx_word' id='word_1_375' title='bbox 1086 3002 1309 3038; x_wconf 86' lang='lat' dir='ltr'>maledictum,</span> 
     </span>
     <span class='ocr_line' id='line_1_49' title="bbox 307 3056 1311 3097; baseline -0.002 -10"><span class='ocrx_word' id='word_1_376' title='bbox 307 3071 320 3086; x_wconf 70' lang='lat' dir='ltr'>n</span> <span class='ocrx_word' id='word_1_377' title='bbox 345 3059 477 3097; x_wconf 87' lang='lat' dir='ltr'>insuper</span> <span class='ocrx_word' id='word_1_378' title='bbox 501 3067 518 3088; x_wconf 87' lang='lat' dir='ltr'>a</span> <span class='ocrx_word' id='word_1_379' title='bbox 540 3058 766 3088; x_wconf 85' lang='lat' dir='ltr'>communione</span> <span class='ocrx_word' id='word_1_380' title='bbox 793 3062 823 3088; x_wconf 90' lang='lat' dir='ltr'>et</span> <span class='ocrx_word' id='word_1_381' title='bbox 847 3058 886 3087; x_wconf 89' lang='lat' dir='ltr'>ab</span> <span class='ocrx_word' id='word_1_382' title='bbox 909 3056 1041 3087; x_wconf 86' lang='lat' dir='ltr'>ecclesia</span> <span class='ocrx_word' id='word_1_383' title='bbox 1064 3060 1261 3095; x_wconf 90' lang='lat' dir='ltr'>separatum,</span> <span class='ocrx_word' id='word_1_384' title='bbox 1280 3058 1311 3085; x_wconf 88' lang='lat' dir='ltr'>et</span> 
     </span>
    </p>
   </div>
   <div class='ocr_carea' id='block_1_6' title="bbox 2341 498 2477 3637">
    <p class='ocr_par' dir='ltr' id='par_1_8' title="bbox 2341 498 2477 3637">
     <span class='ocr_line' id='line_1_50' title="bbox 2428 498 2477 663; baseline 0 -54"><span class='ocrx_word' id='word_1_385' title='bbox 2428 498 2477 663; x_wconf 95' lang='lat' dir='ltr'>   </span> 
     </span>
     <span class='ocr_line' id='line_1_51' title="bbox 2341 663 2477 820; baseline 0 -26"><span class='ocrx_word' id='word_1_386' title='bbox 2341 663 2477 820; x_wconf 95' lang='lat' dir='ltr'>    </span> 
     </span>
     <span class='ocr_line' id='line_1_52' title="bbox 2343 820 2477 902; baseline 0 -31"><span class='ocrx_word' id='word_1_387' title='bbox 2343 820 2477 902; x_wconf 95' lang='lat' dir='ltr'>  </span> 
     </span>
     <span class='ocr_line' id='line_1_53' title="bbox 2350 902 2477 1036; baseline 0 -29"><span class='ocrx_word' id='word_1_388' title='bbox 2350 902 2477 1036; x_wconf 95' lang='lat' dir='ltr'>    </span> 
     </span>
     <span class='ocr_line' id='line_1_54' title="bbox 2351 1036 2477 1195; baseline 0 -25"><span class='ocrx_word' id='word_1_389' title='bbox 2351 1036 2477 1195; x_wconf 95' lang='lat' dir='ltr'>    </span> 
     </span>
     <span class='ocr_line' id='line_1_55' title="bbox 2373 1195 2477 1328; baseline 0 0"><span class='ocrx_word' id='word_1_390' title='bbox 2373 1195 2477 1328; x_wconf 95' lang='lat' dir='ltr'>   </span> 
     </span>
     <span class='ocr_line' id='line_1_56' title="bbox 2365 1328 2477 1515; baseline 0 -80"><span class='ocrx_word' id='word_1_391' title='bbox 2365 1328 2477 1515; x_wconf 95' lang='lat' dir='ltr'>     </span> 
     </span>
     <span class='ocr_line' id='line_1_57' title="bbox 2359 1515 2477 1569; baseline 0 -26"><span class='ocrx_word' id='word_1_392' title='bbox 2359 1515 2477 1569; x_wconf 95' lang='lat' dir='ltr'>  </span> 
     </span>
     <span class='ocr_line' id='line_1_58' title="bbox 2353 1569 2477 1675; baseline 0 -26"><span class='ocrx_word' id='word_1_393' title='bbox 2353 1569 2477 1675; x_wconf 95' lang='lat' dir='ltr'>   </span> 
     </span>
     <span class='ocr_line' id='line_1_59' title="bbox 2367 1675 2477 1908; baseline 0 0"><span class='ocrx_word' id='word_1_394' title='bbox 2367 1675 2477 1908; x_wconf 95' lang='lat' dir='ltr'>  </span> 
     </span>
     <span class='ocr_line' id='line_1_60' title="bbox 2380 1908 2477 2069; baseline 0 0"><span class='ocrx_word' id='word_1_395' title='bbox 2380 1908 2477 2069; x_wconf 95' lang='lat' dir='ltr'>    </span> 
     </span>
     <span class='ocr_line' id='line_1_61' title="bbox 2381 2069 2477 2149; baseline 0 0"><span class='ocrx_word' id='word_1_396' title='bbox 2381 2069 2477 2149; x_wconf 95' lang='lat' dir='ltr'>  </span> 
     </span>
     <span class='ocr_line' id='line_1_62' title="bbox 2381 2149 2477 2232; baseline 0 -31"><span class='ocrx_word' id='word_1_397' title='bbox 2381 2149 2477 2232; x_wconf 95' lang='lat' dir='ltr'>  </span> 
     </span>
     <span class='ocr_line' id='line_1_63' title="bbox 2350 2232 2477 2444; baseline 0 -111"><span class='ocrx_word' id='word_1_398' title='bbox 2350 2232 2477 2444; x_wconf 95' lang='lat' dir='ltr'>     </span> 
     </span>
     <span class='ocr_line' id='line_1_64' title="bbox 2354 2444 2477 2577; baseline 0 -24"><span class='ocrx_word' id='word_1_399' title='bbox 2354 2444 2477 2577; x_wconf 95' lang='lat' dir='ltr'>    </span> 
     </span>
     <span class='ocr_line' id='line_1_65' title="bbox 2354 2577 2477 2685; baseline 0 -25"><span class='ocrx_word' id='word_1_400' title='bbox 2354 2577 2477 2685; x_wconf 95' lang='lat' dir='ltr'>   </span> 
     </span>
     <span class='ocr_line' id='line_1_66' title="bbox 2379 2685 2477 2794; baseline 0 -54"><span class='ocrx_word' id='word_1_401' title='bbox 2379 2685 2477 2794; x_wconf 95' lang='lat' dir='ltr'>   </span> 
     </span>
     <span class='ocr_line' id='line_1_67' title="bbox 2365 2794 2477 2899; baseline 0 -52"><span class='ocrx_word' id='word_1_402' title='bbox 2365 2794 2477 2899; x_wconf 95' lang='lat' dir='ltr'>  </span> 
     </span>
     <span class='ocr_line' id='line_1_68' title="bbox 2361 2899 2477 3029; baseline 0 0"><span class='ocrx_word' id='word_1_403' title='bbox 2361 2899 2477 3029; x_wconf 95' lang='lat' dir='ltr'>    </span> 
     </span>
     <span class='ocr_line' id='line_1_69' title="bbox 2380 3029 2477 3637; baseline 0 -520"><span class='ocrx_word' id='word_1_404' title='bbox 2380 3029 2477 3637; x_wconf 95' lang='lat' dir='ltr'>   </span> 
     </span>
    </p>
   </div>
   <div class='ocr_carea' id='block_1_7' title="bbox 1388 440 2438 1762">
    <p class='ocr_par' dir='ltr' id='par_1_9' title="bbox 1388 440 2438 1762">
     <span class='ocr_line' id='line_1_70' title="bbox 1388 440 2387 479; baseline 0.002 -8"><span class='ocrx_word' id='word_1_405' title='bbox 1388 456 1401 471; x_wconf 73' lang='grc' dir='ltr'>ιι</span> <span class='ocrx_word' id='word_1_406' title='bbox 1425 452 1497 474; x_wconf 90' lang='lat' dir='ltr'>cnm</span> <span class='ocrx_word' id='word_1_407' title='bbox 1508 442 1588 472; x_wconf 87' lang='lat' dir='ltr'>Juda</span> <span class='ocrx_word' id='word_1_408' title='bbox 1601 445 1630 472; x_wconf 91' lang='lat' dir='ltr'>et</span> <span class='ocrx_word' id='word_1_409' title='bbox 1646 440 1772 471; x_wconf 85' lang='lat' dir='ltr'>diabolo</span> <span class='ocrx_word' id='word_1_410' title='bbox 1788 441 1822 470; x_wconf 89' lang='lat' dir='ltr'>iu</span> <span class='ocrx_word' id='word_1_411' title='bbox 1835 440 2043 471; x_wconf 86' lang='lat' dir='ltr'>atrocissimis</span> <span class='ocrx_word' id='word_1_412' title='bbox 2058 440 2150 479; x_wconf 91' lang='lat' dir='ltr'>penis</span> <span class='ocrx_word' id='word_1_413' title='bbox 2165 440 2387 479; x_wconf 84' lang='lat' dir='ltr'>perpetualiter</span> 
     </span>
     <span class='ocr_line' id='line_1_71' title="bbox 1388 493 2388 535; baseline -0.002 -7"><span class='ocrx_word' id='word_1_414' title='bbox 1388 511 1400 523; x_wconf 85' lang='lat'>»</span> <span class='ocrx_word' id='word_1_415' title='bbox 1427 498 1646 535; x_wconf 84' lang='lat' dir='ltr'>dampnatum.</span> <span class='ocrx_word' id='word_1_416' title='bbox 1669 495 1847 531; x_wconf 80' lang='lat' dir='ltr'>JohanneS,</span> <span class='ocrx_word' id='word_1_417' title='bbox 1865 498 1972 524; x_wconf 83' lang='lat' dir='ltr'>sancte</span> <span class='ocrx_word' id='word_1_418' title='bbox 1993 493 2149 524; x_wconf 88' lang='lat' dir='ltr'>catholice</span> <span class='ocrx_word' id='word_1_419' title='bbox 2171 497 2202 523; x_wconf 89' lang='lat' dir='ltr'>et</span> <span class='ocrx_word' id='word_1_420' title='bbox 2223 494 2388 532; x_wconf 86' lang='lat' dir='ltr'>apostolice</span> 
     </span>
     <span class='ocr_line' id='line_1_72' title="bbox 1388 546 2388 588; baseline -0.002 -10"><span class='ocrx_word' id='word_1_421' title='bbox 1388 563 1401 578; x_wconf 63' lang='lat' dir='ltr'>a</span> <span class='ocrx_word' id='word_1_422' title='bbox 1426 550 1559 581; x_wconf 86' lang='lat' dir='ltr'>ecclesie</span> <span class='ocrx_word' id='word_1_423' title='bbox 1580 549 1769 588; x_wconf 84' lang='lat' dir='ltr'>apostolicus</span> <span class='ocrx_word' id='word_1_424' title='bbox 1787 546 1909 586; x_wconf 90' lang='lat' dir='ltr'>presul,</span> <span class='ocrx_word' id='word_1_425' title='bbox 1929 547 1988 577; x_wconf 89' lang='lat' dir='ltr'>hoc</span> <span class='ocrx_word' id='word_1_426' title='bbox 2012 547 2099 576; x_wconf 89' lang='lat' dir='ltr'>dedit</span> <span class='ocrx_word' id='word_1_427' title='bbox 2116 546 2336 586; x_wconf 86' lang='lat' dir='ltr'>privilegium,</span> <span class='ocrx_word' id='word_1_428' title='bbox 2355 552 2388 580; x_wconf 78' lang='lat' dir='ltr'>ut</span> 
     </span>
     <span class='ocr_line' id='line_1_73' title="bbox 1389 599 2389 642; baseline -0.003 -8"><span class='ocrx_word' id='word_1_429' title='bbox 1389 618 1401 630; x_wconf 71' lang='lat'>2&gt;</span> <span class='ocrx_word' id='word_1_430' title='bbox 1427 604 1536 634; x_wconf 90' lang='lat' dir='ltr'>nullus</span> <span class='ocrx_word' id='word_1_431' title='bbox 1554 601 1890 642; x_wconf 81' lang='lat' dir='ltr'>metropolitanorum,</span> <span class='ocrx_word' id='word_1_432' title='bbox 1909 599 2017 630; x_wconf 88' lang='lat' dir='ltr'>nullus</span> <span class='ocrx_word' id='word_1_433' title='bbox 2033 601 2264 639; x_wconf 86' lang='lat' dir='ltr'>episcoporum,</span> <span class='ocrx_word' id='word_1_434' title='bbox 2282 600 2389 634; x_wconf 79' lang='lat' dir='ltr'>nullus</span> 
     </span>
     <span class='ocr_line' id='line_1_74' title="bbox 1389 653 2438 693; baseline -0.004 -8"><span class='ocrx_word' id='word_1_435' title='bbox 1389 670 1402 685; x_wconf 69' lang='lat' dir='ltr'>n</span> <span class='ocrx_word' id='word_1_436' title='bbox 1427 666 1552 692; x_wconf 87' lang='lat' dir='ltr'>comes,</span> <span class='ocrx_word' id='word_1_437' title='bbox 1570 665 1627 686; x_wconf 88' lang='lat' dir='ltr'>nec</span> <span class='ocrx_word' id='word_1_438' title='bbox 1643 655 1837 691; x_wconf 82' lang='lat' dir='ltr'>vicecomes,</span> <span class='ocrx_word' id='word_1_439' title='bbox 1855 662 1914 684; x_wconf 90' lang='lat' dir='ltr'>nec</span> <span class='ocrx_word' id='word_1_440' title='bbox 1929 653 1995 683; x_wconf 90' lang='lat' dir='ltr'>ulla</span> <span class='ocrx_word' id='word_1_441' title='bbox 2012 661 2130 691; x_wconf 85' lang='lat' dir='ltr'>magua</span> <span class='ocrx_word' id='word_1_442' title='bbox 2146 661 2305 692; x_wconf 89' lang='lat' dir='ltr'>parvaque</span> <span class='ocrx_word' id='word_1_443' title='bbox 2319 662 2393 693; x_wconf 41' lang='lat' dir='ltr'>por-4</span> <span class='ocrx_word' id='word_1_444' title='bbox 2435 669 2438 674; x_wconf 86' lang='lat'>·</span> 
     </span>
     <span class='ocr_line' id='line_1_75' title="bbox 1390 704 2402 748; baseline 0.001 -10"><span class='ocrx_word' id='word_1_445' title='bbox 1390 723 1403 738; x_wconf 71' lang='lat' dir='ltr'>n</span> <span class='ocrx_word' id='word_1_446' title='bbox 1427 719 1503 740; x_wconf 89' lang='lat' dir='ltr'>sona</span> <span class='ocrx_word' id='word_1_447' title='bbox 1517 709 1642 748; x_wconf 87' lang='lat' dir='ltr'>aliquid</span> <span class='ocrx_word' id='word_1_448' title='bbox 1653 708 1767 739; x_wconf 85' lang='lat' dir='ltr'>audeat</span> <span class='ocrx_word' id='word_1_449' title='bbox 1782 708 1908 738; x_wconf 81' lang='lat' dir='ltr'>auferre</span> <span class='ocrx_word' id='word_1_450' title='bbox 1921 707 1960 737; x_wconf 91' lang='lat' dir='ltr'>de</span> <span class='ocrx_word' id='word_1_451' title='bbox 1977 707 2072 737; x_wconf 89' lang='lat' dir='ltr'>rebus</span> <span class='ocrx_word' id='word_1_452' title='bbox 2085 707 2271 737; x_wconf 84' lang='lat' dir='ltr'>monasterii</span> <span class='ocrx_word' id='word_1_453' title='bbox 2282 704 2402 744; x_wconf 44' lang='grc' dir='ltr'>Ξειιιῦιῇ</span> 
     </span>
     <span class='ocr_line' id='line_1_76' title="bbox 1390 759 2399 800; baseline -0.002 -9"><span class='ocrx_word' id='word_1_454' title='bbox 1390 776 1403 791; x_wconf 66' lang='lat' dir='ltr'>n</span> <span class='ocrx_word' id='word_1_455' title='bbox 1430 764 1581 799; x_wconf 81' lang='lat' dir='ltr'>Victoris,</span> <span class='ocrx_word' id='word_1_456' title='bbox 1608 771 1665 792; x_wconf 82' lang='lat' dir='ltr'>nec</span> <span class='ocrx_word' id='word_1_457' title='bbox 1693 762 1795 792; x_wconf 90' lang='lat' dir='ltr'>ullum</span> <span class='ocrx_word' id='word_1_458' title='bbox 1815 761 1990 800; x_wconf 90' lang='lat' dir='ltr'>judicium,</span> <span class='ocrx_word' id='word_1_459' title='bbox 2019 769 2077 790; x_wconf 91' lang='lat' dir='ltr'>nec</span> <span class='ocrx_word' id='word_1_460' title='bbox 2102 759 2255 799; x_wconf 86' lang='lat' dir='ltr'>placitum</span> <span class='ocrx_word' id='word_1_461' title='bbox 2278 759 2399 792; x_wconf 40' lang='lat' dir='ltr'>auda&amp;¹&gt;</span> 
     </span>
     <span class='ocr_line' id='line_1_77' title="bbox 1390 813 2324 852; baseline -0.004 -5"><span class='ocrx_word' id='word_1_462' title='bbox 1390 829 1403 844; x_wconf 75' lang='lat' dir='ltr'><strong>n</strong></span> <span class='ocrx_word' id='word_1_463' title='bbox 1429 817 1530 847; x_wconf 85' lang='lat' dir='ltr'>facere</span> <span class='ocrx_word' id='word_1_464' title='bbox 1550 826 1609 847; x_wconf 90' lang='lat' dir='ltr'>nec</span> <span class='ocrx_word' id='word_1_465' title='bbox 1625 820 1748 852; x_wconf 88' lang='lat' dir='ltr'>tenere,</span> <span class='ocrx_word' id='word_1_466' title='bbox 1767 824 1824 844; x_wconf 85' lang='lat' dir='ltr'>nec</span> <span class='ocrx_word' id='word_1_467' title='bbox 1841 814 1925 844; x_wconf 78' lang='lat' dir='ltr'>infra</span> <span class='ocrx_word' id='word_1_468' title='bbox 1940 813 2188 851; x_wconf 87' lang='lat' dir='ltr'>monasterium,</span> <span class='ocrx_word' id='word_1_469' title='bbox 2206 822 2266 844; x_wconf 92' lang='lat' dir='ltr'>nec</span> <span class='ocrx_word' id='word_1_470' title='bbox 2289 813 2324 844; x_wconf 88' lang='lat' dir='ltr'>in</span> 
     </span>
     <span class='ocr_line' id='line_1_78' title="bbox 1390 867 2390 907; baseline -0.004 -6"><span class='ocrx_word' id='word_1_471' title='bbox 1390 883 1404 898; x_wconf 72' lang='grc' dir='ltr'>ιι</span> <span class='ocrx_word' id='word_1_472' title='bbox 1429 876 1492 901; x_wconf 79' lang='lat' dir='ltr'>tani</span> <span class='ocrx_word' id='word_1_473' title='bbox 1504 873 1618 901; x_wconf 83' lang='lat' dir='ltr'>terram</span> <span class='ocrx_word' id='word_1_474' title='bbox 1631 870 1739 900; x_wconf 82' lang='lat' dir='ltr'>Sancti</span> <span class='ocrx_word' id='word_1_475' title='bbox 1753 869 1900 905; x_wconf 86' lang='lat' dir='ltr'>Victoris,</span> <span class='ocrx_word' id='word_1_476' title='bbox 1916 878 1978 907; x_wconf 85' lang='lat' dir='ltr'>que</span> <span class='ocrx_word' id='word_1_477' title='bbox 1992 868 2087 898; x_wconf 90' lang='lat' dir='ltr'>hodie</span> <span class='ocrx_word' id='word_1_478' title='bbox 2099 868 2194 898; x_wconf 89' lang='lat' dir='ltr'>habet</span> <span class='ocrx_word' id='word_1_479' title='bbox 2209 867 2287 898; x_wconf 89' lang='lat' dir='ltr'>etin</span> <span class='ocrx_word' id='word_1_480' title='bbox 2299 875 2341 898; x_wconf 88' lang='lat' dir='ltr'>au</span> <span class='ocrx_word' id='word_1_481' title='bbox 2361 881 2390 903; x_wconf 48' lang='lat'>:4</span> 
     </span>
     <span class='ocr_line' id='line_1_79' title="bbox 1391 921 2381 960; baseline 0 -7"><span class='ocrx_word' id='word_1_482' title='bbox 1391 936 1404 950; x_wconf 81' lang='grc' dir='ltr'>ιι</span> <span class='ocrx_word' id='word_1_483' title='bbox 1429 924 1572 960; x_wconf 84' lang='lat' dir='ltr'>habebit,</span> <span class='ocrx_word' id='word_1_484' title='bbox 1593 932 1651 953; x_wconf 89' lang='lat' dir='ltr'>nec</span> <span class='ocrx_word' id='word_1_485' title='bbox 1673 922 1756 952; x_wconf 85' lang='lat' dir='ltr'>nllus</span> <span class='ocrx_word' id='word_1_486' title='bbox 1777 923 1858 952; x_wconf 86' lang='lat' dir='ltr'>abba</span> <span class='ocrx_word' id='word_1_487' title='bbox 1875 923 1943 960; x_wconf 84' lang='lat' dir='ltr'>jam</span> <span class='ocrx_word' id='word_1_488' title='bbox 1966 922 2102 952; x_wconf 88' lang='lat' dir='ltr'>introeat</span> <span class='ocrx_word' id='word_1_489' title='bbox 2124 922 2157 951; x_wconf 90' lang='lat' dir='ltr'>in</span> <span class='ocrx_word' id='word_1_490' title='bbox 2179 921 2381 953; x_wconf 85' lang='lat' dir='ltr'>monasterio</span> 
     </span>
     <span class='ocr_line' id='line_1_80' title="bbox 1391 973 2395 1015; baseline -0.003 -9"><span class='ocrx_word' id='word_1_491' title='bbox 1391 989 1404 1003; x_wconf 79' lang='grc' dir='ltr'>ιι</span> <span class='ocrx_word' id='word_1_492' title='bbox 1429 977 1492 1006; x_wconf 91' lang='lat' dir='ltr'>nisi</span> <span class='ocrx_word' id='word_1_493' title='bbox 1509 985 1604 1015; x_wconf 84' lang='lat' dir='ltr'>quem</span> <span class='ocrx_word' id='word_1_494' title='bbox 1619 976 1724 1006; x_wconf 90' lang='lat' dir='ltr'>omnis</span> <span class='ocrx_word' id='word_1_495' title='bbox 1743 975 1944 1013; x_wconf 80' lang='lat' dir='ltr'>congregatio</span> <span class='ocrx_word' id='word_1_496' title='bbox 1963 973 2106 1013; x_wconf 87' lang='lat' dir='ltr'>elegerit.</span> <span class='ocrx_word' id='word_1_497' title='bbox 2125 974 2163 1004; x_wconf 85' lang='lat' dir='ltr'>Et</span> <span class='ocrx_word' id='word_1_498' title='bbox 2178 974 2234 1013; x_wconf 85' lang='lat' dir='ltr'>qui</span> <span class='ocrx_word' id='word_1_499' title='bbox 2249 973 2310 1004; x_wconf 85' lang='lat' dir='ltr'>hoc</span> <span class='ocrx_word' id='word_1_500' title='bbox 2329 983 2348 1014; x_wconf 90' lang='lat' dir='ltr'>p</span> <span class='ocrx_word' id='word_1_501' title='bbox 2374 991 2395 1003; x_wconf 91' lang='grc'>.-</span> 
     </span>
     <span class='ocr_line' id='line_1_81' title="bbox 1391 1027 2394 1068; baseline -0.003 -10"><span class='ocrx_word' id='word_1_502' title='bbox 1391 1042 1403 1057; x_wconf 75' lang='lat' dir='ltr'>n</span> <span class='ocrx_word' id='word_1_503' title='bbox 1429 1029 1581 1068; x_wconf 87' lang='lat' dir='ltr'>vilegium</span> <span class='ocrx_word' id='word_1_504' title='bbox 1593 1030 1769 1067; x_wconf 81' lang='lat' dir='ltr'>infringere</span> <span class='ocrx_word' id='word_1_505' title='bbox 1782 1029 1926 1063; x_wconf 73' lang='lat' dir='ltr'>voluerit,</span> <span class='ocrx_word' id='word_1_506' title='bbox 1946 1037 2011 1058; x_wconf 90' lang='lat' dir='ltr'>non</span> <span class='ocrx_word' id='word_1_507' title='bbox 2027 1027 2141 1065; x_wconf 83' lang='lat' dir='ltr'>valeat,</span> <span class='ocrx_word' id='word_1_508' title='bbox 2158 1027 2213 1058; x_wconf 90' lang='lat' dir='ltr'>sed</span> <span class='ocrx_word' id='word_1_509' title='bbox 2226 1034 2394 1067; x_wconf 67' lang='lat' dir='ltr'>compuri*wv</span> 
     </span>
     <span class='ocr_line' id='line_1_82' title="bbox 1391 1081 2395 1121; baseline 0.002 -9"><span class='ocrx_word' id='word_1_510' title='bbox 1391 1095 1403 1109; x_wconf 74' lang='grc' dir='ltr'>ιι</span> <span class='ocrx_word' id='word_1_511' title='bbox 1427 1083 1460 1112; x_wconf 91' lang='lat' dir='ltr'>in</span> <span class='ocrx_word' id='word_1_512' title='bbox 1483 1083 1612 1114; x_wconf 88' lang='lat' dir='ltr'>vinculo</span> <span class='ocrx_word' id='word_1_513' title='bbox 1629 1084 1698 1113; x_wconf 91' lang='lat' dir='ltr'>auri</span> <span class='ocrx_word' id='word_1_514' title='bbox 1723 1083 1836 1121; x_wconf 87' lang='lat' dir='ltr'>optiuii</span> <span class='ocrx_word' id='word_1_515' title='bbox 1862 1082 1960 1112; x_wconf 89' lang='lat' dir='ltr'>libras</span> <span class='ocrx_word' id='word_1_516' title='bbox 1981 1085 2131 1118; x_wconf 69' lang='lat' dir='ltr'>centum,</span> <span class='ocrx_word' id='word_1_517' title='bbox 2155 1081 2288 1120; x_wconf 86' lang='lat' dir='ltr'>insuper</span> <span class='ocrx_word' id='word_1_518' title='bbox 2311 1089 2395 1114; x_wconf 63' lang='grc' dir='ltr'>ιταιιι,</span> 
     </span>
     <span class='ocr_line' id='line_1_83' title="bbox 1390 1135 2391 1175; baseline 0.001 -10"><span class='ocrx_word' id='word_1_519' title='bbox 1390 1149 1404 1164; x_wconf 80' lang='lat'>»</span> <span class='ocrx_word' id='word_1_520' title='bbox 1427 1137 1654 1175; x_wconf 80' lang='lat' dir='ltr'>omnipotentis</span> <span class='ocrx_word' id='word_1_521' title='bbox 1679 1137 1739 1166; x_wconf 89' lang='lat' dir='ltr'>Dei</span> <span class='ocrx_word' id='word_1_522' title='bbox 1759 1137 1901 1166; x_wconf 87' lang='lat' dir='ltr'>incurrat</span> <span class='ocrx_word' id='word_1_523' title='bbox 1928 1140 1957 1165; x_wconf 90' lang='lat' dir='ltr'>et</span> <span class='ocrx_word' id='word_1_524' title='bbox 1981 1135 2022 1165; x_wconf 86' lang='lat' dir='ltr'>sit</span> <span class='ocrx_word' id='word_1_525' title='bbox 2043 1135 2337 1166; x_wconf 87' lang='lat' dir='ltr'>excommunicatus</span> <span class='ocrx_word' id='word_1_526' title='bbox 2362 1149 2369 1161; x_wconf 64' lang='lat'>&gt;-</span> <span class='ocrx_word' id='word_1_527' title='bbox 2388 1157 2391 1160; x_wconf 82' lang='lat'><em>-</em></span> 
     </span>
     <span class='ocr_line' id='line_1_84' title="bbox 1391 1187 2386 1228; baseline -0.001 -8"><span class='ocrx_word' id='word_1_528' title='bbox 1391 1202 1404 1217; x_wconf 75' lang='grc' dir='ltr'>ιι</span> <span class='ocrx_word' id='word_1_529' title='bbox 1428 1191 1612 1220; x_wconf 86' lang='lat' dir='ltr'>auctoritate</span> <span class='ocrx_word' id='word_1_530' title='bbox 1637 1190 1668 1220; x_wconf 91' lang='lat' dir='ltr'>S.</span> <span class='ocrx_word' id='word_1_531' title='bbox 1698 1190 1784 1219; x_wconf 86' lang='lat' dir='ltr'>Petri</span> <span class='ocrx_word' id='word_1_532' title='bbox 1808 1189 1942 1228; x_wconf 85' lang='lat' dir='ltr'>apostoli</span> <span class='ocrx_word' id='word_1_533' title='bbox 1968 1193 1998 1218; x_wconf 93' lang='lat' dir='ltr'>et</span> <span class='ocrx_word' id='word_1_534' title='bbox 2023 1193 2131 1218; x_wconf 86' lang='lat' dir='ltr'>nostra</span> <span class='ocrx_word' id='word_1_535' title='bbox 2154 1192 2186 1218; x_wconf 86' lang='lat' dir='ltr'>et</span> <span class='ocrx_word' id='word_1_536' title='bbox 2211 1187 2386 1219; x_wconf 68' lang='lat' dir='ltr'>sanctor-u·</span> 
     </span>
     <span class='ocr_line' id='line_1_85' title="bbox 1391 1239 2413 1282; baseline 0.001 -11"><span class='ocrx_word' id='word_1_537' title='bbox 1391 1255 1404 1271; x_wconf 73' lang='lat' dir='ltr'>n</span> <span class='ocrx_word' id='word_1_538' title='bbox 1430 1247 1642 1273; x_wconf 84' lang='lat' dir='ltr'>trecentorum</span> <span class='ocrx_word' id='word_1_539' title='bbox 1654 1247 1789 1282; x_wconf 90' lang='lat' dir='ltr'>patrum.</span> <span class='ocrx_word' id='word_1_540' title='bbox 1805 1243 1910 1272; x_wconf 88' lang='lat' dir='ltr'>Ethoc</span> <span class='ocrx_word' id='word_1_541' title='bbox 1920 1241 2124 1281; x_wconf 85' lang='lat' dir='ltr'>privilegium</span> <span class='ocrx_word' id='word_1_542' title='bbox 2136 1241 2229 1272; x_wconf 89' lang='lat' dir='ltr'>firme</span> <span class='ocrx_word' id='word_1_543' title='bbox 2237 1246 2272 1272; x_wconf 70' lang='lat' dir='ltr'>ct</span> <span class='ocrx_word' id='word_1_544' title='bbox 2284 1240 2396 1272; x_wconf 81' lang='lat' dir='ltr'>stabit</span> <span class='ocrx_word' id='word_1_545' title='bbox 2412 1239 2413 1243; x_wconf 72' lang='grc'>’</span> 
     </span>
     <span class='ocr_line' id='line_1_86' title="bbox 1391 1294 2394 1334; baseline 0 -11"><span class='ocrx_word' id='word_1_546' title='bbox 1391 1308 1404 1323; x_wconf 72' lang='lat' dir='ltr'>n</span> <span class='ocrx_word' id='word_1_547' title='bbox 1429 1300 1626 1334; x_wconf 88' lang='lat' dir='ltr'>permaneat.</span> <span class='ocrx_word' id='word_1_548' title='bbox 1646 1296 1733 1325; x_wconf 89' lang='lat' dir='ltr'>Bene</span> <span class='ocrx_word' id='word_1_549' title='bbox 1749 1295 1861 1326; x_wconf 88' lang='lat' dir='ltr'>valete.</span> <span class='ocrx_word' id='word_1_550' title='bbox 1885 1296 2000 1325; x_wconf 83' lang='lat' dir='ltr'>Petrus</span> <span class='ocrx_word' id='word_1_551' title='bbox 2016 1294 2205 1325; x_wconf 86' lang='lat' dir='ltr'>scriniarius</span> <span class='ocrx_word' id='word_1_552' title='bbox 2221 1294 2358 1333; x_wconf 81' lang='lat' dir='ltr'>scripsit.</span> <span class='ocrx_word' id='word_1_553' title='bbox 2383 1305 2394 1324; x_wconf 57' lang='lat'>3&gt;</span> 
     </span>
     <span class='ocr_line' id='line_1_87' title="bbox 1390 1348 2384 1388; baseline 0.001 -10"><span class='ocrx_word' id='word_1_554' title='bbox 1390 1349 1604 1379; x_wconf 86' lang='lat' dir='ltr'>Decernimns</span> <span class='ocrx_word' id='word_1_555' title='bbox 1625 1349 1724 1387; x_wconf 81' lang='lat' dir='ltr'>igitur</span> <span class='ocrx_word' id='word_1_556' title='bbox 1742 1354 1776 1379; x_wconf 91' lang='lat' dir='ltr'>ut</span> <span class='ocrx_word' id='word_1_557' title='bbox 1798 1349 1985 1388; x_wconf 89' lang='lat' dir='ltr'>hujusmodi</span> <span class='ocrx_word' id='word_1_558' title='bbox 2006 1349 2106 1388; x_wconf 88' lang='lat' dir='ltr'>ipsius</span> <span class='ocrx_word' id='word_1_559' title='bbox 2124 1348 2285 1387; x_wconf 86' lang='lat' dir='ltr'>privilegii</span> <span class='ocrx_word' id='word_1_560' title='bbox 2307 1350 2384 1387; x_wconf 60' lang='lat' dir='ltr'>tran*⁴</span> 
     </span>
     <span class='ocr_line' id='line_1_88' title="bbox 1389 1402 2391 1442; baseline 0 -9"><span class='ocrx_word' id='word_1_561' title='bbox 1389 1403 1542 1442; x_wconf 89' lang='lat' dir='ltr'>scriptum</span> <span class='ocrx_word' id='word_1_562' title='bbox 1559 1402 1648 1432; x_wconf 85' lang='lat' dir='ltr'>illam</span> <span class='ocrx_word' id='word_1_563' title='bbox 1662 1402 1726 1431; x_wconf 90' lang='lat' dir='ltr'>vim</span> <span class='ocrx_word' id='word_1_564' title='bbox 1739 1406 1768 1432; x_wconf 90' lang='lat' dir='ltr'>et</span> <span class='ocrx_word' id='word_1_565' title='bbox 1779 1403 1918 1433; x_wconf 88' lang='lat' dir='ltr'>eundem</span> <span class='ocrx_word' id='word_1_566' title='bbox 1935 1403 2078 1441; x_wconf 83' lang='lat' dir='ltr'>vigorem</span> <span class='ocrx_word' id='word_1_567' title='bbox 2093 1402 2208 1432; x_wconf 91' lang='lat' dir='ltr'>habeat</span> <span class='ocrx_word' id='word_1_568' title='bbox 2220 1411 2276 1441; x_wconf 91' lang='lat' dir='ltr'>per</span> <span class='ocrx_word' id='word_1_569' title='bbox 2287 1402 2391 1433; x_wconf 75' lang='lat' dir='ltr'>omn*</span> 
     </span>
     <span class='ocr_line' id='line_1_89' title="bbox 1389 1455 2389 1495; baseline 0.001 -9"><span class='ocrx_word' id='word_1_570' title='bbox 1389 1466 1445 1495; x_wconf 89' lang='lat' dir='ltr'>per</span> <span class='ocrx_word' id='word_1_571' title='bbox 1467 1465 1500 1486; x_wconf 88' lang='lat' dir='ltr'>se</span> <span class='ocrx_word' id='word_1_572' title='bbox 1524 1455 1628 1486; x_wconf 87' lang='lat' dir='ltr'>solum</span> <span class='ocrx_word' id='word_1_573' title='bbox 1652 1455 1831 1486; x_wconf 88' lang='lat' dir='ltr'>exhibitum</span> <span class='ocrx_word' id='word_1_574' title='bbox 1854 1457 1888 1486; x_wconf 91' lang='lat' dir='ltr'>in</span> <span class='ocrx_word' id='word_1_575' title='bbox 1908 1456 2032 1495; x_wconf 87' lang='lat' dir='ltr'>judicio</span> <span class='ocrx_word' id='word_1_576' title='bbox 2059 1460 2090 1486; x_wconf 89' lang='lat' dir='ltr'>et</span> <span class='ocrx_word' id='word_1_577' title='bbox 2111 1460 2200 1486; x_wconf 86' lang='lat' dir='ltr'>extra</span> <span class='ocrx_word' id='word_1_578' title='bbox 2219 1455 2389 1495; x_wconf 83' lang='lat' dir='ltr'>judicium·</span> 
     </span>
     <span class='ocr_line' id='line_1_90' title="bbox 1390 1497 2396 1549; baseline 0 -9"><span class='ocrx_word' id='word_1_579' title='bbox 1390 1519 1485 1549; x_wconf 86' lang='lat' dir='ltr'>quern</span> <span class='ocrx_word' id='word_1_580' title='bbox 1502 1508 1660 1547; x_wconf 84' lang='lat' dir='ltr'>originale</span> <span class='ocrx_word' id='word_1_581' title='bbox 1676 1509 1836 1547; x_wconf 86' lang='lat' dir='ltr'>privilegii</span> <span class='ocrx_word' id='word_1_582' title='bbox 1861 1509 1983 1540; x_wconf 90' lang='lat' dir='ltr'>obtinet</span> <span class='ocrx_word' id='word_1_583' title='bbox 2001 1509 2189 1548; x_wconf 88' lang='lat' dir='ltr'>supradicti,</span> <span class='ocrx_word' id='word_1_584' title='bbox 2207 1514 2239 1540; x_wconf 91' lang='lat' dir='ltr'>et</span> <span class='ocrx_word' id='word_1_585' title='bbox 2260 1509 2344 1549; x_wconf 90' lang='lat' dir='ltr'>quod</span> <span class='ocrx_word' id='word_1_586' title='bbox 2372 1497 2396 1540; x_wconf 67' lang='grc' dir='ltr'>.ιῖ</span> 
     </span>
     <span class='ocr_line' id='line_1_91' title="bbox 1391 1562 2359 1601; baseline 0.001 -8"><span class='ocrx_word' id='word_1_587' title='bbox 1391 1563 1582 1593; x_wconf 86' lang='lat' dir='ltr'>adhibeatur</span> <span class='ocrx_word' id='word_1_588' title='bbox 1595 1562 1674 1592; x_wconf 90' lang='lat' dir='ltr'>fides</span> <span class='ocrx_word' id='word_1_589' title='bbox 1688 1562 1769 1592; x_wconf 90' lang='lat' dir='ltr'>sicut</span> <span class='ocrx_word' id='word_1_590' title='bbox 1782 1562 1935 1601; x_wconf 84' lang='lat' dir='ltr'>originali</span> <span class='ocrx_word' id='word_1_591' title='bbox 1951 1562 2158 1593; x_wconf 89' lang='lat' dir='ltr'>adhiberetur</span> <span class='ocrx_word' id='word_1_592' title='bbox 2171 1562 2288 1593; x_wconf 87' lang='lat' dir='ltr'>eidem.</span> <span class='ocrx_word' id='word_1_593' title='bbox 2305 1563 2359 1594; x_wconf 90' lang='lat' dir='ltr'>Nu</span> 
     </span>
     <span class='ocr_line' id='line_1_92' title="bbox 1389 1615 2395 1655; baseline -0.001 -8"><span class='ocrx_word' id='word_1_594' title='bbox 1389 1626 1480 1655; x_wconf 88' lang='lat' dir='ltr'>ergo,</span> <span class='ocrx_word' id='word_1_595' title='bbox 1505 1621 1581 1654; x_wconf 87' lang='lat' dir='ltr'>etc.,</span> <span class='ocrx_word' id='word_1_596' title='bbox 1605 1620 1712 1646; x_wconf 87' lang='lat' dir='ltr'>nostre</span> <span class='ocrx_word' id='word_1_597' title='bbox 1738 1616 1952 1647; x_wconf 89' lang='lat' dir='ltr'>annotationis</span> <span class='ocrx_word' id='word_1_598' title='bbox 1975 1620 2006 1646; x_wconf 86' lang='lat' dir='ltr'>et</span> <span class='ocrx_word' id='word_1_599' title='bbox 2025 1616 2160 1654; x_wconf 87' lang='lat' dir='ltr'>decreti,</span> <span class='ocrx_word' id='word_1_600' title='bbox 2185 1620 2243 1647; x_wconf 87' lang='lat' dir='ltr'>etc.</span> <span class='ocrx_word' id='word_1_601' title='bbox 2263 1633 2304 1639; x_wconf 95' lang='lat'>—</span> <span class='ocrx_word' id='word_1_602' title='bbox 2323 1615 2362 1646; x_wconf 95' lang='lat' dir='ltr'>D</span> <span class='ocrx_word' id='word_1_603' title='bbox 2380 1623 2395 1651; x_wconf 69' lang='lat'>³:-</span> 
     </span>
     <span class='ocr_line' id='line_1_93' title="bbox 1389 1669 2395 1709; baseline -0.001 -8"><span class='ocrx_word' id='word_1_604' title='bbox 1389 1671 1491 1701; x_wconf 87' lang='lat' dir='ltr'>Rome</span> <span class='ocrx_word' id='word_1_605' title='bbox 1517 1670 1602 1709; x_wconf 89' lang='lat' dir='ltr'>apud</span> <span class='ocrx_word' id='word_1_606' title='bbox 1628 1669 1778 1700; x_wconf 85' lang='lat' dir='ltr'>Sanctam</span> <span class='ocrx_word' id='word_1_607' title='bbox 1795 1670 1934 1700; x_wconf 87' lang='lat' dir='ltr'>Mariam</span> <span class='ocrx_word' id='word_1_608' title='bbox 1950 1670 2124 1709; x_wconf 70' lang='lat' dir='ltr'>MaJorem,</span> <span class='ocrx_word' id='word_1_609' title='bbox 2150 1679 2171 1699; x_wconf 91' lang='lat' dir='ltr'>v</span> <span class='ocrx_word' id='word_1_610' title='bbox 2186 1669 2259 1701; x_wconf 87' lang='lat' dir='ltr'>idus</span> <span class='ocrx_word' id='word_1_611' title='bbox 2276 1669 2395 1701; x_wconf 70' lang='lat' dir='ltr'>febru‘-</span> 
     </span>
     <span class='ocr_line' id='line_1_94' title="bbox 1389 1723 1716 1762; baseline 0 -9"><span class='ocrx_word' id='word_1_612' title='bbox 1389 1724 1441 1761; x_wconf 83' lang='lat' dir='ltr'>rii,</span> <span class='ocrx_word' id='word_1_613' title='bbox 1461 1732 1547 1754; x_wconf 90' lang='lat' dir='ltr'>anno</span> <span class='ocrx_word' id='word_1_614' title='bbox 1564 1723 1679 1762; x_wconf 88' lang='lat' dir='ltr'>primo.</span> <span class='ocrx_word' id='word_1_615' title='bbox 1703 1735 1716 1750; x_wconf 80' lang='lat' dir='ltr'>n</span> 
     </span>
    </p>
   </div>
   <div class='ocr_carea' id='block_1_8' title="bbox 1461 1882 1551 1912">
    <p class='ocr_par' dir='ltr' id='par_1_10' title="bbox 1461 1882 1551 1912">
     <span class='ocr_line' id='line_1_95' title="bbox 1461 1882 1551 1912; baseline -0.033 0"><span class='ocrx_word' id='word_1_616' title='bbox 1461 1882 1551 1912; x_wconf 76' lang='lat'>53⁰</span> 
     </span>
    </p>
   </div>
   <div class='ocr_carea' id='block_1_9' title="bbox 1389 1932 2398 2028">
    <p class='ocr_par' dir='ltr' id='par_1_11' title="bbox 1389 1932 2398 2032">
     <span class='ocr_line' id='line_1_96' title="bbox 1425 1932 2383 1980; baseline 0.002 -8"><span class='ocrx_word' id='word_1_617' title='bbox 1425 1945 1610 1972; x_wconf 82' lang='lat' dir='ltr'>Confirmatio</span> <span class='ocrx_word' id='word_1_618' title='bbox 1627 1932 1841 1980; x_wconf 79' lang='lat' dir='ltr'>privilegiorum</span> <span class='ocrx_word' id='word_1_619' title='bbox 1857 1945 2031 1972; x_wconf 83' lang='lat' dir='ltr'>monasterio</span> <span class='ocrx_word' id='word_1_620' title='bbox 2050 1943 2148 1972; x_wconf 88' lang='lat' dir='ltr'>Sancti</span> <span class='ocrx_word' id='word_1_621' title='bbox 2158 1944 2287 1972; x_wconf 89' lang='lat' dir='ltr'>Victoris</span> <span class='ocrx_word' id='word_1_622' title='bbox 2295 1944 2383 1974; x_wconf 78' lang='lat' dir='ltr'>Massi</span> 
     </span>
     <span class='ocr_line' id='line_1_97' title="bbox 1389 1994 2398 2028; baseline 0 -6"><span class='ocrx_word' id='word_1_623' title='bbox 1389 1996 1489 2022; x_wconf 91' lang='lat' dir='ltr'>liensis</span> <span class='ocrx_word' id='word_1_624' title='bbox 1504 1995 1539 2021; x_wconf 89' lang='lat' dir='ltr'>ab</span> <span class='ocrx_word' id='word_1_625' title='bbox 1560 1994 1676 2022; x_wconf 87' lang='lat' dir='ltr'>Urbano</span> <span class='ocrx_word' id='word_1_626' title='bbox 1693 1994 1720 2021; x_wconf 91' lang='lat' dir='ltr'>Il</span> <span class='ocrx_word' id='word_1_627' title='bbox 1736 2002 1952 2021; x_wconf 87' lang='lat' dir='ltr'>concessorum.</span> <span class='ocrx_word' id='word_1_628' title='bbox 1970 1994 2053 2028; x_wconf 76' lang='lat' dir='ltr'>(Rue.</span> <span class='ocrx_word' id='word_1_629' title='bbox 2071 1994 2118 2026; x_wconf 84' lang='lat'>44,</span> <span class='ocrx_word' id='word_1_630' title='bbox 2136 2002 2162 2021; x_wconf 90' lang='lat' dir='ltr'>c.</span> <span class='ocrx_word' id='word_1_631' title='bbox 2179 1994 2242 2026; x_wconf 77' lang='lat'>344,</span> <span class='ocrx_word' id='word_1_632' title='bbox 2260 1994 2280 2022; x_wconf 86' lang='lat' dir='ltr'>f.</span> <span class='ocrx_word' id='word_1_633' title='bbox 2297 1994 2331 2022; x_wconf 84' lang='lat'>78</span> <span class='ocrx_word' id='word_1_634' title='bbox 2345 2000 2398 2025; x_wconf 44' lang='lat' dir='ltr'>vva</span> 
     </span>
    </p>
   </div>
   <div class='ocr_carea' id='block_1_10' title="bbox 1701 1881 2325 1917">
    <p class='ocr_par' dir='ltr' id='par_1_12' title="bbox 1701 1881 2325 1917">
     <span class='ocr_line' id='line_1_98' title="bbox 1701 1881 2325 1917; baseline -0.002 -8"><span class='ocrx_word' id='word_1_635' title='bbox 1701 1881 2062 1917; x_wconf 80' lang='lat' dir='ltr'>Sainte-Marie-Majeure,</span> <span class='ocrx_word' id='word_1_636' title='bbox 2081 1882 2112 1910; x_wconf 73' lang='lat'>12</span> <span class='ocrx_word' id='word_1_637' title='bbox 2127 1883 2231 1910; x_wconf 60' lang='lat' dir='ltr'>fevidei·</span> <span class='ocrx_word' id='word_1_638' title='bbox 2248 1882 2325 1911; x_wconf 74' lang='lat'>1289.</span> 
     </span>
    </p>
   </div>
   <div class='ocr_carea' id='block_1_11' title="bbox 1389 2089 2438 3095">
    <p class='ocr_par' dir='ltr' id='par_1_13' title="bbox 1389 2089 2414 2237">
     <span class='ocr_line' id='line_1_99' title="bbox 1430 2089 2399 2129; baseline 0 -8"><span class='ocrx_word' id='word_1_639' title='bbox 1430 2092 1551 2121; x_wconf 79' lang='lat' dir='ltr'>Eisdem</span> <span class='ocrx_word' id='word_1_640' title='bbox 1570 2091 1739 2120; x_wconf 89' lang='lat' dir='ltr'>confirmat</span> <span class='ocrx_word' id='word_1_641' title='bbox 1761 2090 1984 2129; x_wconf 81' lang='lat' dir='ltr'>privilegium,</span> <span class='ocrx_word' id='word_1_642' title='bbox 2003 2099 2100 2120; x_wconf 88' lang='lat' dir='ltr'>aurea</span> <span class='ocrx_word' id='word_1_643' title='bbox 2114 2089 2204 2121; x_wconf 86' lang='lat' dir='ltr'>bulla</span> <span class='ocrx_word' id='word_1_644' title='bbox 2219 2090 2399 2122; x_wconf 80' lang='lat' dir='ltr'>munitum</span> 
     </span>
     <span class='ocr_line' id='line_1_100' title="bbox 1389 2143 2414 2182; baseline 0 -8"><span class='ocrx_word' id='word_1_645' title='bbox 1389 2144 1429 2174; x_wconf 87' lang='lat' dir='ltr'>ab</span> <span class='ocrx_word' id='word_1_646' title='bbox 1438 2144 1568 2175; x_wconf 87' lang='lat' dir='ltr'>Urbano</span> <span class='ocrx_word' id='word_1_647' title='bbox 1581 2152 1660 2182; x_wconf 84' lang='lat' dir='ltr'>papa</span> <span class='ocrx_word' id='word_1_648' title='bbox 1673 2143 1813 2174; x_wconf 88' lang='lat' dir='ltr'>secundo</span> <span class='ocrx_word' id='word_1_649' title='bbox 1827 2143 1985 2182; x_wconf 84' lang='lat' dir='ltr'>praedicto</span> <span class='ocrx_word' id='word_1_650' title='bbox 1994 2143 2189 2174; x_wconf 87' lang='lat' dir='ltr'>monasterio</span> <span class='ocrx_word' id='word_1_651' title='bbox 2200 2152 2329 2175; x_wconf 89' lang='lat' dir='ltr'>concess</span> <span class='ocrx_word' id='word_1_652' title='bbox 2361 2147 2414 2179; x_wconf 59' lang='lat' dir='ltr'>ms·</span> 
     </span>
     <span class='ocr_line' id='line_1_101' title="bbox 1390 2184 2394 2237; baseline -0.005 -9"><span class='ocrx_word' id='word_1_653' title='bbox 1390 2199 1481 2237; x_wconf 90' lang='lat' dir='ltr'>cujus</span> <span class='ocrx_word' id='word_1_654' title='bbox 1499 2202 1587 2228; x_wconf 87' lang='lat' dir='ltr'>tenor</span> <span class='ocrx_word' id='word_1_655' title='bbox 1602 2197 1673 2227; x_wconf 89' lang='lat' dir='ltr'>talis</span> <span class='ocrx_word' id='word_1_656' title='bbox 1687 2201 1734 2227; x_wconf 88' lang='lat' dir='ltr'>est</span> <span class='ocrx_word' id='word_1_657' title='bbox 1751 2209 1756 2226; x_wconf 92' lang='lat'>:</span> <span class='ocrx_word' id='word_1_658' title='bbox 2390 2184 2394 2187; x_wconf 44' lang='lat'>⁸</span> 
     </span>
    </p>

    <p class='ocr_par' dir='ltr' id='par_1_14' title="bbox 1392 2251 2438 3095">
     <span class='ocr_line' id='line_1_102' title="bbox 1434 2251 2384 2290; baseline 0 -8"><span class='ocrx_word' id='word_1_659' title='bbox 1434 2265 1447 2278; x_wconf 85' lang='grc' dir='ltr'>ι</span> <span class='ocrx_word' id='word_1_660' title='bbox 1478 2252 1627 2282; x_wconf 86' lang='lat' dir='ltr'>Urbanus</span> <span class='ocrx_word' id='word_1_661' title='bbox 1656 2251 1820 2290; x_wconf 88' lang='lat' dir='ltr'>episcopus</span> <span class='ocrx_word' id='word_1_662' title='bbox 1852 2260 1962 2281; x_wconf 88' lang='lat' dir='ltr'>servus</span> <span class='ocrx_word' id='word_1_663' title='bbox 1996 2260 2163 2282; x_wconf 88' lang='lat' dir='ltr'>servorum</span> <span class='ocrx_word' id='word_1_664' title='bbox 2194 2251 2265 2282; x_wconf 89' lang='lat' dir='ltr'>Dei.</span> <span class='ocrx_word' id='word_1_665' title='bbox 2293 2251 2384 2282; x_wconf 84' lang='lat' dir='ltr'>Cari</span> 
     </span>
     <span class='ocr_line' id='line_1_103' title="bbox 1392 2304 2387 2344; baseline 0.001 -12"><span class='ocrx_word' id='word_1_666' title='bbox 1392 2317 1406 2332; x_wconf 63' lang='grc' dir='ltr'>ι»</span> <span class='ocrx_word' id='word_1_667' title='bbox 1431 2305 1511 2335; x_wconf 89' lang='lat' dir='ltr'>simo</span> <span class='ocrx_word' id='word_1_668' title='bbox 1531 2304 1620 2334; x_wconf 83' lang='lat' dir='ltr'>fratri</span> <span class='ocrx_word' id='word_1_669' title='bbox 1650 2304 1825 2342; x_wconf 85' lang='lat' dir='ltr'>Richardo,</span> <span class='ocrx_word' id='word_1_670' title='bbox 1857 2307 1964 2334; x_wconf 86' lang='lat' dir='ltr'>sancte</span> <span class='ocrx_word' id='word_1_671' title='bbox 1986 2312 2119 2334; x_wconf 89' lang='lat' dir='ltr'>romane</span> <span class='ocrx_word' id='word_1_672' title='bbox 2149 2304 2281 2335; x_wconf 87' lang='lat' dir='ltr'>ecclesie</span> <span class='ocrx_word' id='word_1_673' title='bbox 2312 2312 2387 2344; x_wconf 61' lang='lat' dir='ltr'>pm„</span> 
     </span>
     <span class='ocr_line' id='line_1_104' title="bbox 1392 2357 2382 2397; baseline 0.001 -11"><span class='ocrx_word' id='word_1_674' title='bbox 1392 2370 1405 2385; x_wconf 72' lang='lat' dir='ltr'>n</span> <span class='ocrx_word' id='word_1_675' title='bbox 1430 2358 1541 2397; x_wconf 82' lang='lat' dir='ltr'>hytero</span> <span class='ocrx_word' id='word_1_676' title='bbox 1582 2357 1737 2387; x_wconf 88' lang='lat' dir='ltr'>cardinali</span> <span class='ocrx_word' id='word_1_677' title='bbox 1776 2361 1807 2387; x_wconf 91' lang='lat' dir='ltr'>et</span> <span class='ocrx_word' id='word_1_678' title='bbox 1843 2357 1968 2388; x_wconf 86' lang='lat' dir='ltr'>cenobii</span> <span class='ocrx_word' id='word_1_679' title='bbox 2009 2357 2225 2388; x_wconf 86' lang='lat' dir='ltr'>Massiliensis</span> <span class='ocrx_word' id='word_1_680' title='bbox 2267 2357 2382 2391; x_wconf 81' lang='lat' dir='ltr'>abbati.</span> 
     </span>
     <span class='ocr_line' id='line_1_105' title="bbox 1393 2402 2414 2451; baseline 0.001 -11"><span class='ocrx_word' id='word_1_681' title='bbox 1393 2423 1406 2439; x_wconf 67' lang='lat' dir='ltr'>a&gt;</span> <span class='ocrx_word' id='word_1_682' title='bbox 1430 2412 1562 2450; x_wconf 84' lang='lat' dir='ltr'>ejusque</span> <span class='ocrx_word' id='word_1_683' title='bbox 1587 2411 1822 2441; x_wconf 89' lang='lat' dir='ltr'>successoribus</span> <span class='ocrx_word' id='word_1_684' title='bbox 1845 2411 1992 2448; x_wconf 82' lang='lat' dir='ltr'>legitime</span> <span class='ocrx_word' id='word_1_685' title='bbox 2017 2411 2245 2450; x_wconf 88' lang='lat' dir='ltr'>promovendis</span> <span class='ocrx_word' id='word_1_686' title='bbox 2269 2411 2305 2441; x_wconf 89' lang='lat' dir='ltr'>in</span> <span class='ocrx_word' id='word_1_687' title='bbox 2330 2402 2390 2451; x_wconf 49' lang='lat' dir='ltr'>ps</span> <span class='ocrx_word' id='word_1_688' title='bbox 2408 2416 2414 2430; x_wconf 28' lang='grc' dir='ltr'>τ’</span> 
     </span>
     <span class='ocr_line' id='line_1_106' title="bbox 1397 2464 2411 2504; baseline 0.002 -10"><span class='ocrx_word' id='word_1_689' title='bbox 1397 2477 1410 2492; x_wconf 74' lang='grc' dir='ltr'>ιι</span> <span class='ocrx_word' id='word_1_690' title='bbox 1436 2469 1576 2504; x_wconf 86' lang='lat' dir='ltr'>petnum.</span> <span class='ocrx_word' id='word_1_691' title='bbox 1603 2464 1795 2494; x_wconf 88' lang='lat' dir='ltr'>Potestatem</span> <span class='ocrx_word' id='word_1_692' title='bbox 1820 2464 1944 2503; x_wconf 86' lang='lat' dir='ltr'>ligandi</span> <span class='ocrx_word' id='word_1_693' title='bbox 1964 2469 2100 2504; x_wconf 90' lang='lat' dir='ltr'>atque...</span> <span class='ocrx_word' id='word_1_694' title='bbox 2120 2465 2208 2500; x_wconf 77' lang='lat' dir='ltr'>Tibi.</span> <span class='ocrx_word' id='word_1_695' title='bbox 2233 2465 2330 2496; x_wconf 81' lang='lat' dir='ltr'>frater</span> <span class='ocrx_word' id='word_1_696' title='bbox 2355 2477 2388 2492; x_wconf 72' lang='lat' dir='ltr'>01v</span> <span class='ocrx_word' id='word_1_697' title='bbox 2408 2475 2411 2477; x_wconf 69' lang='grc'>’</span> 
     </span>
     <span class='ocr_line' id='line_1_107' title="bbox 1399 2517 2394 2557; baseline 0.004 -10"><span class='ocrx_word' id='word_1_698' title='bbox 1399 2530 1411 2545; x_wconf 78' lang='grc' dir='ltr'>ιι</span> <span class='ocrx_word' id='word_1_699' title='bbox 1435 2517 1606 2548; x_wconf 83' lang='lat' dir='ltr'>lectissime</span> <span class='ocrx_word' id='word_1_700' title='bbox 1646 2518 1684 2547; x_wconf 81' lang='lat' dir='ltr'>R.</span> <span class='ocrx_word' id='word_1_701' title='bbox 1705 2540 1714 2554; x_wconf 94' lang='lat'>,</span> <span class='ocrx_word' id='word_1_702' title='bbox 1768 2518 1895 2557; x_wconf 85' lang='lat' dir='ltr'>tuisque</span> <span class='ocrx_word' id='word_1_703' title='bbox 1934 2518 2169 2548; x_wconf 86' lang='lat' dir='ltr'>successoribus</span> <span class='ocrx_word' id='word_1_704' title='bbox 2213 2517 2354 2557; x_wconf 78' lang='lat' dir='ltr'>regulari</span> <span class='ocrx_word' id='word_1_705' title='bbox 2372 2531 2394 2550; x_wconf 60' lang='grc' dir='ltr'>ει,</span> 
     </span>
     <span class='ocr_line' id='line_1_108' title="bbox 1392 2573 2388 2613; baseline 0.001 -10"><span class='ocrx_word' id='word_1_706' title='bbox 1392 2585 1405 2598; x_wconf 77' lang='grc' dir='ltr'>ι»</span> <span class='ocrx_word' id='word_1_707' title='bbox 1431 2573 1660 2604; x_wconf 85' lang='lat' dir='ltr'>substituendis</span> <span class='ocrx_word' id='word_1_708' title='bbox 1693 2573 1877 2612; x_wconf 87' lang='lat' dir='ltr'>hujusmodi</span> <span class='ocrx_word' id='word_1_709' title='bbox 1912 2573 2100 2612; x_wconf 86' lang='lat' dir='ltr'>privilegia,</span> <span class='ocrx_word' id='word_1_710' title='bbox 2134 2582 2191 2612; x_wconf 88' lang='lat' dir='ltr'>per</span> <span class='ocrx_word' id='word_1_711' title='bbox 2219 2576 2388 2613; x_wconf 75' lang='lat' dir='ltr'>presente</span> 
     </span>
     <span class='ocr_line' id='line_1_109' title="bbox 1392 2627 2353 2666; baseline 0.003 -10"><span class='ocrx_word' id='word_1_712' title='bbox 1392 2637 1407 2657; x_wconf 71' lang='grc' dir='ltr'>ι)</span> <span class='ocrx_word' id='word_1_713' title='bbox 1430 2627 1548 2657; x_wconf 88' lang='lat' dir='ltr'>decreti</span> <span class='ocrx_word' id='word_1_714' title='bbox 1579 2628 1678 2657; x_wconf 86' lang='lat' dir='ltr'>nostri</span> <span class='ocrx_word' id='word_1_715' title='bbox 1706 2628 1875 2666; x_wconf 84' lang='lat' dir='ltr'>paginam,</span> <span class='ocrx_word' id='word_1_716' title='bbox 1910 2627 2142 2666; x_wconf 84' lang='lat' dir='ltr'>indulgemus,</span> <span class='ocrx_word' id='word_1_717' title='bbox 2172 2628 2353 2658; x_wconf 75' lang='lat' dir='ltr'>constituen</span> 
     </span>
     <span class='ocr_line' id='line_1_110' title="bbox 1393 2680 2382 2720; baseline 0.003 -12"><span class='ocrx_word' id='word_1_718' title='bbox 1393 2692 1407 2708; x_wconf 70' lang='grc' dir='ltr'>ι</span> <span class='ocrx_word' id='word_1_719' title='bbox 1432 2684 1466 2711; x_wconf 88' lang='lat' dir='ltr'>ut</span> <span class='ocrx_word' id='word_1_720' title='bbox 1508 2690 1632 2720; x_wconf 88' lang='lat' dir='ltr'>queque</span> <span class='ocrx_word' id='word_1_721' title='bbox 1671 2681 1825 2711; x_wconf 81' lang='lat' dir='ltr'>hactenns</span> <span class='ocrx_word' id='word_1_722' title='bbox 1864 2681 2036 2712; x_wconf 88' lang='lat' dir='ltr'>cenobium</span> <span class='ocrx_word' id='word_1_723' title='bbox 2073 2685 2214 2711; x_wconf 87' lang='lat' dir='ltr'>vestrum</span> <span class='ocrx_word' id='word_1_724' title='bbox 2259 2680 2382 2719; x_wconf 50' lang='lat' dir='ltr'>legitimi</span> 
     </span>
     <span class='ocr_line' id='line_1_111' title="bbox 1394 2733 2379 2774; baseline 0.002 -12"><span class='ocrx_word' id='word_1_725' title='bbox 1394 2745 1406 2761; x_wconf 75' lang='grc' dir='ltr'>ι»</span> <span class='ocrx_word' id='word_1_726' title='bbox 1432 2735 1648 2773; x_wconf 87' lang='lat' dir='ltr'>canoniceque</span> <span class='ocrx_word' id='word_1_727' title='bbox 1676 2734 1841 2773; x_wconf 81' lang='lat' dir='ltr'>possedit,</span> <span class='ocrx_word' id='word_1_728' title='bbox 1870 2743 1999 2774; x_wconf 87' lang='lat' dir='ltr'>queque</span> <span class='ocrx_word' id='word_1_729' title='bbox 2027 2735 2061 2764; x_wconf 92' lang='lat' dir='ltr'>in</span> <span class='ocrx_word' id='word_1_730' title='bbox 2088 2734 2265 2765; x_wconf 87' lang='lat' dir='ltr'>crastinum</span> <span class='ocrx_word' id='word_1_731' title='bbox 2290 2733 2379 2765; x_wconf 73' lang='lat' dir='ltr'>eod»</span> 
     </span>
     <span class='ocr_line' id='line_1_112' title="bbox 1434 2787 2381 2827; baseline 0 -9"><span class='ocrx_word' id='word_1_732' title='bbox 1434 2793 1542 2818; x_wconf 87' lang='lat' dir='ltr'>tenore</span> <span class='ocrx_word' id='word_1_733' title='bbox 1558 2788 1724 2827; x_wconf 84' lang='lat' dir='ltr'>acquirere</span> <span class='ocrx_word' id='word_1_734' title='bbox 1741 2789 1865 2827; x_wconf 88' lang='lat' dir='ltr'>poterit,</span> <span class='ocrx_word' id='word_1_735' title='bbox 1882 2789 2010 2825; x_wconf 84' lang='lat' dir='ltr'>integra</span> <span class='ocrx_word' id='word_1_736' title='bbox 2027 2788 2084 2818; x_wconf 87' lang='lat' dir='ltr'>tibi</span> <span class='ocrx_word' id='word_1_737' title='bbox 2095 2792 2127 2818; x_wconf 89' lang='lat' dir='ltr'>et</span> <span class='ocrx_word' id='word_1_738' title='bbox 2138 2787 2260 2818; x_wconf 81' lang='lat' dir='ltr'>illibata</span> <span class='ocrx_word' id='word_1_739' title='bbox 2275 2788 2351 2818; x_wconf 80' lang='lat' dir='ltr'>tuis·</span> <span class='ocrx_word' id='word_1_740' title='bbox 2368 2797 2381 2812; x_wconf 72' lang='grc' dir='ltr'>ιι</span> 
     </span>
     <span class='ocr_line' id='line_1_113' title="bbox 1434 2841 2438 2883; baseline 0 -12"><span class='ocrx_word' id='word_1_741' title='bbox 1434 2841 1669 2872; x_wconf 89' lang='lat' dir='ltr'>successoribus</span> <span class='ocrx_word' id='word_1_742' title='bbox 1685 2846 1845 2879; x_wconf 85' lang='lat' dir='ltr'>maneant,</span> <span class='ocrx_word' id='word_1_743' title='bbox 1861 2850 1971 2872; x_wconf 88' lang='lat' dir='ltr'>eornm</span> <span class='ocrx_word' id='word_1_744' title='bbox 1988 2841 2099 2872; x_wconf 90' lang='lat' dir='ltr'>usibus</span> <span class='ocrx_word' id='word_1_745' title='bbox 2112 2849 2169 2880; x_wconf 87' lang='lat' dir='ltr'>pro</span> <span class='ocrx_word' id='word_1_746' title='bbox 2184 2849 2322 2880; x_wconf 84' lang='lat' dir='ltr'>quorum</span> <span class='ocrx_word' id='word_1_747' title='bbox 2336 2845 2381 2871; x_wconf 65' lang='lat' dir='ltr'>st:</span> <span class='ocrx_word' id='word_1_748' title='bbox 2436 2876 2438 2883; x_wconf 34' lang='grc' dir='ltr'>Ι</span> 
     </span>
     <span class='ocr_line' id='line_1_114' title="bbox 1433 2893 2438 2934; baseline 0 -11"><span class='ocrx_word' id='word_1_749' title='bbox 1433 2894 1605 2924; x_wconf 86' lang='lat' dir='ltr'>tentatione</span> <span class='ocrx_word' id='word_1_750' title='bbox 1627 2898 1657 2924; x_wconf 85' lang='lat' dir='ltr'>et</span> <span class='ocrx_word' id='word_1_751' title='bbox 1679 2895 1909 2932; x_wconf 85' lang='lat' dir='ltr'>gubernatione</span> <span class='ocrx_word' id='word_1_752' title='bbox 1935 2903 2083 2925; x_wconf 85' lang='lat' dir='ltr'>concessa</span> <span class='ocrx_word' id='word_1_753' title='bbox 2109 2898 2186 2924; x_wconf 88' lang='lat' dir='ltr'>sunt</span> <span class='ocrx_word' id='word_1_754' title='bbox 2207 2893 2361 2924; x_wconf 84' lang='lat' dir='ltr'>omnimo</span> <span class='ocrx_word' id='word_1_755' title='bbox 2373 2905 2388 2934; x_wconf 57' lang='grc' dir='ltr'>ι,</span> <span class='ocrx_word' id='word_1_756' title='bbox 2436 2894 2438 2915; x_wconf 50' lang='grc' dir='ltr'>ι’</span> 
     </span>
     <span class='ocr_line' id='line_1_115' title="bbox 1435 2947 2408 2988; baseline 0.001 -11"><span class='ocrx_word' id='word_1_757' title='bbox 1435 2947 1609 2987; x_wconf 85' lang='lat' dir='ltr'>profutura.</span> <span class='ocrx_word' id='word_1_758' title='bbox 1632 2948 1762 2978; x_wconf 83' lang='lat' dir='ltr'>Portum</span> <span class='ocrx_word' id='word_1_759' title='bbox 1780 2949 1880 2987; x_wconf 85' lang='lat' dir='ltr'>igitur</span> <span class='ocrx_word' id='word_1_760' title='bbox 1899 2948 2137 2979; x_wconf 88' lang='lat' dir='ltr'>Massiliensem</span> <span class='ocrx_word' id='word_1_761' title='bbox 2157 2951 2188 2978; x_wconf 91' lang='lat' dir='ltr'>et</span> <span class='ocrx_word' id='word_1_762' title='bbox 2205 2947 2353 2988; x_wconf 76' lang='lat' dir='ltr'>piscarias</span> <span class='ocrx_word' id='word_1_763' title='bbox 2376 2950 2408 2980; x_wconf 51' lang='grc' dir='ltr'>ἐμ</span> 
     </span>
     <span class='ocr_line' id='line_1_116' title="bbox 1435 3000 2395 3042; baseline 0.002 -12"><span class='ocrx_word' id='word_1_764' title='bbox 1435 3000 1553 3030; x_wconf 89' lang='lat' dir='ltr'>salinas</span> <span class='ocrx_word' id='word_1_765' title='bbox 1572 3005 1601 3030; x_wconf 85' lang='lat' dir='ltr'>et</span> <span class='ocrx_word' id='word_1_766' title='bbox 1616 3002 1725 3031; x_wconf 89' lang='lat' dir='ltr'>omnia</span> <span class='ocrx_word' id='word_1_767' title='bbox 1736 3002 1824 3032; x_wconf 87' lang='lat' dir='ltr'>vobis</span> <span class='ocrx_word' id='word_1_768' title='bbox 1842 3002 2070 3033; x_wconf 88' lang='lat' dir='ltr'>confirmantes</span> <span class='ocrx_word' id='word_1_769' title='bbox 2084 3001 2118 3031; x_wconf 90' lang='lat' dir='ltr'>in</span> <span class='ocrx_word' id='word_1_770' title='bbox 2132 3004 2321 3042; x_wconf 68' lang='lat' dir='ltr'>perpetuum</span> <span class='ocrx_word' id='word_1_771' title='bbox 2331 3008 2395 3039; x_wconf 53' lang='lat' dir='ltr'>pff?</span> 
     </span>
     <span class='ocr_line' id='line_1_117' title="bbox 1434 3051 2409 3095; baseline 0.003 -11"><span class='ocrx_word' id='word_1_772' title='bbox 1434 3054 1584 3092; x_wconf 85' lang='lat' dir='ltr'>sidenda,</span> <span class='ocrx_word' id='word_1_773' title='bbox 1602 3064 1663 3094; x_wconf 87' lang='lat' dir='ltr'>qne</span> <span class='ocrx_word' id='word_1_774' title='bbox 1681 3060 1862 3087; x_wconf 88' lang='lat' dir='ltr'>nostrorum</span> <span class='ocrx_word' id='word_1_775' title='bbox 1879 3055 2057 3095; x_wconf 84' lang='lat' dir='ltr'>privilegiis</span> <span class='ocrx_word' id='word_1_776' title='bbox 2071 3055 2332 3094; x_wconf 85' lang='lat' dir='ltr'>predecessorum</span> <span class='ocrx_word' id='word_1_777' title='bbox 2345 3051 2393 3087; x_wconf 57' lang='lat' dir='ltr'>vl&lt;</span> <span class='ocrx_word' id='word_1_778' title='bbox 2407 3063 2409 3065; x_wconf 83' lang='grc'><strong>’</strong></span> 
     </span>
    </p>
   </div>
   <div class='ocr_carea' id='block_1_12' title="bbox 1393 2800 1408 3081">
    <p class='ocr_par' dir='ltr' id='par_1_15' title="bbox 1393 2800 1408 3081">
     <span class='ocr_line' id='line_1_118' title="bbox 1393 2800 1408 3081; textangle 90"><span class='ocrx_word' id='word_1_779' title='bbox 1395 3065 1408 3081; x_wconf 60' lang='lat' dir='ltr'>U</span> <span class='ocrx_word' id='word_1_780' title='bbox 1395 3013 1408 3028; x_wconf 56' lang='grc' dir='ltr'>ὃ</span> <span class='ocrx_word' id='word_1_781' title='bbox 1394 2959 1408 2975; x_wconf 56' lang='grc' dir='ltr'><strong>ἕ</strong></span> <span class='ocrx_word' id='word_1_782' title='bbox 1395 2905 1407 2921; x_wconf 61' lang='lat'>3</span> <span class='ocrx_word' id='word_1_783' title='bbox 1393 2853 1407 2868; x_wconf 61' lang='grc'><strong>8</strong></span> <span class='ocrx_word' id='word_1_784' title='bbox 1394 2800 1407 2815; x_wconf 53' lang='grc' dir='ltr'>ὃ</span> 
     </span>
    </p>
   </div>
  </div>
 </body>
</html>
