2342 3652
0 0 26 16 ΓΑ
31 0 63 14 '-

953 365 1180 405 nnnxinnn
1203 368 1358 404 ANNEE.
2153 384 2209 415 323

122 442 219 484 plinis
235 441 409 471 scolasticis
426 440 590 476 insistens,
612 439 650 468 ad
669 439 874 469 residentiam
892 440 925 468 in
943 440 1074 469 ecclesia
1089 440 1127 469 de

124 494 339 530 Westeiham,
370 493 529 523 Roffensis
561 492 733 528 dioecesis,
760 497 790 521 et
818 492 857 522 ad
887 493 1126 531 suscipiendum

120 548 264 579 ordinem
282 545 511 576 sacerdotalem
529 553 593 575 non
613 549 767 576 teneatur.
867 547 871 551 '

162 612 175 627 α
194 599 360 629 Laudabili
375 598 534 628 desiderio
551 602 641 627 tuo...
654 614 694 620 —
708 598 780 627 Dat.
799 599 911 632 Rome,
929 598 1013 636 apud
1029 598 1126 628 Sanc-

123 659 183 685 tam
213 653 348 683 Mariam
379 652 551 690 Majorcm,
582 660 600 680 x
632 650 786 680 kalendas
815 651 1010 686 decembris,
1042 659 1128 681 anno

121 706 267 738 secundo.
289 718 301 732 n

193 878 304 906 ¹222

156 940 338 975 Dispensatio
355 939 540 966 matrimonii,
558 938 638 973 (Risu.
656 938 700 969 44,
718 947 742 964 c.
762 938 823 968 635.
840 939 859 964 f.
876 938 928 964 ‘255
946 945 991 967 v0;
1010 937 1125 969 Por’rn„

121 990 228 1024 23100.)

423 875 778 910 Sainte-Marie-Majeure,
795 875 829 902 2⁴2
845 876 961 902 octobre
979 876 1054 902 1‘289.

161 1115 181 1122 ..
211 1091 311 1128 priori
338 1090 567 1128 predicatorum
596 1093 622 1117 et
652 1112 671 1118 ..
701 1089 874 1125 yttardiano
904 1090 1062 1125 minorum
1094 1090 1127 1118 de

121 1146 238 1182 Fiyiaco
255 1145 391 1180 fratrum
409 1143 568 1177 ordinum,
590 1142 782 1171 Caturcensis
800 1143 939 1178 diocesis,
958 1142 1128 1171 committit

121 1202 274 1238 quatenus
293 1205 366 1226 cum
381 1196 546 1232 Jobanne,
566 1200 640 1225 nato
663 1195 827 1234 quondam
846 1195 932 1225 Petri
950 1196 1122 1231 Hebrardi,

120 1257 149 1282 et
173 1250 327 1286 Prasina,
362 1253 436 1279 nata
465 1249 631 1287 quondam
661 1249 808 1286 magistri
846 1248 1049 1286 Rigaldihelli
1087 1249 1126 1279 de

120 1305 260 1343 Figiaco‚
280 1303 482 1333 Caturcensis
508 1302 679 1337 dioecesis,
700 1302 864 1340 dispenset
888 1306 922 1331 ut
954 1302 988 1331 in
1015 1303 1124 1332 matri-

119 1357 225 1388 monio
240 1357 324 1396 quod
340 1356 434 1392 olim,
452 1356 640 1393 ignorantes
655 1355 817 1394 quondam
834 1355 1044 1385 Guillelmum
1063 1357 1125 1386 Bo-

120 1410 238 1450 querii,
256 1418 383 1440 uxorem
402 1409 574 1446 Prasinae,
596 1409 689 1439 Petro
705 1413 819 1447 quarto
837 1409 1126 1446 consanguinitatis

119 1464 214 1502 gradu
224 1464 292 1502 conj
300 1466 430 1493 unctum
444 1463 552 1499 fuisse,
561 1467 801 1498 contraxerunt,
811 1471 977 1492 remanere
987 1463 1124 1493 valeant.

159 1528 173 1543 «
197 1516 344 1546 Exhibita
365 1516 455 1546 nobis
478 1515 625 1545 dilecti...
643 1533 682 1537 —
698 1515 768 1544 Dat.
789 1515 907 1551 Rome,
924 1516 1009 1554 apud
1026 1516 1124 1546 Sanc-

121 1574 180 1600 tam
210 1569 345 1599 Mariam
375 1570 549 1607 MaJ'orem,
575 1578 607 1598 si
632 1568 785 1598 kalendas
815 1568 1015 1605 novembris,
1041 1578 1127 1599 anno

121 1623 268 1653 secundo.
293 1635 305 1650 ιι

191 1794 303 1823 Ιῖ23

157 1856 359 1884 Monasterium
381 1856 478 1883 Sancti
498 1856 612 1883 Nazarii
628 1856 662 1882 de
685 1856 800 1891 Opreno
829 1857 883 1883 sub
910 1857 985 1883 Petri
1013 1860 1127 1891 protec-

121 1905 195 1932 tione
212 1905 379 1940 suscipitur.
398 1906 480 1939 (Rae.
498 1906 542 1937 44,
558 1914 584 1932 c.
603 1905 664 1940 636,
682 1907 700 1932 f.
717 1905 769 1932 255
784 1907 835 1938 v0.)

375 1793 736 1828 Sainte-Marie—Majeure,
755 1793 786 1820 13
804 1794 959 1820 novembre
976 1794 1053 1821 1289.

161 2031 181 2039 ..
200 2009 339 2038 ministre
354 2013 379 2036 et
393 2009 549 2037 sororibus
565 2009 671 2037 domus
682 2008 787 2037 Sancti
803 2009 933 2037 Nazarii
948 2009 982 2037 de
997 2008 1125 2047 Opren0‚

122 2063 237 2092 ordinis
250 2062 281 2092 S.
298 2062 480 2099 Auqushni,
498 2062 726 2091 Mediolanetisis
742 2063 875 2091 diocesis.

163 2128 176 2141 «
195 2115 400 2146 Sacrosancta
416 2124 546 2145 romana
563 2115 733 2146 ecclesia...
751 2132 788 2138 --
812 2116 882 2145 Dat.
909 2116 1024 2151 Rome,
1043 2116 1127 2155 apud
1148 2145 1150 2148 ,

123 2167 269 2199 Sanctam
301 2169 436 2199 Mariam
469 2169 643 2208 Maj0rem,
674 2169 781 2199 idibus
813 2169 1014 2206 novembris,
1043 2177 1128 2200 anno

123 2221 270 2251 secundo.
293 2233 306 2248 ι,

195 2401 310 2430 1224
390 2401 740 2436 Sainte-MarieMaJeure,
760 2401 791 2428 13
808 2402 962 2428 novembre
978 2401 1056 2428 1289.

158 2462 212 2490 Pro
237 2463 415 2497 Beradesca,
443 2464 580 2490 haeretici
605 2463 694 2498 patris
723 2464 790 2490 filia.
816 2463 898 2498 (Rae.
928 2464 980 2498 44,
1007 2472 1032 2491 c.
1057 2464 1126 2497 637,

125 2511 142 2538 ἰ.
157 2511 207 2539 ‘255
222 2513 273 2545 νῦ.)

162 2614 268 2644 Dilecte
284 2615 317 2643 in
331 2613 450 2644 Christo
464 2614 528 2651 filie
542 2615 710 2652 Beradesce,
727 2615 854 2644 mulieri
867 2616 997 2646 Reatine.
1008 2615 1129 2645 Confir-

125 2670 189 2696 mat
209 2666 424 2697 venditionem
448 2676 510 2705 qua
525 2666 680 2704 Thomas,
698 2667 956 2706 archipresbyter
978 2667 1128 2698 ecclesiae

125 2717 230 2749 Sancti
245 2719 407 2750 Johannis
428 2720 583 2750 Reatinae
605 2729 622 2750 a
639 2721 732 2750 Petro
754 2721 794 2750 de
812 2721 1076 2751 Monaldensibus
1092 2721 1129 2750 de

127 2771 321 2810 urbeveteri,
336 2777 410 2803 tunc
422 2778 575 2812 potestate
590 2774 729 2804 civitatis
744 2775 897 2804 Reatinae
908 2797 915 2810 ‚
932 2774 1015 2804 bona
1030 2783 1130 2812 quon-

126 2824 196 2854 dam
213 2825 353 2856 Oddonis
376 2827 516 2856 Thomae
532 2831 561 2857 et
578 2827 718 2857 Thomae
735 2828 802 2865 ejus
818 2827 894 2865 filii,
912 2828 1011 2866 patris
1029 2828 1128 2857 Bera-

127 2877 244 2910 descae.
263 2879 507 2917 haereticorum,
525 2880 564 2910 ab
580 2880 827 2919 inquisitoribus
841 2881 1022 2917 confiscata,
1045 2890 1130 2919 emp-

128 2930 176 2966 sit,
194 2935 223 2960 et
239 2932 478 2962 concessionem
499 2942 561 2971 qua
584 2933 668 2962 idem
691 2933 950 2972 archipresbyter
972 2934 1129 2972 praefatae

130 2982 319 3014 Bet-adescae
340 2984 398 3020 illav
416 2985 497 3015 bona
515 2985 622 3015 dotem
640 2985 736 3015 dedit.
755 2986 923 3016 Praeterea
939 2995 1011 3016 cum
1030 2987 1127 3016 Bera-

130 3035 219 3065 desca
234 3036 396 3075 dispensat
412 3042 460 3075 ut,
479 3046 544 3068 non
559 3038 704 3068 obstante
721 3039 843 3077 paterni
859 3040 975 3069 erroris
991 3039 1127 3075 macula,

1209 448 1320 469 omnes
1341 445 1428 470 actus
1452 441 1609 479 legitimos
1624 452 1770 474 exercere
1786 449 1815 474 et
1831 445 1870 474 ad
1885 454 2120 486 quamcumque
2135 449 2212 487 legi-

1212 492 1322 522 timam
1341 496 1573 524 successionem
1592 496 1717 526 admitti
1736 497 1848 528 valeat.

1252 558 1265 571 α
1287 546 1437 576 Libenter
1453 547 1516 577 hiis
1532 549 1670 586 gratie„
1687 566 1727 572 —
1743 550 1814 580 Dat.
1834 556 1867 580 ut
1883 560 1987 590 snpra.
2010 564 2023 578 n

1282 718 1396 746 1225

1245 777 1429 813 Dispensatio
1445 781 1627 807 matrimonii.
1642 782 1723 813 (Rae.
1739 783 1782 812 44,
1799 792 1824 810 c.
1842 783 1901 815 638,
1919 785 1938 811 f.
1957 785 2005 812 ζ256
2022 787 2070 819 1⁸⁰.)

1469 718 1820 754 Sainte-Marie-Majeure,
1837 722 1867 748 521
1887 723 2041 750 novembre
2064 724 2139 752 1289.

1254 880 1422 909 Venerabili
1438 881 1532 916 fratri
1549 904 1567 910 ..
1590 883 1723 920 episcopo
1740 884 1925 913 Lausanensi
1941 890 1966 914 et
1982 887 2087 916 dilecto
2105 887 2169 924 filio
2191 910 2210 917 ..

1207 934 1382 971 quardiano
1408 935 1564 962 minorum
1594 936 1777 964 Lausanensi
1805 937 1935 966 mandat
1956 943 2113 976 quatenus
2139 949 2212 970 curn

1209 986 1310 1016 nobili
1326 987 1393 1015 viro
1412 987 1572 1024 Aymone,
1593 992 1665 1017 nato
1688 989 1849 1026 quondam
1874 989 2040 1020 Guillelmi
2067 991 2105 1021 de
2132 992 2212 1022 Gre-

1208 1038 1304 1075 siaco‚
1316 1038 1542 1068 Gebennensis
1554 1039 1729 1075 dioecesis,
1749 1045 1779 1070 et
1794 1041 1895 1070 nobili
1909 1042 2041 1072 muliere
2053 1044 2211 1082 Beatrice,

1208 1096 1283 1120 nata
1310 1092 1472 1130 quondam
1500 1092 1617 1122 Gerodi
1634 1093 1672 1122 de
1689 1094 1799 1130 Turre,
1829 1094 2025 1124 Sedunensis
2048 1096 2212 1134 dioecesis,

1208 1145 1372 1183 dispenset
1385 1151 1418 1174 ut
1433 1146 1465 1174 in
1480 1146 1686 1176 matrimonio
1704 1147 1797 1184 quod,
1818 1148 2002 1185 ignorantes
2019 1158 2050 1178 se
2075 1150 2166 1180 tertio
2183 1155 2213 1180 et

1208 1202 1322 1236 quarto
1338 1199 1628 1235 consanguinitatis
1644 1200 1742 1237 gradu
1760 1201 1945 1239 conjunctos
1961 1211 2039 1238 esse,
2054 1207 2212 1233 contraxe-

1208 1256 1283 1281 runt
1302 1258 1332 1281 et
1357 1252 1391 1281 in
1414 1262 1476 1291 quo
1495 1253 1599 1291 plures
1619 1253 1699 1283 filios
1723 1259 1945 1292 procrearunt,
1971 1265 2136 1286 remanere
2160 1266 2213 1286 va-

1206 1304 1304 1335 leant.

1253 1370 1265 1384 ‹
1288 1359 1404 1388 Petitio
1426 1359 1535 1388 dilecti
1554 1359 1651 1390 filii...
1671 1376 1709 1381 -—
1726 1360 1796 1389 Dat.
1816 1361 1935 1396 Rome,
1959 1361 2042 1399 apud
2065 1361 2213 1392 Sanctam

1210 1412 1343 1441 Mariam
1357 1413 1523 1451 Majorem,
1535 1422 1563 1441 in
1575 1412 1727 1442 kalendas
1737 1414 1925 1450 decembris,
1938 1423 2024 1444 anno
2034 1415 2209 1446 secundo.»

1284 1585 1398 1614 1³32ss

1245 1647 1428 1682 Dispensatio
1445 1656 1532 1682 super
1548 1648 1707 1682 pluralitate
1722 1648 1936 1674 beneficiorum.
1952 1649 2032 1683 (Rae.
2051 1650 2093 1682 44,
2111 1657 2136 1676 c.
2149 1650 2210 1681 639,

1208 1696 1227 1722 f.
1244 1696 1294 1722 256
1311 1698 1358 1728 ro.)

1473 1585 1825 1620 Sainte-Marie-Majeure,
1844 1586 1877 1612 20
1893 1587 2046 1613 novembre
2064 1588 2140 1615 1289.

1255 1799 1420 1828 Venerabili
1433 1799 1526 1834 fratri
1537 1799 1668 1834 lieberto,
1677 1799 1871 1827 Bathont'ensi
1883 1803 1908 1827 et
1923 1799 2059 1828 Wellensi
2068 1800 2210 1836 episcopo.

1209 1853 1289 1882 Eum
1316 1855 1430 1890 purgat
1454 1860 1472 1880 a
1500 1851 1625 1880 macula
1650 1860 1766 1889 qnam,
1792 1851 1959 1881 beneficiis
1978 1852 2111 1890 receptis
2134 1852 2216 1882 nltra

1210 1914 1380 1935 numerum
1391 1912 1515 1943 proquo
1524 1913 1597 1933 cum
1608 1904 1676 1942 ipso
1686 1905 2032 1942 dispensatumsuerat,
2045 1910 2214 1944 antequam

1209 1958 1248 1988 ad
1261 1957 1471 1997 episcopalem
1485 1957 1674 1994 dignitatem
1685 1961 1858 1993 vocaretur,
1871 1958 2042 1993 contraxit3
2054 1958 2097 1987 ita
2111 1964 2214 1988 tamen

1211 2016 1244 2041 ut
1257 2010 1480 2041 collectoribus
1498 2010 1640 2039 decimae
1656 2010 1772 2040 Terrae
1791 2010 1925 2040 Sanctae
1943 2010 2085 2040 subsidio
2101 2019 2214 2040 conce—

1210 2064 1333 2094 dendae
1352 2064 1386 2092 in
1406 2063 1540 2100 Anglia,
1562 2063 1646 2092 infra
1671 2068 1739 2093 octo
1761 2072 1888 2093 menses
1914 2068 1983 2102 post
2001 2064 2215 2102 receptionem

1210 2117 1438 2156 praesentium,
1457 2120 1619 2146 sexcentas
1636 2116 1782 2146 marchas
1799 2117 2025 2154 sterlingorum
2042 2117 2192 2154 assignet.

1251 2183 1264 2197 «
1288 2170 1437 2200 Exhibita
1455 2170 1545 2199 nohis
1572 2175 1660 2199 tua...
1680 2186 1718 2190 —
1733 2170 1803 2198 Dat.
1825 2170 1940 2203 Rome,
1964 2170 2047 2207 apud
2064 2169 2212 2199 Sanctam

1210 2224 1347 2254 Mariam
1376 2224 1546 2262 Majorem,
1572 2232 1615 2252 xri
1646 2223 1799 2252 kalendas
1824 2223 2019 2259 decembris,
2046 2231 2131 2252 anno
2162 2232 2212 2253 se-

1210 2278 1324 2308 cundo.
1346 2289 1360 2303 »

1285 2451 1304 2477 1
1315 2450 1397 2479 *227

1244 2512 1427 2546 Dispensatio
1443 2519 1531 2546 super
1544 2511 1703 2545 pluralitate
1719 2510 1932 2535 beneficiorum.
1950 2509 2032 2542 (Itan.
2051 2509 2093 2541 44,
2107 2517 2133 2535 c.
2147 2509 2208 2544 540,

1209 2563 1228 2588 f.
1247 2562 1296 2588 256
1311 2562 1358 2593 1·⁰.)

1464 2447 1824 2482 sainte-Marieuwlajeure,
1845 2448 1882 2473 1⁶¹·
1896 2447 2045 2473 decembre
2064 2447 2140 2473 1289.

1249 2663 1383 2692 ,Iohanni
1399 2662 1537 2697 Martini,
1559 2662 1702 2689 canonico
1721 2660 1921 2695 Ulixtonensz',
1940 2659 2068 2689 obtentu
2084 2659 2210 2696 Jacobi,

1211 2718 1343 2747 Sanctae
1365 2715 1485 2745 Mariae
1501 2715 1533 2743 in
1551 2715 1610 2744 Via
1625 2713 1686 2743 lata
1708 2713 1834 2743 diaconi
1858 2712 2040 2748 cardinalis,
2060 2716 2090 2741 et
2105 2713 2211 2742 consi—

1211 2771 1374 2800 deratione
1391 2768 1552 2806 Dionysii,
1571 2767 1654 2805 regis
1669 2766 1903 2804 Portugalliae,
1919 2767 2009 2804 cujus
2029 2765 2163 2795 clericus
2182 2770 2212 2796 et

1211 2823 1416 2854 consiliarius
1444 2827 1500 2857 est,
1518 2830 1590 2850 cum
1608 2830 1643 2850 eo
1661 2820 1823 2858 dispensat
1840 2824 1884 2856 ut,
1910 2824 2031 2858 praeter
2046 2819 2210 2849 ecclesiam

1211 2877 1318 2908 Sancti
1346 2874 1512 2904 Michaelis
1535 2874 1573 2903 de
1590 2875 1688 2908 Avoo,
1703 2882 1810 2902 curam
1827 2872 2008 2901 animarum
2022 2872 2208 2909 habentem,

1211 2929 1453 2961 Colimbriensis
1491 2927 1644 2957 dioecesis
1660 2950 1666 2962 ,
1707 2926 1912 2955 canonicatus
1948 2930 1978 2954 et
2016 2926 2210 2964 praebendas

1211 2985 1244 3014 in
1260 2982 1482 3016 Ulixbonensi,
1500 2979 1727 3010 Colimbriensi
1747 2984 1777 3008 et
1801 2979 1986 3008 Lamecensi
2003 2979 2155 3016 ecclesiis,
2181 2984 2211 3009 et

1211 3037 1366 3076 quaedam
1392 3034 1607 3074 prestimonia,
1639 3033 1707 3062 sine
1723 3041 1808 3069 cura,
1838 3032 1871 3061 in
1897 3032 2032 3062 diversis
2054 3032 2207 3069 ecclesiis,
