2477 3637
284 413 342 445 152
1032 408 1270 440 REGISTRES
1292 402 1347 440 DE
1368 407 1552 439 NICOLAS
1576 407 1632 437 IV.

284 493 301 510 »
324 481 410 512 idem
431 489 484 511 rex
503 479 605 510 nichil
625 479 741 509 horum
764 477 836 508 iecit
853 476 1028 514 hactenus,
1049 481 1080 506 et
1102 476 1293 515 promittunt

286 544 302 565 )
324 534 409 575 quod
429 535 496 573 ipse
515 534 550 563 in
567 533 709 563 futurum
727 540 791 562 non
811 530 914 565 faciet,
933 529 988 560 sed
1004 534 1034 559 et
1051 530 1121 560 fieri
1141 529 1292 569 prohibe-

284 599 300 616 »
325 588 386 624 bit,
404 591 433 617 et
455 586 539 625 quod
553 609 561 623 ‚
583 586 608 615 si
625 594 680 623 per
697 592 771 614 suos
791 583 949 619 subditos,
973 583 1218 612 communitates
1245 580 1295 612 vel

285 653 300 669 ι
323 640 403 671 alias
419 644 528 670 contra
545 639 660 668 sactum
677 637 784 673 fuerit,
796 636 919 676 Justitie
933 635 1205 674 complementum
1219 643 1292 666 con-

284 706 300 722 »
323 693 532 733 querentibus
548 690 722 726 exhibebit,
737 690 775 720 de
789 689 938 728 dampnis
955 693 985 718 et
999 689 1128 727 injuriis
1144 688 1292 718 satisfieri

281 759 295 775 ι
322 746 479 776 faciendo.

324 812 338 827 n
363 799 525 838 Septimus
540 797 693 828 articulus
708 801 754 827 est
771 809 777 827 :
796 797 876 827 Item
891 797 916 826 si
933 797 1091 834 contingit
1105 795 1189 835 quod
1205 795 1292 825 locus

283 865 298 880 »
321 853 436 892 aliquis
453 851 502 881 vel
516 851 647 881 ecclesia
664 855 860 890 supponatur
881 850 1092 881 ecclesiastico
1110 849 1290 885 interdicto,

282 917 297 934 n
322 905 482 945 veljudex
506 910 561 935 aut
577 904 659 935 alins
675 903 822 935 officialis
844 905 938 943 regis,
965 903 1014 933 vel
1030 903 1146 942 aliquis
1163 907 1218 932 aut
1232 901 1290 932 ali—

283 971 297 988 »
321 960 378 998 qui
396 959 435 989 de
458 959 525 997 ipso
548 958 615 989 loco
635 958 966 994 excommunicentur,
988 960 1131 987 statuunt
1152 956 1236 985 inter
1259 965 1291 985 se

282 1026 296 1042 n
321 1013 534 1044 communiter
558 1013 640 1052 quod
665 1011 775 1042 nullus
798 1011 898 1042 solvat
922 1011 1061 1041 decimas
1076 1035 1082 1047 ,
1100 1009 1149 1039 vel
1172 1010 1206 1039 in
1229 1014 1291 1039 tes-

281 1078 296 1095 »
322 1070 461 1097 tamento
488 1066 609 1105 aliquid
640 1066 802 1104 relinquat
831 1065 978 1101 ecclesie,
1009 1073 1063 1094 seu
1095 1063 1291 1094 oblationem

282 1131 296 1148 n
320 1120 462 1158 aliquam
484 1119 522 1148 ad
547 1118 713 1149 ecclesiam
741 1119 842 1157 ipsam
868 1119 959 1148 ferat.
987 1117 1194 1156 Respondent
1218 1124 1291 1154 pro-

281 1184 296 1201 »
320 1177 481 1203 curatores
509 1172 640 1210 predicti
664 1176 694 1201 et
721 1171 913 1210 promittuut
937 1169 1019 1209 quod
1044 1169 1128 1199 idem
1153 1178 1206 1198 rex
1232 1168 1291 1198 hoc

280 1236 295 1253 »
319 1225 389 1255 fieri
412 1225 611 1264 prohibebit,
639 1229 667 1254 et
691 1224 941 1262 prohibitionem
962 1232 1052 1252 suam
1073 1222 1166 1251 saciet
1183 1222 1290 1251 obser-

279 1290 294 1307 »
318 1279 400 1316 vari,
419 1279 457 1308 de
473 1278 620 1317 dampnis
637 1282 667 1307 et
684 1277 814 1315 injuriis
831 1276 978 1306 satisfieri
997 1275 1152 1312 faciendo,
1178 1279 1208 1304 et
1231 1284 1290 1313 pu—

279 1343 294 1359 »
319 1331 437 1361 niendo
455 1331 654 1361 contrarium
672 1330 841 1366 facientes,
860 1333 950 1368 prout
968 1329 1087 1358 suerint
1102 1327 1268 1366 puniendi.

321 1395 334 1411 »
358 1384 496 1414 Octavus
511 1383 665 1412 articulus
679 1387 726 1412 est
744 1392 750 1412 :
768 1383 915 1411 Preterea
931 1382 1069 1420 prefatus
1089 1389 1139 1410 rex
1160 1385 1189 1409 et
1205 1388 1291 1410 com-

278 1449 292 1464 »
316 1437 487 1466 munitates
509 1437 577 1475 ejus
601 1445 664 1466 non
689 1435 879 1474 permittunt
902 1435 1063 1473 episcopos
1081 1433 1288 1464 ecclesiarum

278 1500 293 1518 »
318 1499 449 1520 suarum
477 1489 640 1519 civitatum
671 1493 701 1518 et
725 1488 902 1518 diocesium
925 1487 1108 1526 parrochias
1135 1487 1286 1516 limitare.

278 1554 294 1570 »
318 1543 525 1582 Respondent
542 1546 762 1581 procuratores
784 1541 918 1581 predicti
942 1541 1025 1580 quod
1049 1540 1150 1579 placet
1172 1540 1241 1578 regi
1257 1544 1291 1570 ut

280 1606 293 1623 n
318 1595 504 1635 huJusmodi
527 1595 676 1625 limitatio
707 1595 762 1624 fiat
785 1604 840 1634 per
863 1594 998 1633 prelatos
1023 1595 1110 1633 justa
1135 1599 1165 1623 et
1190 1602 1286 1633 equa,

279 1661 293 1676 n
317 1650 436 1680 vocatis
465 1650 511 1679 eis
542 1657 680 1688 quorum
714 1649 849 1679 interest
876 1657 930 1687 per
961 1648 1100 1678 edictum
1126 1647 1289 1686 publicum

281 1714 294 1730 n
318 1703 560 1742 proponendum
584 1703 616 1732 in
640 1702 781 1733 ecclesiis
799 1702 836 1732 de
853 1711 991 1740 quorum
1013 1701 1188 1741 parrochiis
1204 1701 1290 1731 limi-

279 1768 293 1784 >›
320 1756 425 1786 tandis
442 1761 564 1794 agetur,
583 1757 683 1786 tribus
702 1755 873 1786 dominicis
890 1755 1001 1785 diebus
1017 1755 1191 1791 continuis,
1207 1755 1290 1784 infra

280 1821 293 1837 n
318 1810 490 1840 missarum
510 1809 711 1848 sollempnia,
726 1818 832 1839 coram
850 1809 964 1848 populo
982 1813 1057 1838 tunc
1073 1812 1230 1847 presente,
1246 1808 1290 1838 ita

278 1874 294 1890 »
318 1863 402 1902 quod
421 1863 489 1893 dies
511 1863 550 1892 ad
569 1863 752 1893 faciendum
774 1858 999 1892 limitationem
1021 1862 1139 1900 prefixa
1155 1862 1188 1891 in
1208 1870 1289 1900 quo-

279 1929 294 1945 »
317 1916 395 1947 libet
422 1917 618 1955 exprimatur
645 1916 763 1953 edicto,
786 1916 954 1954 ipsamque
979 1915 1064 1945 diem
1088 1915 1228 1945 edictum
1254 1915 1287 1944 in

279 1982 293 1997 ν
319 1971 410 2000 tertia
440 1970 601 2000 dominica
635 1970 877 2009 proponendum
905 1970 1002 1999 unius
1030 1969 1142 1999 saltem
1170 1968 1290 1998 mensis

279 2035 293 2050 n
319 2023 420 2062 spatio
438 2023 612 2053 antecedat.
631 2023 721 2059 Quod
745 2023 772 2052 si
799 2032 850 2052 rex
868 2023 934 2062 ipse
955 2024 987 2052 in
1012 2022 1119 2061 aliqua
1140 2022 1289 2052 ecclesia-

280 2089 294 2104 »
318 2087 391 2108 rum
407 2078 590 2116 hujusmodi
615 2078 668 2116 jus
684 2082 869 2116 patronatus
886 2077 1049 2114 habuerit,
1068 2077 1128 2107 erit
1151 2081 1290 2115 tempore

279 2142 293 2158 n
318 2139 458 2170 congruo
482 2136 556 2161 ante
581 2131 726 2161 faciende
758 2130 962 2160 limitationis
993 2130 1079 2159 diem
1109 2128 1290 2168 specialiter

279 2196 293 2212 »
317 2185 515 2221 evocandus3
535 2190 565 2214 et
580 2184 786 2214 consentiunt
800 2183 911 2223 prelati
924 2183 1007 2222 quod
1025 2183 1049 2213 si
1067 2182 1227 2219 limitatio,
1244 2182 1289 2211 eis

278 2250 292 2265 x>
317 2248 452 2277 quorum
468 2238 601 2267 interest
614 2246 676 2267 non
695 2237 825 2276 vocam,
846 2241 880 2265 ut
897 2236 1019 2265 dictum
1043 2240 1105 2271 est,
1124 2235 1163 2265 de
1186 2239 1289 2265 cetero

279 2303 292 2319 n
318 2292 415 2322 suerit
438 2293 532 2327 facta,
554 2300 618 2321 non
647 2295 749 2321 teneat
767 2302 773 2327 3
802 2291 845 2320 ita
860 2294 966 2320 tamen
985 2290 1069 2329 quod
1096 2290 1218 2328 patroni
1234 2289 1288 2329 qui

279 2357 294 2372 »
318 2349 393 2375 sunt
411 2346 545 2375 barones
562 2349 616 2374 aut
634 2344 754 2374 milites
771 2343 820 2374 vel
842 2343 901 2373 filii
917 2343 1058 2373 militum
1077 2351 1141 2373 non
1158 2342 1291 2372 veniant

279 2410 293 2426 »
318 2399 544 2439 personaliter,
569 2398 623 2428 sed
647 2398 776 2427 mittant
802 2400 1038 2436 procuratores,
1066 2396 1092 2425 si
1117 2395 1238 2434 velint3
1261 2399 1291 2426 et

317 2453 507 2492 promittunt
525 2452 656 2489 predicti
680 2455 901 2490 procuratores
919 2449 1002 2489 quod
1026 2450 1128 2480 dictus
1145 2459 1198 2479 rex
1217 2458 1288 2489 pre-

281 2517 293 2534 »
317 2507 396 2537 latos
417 2507 450 2535 iu
475 2506 534 2535 hoc
560 2505 743 2535 nullatenus
762 2504 929 2543 impediet,
948 2503 1002 2533 sed
1025 2502 1205 2533 observabit
1227 2506 1289 2541 que

278 2573 292 2588 ι
316 2561 456 2600 predicta
479 2563 565 2595 sunt,
585 2562 741 2598 quantum
764 2556 935 2596 pertinebit
950 2555 990 2586 ad
1008 2556 1132 2595 ipsum,
1151 2560 1181 2585 et
1197 2555 1289 2585 faciet

277 2625 292 2641 »
316 2622 334 2643 a
350 2614 416 2643 suis
432 2612 569 2642 subditis
589 2611 762 2642 observari.

318 2679 332 2694 ³>
357 2667 470 2697 Nonus
492 2665 644 2695 articulus
663 2668 708 2695 est
726 2674 732 2694 :
752 2664 834 2694 Item
858 2667 990 2702 usurpat
1011 2662 1071 2692 sibi
1094 2662 1162 2701 ipse
1182 2670 1235 2691 rex
1259 2665 1289 2691 et

279 2733 292 2749 n
318 2720 566 2751 communitates
582 2720 662 2758 ejus,
682 2719 715 2748 in
734 2717 928 2757 quibusdam
947 2716 1179 2756 episcopatibus
1197 2716 1287 2753 regni

279 2786 292 2801 n
319 2774 425 2804 tertias
441 2773 638 2803 decimarum
652 2771 858 2802 ecclesiarum
876 2770 1004 2800 fabricis
1019 2770 1196 2808 deputatas,
1210 2771 1240 2798 et
1254 2768 1287 2797 in

279 2838 293 2854 »
317 2827 505 2866 quibusdant
527 2822 738 2864 pontificales,
756 2830 786 2854 et
800 2824 923 2854 faciunt
943 2824 981 2853 de
1002 2823 1078 2862 ipsis
1096 2822 1196 2852 tertiis
1211 2830 1288 2852 con-

279 2871 396 2909 »'st1·ui
418 2884 448 2908 et
467 2880 552 2908 retici
577 2887 684 2909 muros
708 2887 800 2916 suos,
817 2883 846 2907 et
867 2877 1057 2916 quandoque
1074 2876 1144 2905 illas
1165 2883 1218 2914 pro
1236 2875 1289 2904 sti-

279 2944 294 2959 »
319 2932 445 2971 peudiis
461 2942 512 2961 rex
531 2933 672 2969 assignat
687 2931 845 2961 militibus
860 2934 1065 2960 memoratus.
1083 2928 1289 2968 Respondent

280 2998 294 3013 »
318 2991 536 3025 procuratores
563 2985 692 3023 predicti
715 2985 798 3024 quod
825 2994 878 3014 rex
904 2983 1063 3014 consentit
1087 2982 1170 3021 quod
1198 2982 1288 3011 tertia

279 3052 293 3068 »
318 3040 515 3069 decimarum
548 3039 740 3077 percipiatur
769 3038 807 3067 ad
837 3046 946 3068 muros
980 3035 1211 3066 construendos
1238 3033 1287 3063 vel

280 3106 293 3121 n
318 3092 505 3123 reficiendos
522 3093 553 3122 in
577 3092 641 3121 illis
657 3092 822 3121 dumtaxat
837 3090 980 3121 ecclesiis
996 3090 1029 3120 in
1045 3089 1162 3128 quihus
1177 3097 1195 3118 a
1213 3087 1287 3117 fun-

278 2465 285 2480 )

1375 487 1389 502 n
1413 475 1540 504 datione
1565 473 1708 512 ipsarum
1737 472 1943 503 ecclesiarum
1963 473 2023 504 hoc
2043 483 2188 513 expresse
2208 479 2313 506 actum
2335 482 2381 509 est

1373 541 1387 556 ι
1414 528 1453 558 de
1473 535 1632 557 consensu
1656 525 1849 565 prelatorum
1863 550 1872 563 ,
1895 527 1930 556 in
1953 527 2027 557 aliis
2051 537 2125 559 vero
2139 529 2192 567 jus
2212 532 2381 563 commune

1377 592 1390 609 ι
1415 585 1574 617 servetur,
1592 584 1622 610 et
1638 579 1828 619 promittunt
1840 579 1916 610 dicti
1934 585 2154 619 procuratores
2170 590 2277 620 regem
2290 583 2333 613 ita
2347 584 2380 615 in

1376 646 1391 662 »
1415 639 1575 674 posterum
1597 638 1815 669 servaturum,
1839 637 1869 664 et
1895 633 1979 665 hanc
2001 636 2243 674 responsionem
2269 636 2380 675 prelati

1377 699 1391 715 »
1415 695 1470 727 pro
1486 687 1569 717 bono
1586 686 1669 725 pacis
1687 687 1842 725 patienter
1857 691 2030 725 acceptant.

1416 753 1431 768 »
1457 741 1607 770 Decimus
1625 739 1780 769 articulus
1805 744 1852 769 est
1880 748 1887 770 :
1917 741 1998 770 Item
2023 741 2107 780 quod
2134 741 2305 780 hospitalia
2327 745 2405 778 soti

1375 805 1390 821 »
1414 793 1609 831 albergarias
1630 802 1805 831 pauperum
1826 793 1936 823 usibus
1952 793 2133 832 deputatas,
2158 804 2220 834 que
2245 796 2278 825 in
2299 789 2402 836 epis--

1376 859 1390 875 »
1414 855 1564 886 coporum
1590 846 1799 884 dispositione
1814 847 1853 876 de
1869 848 1942 885 jure
1965 849 2154 883 consistunt,
2172 856 2245 878 cum
2262 853 2394 888 posses*

1376 911 1389 927 n
1415 900 1560 930 sionibus
1589 902 1619 929 et
1647 899 1850 938 pertinentiis
1879 900 1948 930 suis
1981 905 2146 940 usurpant.
2179 901 2383 940 Respondent

1375 964 1390 980 »
1415 958 1631 991 procuratores
1651 953 1782 992 predicti
1799 953 1882 992 quod
1901 953 2002 992 placet
2019 954 2084 992 regi
2099 958 2134 984 ut
2149 955 2232 985 circa
2246 955 2306 986 hoc
2319 957 2383 987 ser'-

1375 1017 1389 1033 »
1415 1011 1529 1036 ventur
1543 1007 1597 1045 jus
1621 1015 1792 1036 commune
1812 1010 1842 1036 et
1862 1006 1943 1037 bone
1963 1007 2234 1045 cousuetudines3
2262 1012 2293 1038 et
2310 1015 2384 1048 pro-⁵

1375 1070 1389 1086 »
1414 1059 1547 1089 mittunt
1565 1060 1668 1098 ipsum
1693 1069 1800 1097 regem
1822 1060 1865 1089 ita
1884 1064 2036 1100 perpetuo
2055 1065 2268 1091 servaturum.

1416 1124 1430 1139 »
1456 1112 1656 1142 Undecimus
1674 1113 1830 1143 articulus
1845 1118 1890 1143 est
1909 1126 1914 1142 :
1935 1114 2014 1143 Item
2032 1114 2116 1153 quod
2139 1114 2301 1154 compellit
2321 1119 2383 1148 tam

1374 1175 1389 1191 ›>
1413 1173 1469 1203 per
1491 1174 1524 1194 se
1551 1174 1647 1204 qnam
1667 1174 1721 1204 per
1745 1167 1991 1196 communitates
2015 1175 2088 1196 suas
2112 1166 2243 1198 clericos
2269 1170 2295 1198 et
2315 1176 2382 1208 per-

1413 1225 1507 1247 sonas
1520 1218 1747 1248 ecclesiasticas
1761 1219 1799 1248 ad
1814 1219 2082 1250 contribuendum
2098 1220 2133 1249 in
2147 1221 2387 1254 constructione*
2436 1224 2438 1242 ἵ

1414 1279 1469 1299 seu
1491 1271 1662 1301 refectione
1682 1280 1848 1302 murorum
1865 1272 2030 1302 civitatum
2045 1276 2075 1302 et
2090 1273 2234 1304 locorum
2254 1283 2397 1311 suorum,
2414 1270 2415 1273 ’

1374 1334 1389 1350 »
1413 1332 1485 1353 cum
1511 1323 1617 1360 laicis,
1642 1330 1752 1355 contra
1770 1325 1948 1356 libertatem
1973 1326 2234 1363 ecclesiasticam,
2260 1319 2390 1360 necnon*

1375 1388 1390 1404 »
1411 1381 1521 1406 contra
1537 1377 1640 1415 legem
1657 1382 1832 1416 paternam.
1853 1380 2060 1418 Respondent
2076 1385 2295 1418 procuratores
2314 1385 2383 1422 pre-¹

1413 1430 1468 1459 sati
1486 1431 1569 1469 quod
1586 1431 1653 1470 ipse
1670 1440 1722 1461 rex
1744 1432 1899 1471 predictas
1925 1442 2074 1472 personas
2093 1442 2157 1464 non
2177 1433 2332 1473 compulit
2344 1433 2395 1466 ad'

1411 1484 1679 1514 contributionem
1706 1484 1909 1524 hujusmodi,
1939 1490 1968 1515 et
1992 1487 2184 1525 'promittunt
2212 1486 2298 1525 quod
2319 1476 2427 1520 non.-

1374 1547 1388 1563 »
1413 1536 1580 1575 compellet
1607 1538 1641 1566 in
1662 1537 1808 1567 futurum
1833 1543 1863 1568 et
1889 1538 1972 1578 quod
1998 1544 2108 1570 contra
2131 1539 2324 1578 injuriantes
2347 1539 2398 1572 in.

1374 1602 1388 1617 ι)
1414 1590 1471 1620 hoc
1494 1591 1636 1621 ecclesiis
1662 1591 1712 1622 vel
1736 1592 1881 1630 personis
1907 1592 2053 1632 predictis
2079 1592 2242 1623 exhibebit
2262 1593 2387 1633 justitiz

1373 1654 1388 1671 »
1413 1644 1696 1683 complementum.

1414 1709 1427 1724 »
1455 1697 1670 1728 Duodecimus
1686 1698 1838 1728 articulus
1854 1702 1901 1728 est
1918 1708 1924 1729 ε
1945 1699 2026 1729 Item
2042 1700 2125 1737 cogit
2137 1698 2266 1730 colonos
2283 1698 2394 1731 eccle-

1371 1762 1384 1777 »
1413 1751 1535 1781 siarum
1557 1755 1587 1780 et
1605 1751 1887 1791 monasteriorum,
1900 1751 1939 1781 ad
1955 1752 2014 1782 hoc
2030 1751 2202 1792 nullojure
2217 1752 2393 1792 obnoxios,
2435 1772 2440 1779 ·

1374 1817 1387 1832 ))
1412 1804 1451 1834 ad
1479 1805 1749 1835 constructionem
1772 1815 1826 1835 seu
1847 1805 2054 1835 resectionem
2078 1814 2246 1836 murorum
2269 1806 2390 1845 hujus-²}
2430 1799 2433 1804 ¹

1373 1869 1388 1886 »
1413 1858 1517 1895 modi;
1542 1867 1597 1897 per
1619 1859 1703 1897 quod
1724 1858 1882 1897 contingit
1898 1858 2027 1889 colonos
2045 1867 2119 1888 suas
2138 1858 2283 1890 deserere
2301 1858 2381 1891 colo-
2402 1877 2407 1884 ·

1375 1923 1388 1939 »
1414 1912 1483 1941 nias
1507 1916 1536 1941 et
1562 1912 1776 1950 possessiones
1800 1912 1959 1949 devastari
1985 1911 2154 1951 predictas.
2179 1912 2368 1951 Responden
2384 1935 2385 1939 ,

1374 1977 1388 1993 »
1413 1965 1489 1995 dicti
1516 1970 1736 2004 procuratores
1762 1966 1845 2004 quod
1872 1974 1925 1996 rex
1952 1966 1985 1995 in
2012 1966 2071 1996 troc
2103 1965 2196 1996 saciet
2221 1965 2394 1997 observar-
2440 1959 2441 1962 ¹

1374 2030 1387 2045 ι)
1412 2018 1566 2058 quicquid
1583 2018 1708 2057 dejure
1723 2018 1889 2048 communi
1907 2018 2002 2048 fuerit
2015 2018 2262 2055 observandum,
2288 2018 2398 2050 salvis

1374 2085 1385 2098 «
1412 2071 1523 2110 gratiis
1541 2080 1594 2101 seu
1611 2070 1789 2110 privilegiis
1806 2071 1855 2101 vel
1871 2071 2167 2110 compositionibus,
2184 2071 2211 2101 si
2227 2076 2386 2111 apparu·

1373 2136 1388 2152 »
1411 2126 1476 2155 rint
1491 2134 1553 2164 que
1571 2124 1610 2154 de
1626 2125 1700 2164 jure
1716 2124 1852 2155 debeant
1866 2124 2040 2155 observari.

1414 2179 1569 2208 «Tertius
1593 2178 1737 2208 decimus
1760 2177 1913 2208 articulus
1935 2182 1981 2208 est
1999 2187 2005 2209 :
2029 2179 2110 2208 Item
2133 2178 2217 2218 quod
2232 2179 2388 2218 personas.

1376 2244 1388 2259 n
1412 2231 1451 2262 ad
1467 2232 1615 2262 ecclesias
1631 2232 1801 2270 fugientes,
1818 2232 1851 2261 in
1869 2231 1934 2261 illis
1950 2232 2075 2262 casibus
2089 2232 2123 2262 in
2137 2231 2256 2271 quibus
2266 2231 2367 2262 debon
2376 2234 2384 2273 ·’

1373 2298 1387 2313 »
1412 2296 1467 2325 per
1488 2286 1635 2316 ecclesias
1652 2286 1828 2323 defensari,
1846 2285 2004 2316 violenter
2027 2285 2102 2316 facit
2122 2275 2190 2325 ipse
2208 2294 2244 2316 ac
2260 2285 2311 2316 sui
2334 2296 2386 2319 αι’,
2433 2275 2438 2306 f

1374 2352 1387 2367 »
1412 2339 1604 2370 Sarracenos
1629 2343 1659 2369 et
1684 2338 1797 2377 judeos
1823 2338 1873 2368 vel
1899 2348 1954 2378 per
1978 2339 2170 2369 christianos
2194 2338 2320 2369 extrahi
2346 2351 2381 2365 :⁴

1373 2405 1386 2420 n
1412 2393 1545 2429 eisdem,
1565 2392 1614 2422 vel
1631 2392 1705 2422 facit
1721 2400 1773 2422 eos
1793 2392 1838 2422 ibi
1854 2392 2006 2422 custodiri
2023 2392 2073 2422 vel
2090 2391 2268 2432 compediri
2283 2381 2398 2432 quant

1373 2458 1386 2474 ι)
1410 2447 1513 2486 doque
1535 2455 1588 2485 per
1607 2454 1679 2476 suos
1700 2445 1870 2482 satellites,
1888 2449 1918 2475 et
1942 2445 1986 2475 eis
2009 2445 2127 2476 cibaria
2149 2444 2321 2484 denegari,
2346 2443 2388 2476 uf'.
2420 2460 2426 2474 e

1373 2513 1386 2528 »
1412 2500 1499 2531 exire
1513 2500 1551 2529 de
1567 2499 1699 2529 ecclesia
1715 2498 1959 2538 compellantur.
1978 2498 2186 2538 Respondent
2203 2506 2335 2538 procura
2353 2510 2359 2524 ι
2384 2516 2386 2518 v

1372 2565 1387 2581 »
1409 2562 1460 2584 res
1479 2553 1610 2592 predicti
1629 2552 1714 2592 qnod
1734 2562 1787 2582 rex
1810 2560 1874 2582 non
1895 2552 2040 2583 extrahet
2062 2560 2121 2583 nec
2144 2551 2268 2583 extrahi
2289 2551 2365 2583 facie

1372 2620 1385 2635 ι»
1410 2607 1448 2637 de
1467 2607 1608 2637 ecclesiis
1629 2606 1788 2644 fugientes
1804 2606 1843 2635 ad
1859 2606 1953 2645 ipsas,
1975 2615 2034 2636 nec
2052 2605 2242 2645 compediri,
2261 2614 2319 2636 nec
2333 2604 2378 2639 θ’,

1410 2661 1529 2690 cibaria
1546 2659 1708 2697 denegari,
1728 2658 1791 2689 nis'i
1805 2660 1838 2688 in
1857 2659 1984 2689 casibus
1998 2668 2016 2689 a
2031 2659 2104 2699 jure
2123 2659 2298 2698 permissis.

1412 2726 1425 2742 ι)
1450 2714 1588 2750 Quartus
1605 2713 1748 2743 decimus
1765 2712 1919 2743 articulus
1937 2716 1983 2742 est
2001 2721 2007 2742 :
2026 2713 2107 2742 Item
2123 2712 2191 2751 ipse
2208 2720 2244 2742 ac
2260 2710 2340 2742 meri

1372 2779 1384 2794 n
1410 2767 1459 2796 sui
1476 2771 1506 2796 et
1519 2766 1641 2805 iudices
1661 2765 1793 2805 capiunt
1815 2765 2017 2805 presbyteros
2034 2769 2063 2795 et
2079 2765 2221 2802 clericos,
2241 2762 2373 2804 iri-equi
2418 2766 2425 2790 ἰ

1371 2832 1385 2848 »
1409 2820 1478 2850 sitis
1499 2828 1610 2849 eorum
1631 2819 1800 2858 episcopis,
1820 2827 1878 2849 nec
1899 2818 2011 2849 volunt
2033 2827 2085 2848 eos
2105 2818 2290 2855 restituere,
2305 2813 2395 2847 lice

1371 2885 1385 2901 1»
1409 2877 1558 2912 petantur
1573 2872 1612 2902 ab
1632 2873 1687 2901 eis.
1706 2873 1786 2902 Item
1811 2871 1998 2910 hujusmodi
2018 2871 2096 2910 capti
2116 2870 2309 2910 quandoque
2322 2876 2358 2910 pe
2372 2899 2374 2902 .
2410 2874 2411 2879 ¹

1372 2939 1385 2954 n
1410 2927 1515 2965 ipsum
1541 2930 1570 2955 et
1597 2934 1679 2960 snos,
1707 2926 1870 2963 denegatis
1894 2925 2069 2963 alimentis,
2093 2924 2143 2954 vel
2163 2933 2219 2963 per
2243 2930 2385 2962 suspen-r

1371 2991 1385 3007 »
1409 2980 1515 3017 dium,
1536 2983 1589 3009 aut
1611 2979 1711 3008 modis
1727 2978 1816 3016 aliis,
1835 2979 2042 3015 occiduntur,
2059 2987 2196 3017 quorum
2214 2975 2382 3008 interdunr
2414 2987 2418 2998 =

1371 3044 1384 3060 n
1409 3033 1507 3071 aliqui
1538 3033 1758 3071 parrochianis
1785 3032 1992 3062 ecclesiarum
2018 3040 2161 3070 suarum,
2192 3030 2233 3061 ad
2265 3035 2383 3060 eorum·

1371 3099 1384 3114 n
1410 3086 1694 3125 parrochianorum
1715 3086 1901 3116 instantiam
1918 3085 2147 3125 importunam,
2163 3082 2410 3130 restituuntur?

1375 1229 1382 1244 )

1381 1228 1388 1243 υ

1375 1281 1382 1296 )

1381 1281 1388 1296 ν

1373 1442 1381 1457 )

1381 1441 1388 1457 v

1381 1493 1388 1509 υ

1373 1495 1380 1510 )

1371 2673 1378 2688 )

1379 2672 1386 2687 s«
