2477 3637
297 372 356 402 480
1048 365 1286 398 REGISTRES
1306 366 1361 396 DE
1382 365 1566 396 NICOLAS
1589 366 1645 396 IV.

300 440 360 470 tiae
381 439 458 468 Jesu
484 437 604 467 Christi
627 436 731 467 Auitii
755 435 852 465 situm
878 434 1055 464 abbatissae
1080 439 1110 464 et
1132 433 1306 464 conventui

298 491 483 522 monasterii
497 490 619 520 ordinis
633 490 767 519 Sanctae
778 487 890 518 Clarae
902 487 1175 518 claromontensis
1189 486 1306 516 vendat

298 549 326 575 et
343 545 478 584 pretium
496 544 528 572 iu
548 547 612 572 tuto
628 541 696 572 loco
711 541 858 579 deponat.

340 607 354 627 ‹
373 597 454 627 Cum
472 596 554 626 sicut
571 594 828 625 intelleximus..
844 610 884 617 —
900 594 971 624 Dat.
991 594 1074 633 apud
1094 594 1304 624 Urbemvete-

297 658 377 686 rem,
394 659 439 678 1111
459 648 530 678 idus
542 647 629 687 julii,
645 656 732 677 anno
749 647 849 678 tertio.
869 659 883 673 »

368 836 487 864 2913
853 834 978 866 Orvieto,
999 834 1138 869 19jui11et
1154 834 1231 862 1290.

332 900 374 927 De
395 900 489 927 feudis
505 908 578 934 quae
594 900 731 926 haeretici
747 903 855 926 tenent.
873 899 956 933 (Rau.
978 899 1026 932 45,
1042 907 1067 926 c.
1087 899 1152 930 287,
1169 899 1188 925 f.
1206 899 1239 926 52
1255 900 1304 933 r⁰.)

335 1003 575 1041 Inquisitoribus
597 1003 721 1031 heretice
742 1003 907 1040 pravilatis
928 1003 963 1031 in
980 1003 1122 1040 partibus
1143 1003 1305 1032 Vicentinis

293 1065 348 1095 per
365 1057 459 1085 sedem
480 1056 674 1094 apostolicam
695 1056 878 1084 constitutis.
906 1067 920 1082 α
944 1055 1118 1085 Intimante
1140 1055 1231 1085 nobis
1250 1063 1303 1085 ve-

295 1108 431 1139 nerabili
449 1109 544 1138 fratre
562 1112 671 1138 nostro
687 1108 798 1144 Petro,
823 1108 967 1147 episcopo
991 1108 1178 1145 Vicentiuo,
1203 1117 1306 1147 nuper

295 1163 476 1202 accepimus
491 1162 588 1200 quod,
601 1170 674 1191 cum
686 1161 809 1200 aliquos
825 1161 956 1191 ecclesie
970 1161 1141 1191 Vicentine
1154 1161 1305 1191 vassallos

295 1216 334 1245 de
352 1215 459 1244 heresi
479 1214 739 1253 condempnatis,
759 1214 853 1244 feuda
868 1223 930 1253 que
945 1214 985 1244 ab
1000 1214 1110 1244 eadem
1130 1219 1238 1244 tenent
1253 1223 1304 1245 ec-

295 1269 392 1300 clesia
405 1292 412 1303 ‚
431 1274 583 1308 tanquam
599 1268 682 1298 bona
697 1268 824 1307 propria
840 1268 1001 1307 ipsorum,
1024 1268 1178 1308 venditis,
1201 1273 1232 1298 et
1249 1277 1305 1308 pro

295 1326 398 1352 vestra
421 1321 601 1351 distrahitis
622 1321 802 1358 voluntate,
830 1322 865 1351 in
888 1330 953 1352 uon
976 1322 1138 1352 modicum
1160 1322 1305 1361 ejusdem

295 1375 428 1406 ecclesie
444 1375 714 1405 detrimentum...
732 1376 927 1405 Discretioni
943 1380 1046 1405 vestre
1065 1385 1120 1414 per
1134 1375 1306 1414 apostolica

295 1428 412 1467 scripta
432 1428 624 1458 mandamus
647 1432 804 1467 quatenus
828 1428 921 1458 feuda
940 1429 1024 1467 ipsa,
1046 1429 1072 1458 si
1094 1437 1157 1467 qua
1178 1438 1235 1468 per
1249 1437 1304 1459 vos

294 1486 349 1511 aut
362 1491 418 1520 per
433 1486 553 1511 vestros
565 1481 804 1520 predecessores
818 1481 1026 1521 inquisitores
1042 1482 1206 1521 pravitatis
1218 1483 1306 1513 here-

295 1536 354 1565 tice
370 1536 403 1564 in
419 1535 484 1565 illis
508 1536 651 1574 partibus
667 1536 856 1566 constitutos
879 1536 984 1566 taliter
1008 1541 1083 1567 sunt
1107 1537 1236 1567 vendita
1255 1537 1306 1567 vel

294 1589 463 1625 distracta,
488 1597 561 1618 cum
582 1589 773 1619 intentionis
794 1593 899 1619 nostre
922 1598 1125 1628 nequaquam
1145 1590 1258 1620 existat
1270 1595 1305 1620 ut

294 1641 387 1672 feuda
405 1646 435 1671 et
453 1646 533 1672 terre
549 1641 756 1672 ecclesiarum
777 1651 839 1681 que
855 1643 894 1673 ab
913 1644 958 1672 eis
980 1643 1114 1673 heretici
1132 1647 1307 1673 tenuerunt

293 1694 450 1734 quibusve
473 1694 546 1724 illos
572 1696 690 1734 privari
714 1695 874 1734 contingit
898 1696 1101 1735 aliquatenus
1122 1696 1304 1726 distrahan-

295 1753 359 1785 tur,
380 1748 435 1778 sed
458 1749 561 1787 potius
577 1749 616 1778 ad
632 1749 783 1779 ecclesias
804 1749 936 1779 redeant
955 1750 1152 1790 supradictas
1165 1773 1173 1787 ‚
1198 1751 1238 1780 ad
1252 1751 1304 1790 jus

295 1806 325 1831 et
351 1802 575 1841 proprietatem
604 1803 747 1842 ejusdem
778 1803 910 1833 ecclesie
940 1804 1092 1834 studeatis
1118 1805 1305 1834 auctoritate

295 1859 403 1885 nostra
432 1855 560 1894 penitus
587 1864 772 1886 revocare...
807 1856 877 1886 Dat.
904 1857 989 1895 apud
1015 1857 1303 1895 Urbemveterem‚

295 1917 361 1938 11111
377 1908 530 1938 kalendas
546 1910 684 1947 augusti,
703 1918 789 1940 anno
807 1910 910 1940 tertio.
931 1922 944 1937 ι)

363 2096 482 2125 2914
846 2098 977 2131 Orvieto,
998 2100 1028 2127 19
1040 2101 1135 2135 Juillet
1154 2100 1230 2129 1290.

328 2158 371 2186 De
386 2160 486 2186 eodem
504 2161 628 2195 negotio.
648 2161 730 2194 (Res.
747 2161 791 2193 45,
808 2170 834 2188 c.
850 2162 924 2197 2872,
942 2162 962 2190 f.
979 2162 1011 2190 52
1028 2164 1075 2197 1¹0.)

332 2262 436 2298 Petro,
454 2263 571 2302 epicopo
594 2263 764 2301 Viventino,
783 2264 915 2294 mandat
936 2254 1096 2304 quatenus
1121 2266 1147 2296 si
1167 2267 1301 2306 praefati

288 2314 496 2353 vinquisitores
529 2316 723 2355 praedictum
756 2318 945 2348 mandatum
970 2318 1171 2357 neglexerint
1195 2319 1300 2350 adim-

290 2368 392 2407 plere,
411 2369 491 2399 illud
508 2369 576 2409 ipse
591 2371 704 2410 exequi
721 2379 785 2401 non
802 2376 977 2411 postponat.

335 2434 348 2449 ‹
363 2423 407 2452 Te
423 2432 526 2462 nuper
541 2425 759 2463 accepimus...
777 2442 814 2448 -
831 2425 902 2456 Dat.
921 2429 955 2456 ut
970 2435 1076 2465 supra.
1094 2440 1108 2455 »

359 2611 480 2639 2915
838 2612 968 2646 Orvieto,
986 2614 1017 2640 21
1032 2615 1128 2649 juillet
1148 2615 1224 2643 1290.

321 2672 472 2708 Exemptio
489 2673 627 2701 decimae.
646 2674 728 2709 (Rea.
749 2676 793 2706 45.
810 2684 835 2702 c.
854 2676 914 2707 288,
931 2677 951 2703 s.
970 2677 1002 2704 52
1019 2679 1065 2709 r0.)

330 2797 350 2804 ..
375 2778 508 2814 episcopo
535 2778 711 2807 Penescrsno
726 2802 732 2814 ‚
750 2780 908 2816 apostolice
931 2781 1009 2810 sedis
1039 2781 1149 2819 leqato,
1169 2781 1299 2811 mandat

289 2833 446 2866 quatenus
465 2830 504 2858 do
521 2854 541 2861 ..
560 2831 705 2869 magistri
724 2836 753 2861 et
767 2832 901 2862 fratrum
917 2833 1084 2872 hospitalis
1101 2834 1298 2873 leprosorum

288 2879 396 2910 Sancti
417 2883 551 2912 Antonii
568 2885 741 2922 Aquinatis
766 2886 958 2923 redditibus,
977 2888 1031 2926 qui
1051 2888 1084 2917 in
1103 2897 1178 2918 usus
1197 2888 1299 2928 lepro-

289 2942 395 2963 sorum
415 2939 445 2964 et
462 2945 636 2974 pauperum
657 2942 904 2976 convertuntur,
921 2939 1079 2970 decimam
1099 2949 1163 2971 non
1179 2942 1294 2980 exigat.

331 3000 342 3011 α
364 2987 405 3016 Ex
423 2993 509 3025 parte.
525 2989 753 3022 dilectorum...
770 3009 808 3013 —
826 2992 896 3022 Dat.
916 2993 1000 3032 apud
1018 2994 1294 3033 Urbemveterem,

286 3048 329 3069 111
347 3039 501 3070 kalendas
518 3044 662 3081 augusti,
682 3054 768 3076 anuo
785 3046 888 3078 tertio.
908 3059 922 3074 n

1461 432 1577 461 2916
1963 432 2090 465 Orvieto,
2107 433 2121 460 7
2135 433 2229 468 juillet
2244 433 2322 462 1290.

1424 494 1556 521 Reuiittit
1571 495 1624 521 iter
1638 495 1671 521 ad
1689 495 1795 522 limina.
1813 494 1895 529 (Rea.
1912 495 1956 529 45,
1972 503 1998 522 c.
2013 494 2075 527 289,
2092 495 2110 521 1“.
2129 495 2162 522 52
2178 496 2224 529 Ν.)

1427 598 1573 634 Ειυανῑίο,
1601 598 1700 627 abbati
1724 598 1905 627 monasterii
1928 598 2190 635 Aquicinctensis,
2219 598 2339 628 ordinis
2358 598 2391 630 S.
2476 587 2477 602 ³

1388 651 1536 680 Benedicti
1547 674 1553 686 ,
1570 649 1772 680 Atrebatensis
1787 651 1923 680 diocesis.
2248 675 2253 682 .
2424 648 2429 651 “

1430 716 1442 730 α
1464 704 1504 733 Ex
1523 708 1609 742 parte
1629 707 1719 734 tua...
1742 720 1781 726 —
1796 703 1872 734 Dat.
1893 702 1976 742 apud
2003 703 2283 741 Urbemveterem,
2300 704 2396 736 nonis

1383 757 1476 796 julii,
1492 766 1578 787 anuo
1596 757 1696 787 tertio,
1715 768 1730 784 »

1459 930 1576 960 2912
1933 928 2065 960 Orvieto,
2086 929 2116 956 15
2130 928 2227 964 juillet
2241 928 2322 958 1290.

1423 993 1556 1020 Facultas
1571 993 1735 1020 conferendi
1756 993 1869 1020 duabus
1884 992 2017 1028 personis
2037 992 2238 1020 tabellionatus
2258 992 2392 1029 officium.

1387 1042 1470 1076 (Rso.
1488 1043 1531 1074 45,
1549 1051 1574 1069 c.
1591 1042 1652 1074 290,
1671 1043 1690 1068 f.
1711 1042 1743 1069 52
1763 1043 1813 1076 νο.)

1429 1145 1588 1174 Guillelmo
1599 1169 1606 1182 ,
1623 1146 1757 1183 episcopo
1773 1145 1980 1174 Ambianensi.

1430 1209 1443 1224 α
1457 1198 1525 1227 Tue
1537 1197 1715 1228 devotionis
1727 1197 1878 1229 merita...
1890 1214 1929 1220 —
1940 1197 2012 1227 Dat.
2024 1197 2109 1237 apud
2118 1197 2392 1236 Urbemveterem,

1387 1251 1495 1281 idibus
1507 1251 1598 1290 julii,
1615 1260 1701 1282 anno
1716 1252 1820 1283 tertio.
1841 1264 1854 1279 n

1460 1419 1580 1448 29¹8
1945 1418 2072 1453 Orvieto,
2092 1418 2123 1446 19
2134 1418 2230 1454 juillet
2245 1418 2323 1447 1290.

1424 1481 1611 1516 Privilegium
1623 1481 1847 1516 jurisdictionis.
1865 1481 1948 1515 (Rea.
1967 1482 2010 1515 45,
2027 1489 2053 1508 c.
2069 1481 2138 1515 291,
2153 1481 2173 1508 ἰ.
2190 1480 2222 1508 52
2237 1483 2290 1515 νῦ.)

1427 1591 1528 1620 Nobili
1550 1590 1615 1620 viro
1631 1591 1765 1620 Arnaldo
1783 1591 1818 1620 de
1834 1591 1943 1621 Sancto
1963 1591 2098 1628 Asterie,
2119 1591 2243 1621 domino
2263 1591 2298 1621 de
2319 1587 2395 1622 Gril-

1388 1645 1536 1682 vinhaco‚
1568 1645 1819 1681 Pecrayoricensis
1844 1643 1981 1682 diocesis,
2007 1645 2064 1683 qui
2083 1643 2208 1674 lumine
2230 1643 2396 1679 oculorum

1388 1698 1530 1737 privatus
1551 1702 1613 1734 est,
1637 1697 1784 1736 indulget
1813 1701 1846 1727 ut
1874 1706 1930 1736 per
1955 1697 2078 1727 litteras
2102 1697 2186 1728 sedis
2208 1697 2367 1737 apostoli.
2384 1714 2406 1726 ψ,

1387 1751 1438 1781 vel
1459 1751 1637 1789 legatorum
1663 1751 1732 1791 ejus
1754 1756 1841 1781 extra
1860 1751 2022 1782 civitatem
2044 1754 2074 1781 et
2093 1751 2267 1781 dioecesim
2285 1751 2344 1782 Pet
2365 1766 2368 1777 ι

1387 1805 1604 1843 goriceusem,
1622 1814 1716 1843 super
1731 1804 1797 1834 illis
1810 1814 1892 1844 quae
1904 1805 1989 1835 infra
2002 1804 2059 1835 illa
2070 1805 2203 1842 obtinet,
2220 1805 2255 1835 in
2265 1813 2400 1839 causan?
2422 1831 2425 1834 .

1388 1858 1471 1888 trahi
1488 1858 1537 1888 vel
1555 1858 1595 1888 ad
1607 1858 1769 1898 judicium
1787 1859 1911 1901 evocari
1932 1867 1997 1889 uon
2019 1859 2134 1897 possit,
2155 1858 2329 1890 dummodo
2342 1868 2399 1901 ιε..-Ἰ

1386 1912 1434 1942 fra
1465 1912 1592 1942 easdem
1621 1912 1782 1942 civitatem
1810 1917 1840 1942 et
1866 1912 2040 1942 dioecesim
2067 1915 2194 1951 paratus
2219 1913 2260 1942 sit
2288 1921 2353 1944 cor
2370 1912 2398 1950 ιιῖ

1387 1966 1579 2004 competenti
1600 1965 1708 2005 judice
1724 1966 1994 2005 conquerentibus
2009 1965 2153 2005 justitiae
2177 1965 2396 2006 complement-

1385 2023 1455 2050 tum
1473 2019 1634 2049 exhibere.
2006 2042 2008 2045 ,

1430 2083 1442 2099 α
1461 2072 1648 2102 Devotionis
1667 2075 1720 2102 tue
1735 2077 1914 2103 meretur...
1931 2089 1970 2095 ——
1985 2072 2056 2103 Dat.
2081 2072 2165 2112 apud
2184 2072 2346 2104 Urbemve
2365 2083 2396 2100 ;·

1385 2135 1470 2163 rem,
1488 2135 1556 2156 xun
1574 2126 1728 2156 kalendas
1742 2127 1889 2165 augusti,
1905 2135 1991 2157 anno
2008 2126 2109 2157 tertio.
2129 2137 2160 2172 »-

1455 2300 1574 2329 2919
1941 2299 2069 2332 Orvieto,
2088 2299 2120 2327 15
2132 2299 2228 2334 juillet
2244 2299 2322 2328 1290.

1419 2364 1562 2390 Alienatio
1592 2363 1812 2399 possessionum
1840 2363 2024 2390 Acoonensis
2053 2362 2203 2390 ecclesiae.
2236 2362 2319 2397 (Rea.
2340 2355 2379 2402 45⁷

1383 2420 1408 2439 c.
1425 2412 1486 2444 292,
1504 2413 1523 2438 f.
1541 2411 1573 2439 52
1589 2412 1640 2447 νο.)

1429 2515 1648 2545 Venerabilibus
1674 2516 1828 2552 fratribus
1856 2537 1876 2544 ..
1908 2516 2131 2553 archiepiscopo
2163 2515 2290 2553 Tyremi
2312 2519 2340 2545 et
2364 2531 2375 2545 f

1383 2569 1516 2606 episcopo
1553 2569 1740 2606 Tripolitana
1775 2567 1908 2598 mandat
1942 2572 2103 2607 quatenus
2136 2590 2156 2597 ..
2189 2567 2388 2606 patriarca·

1381 2621 1655 2658 Jerosolimitano‚
1682 2622 1731 2651 cui
1763 2630 1840 2652 cura
1868 2626 1899 2651 et
1924 2621 2163 2651 administratio
2193 2618 2387 2651 Anconem·

1382 2674 1534 2706 eeclesiae
1556 2675 1728 2706 commissa
1743 2680 1806 2713 est,
1827 2679 1857 2706 et
1871 2674 2011 2714 capitulo
2035 2674 2132 2714 hujus
2148 2673 2300 2704 ecclesiae
2315 2681 2378 2713 p„

1383 2729 1516 2759 tulatam
1555 2728 1718 2758 licentiam
1756 2729 1934 2759 concedant
1969 2727 2131 2758 vendendi
2172 2727 2367 2758 territorium

1379 2782 1610 2822 possessiones,
1628 2783 1742 2812 domus
1762 2791 1798 2813 ac
1819 2783 1893 2822 jura
1919 2781 2075 2813 ecclesiae
2098 2781 2208 2812 Sancti
2231 2780 2332 2811 Dome
2346 2774 2387 2822 ’Ϊθ

1380 2835 1419 2866 de
1445 2836 1571 2872 Accon,
1599 2835 1638 2865 ab
1661 2835 1929 2866 inundationibus
1956 2835 2053 2865 maris
2081 2833 2218 2865 totaliter
2245 2833 2372 2865 destru„

1379 2892 1444 2926 tae,
1467 2894 1496 2918 et
1522 2890 1661 2928 pretium
1684 2890 1719 2919 in
1741 2889 2010 2928 possessessioues
2032 2887 2112 2918 alias
2135 2886 2287 2918 emendas
2308 2877 2383 2917 00⁸⁷

1379 2942 1538 2973 vertendi.
2382 2972 2388 2978 .

1420 3009 1433 3024 α
1454 2997 1496 3026 Ex
1515 3001 1601 3036 parte
1617 2996 1847 3027 venerabilis...
1862 3013 1901 3018 —
1919 2996 1988 3026 Dat.
2006 2995 2091 3035 apud
2106 2994 2358 3033 Urbetnvetere¹¹
2371 2994 2375 3005 ”·

1377 3049 1582 3090 idibusjulii,
1603 3059 1689 3081 anno
1707 3051 1809 3081 tertio.
1828 3063 1842 3078 n
2064 3055 2069 3060 ·
