2477 3637
200 343 258 374 262
948 339 1185 371 REGISTRES
1206 340 1262 371 DE
1283 339 1468 371 NICOLAS
1487 339 1531 369 1v

199 409 322 450 prefato
344 409 488 448 episcopo
513 405 632 437 humili
659 405 893 445 supplicatione
916 406 1086 446 petiverint
1110 410 1145 437 ut
1167 407 1207 437 ab

198 463 340 502 ipsorum
359 460 516 492 molestiis
533 459 642 489 divine
661 459 786 498 pietatis
809 459 927 489 intuitu
946 459 1121 497 abstineat,
1140 460 1207 499 ipse

198 520 306 547 tamen
332 515 394 555 piis
424 514 566 553 ipsorum
584 513 720 543 fratrum
739 512 821 542 votis
842 521 986 543 annuere
1007 513 1129 551 noluit,
1151 514 1206 544 sed

198 571 284 610 ipsos
299 568 501 608 postmodum
519 575 575 605 per
593 575 625 596 se
644 569 673 596 et
688 565 766 597 alios
781 566 910 605 gravius
927 567 1142 606 perturbavit,
1160 567 1205 598 ita

197 623 283 663 quod
299 623 359 660 ipsi
375 622 428 650 vix
444 620 552 650 valent
566 619 625 650 sub
641 619 738 650 tantis
753 619 909 659 pressuris
924 623 954 650 et
968 620 1127 658 angustiis
1141 629 1205 650 res-

196 677 312 715 pirare.
327 675 432 710 Quare
446 681 501 712 pro
514 676 602 711 parte
615 673 756 712 ipsorum
769 672 939 711 guardiani
953 676 982 703 et
995 673 1130 703 fratrum
1146 673 1205 704 fuit

196 729 287 760 nobis
302 727 474 758 humiliter
490 725 702 765 supplicatum
717 730 762 763 ut,
775 735 848 757 cum
864 726 936 766 ipsi,
954 730 1079 765 propter
1092 729 1204 765 poten-

194 783 273 813 tiam
290 780 443 820 sepedicti
459 779 609 818 episcopi,
625 788 690 810 non
702 779 923 819 possintsuam
938 789 1032 818 super
1040 780 1203 818 premissis

194 836 229 866 in
245 834 310 865 illis
321 833 635 874 partibusjustitiam
650 833 797 873 prosequi
814 858 820 871 ,
836 833 1002 873 providere
1018 833 1095 872 ipsis
1108 842 1204 873 super

193 888 253 919 hoc
275 891 407 927 paterna
432 886 647 917 sollicitudine
662 895 859 917 curaremus.
883 887 949 917 Nos
972 887 1115 926 itaque...
1137 887 1201 917 dis-

193 942 329 973 cretioni
342 945 445 971 vestre
461 950 515 980 per
525 940 694 980 apostolica
707 941 823 980 scripta
836 940 1028 971 mandamus
1043 944 1202 980 quatenus

191 1005 247 1027 vos
261 995 310 1025 vel
329 995 406 1024 alter
423 998 567 1024 vestrum
583 994 739 1033 prefatum
759 995 941 1034 episcopum
960 1004 996 1024 ex
1018 998 1105 1033 parte
1124 1002 1200 1025 nos-

192 1052 240 1080 tra
264 1047 477 1088 peremptorie
510 1047 608 1077 citare
635 1048 752 1077 curetis
766 1072 772 1084 ,
807 1051 840 1077 ut
866 1047 951 1077 infra
980 1052 1042 1077 tres
1071 1055 1200 1078 menses

189 1106 260 1142 post
274 1101 459 1132 citationem
475 1104 630 1137 vestram,
648 1109 723 1130 cum
741 1100 896 1131 omnibus
911 1100 989 1130 actis
1002 1124 1009 1134 ,
1023 1100 1152 1138 juribus
1170 1104 1201 1130 et

190 1154 404 1186 munimentis
419 1154 485 1184 suis
504 1153 691 1193 hujusmodi
705 1162 836 1184 causam
852 1153 1124 1192 contingentibus,
1144 1162 1200 1193 per

190 1218 240 1245 se,
263 1209 313 1239 vel
329 1217 385 1247 per
409 1211 646 1246 procuratorem
666 1207 848 1247 ydoneum,
869 1206 1039 1246 apostolico
1064 1216 1097 1237 se
1122 1215 1198 1237 con-

188 1262 309 1302 spectui
338 1265 555 1300 representet,
582 1260 724 1290 facturus
751 1264 781 1289 et
802 1264 987 1299 recepturus
1015 1268 1110 1298 super
1132 1259 1198 1289 hiis

187 1316 274 1354 quod
298 1315 376 1345 ordo
396 1314 563 1344 dictaverit
583 1313 728 1343 rationis.
751 1313 846 1343 Diem
865 1317 972 1343 autem
999 1312 1195 1343 citationis...

186 1369 261 1399 Non
276 1368 420 1398 obstante
437 1367 464 1396 si
479 1375 574 1397 causa
587 1375 682 1406 super
694 1366 846 1405 predictis
857 1365 995 1405 pendeat
1008 1374 1115 1396 coram
1131 1375 1197 1405 pre-

185 1421 258 1452 fatis
273 1421 417 1459 vicariis,
432 1419 482 1450 vel
493 1421 527 1449 in
543 1429 578 1450 ea
590 1428 755 1459 processus
767 1419 870 1458 aliqui
883 1423 957 1449 sunt
972 1419 1074 1449 habiti
1090 1427 1195 1449 coram

186 1475 241 1505 eis.
258 1474 329 1504 Dat.
349 1474 456 1509 Reate,
475 1483 507 1502 v1
524 1472 678 1503 kalendas
692 1472 891 1511 septembris,
907 1481 993 1502 anno
1009 1471 1160 1502 secundo.
1179 1483 1194 1500 »

257 1641 371 1670 1282
807 1638 894 1673 Ricti,
911 1638 944 1666 ‘28
960 1640 1028 1665 nom
1045 1629 1122 1666 tiss.

220 1702 263 1730 De
284 1703 442 1730 hereditate
463 1702 662 1729 Archimbaldi
687 1702 722 1729 de
747 1701 852 1729 Sancto
878 1702 1016 1729 Giranno.
1037 1701 1120 1736 (Rm.
1145 1702 1193 1734 44,

185 1760 210 1780 c.
228 1751 289 1786 418,
305 1751 325 1778 f.
340 1751 393 1779 200
410 1759 456 1784 v⁰;
475 1751 542 1778 Lar.
559 1760 594 1778 nn
609 1751 710 1782 Tuam,
726 1750 765 1782 11,
781 1750 856 1784 226.)

230 1854 396 1883 Venerabili
411 1855 507 1890 fratri
527 1876 547 1883 ..
566 1854 698 1892 episcopo
716 1854 969 1883 claromontensi.
990 1865 1003 1880 a
1022 1853 1086 1883 Sua
1102 1853 1195 1883 nobis

184 1906 298 1936 dilecte
313 1907 347 1936 in
363 1906 492 1937 Christo
507 1906 574 1936 filie
591 1906 704 1937 Abelis
721 1905 765 1946 (l)
787 1911 816 1936 et
835 1906 897 1936 alie
922 1907 1104 1946 impuberes
1127 1906 1195 1936 filie

184 1961 347 1999 quondam
365 1961 453 1990 Petri
468 1961 507 1990 de
525 1960 646 1997 Castro,
664 1960 842 1997 domicelli,
859 1960 1012 1999 petitione
1035 1963 1194 1989 monstra-

183 2017 260 2043 runt
272 2013 356 2052 quod
369 2014 533 2052 quondam
545 2013 740 2044 Guillelmus
752 2014 790 2043 de
802 2013 918 2044 Sancto
931 2013 1195 2049 Gi1·anno,avun-

183 2067 275 2097 culus
287 2067 430 2106 eJusdem
445 2067 544 2105 Petri,
562 2067 740 2097 monachus
755 2068 940 2097 monasterii
953 2067 992 2096 de
1006 2066 1192 2103 Silviuiaco,

184 2120 306 2150 ordinis
319 2120 562 2157 Cluniacensis,
580 2120 854 2151 Claromoutensis
867 2121 1012 2156 diocesis,
1028 2124 1194 2159 postquam

184 2173 315 2204 effectus
331 2174 436 2204 extitit
460 2173 639 2204 monachus
656 2174 802 2213 eJusdem
821 2174 1021 2210 monasterii,
1049 2178 1078 2203 et
1099 2174 1133 2203 in
1158 2181 1195 2204 eo

183 2237 240 2267 per
254 2227 362 2266 plures
378 2237 480 2257 annos
504 2228 562 2258 sub
578 2228 688 2258 habitu
711 2232 741 2257 et
762 2228 963 2258 observantia
979 2227 1054 2257 dicti
1072 2227 1194 2257 ordinis

184 2280 289 2310 fuerat
320 2285 527 2311 conversatus
541 2305 548 2317 ,
587 2286 741 2320 tanquam
775 2290 830 2311 sue
861 2281 973 2310 salutis
1005 2281 1193 2317 immemor,

182 2333 293 2364 habitu
303 2338 333 2364 et
346 2334 549 2364 observantia
561 2334 747 2373 hujusmodi
758 2334 884 2373 propria
901 2334 1076 2364 temeritate
1085 2333 1195 2363 dimis-

183 2387 247 2424 sis,
274 2387 314 2417 ad
337 2387 482 2418 seculum
506 2387 755 2428 dampnabiliter
776 2391 823 2417 est
839 2396 1006 2423 reversus,
1034 2391 1064 2417 et
1080 2386 1193 2416 matri-

182 2441 330 2471 monium
358 2449 432 2471 cum
455 2441 558 2472 nobili
582 2441 718 2471 muliere
741 2441 824 2471 dicta
849 2440 1032 2471 Brecharda
1051 2441 1090 2470 de
1111 2441 1194 2470 facto

183 2495 364 2532 contraxit,
387 2504 484 2534 seque
508 2495 578 2525 fieri
603 2495 742 2525 militem
770 2495 968 2533 procuravit,
992 2499 1022 2525 et
1044 2499 1145 2525 castra
1164 2498 1195 2524 et

182 2547 243 2578 alia
267 2549 351 2578 bona
377 2548 517 2578 feudalia
544 2557 606 2587 que
632 2548 761 2579 fuerunt
782 2548 944 2587 quondam
966 2547 1193 2578 Archimbaldi

182 2601 220 2631 de
244 2602 360 2632 Sancto
388 2602 549 2640 Giranno,
576 2601 668 2638 laici,
697 2602 804 2632 fratris
826 2602 927 2641 ipsius
950 2601 1138 2639 Guillelmi,
1164 2605 1194 2632 et

182 2655 335 2685 avunculi
353 2655 429 2686 dicti
450 2656 556 2693 Petri,
574 2656 629 2694 qui
649 2655 779 2695 quidem
795 2654 1047 2685 Archimbaldus
1063 2655 1134 2686 sine
1149 2655 1191 2685 li-

182 2709 266 2738 beris
282 2709 468 2745 decesserat,
488 2709 664 2740 Guillelmo
680 2710 849 2748 superstite
864 2709 1057 2748 supradicto,
1072 2709 1107 2738 in
1123 2709 1191 2748 qui-

183 2762 241 2791 bus
258 2763 388 2800 quidem
414 2763 505 2793 bonis
526 2763 601 2793 dicti
620 2764 735 2793 Petrus
761 2767 791 2793 et
807 2763 875 2802 ejus
895 2763 991 2793 liberi
1008 2763 1111 2793 eidem
1128 2763 1190 2793 Ar·

183 2815 378 2852 chimbaldo‚
391 2817 425 2845 in
443 2821 529 2847 certa
545 2821 632 2856 parte
646 2817 790 2856 ipsorum
808 2817 977 2854 bonorum,
995 2816 1190 2847 hereditario

215 2934 245 2963 (1)
260 2934 297 2958 Le
313 2935 401 2958 scribe
417 2936 489 2959 avait
505 2937 616 2960 ‹l'abcwtl
634 2937 701 2960 &crit
719 2944 723 2960 :
743 2937 870 2967 (Abelis),
888 2938 1005 2960 domina
1027 2938 1060 2960 (le
1081 2938 1188 2967 Brolio,

185 2978 279 3002 relicta
295 2982 437 3008 quondam
454 2983 526 3003 Petri
543 2983 576 3003 dc
593 2985 702 3010 rastro,
719 2983 875 3011 domicelli,
895 2983 993 3011 uidua,
1012 2983 1101 3006 tutrix
1115 2983 1188 3005 Ahe-

184 3024 266 3047 Iizlis:
283 3024 344 3053 puis
360 3024 377 3046 il
394 3032 408 3046 a
424 3025 506 3047 effac(-
525 3029 596 3049 cette
613 3027 695 3056 ligne.

1285 407 1372 446 jure,
1390 406 1428 436 de
1446 405 1618 445 approbata
1634 406 1736 445 patrie
1758 406 2005 446 consuetudine,
2022 408 2246 447 succedebant,
2263 414 2294 441 et

1288 469 1350 500 que
1368 468 1455 489 nunc
1471 467 1527 498 pro
1542 459 1654 490 eadem
1670 463 1758 498 parte
1772 459 1812 488 ad
1827 459 2021 498 impuberes,
2037 461 2076 492 de
2091 461 2202 492 eadem
2217 471 2293 494 con—

1288 513 1470 549 suetudine,
1498 512 1662 551 pertinent
1685 517 1889 549 memorataS,
1918 517 2035 544 temere
2059 515 2238 554 occupavit,
2262 522 2294 548 et

1289 566 1450 597 nonnulla
1466 566 1623 596 bonorum
1639 566 1798 605 ipsorum,
1817 566 1894 596 dum
1911 567 2005 604 vixit,
2023 572 2054 598 et
2070 569 2167 598 etiam
2184 569 2217 599 in
2236 578 2292 602 sua

1287 620 1401 650 ultima
1418 619 1598 657 voluntate,
1617 619 1755 649 diversis
1771 619 1874 650 modis
1890 619 2067 652 distrahere
2081 630 2117 652 ac
2132 621 2290 663 alienare,

1286 682 1358 704 cum
1376 674 1414 703 de
1428 674 1499 711 jure
1518 681 1582 703 non
1599 676 1717 712 posset,
1734 672 1772 702 de
1791 673 1872 704 sacto
1888 675 2101 714 presumpsit,
2117 675 2151 705 in
2167 675 2290 715 predic·
2331 685 2335 696 ¹

1286 731 1389 757 tarum
1407 726 1610 765 impuberum
1623 725 1837 764 prejudicium
1851 730 1881 756 et
1892 735 2074 765 gravamen.
2092 728 2197 765 Quare
2209 729 2292 762 dicte

1285 779 1469 818 impuberes
1482 779 1573 809 nobis
1586 778 1753 809 humiliter
1766 779 1985 818 supplicarunt
1999 785 2051 818 ut,
2065 790 2140 811 cum
2153 783 2291 821 cognitio

1284 832 1469 872 hujusmodi
1498 842 1608 869 cause,
1632 832 1666 862 in
1689 841 1752 872 qua
1775 833 1976 871 querendum
2002 838 2048 864 est
2067 843 2108 864 an
2131 835 2295 874 predictus

1284 886 1478 917 Guillelmus
1499 887 1647 917 astrictus
1665 886 1774 923 fuerit,
1799 891 1833 916 ut
1858 887 2070 926 premittitur,
2091 888 2291 920 observantie
2327 893 2332 899 ⁶

1282 939 1435 978 regulari,
1451 944 1598 970 noscatur
1610 940 1650 970 ad
1662 940 1766 970 forum
1781 939 2031 971 ecclesiasticum
2045 941 2217 980 pertinere,
2232 951 2291 974 nec

1282 993 1444 1024 confidant
1467 1002 1500 1023 se
1520 1002 1610 1032 posse
1636 994 1669 1023 iu
1696 993 1760 1023 illis
1782 993 1938 1032 partibus,
1961 998 2087 1034 propter
2107 992 2292 1035 aliquorum

1282 1046 1411 1085 prefatis
1427 1047 1646 1085 impuberibus
1662 1056 1757 1086 super
1772 1046 1833 1077 hoc
1847 1047 2087 1078 adversantium
2102 1049 2289 1088 potentiam,
2323 1077 2326 1083 ,
2378 1054 2381 1059 ⁴

1281 1100 1411 1130 comode
1427 1100 1575 1139 prosequi
1600 1109 1729 1130 causam
1744 1100 1865 1139 ipsam,
1882 1101 2047 1139 providere
2068 1102 2104 1132 in
2120 1101 2181 1132 hac
2203 1106 2291 1142 parte

1281 1152 1372 1183 dictis
1388 1154 1623 1192 impuberibus,
1641 1162 1680 1184 ne
1694 1154 1859 1188 occasione
1872 1154 2059 1194 hujusmodi
2073 1155 2217 1195 suijuris
2228 1156 2291 1188 dis-

1281 1206 1434 1245 pendium
1460 1207 1636 1245 patiantur,
1664 1211 1795 1246 paterna
1824 1207 2040 1238 sollicitudine
2066 1209 2287 1248 dignaremur.

1280 1259 1435 1295 Quocirca
1457 1260 1651 1290 fraternitati
1677 1265 1728 1291 tue
1751 1270 1805 1300 per
1826 1261 1997 1300 apostolica
2022 1256 2140 1302 scripta
2156 1262 2289 1294 manda-

1280 1322 1352 1343 mus
1377 1317 1552 1352 quatenus,
1587 1315 1704 1345 vocatis
1729 1315 1785 1354 qui
1815 1315 1936 1345 fuerint
1962 1316 2131 1354 evocandi,
2159 1325 2290 1348 causam

1279 1367 1466 1406 hujusmodi
1480 1391 1486 1405 ,
1503 1376 1544 1397 an
1561 1367 1682 1398 scilicet
1697 1369 1836 1408 prefatus
1855 1369 2052 1400 Guillelmus
2067 1369 2167 1400 fuerit
2181 1378 2290 1403 mona-

1279 1421 1369 1458 chus,
1385 1429 1497 1458 necne,
1517 1421 1641 1459 audias,
1661 1423 1829 1461 questione
1844 1423 2031 1453 hereditatis
2047 1423 2214 1463 temporali
2229 1423 2288 1455 do-

1278 1474 1369 1505 mino
1385 1479 1545 1505 reservata
1559 1499 1565 1512 ,
1580 1479 1610 1505 et
1624 1484 1694 1506 eam
1710 1475 1795 1506 infra
1809 1480 1878 1506 octo
1892 1477 2055 1507 mensium
2068 1477 2207 1517 spatium
2218 1481 2287 1517 post

1278 1528 1494 1567 receptionem
1510 1530 1706 1568 presentium
1723 1529 1866 1568 judicio,
1886 1530 1954 1568 vel,
1975 1531 2003 1560 si
2019 1531 2057 1562 de
2075 1531 2215 1570 partium
2231 1540 2286 1563 vo-

1276 1581 1399 1611 luntate
1411 1583 1608 1621 processerit,
1622 1583 1790 1613 concordia
1805 1584 1978 1614 terminare
1991 1593 2152 1624 procures,
2166 1585 2286 1616 faciens

1277 1635 1361 1674 quod
1388 1635 1566 1666 decreveris
1591 1646 1646 1676 per
1679 1645 1848 1667 censuram
1876 1637 2123 1668 ecclesiasticam
2149 1638 2287 1670 firmiter

1277 1689 1448 1719 observari.
1469 1689 1627 1728 Alioquin
1646 1699 1682 1719 ex
1708 1694 1782 1720 tunc
1801 1699 1930 1721 causam
1954 1692 2075 1731 ipsam,
2095 1692 2286 1723 instructam

1276 1741 1326 1772 vel
1342 1751 1408 1772 non
1424 1743 1633 1782 instructam,
1647 1744 1686 1773 ad
1700 1744 1868 1783 apostolice
1880 1745 1964 1775 sedis
1979 1745 2124 1776 remittas
2138 1754 2284 1784 examen,

1276 1797 1396 1836 prefixo
1413 1797 1556 1835 partibus
1582 1798 1720 1828 termino
1740 1799 1952 1837 peremptorio
1968 1799 2176 1838 competenti,
2202 1807 2284 1839 quo,

1276 1859 1332 1889 per
1345 1858 1378 1879 se
1393 1849 1443 1879 vel
1457 1858 1512 1889 per
1527 1855 1751 1889 procuratores.
1762 1851 1903 1890 ydoneos
1914 1874 1923 1888 ,
1938 1861 2011 1882 cum
2026 1853 2180 1883 omnibus
2194 1853 2282 1892 actis,

1272 1903 1447 1946 juribuset
1465 1904 1678 1934 munimentis
1694 1904 1761 1934 suis
1780 1904 1898 1934 dictam
1922 1913 2051 1935 causam
2066 1905 2284 1944 contingenti-

1275 1956 1350 1993 bus,
1370 1956 1539 1996 apostolico
1557 1966 1590 1986 se
1602 1957 1783 1996 conspectui
1800 1962 2036 1996 representem,
2053 1958 2174 1989 facture
2187 1967 2224 1989 ac
2237 1967 2283 1990 re·
2324 1982 2326 1987 .

1276 2012 1404 2049 cepture
1427 2019 1522 2049 super
1545 2011 1608 2040 hiis
1634 2011 1718 2050 quod
1734 2011 1811 2041 ordo
1835 2011 2002 2042 dictaverit
2021 2012 2166 2042 rationis.
2188 2011 2284 2043 Diem
2323 2005 2326 2018 ³

1277 2072 1350 2093 vero
1367 2063 1564 2094 remissionis
1587 2069 1618 2094 et
1638 2064 1824 2103 prefixionis
1843 2065 2050 2103 hujusmodi,
2075 2070 2106 2096 et
2129 2065 2284 2106 quicquid

1275 2117 1351 2147 inde
1369 2117 1480 2147 feceris
1491 2141 1498 2153 ‚
1514 2118 1604 2148 nobis
1620 2126 1675 2157 per
1696 2123 1764 2148 tuas
1779 2118 1900 2148 litteras
1916 2119 2033 2150 harum
2049 2119 2167 2158 seriem
2185 2120 2282 2150 conti·

1276 2174 1389 2201 nentes
1407 2171 1533 2201 studeas
1555 2171 1692 2202 fideliter
1708 2172 1870 2203 intimare.
1891 2173 1963 2202 Dat.
1988 2173 2104 2210 Reate,
2128 2183 2148 2203 v
2170 2173 2282 2204 kalen-

1276 2225 1332 2256 das
1347 2225 1550 2264 septembris,
1567 2234 1653 2255 anno
1669 2226 1819 2256 secundo.
1842 2237 1855 2252 n

1348 2378 1596 2407 1283-1284
1896 2379 1983 2413 Rieu,
2002 2379 2034 2407 18
2049 2380 2118 2407 aout
2133 2379 2212 2407 1289.

1310 2441 1456 2469 Ecclesiae
1478 2441 1512 2468 de
1533 2441 1700 2474 Mancourt,
1718 2441 1752 2468 de
1768 2441 1918 2476 Landages
1933 2446 1961 2470 et
1976 2442 2011 2469 de
2026 2442 2168 2470 Geravilla
2187 2445 2217 2470 et
2234 2450 2281 2471 ca-
2324 2438 2325 2442 ¹

1274 2489 1348 2525 pella
1372 2489 1405 2515 de
1422 2489 1553 2515 Omercis
1578 2490 1752 2516 monasterio
1772 2490 1856 2517 Altae
1877 2489 1972 2516 Silvae
1994 2489 2108 2517 dantur.
2127 2489 2209 2523 (Rso.
2230 2488 2280 2525 44,
2327 2511 2329 2515 Α

1274 2547 1300 2566 c.
1317 2538 1378 2570 419,
1394 2538 1413 2564 f.
1428 2538 1480 2565 ‘200
1495 2544 1542 2570 ψη
1560 2537 1627 2565 ΒΜ».
1644 2547 1678 2565 nu
1692 2538 1792 2570 Tanti„
1811 2538 1854 2571 ΙΙ,
1870 2538 1945 2570 ἳῖὃ.)

1312 2663 1334 2670 ..
1352 2641 1454 2671 abbati
1468 2645 1494 2670 et
1511 2642 1673 2670 conventui
1689 2642 1870 2670 monasterii
1884 2642 1949 2671 Alte
1964 2641 2060 2679 Silve,
2079 2640 2281 2672 cisterciensis

1272 2695 1405 2730 ordinis,
1427 2694 1575 2724 Tullenst's
1592 2695 1730 2724 diocesis.
1749 2706 1763 2721 «
1785 2694 1835 2724 Ad
1858 2694 2082 2732 religiosorum
2099 2693 2278 2726 locorum...

1272 2748 1355 2778 Sane
1370 2748 1482 2786 petitio
1498 2751 1603 2777 vestra
1622 2748 1712 2778 nobis
1729 2747 1868 2778 exhibita
1883 2747 2068 2778 continebat
2082 2746 2168 2786 quod
2181 2754 2278 2778 vene-
2318 2742 2323 2746 ”

1270 2800 1380 2831 rabilis
1397 2800 1494 2831 frater
1510 2805 1616 2831 noster
1642 2801 1835 2838 Buram-dus,
1858 2801 2036 2840 episcopus,
2056 2804 2132 2831 tunc
2149 2799 2277 2838 electus,

1271 2855 1438 2890 Metensis‚
1458 2855 1566 2893 inopie
1585 2859 1687 2885 vestre
1701 2856 1816 2886 affectu
1833 2860 1965 2894 paterno
1981 2855 2189 2894 compatiens,
2205 2861 2278 2885 cum

1269 2909 1391 2939 fructus
1416 2912 1446 2938 et
1474 2913 1645 2947 proventus
1669 2909 1813 2948 ejusdem
1839 2909 2026 2939 monasterii
2054 2908 2149 2939 vestri
2174 2909 2279 2938 essent

1270 2966 1396 3001 propter
1411 2961 1540 2991 hostiles
1556 2962 1704 2992 incursus
1720 2962 1800 2992 adeo
1811 2961 1963 2992 diminuti
1980 2961 2067 3000 quod
2081 2968 2214 3001 persone
2227 2959 2277 2991 de-

1269 3020 1379 3054 gentes
1398 3015 1432 3046 in
1449 3015 1518 3055 ipso
1534 3024 1598 3046 non
1617 3019 1762 3054 poterant
1777 3024 1814 3046 ex
1833 3016 1880 3046 eis
1896 3015 2028 3046 comode
2039 3013 2222 3052 sustentari,
2237 3012 2277 3044 de

2464 401 2477 592 (ἐξῇρε

2462 892 2477 969 {2'3
2462 614 2477 861 ’Ξΐῑῒῑ-ΞΣΞᾨ.

2469 2722 2477 2954 „emi-va:
