<?xml version="1.0" encoding="UTF-8"?>
<!DOCTYPE html PUBLIC "-//W3C//DTD XHTML 1.0 Transitional//EN"
    "http://www.w3.org/TR/xhtml1/DTD/xhtml1-transitional.dtd">
<html xmlns="http://www.w3.org/1999/xhtml" xml:lang="en" lang="en">
 <head>
  <title>
</title>
<meta http-equiv="Content-Type" content="text/html;charset=utf-8" />
  <meta name='ocr-system' content='tesseract 3.04.00' />
  <meta name='ocr-capabilities' content='ocr_page ocr_carea ocr_par ocr_line ocrx_word'/>
</head>
<body>
  <div class='ocr_page' id='page_1' title='image "./lesregistresdeni01romeuoft_0102.png"; bbox 0 0 2477 3637; ppageno 0'>
   <div class='ocr_carea' id='block_1_1' title="bbox 314 399 1652 442">
    <p class='ocr_par' dir='ltr' id='par_1_1' title="bbox 314 399 1652 442">
     <span class='ocr_line' id='line_1_1' title="bbox 314 399 1652 442; baseline -0.01 0"><span class='ocrx_word' id='word_1_1' title='bbox 314 412 351 442; x_wconf 77' lang='lat'>94</span> <span class='ocrx_word' id='word_1_2' title='bbox 618 421 621 423; x_wconf 60' lang='grc'><strong><em>’</em></strong></span> <span class='ocrx_word' id='word_1_3' title='bbox 1060 402 1294 434; x_wconf 76' lang='lat' dir='ltr'>REGISTRES</span> <span class='ocrx_word' id='word_1_4' title='bbox 1317 403 1371 432; x_wconf 84' lang='lat' dir='ltr'>DE</span> <span class='ocrx_word' id='word_1_5' title='bbox 1394 399 1575 431; x_wconf 78' lang='lat' dir='ltr'>NICOLAS</span> <span class='ocrx_word' id='word_1_6' title='bbox 1598 399 1652 429; x_wconf 83' lang='lat' dir='ltr'>lv.</span> 
     </span>
    </p>
   </div>
   <div class='ocr_carea' id='block_1_2' title="bbox 315 469 1318 779">
    <p class='ocr_par' dir='ltr' id='par_1_2' title="bbox 315 469 1318 674">
     <span class='ocr_line' id='line_1_2' title="bbox 315 469 1316 513; baseline -0.011 -4"><span class='ocrx_word' id='word_1_7' title='bbox 315 478 406 513; x_wconf 79' lang='lat' dir='ltr'>rode⁷</span> <span class='ocrx_word' id='word_1_8' title='bbox 426 474 702 507; x_wconf 83' lang='lat' dir='ltr'>Halberstadensis</span> <span class='ocrx_word' id='word_1_9' title='bbox 721 472 890 506; x_wconf 81' lang='lat' dir='ltr'>dioecesis,</span> <span class='ocrx_word' id='word_1_10' title='bbox 910 471 1081 508; x_wconf 80' lang='lat' dir='ltr'>dispenset,</span> <span class='ocrx_word' id='word_1_11' title='bbox 1099 474 1143 501; x_wconf 83' lang='lat' dir='ltr'>ut.</span> <span class='ocrx_word' id='word_1_12' title='bbox 1164 478 1228 499; x_wconf 85' lang='lat' dir='ltr'>non</span> <span class='ocrx_word' id='word_1_13' title='bbox 1245 469 1316 499; x_wconf 83' lang='lat' dir='ltr'>obs-</span> 
     </span>
     <span class='ocr_line' id='line_1_3' title="bbox 316 523 1317 570; baseline -0.011 -8"><span class='ocrx_word' id='word_1_14' title='bbox 316 536 401 562; x_wconf 83' lang='lat' dir='ltr'>tante</span> <span class='ocrx_word' id='word_1_15' title='bbox 416 535 528 570; x_wconf 85' lang='lat' dir='ltr'>quarto</span> <span class='ocrx_word' id='word_1_16' title='bbox 550 526 838 565; x_wconf 80' lang='lat' dir='ltr'>consanguinitatis</span> <span class='ocrx_word' id='word_1_17' title='bbox 854 524 952 562; x_wconf 81' lang='lat' dir='ltr'>gradu</span> <span class='ocrx_word' id='word_1_18' title='bbox 973 532 1034 562; x_wconf 86' lang='lat' dir='ltr'>quo</span> <span class='ocrx_word' id='word_1_19' title='bbox 1052 523 1214 561; x_wconf 87' lang='lat' dir='ltr'>conjuncti</span> <span class='ocrx_word' id='word_1_20' title='bbox 1232 527 1317 559; x_wconf 87' lang='lat' dir='ltr'>sunt,</span> 
     </span>
     <span class='ocr_line' id='line_1_4' title="bbox 316 578 1318 617; baseline -0.011 -1"><span class='ocrx_word' id='word_1_21' title='bbox 316 586 354 616; x_wconf 89' lang='lat' dir='ltr'>ad</span> <span class='ocrx_word' id='word_1_22' title='bbox 369 585 523 615; x_wconf 83' lang='lat' dir='ltr'>sedandas</span> <span class='ocrx_word' id='word_1_23' title='bbox 538 582 724 612; x_wconf 83' lang='lat' dir='ltr'>inimicitias</span> <span class='ocrx_word' id='word_1_24' title='bbox 741 580 825 608; x_wconf 89' lang='lat' dir='ltr'>inter</span> <span class='ocrx_word' id='word_1_25' title='bbox 840 578 1058 617; x_wconf 77' lang='lat' dir='ltr'>progenitores</span> <span class='ocrx_word' id='word_1_26' title='bbox 1074 578 1215 615; x_wconf 86' lang='lat' dir='ltr'>ipsorum</span> <span class='ocrx_word' id='word_1_27' title='bbox 1227 585 1318 606; x_wconf 80' lang='lat' dir='ltr'>exor-</span> 
     </span>
     <span class='ocr_line' id='line_1_5' title="bbox 318 630 1143 674; baseline -0.012 -5"><span class='ocrx_word' id='word_1_28' title='bbox 318 644 375 674; x_wconf 63' lang='grc' dir='ltr'>ωε,</span> <span class='ocrx_word' id='word_1_29' title='bbox 393 636 636 667; x_wconf 84' lang='lat' dir='ltr'>matrimonium</span> <span class='ocrx_word' id='word_1_30' title='bbox 654 634 737 662; x_wconf 78' lang='lat' dir='ltr'>inter</span> <span class='ocrx_word' id='word_1_31' title='bbox 753 641 785 662; x_wconf 91' lang='lat' dir='ltr'>se</span> <span class='ocrx_word' id='word_1_32' title='bbox 804 631 990 661; x_wconf 74' lang='lat' dir='ltr'>contrahere</span> <span class='ocrx_word' id='word_1_33' title='bbox 1006 630 1143 660; x_wconf 86' lang='lat' dir='ltr'>valeant.</span> 
     </span>
    </p>

    <p class='ocr_par' dir='ltr' id='par_1_3' title="bbox 316 679 1318 779">
     <span class='ocr_line' id='line_1_6' title="bbox 358 679 1318 728; baseline -0.008 -9"><span class='ocrx_word' id='word_1_34' title='bbox 358 704 369 716; x_wconf 66' lang='grc' dir='ltr'><strong><em>α</em></strong></span> <span class='ocrx_word' id='word_1_35' title='bbox 393 689 536 728; x_wconf 75' lang='lat' dir='ltr'>Exposita</span> <span class='ocrx_word' id='word_1_36' title='bbox 548 695 653 717; x_wconf 85' lang='lat' dir='ltr'>coram</span> <span class='ocrx_word' id='word_1_37' title='bbox 672 685 799 715; x_wconf 69' lang='lat' dir='ltr'>nobis..</span> <span class='ocrx_word' id='word_1_38' title='bbox 817 702 854 705; x_wconf 91' lang='lat'>—</span> <span class='ocrx_word' id='word_1_39' title='bbox 870 679 940 713; x_wconf 62' lang='lat' dir='ltr'>Datss</span> <span class='ocrx_word' id='word_1_40' title='bbox 959 683 1060 713; x_wconf 84' lang='lat' dir='ltr'>Rome</span> <span class='ocrx_word' id='word_1_41' title='bbox 1075 682 1158 721; x_wconf 83' lang='lat' dir='ltr'>apud</span> <span class='ocrx_word' id='word_1_42' title='bbox 1171 681 1318 712; x_wconf 84' lang='lat' dir='ltr'>Sanctam</span> 
     </span>
     <span class='ocr_line' id='line_1_7' title="bbox 316 735 1264 779; baseline -0.009 -7"><span class='ocrx_word' id='word_1_43' title='bbox 316 743 451 773; x_wconf 79' lang='lat' dir='ltr'>Mariani</span> <span class='ocrx_word' id='word_1_44' title='bbox 473 741 642 779; x_wconf 87' lang='lat' dir='ltr'>Majorem,</span> <span class='ocrx_word' id='word_1_45' title='bbox 660 748 697 767; x_wconf 79' lang='lat' dir='ltr'>xv</span> <span class='ocrx_word' id='word_1_46' title='bbox 714 736 867 767; x_wconf 84' lang='lat' dir='ltr'>kalendas</span> <span class='ocrx_word' id='word_1_47' title='bbox 883 736 1003 772; x_wconf 86' lang='lat' dir='ltr'>martii,</span> <span class='ocrx_word' id='word_1_48' title='bbox 1020 744 1106 765; x_wconf 87' lang='lat' dir='ltr'>auno</span> <span class='ocrx_word' id='word_1_49' title='bbox 1121 735 1234 773; x_wconf 82' lang='lat' dir='ltr'>primo.</span> <span class='ocrx_word' id='word_1_50' title='bbox 1252 746 1264 760; x_wconf 72' lang='grc' dir='ltr'><strong>ι</strong></span> 
     </span>
    </p>
   </div>
   <div class='ocr_carea' id='block_1_3' title="bbox 384 912 465 939">
    <p class='ocr_par' dir='ltr' id='par_1_4' title="bbox 384 912 465 939">
     <span class='ocr_line' id='line_1_8' title="bbox 384 912 465 939; baseline -0.012 0"><span class='ocrx_word' id='word_1_51' title='bbox 384 912 465 939; x_wconf 67' lang='lat'>⁴81</span> 
     </span>
    </p>
   </div>
   <div class='ocr_carea' id='block_1_4' title="bbox 320 968 1319 1056">
    <p class='ocr_par' dir='ltr' id='par_1_5' title="bbox 320 968 1319 1056">
     <span class='ocr_line' id='line_1_9' title="bbox 353 968 1319 1009; baseline -0.007 -8"><span class='ocrx_word' id='word_1_52' title='bbox 353 974 559 1009; x_wconf 70' lang='lat' dir='ltr'>Indulgentiae.</span> <span class='ocrx_word' id='word_1_53' title='bbox 580 973 662 1006; x_wconf 61' lang='lat' dir='ltr'>(Reii.</span> <span class='ocrx_word' id='word_1_54' title='bbox 681 973 728 1003; x_wconf 81' lang='lat'>44,</span> <span class='ocrx_word' id='word_1_55' title='bbox 746 982 773 999; x_wconf 89' lang='lat' dir='ltr'>c.</span> <span class='ocrx_word' id='word_1_56' title='bbox 790 972 855 1002; x_wconf 83' lang='grc'><strong>321,</strong></span> <span class='ocrx_word' id='word_1_57' title='bbox 872 972 890 998; x_wconf 84' lang='lat' dir='ltr'>s.</span> <span class='ocrx_word' id='word_1_58' title='bbox 911 972 941 997; x_wconf 69' lang='grc'>’,2</span> <span class='ocrx_word' id='word_1_59' title='bbox 962 978 1010 1002; x_wconf 82' lang='lat' dir='ltr'>v⁰;</span> <span class='ocrx_word' id='word_1_60' title='bbox 1032 970 1098 997; x_wconf 61' lang='lat' dir='ltr'>Lar.</span> <span class='ocrx_word' id='word_1_61' title='bbox 1121 978 1154 996; x_wconf 85' lang='lat' dir='ltr'>nn</span> <span class='ocrx_word' id='word_1_62' title='bbox 1174 968 1277 1001; x_wconf 59' lang='lat' dir='ltr'>Tui-AL,</span> <span class='ocrx_word' id='word_1_63' title='bbox 1293 968 1319 1001; x_wconf 86' lang='lat'>1,</span> 
     </span>
     <span class='ocr_line' id='line_1_10' title="bbox 320 1025 389 1056; baseline 0 -6"><span class='ocrx_word' id='word_1_64' title='bbox 320 1025 389 1056; x_wconf 75' lang='lat'>143.)</span> 
     </span>
    </p>
   </div>
   <div class='ocr_carea' id='block_1_5' title="bbox 646 906 1248 942">
    <p class='ocr_par' dir='ltr' id='par_1_6' title="bbox 646 906 1248 942">
     <span class='ocr_line' id='line_1_11' title="bbox 646 906 1248 942; baseline -0.007 -7"><span class='ocrx_word' id='word_1_65' title='bbox 646 908 993 942; x_wconf 75' lang='lat' dir='ltr'>Sainte-Marie-Majcure,</span> <span class='ocrx_word' id='word_1_66' title='bbox 1009 906 1038 938; x_wconf 68' lang='grc'>19</span> <span class='ocrx_word' id='word_1_67' title='bbox 1053 907 1155 933; x_wconf 70' lang='lat' dir='ltr'>fevi-ier</span> <span class='ocrx_word' id='word_1_68' title='bbox 1173 906 1248 933; x_wconf 67' lang='lat'>1289.</span> 
     </span>
    </p>
   </div>
   <div class='ocr_carea' id='block_1_6' title="bbox 303 1119 1323 1643">
    <p class='ocr_par' dir='ltr' id='par_1_7' title="bbox 314 1119 1323 1481">
     <span class='ocr_line' id='line_1_12' title="bbox 357 1119 1323 1161; baseline -0.007 -6"><span class='ocrx_word' id='word_1_69' title='bbox 357 1150 376 1155; x_wconf 92' lang='lat'>..</span> <span class='ocrx_word' id='word_1_70' title='bbox 406 1127 515 1155; x_wconf 59' lang='lat' dir='ltr'>clerano</span> <span class='ocrx_word' id='word_1_71' title='bbox 549 1126 665 1155; x_wconf 58' lang='lat' dir='ltr'>err-lesie</span> <span class='ocrx_word' id='word_1_72' title='bbox 696 1125 875 1161; x_wconf 75' lang='lat' dir='ltr'>Bajocensis.</span> <span class='ocrx_word' id='word_1_73' title='bbox 907 1121 1148 1159; x_wconf 83' lang='lat' dir='ltr'>Indulgentiam</span> <span class='ocrx_word' id='word_1_74' title='bbox 1177 1119 1323 1150; x_wconf 89' lang='lat' dir='ltr'>concedit</span> 
     </span>
     <span class='ocr_line' id='line_1_13' title="bbox 316 1172 1322 1214; baseline -0.008 -5"><span class='ocrx_word' id='word_1_75' title='bbox 316 1184 444 1210; x_wconf 83' lang='lat' dir='ltr'>centnm</span> <span class='ocrx_word' id='word_1_76' title='bbox 463 1178 587 1208; x_wconf 88' lang='lat' dir='ltr'>dierum</span> <span class='ocrx_word' id='word_1_77' title='bbox 605 1177 755 1207; x_wconf 83' lang='lat' dir='ltr'>omnibns</span> <span class='ocrx_word' id='word_1_78' title='bbox 775 1185 848 1205; x_wconf 81' lang='lat' dir='ltr'>vere</span> <span class='ocrx_word' id='word_1_79' title='bbox 865 1174 1100 1214; x_wconf 87' lang='lat' dir='ltr'>poenitentibus</span> <span class='ocrx_word' id='word_1_80' title='bbox 1117 1178 1147 1203; x_wconf 92' lang='lat' dir='ltr'>et</span> <span class='ocrx_word' id='word_1_81' title='bbox 1169 1172 1322 1203; x_wconf 80' lang='lat' dir='ltr'>confessis</span> 
     </span>
     <span class='ocr_line' id='line_1_14' title="bbox 315 1226 1322 1271; baseline -0.008 -9"><span class='ocrx_word' id='word_1_82' title='bbox 315 1233 369 1271; x_wconf 89' lang='lat' dir='ltr'>qui</span> <span class='ocrx_word' id='word_1_83' title='bbox 396 1231 548 1270; x_wconf 86' lang='lat' dir='ltr'>capellam</span> <span class='ocrx_word' id='word_1_84' title='bbox 571 1230 726 1260; x_wconf 83' lang='lat' dir='ltr'>domicilii</span> <span class='ocrx_word' id='word_1_85' title='bbox 752 1230 828 1259; x_wconf 78' lang='lat' dir='ltr'>dicti</span> <span class='ocrx_word' id='word_1_86' title='bbox 851 1229 982 1264; x_wconf 87' lang='lat' dir='ltr'>decani,</span> <span class='ocrx_word' id='word_1_87' title='bbox 1013 1236 1093 1266; x_wconf 85' lang='lat' dir='ltr'>qnae</span> <span class='ocrx_word' id='word_1_88' title='bbox 1119 1227 1148 1256; x_wconf 87' lang='lat' dir='ltr'>S.</span> <span class='ocrx_word' id='word_1_89' title='bbox 1181 1226 1322 1255; x_wconf 85' lang='lat' dir='ltr'>Tliomae</span> 
     </span>
     <span class='ocr_line' id='line_1_15' title="bbox 314 1279 1323 1324; baseline -0.008 -9"><span class='ocrx_word' id='word_1_90' title='bbox 314 1285 465 1324; x_wconf 71' lang='lat' dir='ltr'>martyris</span> <span class='ocrx_word' id='word_1_91' title='bbox 482 1290 529 1314; x_wconf 90' lang='lat' dir='ltr'>est</span> <span class='ocrx_word' id='word_1_92' title='bbox 549 1283 701 1314; x_wconf 87' lang='lat' dir='ltr'>vocabulo</span> <span class='ocrx_word' id='word_1_93' title='bbox 726 1283 900 1321; x_wconf 85' lang='lat' dir='ltr'>insignita,</span> <span class='ocrx_word' id='word_1_94' title='bbox 926 1282 959 1311; x_wconf 91' lang='lat' dir='ltr'>in</span> <span class='ocrx_word' id='word_1_95' title='bbox 985 1281 1087 1320; x_wconf 88' lang='lat' dir='ltr'>ipsius</span> <span class='ocrx_word' id='word_1_96' title='bbox 1113 1279 1266 1318; x_wconf 72' lang='lat' dir='ltr'>martyris</span> <span class='ocrx_word' id='word_1_97' title='bbox 1293 1282 1323 1307; x_wconf 91' lang='lat' dir='ltr'>et</span> 
     </span>
     <span class='ocr_line' id='line_1_16' title="bbox 315 1331 1320 1372; baseline -0.008 -4"><span class='ocrx_word' id='word_1_98' title='bbox 315 1338 500 1368; x_wconf 78' lang='lat' dir='ltr'>Nativitatis</span> <span class='ocrx_word' id='word_1_99' title='bbox 521 1347 557 1367; x_wconf 92' lang='lat' dir='ltr'>ac</span> <span class='ocrx_word' id='word_1_100' title='bbox 579 1336 807 1366; x_wconf 89' lang='lat' dir='ltr'>Decollationis</span> <span class='ocrx_word' id='word_1_101' title='bbox 826 1336 858 1365; x_wconf 86' lang='lat' dir='ltr'>S.</span> <span class='ocrx_word' id='word_1_102' title='bbox 877 1335 1038 1365; x_wconf 84' lang='lat' dir='ltr'>Johannis</span> <span class='ocrx_word' id='word_1_103' title='bbox 1056 1333 1215 1372; x_wconf 81' lang='lat' dir='ltr'>Baptistae</span> <span class='ocrx_word' id='word_1_104' title='bbox 1232 1331 1320 1361; x_wconf 81' lang='lat' dir='ltr'>festi—</span> 
     </span>
     <span class='ocr_line' id='line_1_17' title="bbox 314 1388 1322 1428; baseline -0.007 -7"><span class='ocrx_word' id='word_1_105' title='bbox 314 1391 476 1426; x_wconf 80' lang='lat' dir='ltr'>vitatibus,</span> <span class='ocrx_word' id='word_1_106' title='bbox 493 1394 523 1420; x_wconf 88' lang='lat' dir='ltr'>et</span> <span class='ocrx_word' id='word_1_107' title='bbox 540 1398 638 1428; x_wconf 85' lang='lat' dir='ltr'>usqne</span> <span class='ocrx_word' id='word_1_108' title='bbox 654 1389 693 1418; x_wconf 89' lang='lat' dir='ltr'>ad</span> <span class='ocrx_word' id='word_1_109' title='bbox 714 1393 783 1419; x_wconf 89' lang='lat' dir='ltr'>octo</span> <span class='ocrx_word' id='word_1_110' title='bbox 799 1388 865 1418; x_wconf 90' lang='lat' dir='ltr'>dies</span> <span class='ocrx_word' id='word_1_111' title='bbox 884 1388 962 1417; x_wconf 84' lang='lat' dir='ltr'>festa</span> <span class='ocrx_word' id='word_1_112' title='bbox 978 1388 1046 1426; x_wconf 81' lang='lat' dir='ltr'>ipsa</span> <span class='ocrx_word' id='word_1_113' title='bbox 1064 1390 1245 1425; x_wconf 86' lang='lat' dir='ltr'>sequentes,</span> <span class='ocrx_word' id='word_1_114' title='bbox 1263 1393 1322 1414; x_wconf 87' lang='lat' dir='ltr'>an-</span> 
     </span>
     <span class='ocr_line' id='line_1_18' title="bbox 314 1442 873 1481; baseline -0.005 -8"><span class='ocrx_word' id='word_1_115' title='bbox 314 1445 364 1474; x_wconf 87' lang='lat' dir='ltr'>nis</span> <span class='ocrx_word' id='word_1_116' title='bbox 383 1443 519 1481; x_wconf 74' lang='lat' dir='ltr'>singulis</span> <span class='ocrx_word' id='word_1_117' title='bbox 537 1443 647 1472; x_wconf 88' lang='lat' dir='ltr'>devote</span> <span class='ocrx_word' id='word_1_118' title='bbox 663 1442 873 1471; x_wconf 86' lang='lat' dir='ltr'>visitaverint.</span> 
     </span>
    </p>

    <p class='ocr_par' dir='ltr' id='par_1_8' title="bbox 303 1492 1322 1643">
     <span class='ocr_line' id='line_1_19' title="bbox 303 1492 1320 1531; baseline -0.003 -7"><span class='ocrx_word' id='word_1_119' title='bbox 303 1499 308 1504; x_wconf 94' lang='grc'><em>“</em></span> <span class='ocrx_word' id='word_1_120' title='bbox 357 1510 370 1524; x_wconf 77' lang='grc' dir='ltr'>ι</span> <span class='ocrx_word' id='word_1_121' title='bbox 394 1498 432 1526; x_wconf 86' lang='lat' dir='ltr'>In</span> <span class='ocrx_word' id='word_1_122' title='bbox 457 1501 638 1526; x_wconf 85' lang='lat' dir='ltr'>sanctorum</span> <span class='ocrx_word' id='word_1_123' title='bbox 659 1494 924 1524; x_wconf 76' lang='lat' dir='ltr'>festivitatibus...</span> <span class='ocrx_word' id='word_1_124' title='bbox 953 1509 992 1516; x_wconf 90' lang='lat'>-—</span> <span class='ocrx_word' id='word_1_125' title='bbox 1015 1494 1086 1522; x_wconf 89' lang='lat' dir='ltr'>Dat.</span> <span class='ocrx_word' id='word_1_126' title='bbox 1117 1493 1217 1522; x_wconf 84' lang='lat' dir='ltr'>Rome</span> <span class='ocrx_word' id='word_1_127' title='bbox 1238 1492 1320 1531; x_wconf 83' lang='lat' dir='ltr'>apud</span> 
     </span>
     <span class='ocr_line' id='line_1_20' title="bbox 314 1546 1322 1587; baseline -0.004 -7"><span class='ocrx_word' id='word_1_128' title='bbox 314 1551 462 1581; x_wconf 86' lang='lat' dir='ltr'>Sanctam</span> <span class='ocrx_word' id='word_1_129' title='bbox 486 1549 622 1579; x_wconf 85' lang='lat' dir='ltr'>Mariam</span> <span class='ocrx_word' id='word_1_130' title='bbox 648 1549 802 1587; x_wconf 83' lang='lat' dir='ltr'>Majorem</span> <span class='ocrx_word' id='word_1_131' title='bbox 817 1571 825 1585; x_wconf 92' lang='lat'>,</span> <span class='ocrx_word' id='word_1_132' title='bbox 850 1557 880 1577; x_wconf 77' lang='lat' dir='ltr'>XI</span> <span class='ocrx_word' id='word_1_133' title='bbox 906 1546 1059 1577; x_wconf 84' lang='lat' dir='ltr'>kalendas</span> <span class='ocrx_word' id='word_1_134' title='bbox 1083 1546 1212 1582; x_wconf 86' lang='lat' dir='ltr'>martii,</span> <span class='ocrx_word' id='word_1_135' title='bbox 1236 1554 1322 1576; x_wconf 90' lang='lat' dir='ltr'>anno</span> 
     </span>
     <span class='ocr_line' id='line_1_21' title="bbox 312 1604 462 1643; baseline -0.013 -9"><span class='ocrx_word' id='word_1_136' title='bbox 312 1604 426 1643; x_wconf 89' lang='lat' dir='ltr'>primo.</span> <span class='ocrx_word' id='word_1_137' title='bbox 449 1616 462 1630; x_wconf 76' lang='lat' dir='ltr'>n</span> 
     </span>
    </p>
   </div>
   <div class='ocr_carea' id='block_1_7' title="bbox 383 1777 469 1804">
    <p class='ocr_par' dir='ltr' id='par_1_9' title="bbox 383 1777 469 1804">
     <span class='ocr_line' id='line_1_22' title="bbox 383 1777 469 1804; baseline 0 0"><span class='ocrx_word' id='word_1_138' title='bbox 383 1777 469 1804; x_wconf 69' lang='lat'>492</span> 
     </span>
    </p>
   </div>
   <div class='ocr_carea' id='block_1_8' title="bbox 313 1835 1321 1969">
    <p class='ocr_par' dir='ltr' id='par_1_10' title="bbox 313 1835 1321 1969">
     <span class='ocr_line' id='line_1_23' title="bbox 349 1835 1321 1866; baseline -0.005 0"><span class='ocrx_word' id='word_1_139' title='bbox 349 1839 506 1866; x_wconf 77' lang='lat' dir='ltr'>Licentiam</span> <span class='ocrx_word' id='word_1_140' title='bbox 527 1837 660 1864; x_wconf 83' lang='lat' dir='ltr'>visitandi</span> <span class='ocrx_word' id='word_1_141' title='bbox 686 1838 892 1864; x_wconf 79' lang='lat' dir='ltr'>monasterium</span> <span class='ocrx_word' id='word_1_142' title='bbox 917 1837 952 1863; x_wconf 83' lang='lat' dir='ltr'>dc</span> <span class='ocrx_word' id='word_1_143' title='bbox 973 1836 1067 1863; x_wconf 80' lang='lat' dir='ltr'>Gai-da</span> <span class='ocrx_word' id='word_1_144' title='bbox 1089 1836 1189 1862; x_wconf 88' lang='lat' dir='ltr'>beatae</span> <span class='ocrx_word' id='word_1_145' title='bbox 1215 1835 1321 1862; x_wconf 84' lang='lat' dir='ltr'>Mariae</span> 
     </span>
     <span class='ocr_line' id='line_1_24' title="bbox 313 1884 1321 1918; baseline -0.005 -3"><span class='ocrx_word' id='word_1_146' title='bbox 313 1888 480 1915; x_wconf 83' lang='lat' dir='ltr'>conceditur</span> <span class='ocrx_word' id='word_1_147' title='bbox 500 1887 668 1918; x_wconf 85' lang='lat' dir='ltr'>Johannae,</span> <span class='ocrx_word' id='word_1_148' title='bbox 686 1886 850 1913; x_wconf 78' lang='lat' dir='ltr'>comitissae</span> <span class='ocrx_word' id='word_1_149' title='bbox 868 1885 1010 1911; x_wconf 85' lang='lat' dir='ltr'>Blcsensi.</span> <span class='ocrx_word' id='word_1_150' title='bbox 1034 1885 1120 1918; x_wconf 67' lang='lat' dir='ltr'>(Risu.</span> <span class='ocrx_word' id='word_1_151' title='bbox 1140 1885 1186 1916; x_wconf 86' lang='grc'>44,</span> <span class='ocrx_word' id='word_1_152' title='bbox 1211 1893 1235 1911; x_wconf 89' lang='lat' dir='ltr'>c.</span> <span class='ocrx_word' id='word_1_153' title='bbox 1254 1884 1321 1917; x_wconf 85' lang='grc'><strong>322,</strong></span> 
     </span>
     <span class='ocr_line' id='line_1_25' title="bbox 313 1934 1089 1969; baseline -0.003 -6"><span class='ocrx_word' id='word_1_154' title='bbox 313 1938 331 1964; x_wconf 81' lang='lat' dir='ltr'>f,</span> <span class='ocrx_word' id='word_1_155' title='bbox 350 1937 381 1963; x_wconf 85' lang='grc'>72</span> <span class='ocrx_word' id='word_1_156' title='bbox 399 1943 445 1967; x_wconf 80' lang='lat' dir='ltr'>v⁰;</span> <span class='ocrx_word' id='word_1_157' title='bbox 463 1936 529 1963; x_wconf 55' lang='lat' dir='ltr'>Lar.</span> <span class='ocrx_word' id='word_1_158' title='bbox 547 1945 580 1963; x_wconf 84' lang='lat' dir='ltr'>nu</span> <span class='ocrx_word' id='word_1_159' title='bbox 595 1935 692 1967; x_wconf 68' lang='lat' dir='ltr'>Tum,</span> <span class='ocrx_word' id='word_1_160' title='bbox 712 1935 738 1969; x_wconf 82' lang='grc' dir='ltr'>Ι,</span> <span class='ocrx_word' id='word_1_161' title='bbox 761 1935 823 1968; x_wconf 82' lang='grc'>130;</span> <span class='ocrx_word' id='word_1_162' title='bbox 842 1934 959 1967; x_wconf 61' lang='lat' dir='ltr'>Poma„</span> <span class='ocrx_word' id='word_1_163' title='bbox 979 1934 1089 1967; x_wconf 82' lang='grc'><strong>22883.)</strong></span> 
     </span>
    </p>
   </div>
   <div class='ocr_carea' id='block_1_9' title="bbox 650 1772 1247 1807">
    <p class='ocr_par' dir='ltr' id='par_1_11' title="bbox 650 1772 1247 1807">
     <span class='ocr_line' id='line_1_26' title="bbox 650 1772 1247 1807; baseline -0.005 -6"><span class='ocrx_word' id='word_1_164' title='bbox 650 1774 996 1807; x_wconf 66' lang='lat' dir='ltr'>Salute-Maric-Majeure,</span> <span class='ocrx_word' id='word_1_165' title='bbox 1010 1774 1043 1800; x_wconf 70' lang='lat'>20</span> <span class='ocrx_word' id='word_1_166' title='bbox 1055 1774 1159 1800; x_wconf 75' lang='lat' dir='ltr'>ievrier</span> <span class='ocrx_word' id='word_1_167' title='bbox 1171 1772 1247 1800; x_wconf 72' lang='lat'>1289.</span> 
     </span>
    </p>
   </div>
   <div class='ocr_carea' id='block_1_10' title="bbox 315 2037 1328 2726">
    <p class='ocr_par' dir='ltr' id='par_1_12' title="bbox 315 2037 1328 2726">
     <span class='ocr_line' id='line_1_27' title="bbox 354 2037 1325 2074; baseline -0.003 -6"><span class='ocrx_word' id='word_1_168' title='bbox 354 2040 461 2068; x_wconf 80' lang='lat' dir='ltr'>Dilecte</span> <span class='ocrx_word' id='word_1_169' title='bbox 484 2040 513 2068; x_wconf 80' lang='lat' dir='ltr'>in</span> <span class='ocrx_word' id='word_1_170' title='bbox 532 2038 648 2067; x_wconf 75' lang='lat' dir='ltr'>Cltrisco</span> <span class='ocrx_word' id='word_1_171' title='bbox 664 2037 725 2074; x_wconf 76' lang='lat' dir='ltr'>filie</span> <span class='ocrx_word' id='word_1_172' title='bbox 743 2038 837 2066; x_wconf 79' lang='lat' dir='ltr'>nobili</span> <span class='ocrx_word' id='word_1_173' title='bbox 863 2038 986 2066; x_wconf 72' lang='lat' dir='ltr'>mulieri</span> <span class='ocrx_word' id='word_1_174' title='bbox 1007 2037 1157 2074; x_wconf 77' lang='lat' dir='ltr'>Johanne,</span> <span class='ocrx_word' id='word_1_175' title='bbox 1175 2037 1325 2066; x_wconf 76' lang='lat' dir='ltr'>comitisse</span> 
     </span>
     <span class='ocr_line' id='line_1_28' title="bbox 315 2089 1325 2122; baseline -0.002 -1"><span class='ocrx_word' id='word_1_176' title='bbox 315 2093 457 2122; x_wconf 81' lang='lat' dir='ltr'>Blesensi.</span> <span class='ocrx_word' id='word_1_177' title='bbox 473 2104 486 2119; x_wconf 89' lang='lat'>«</span> <span class='ocrx_word' id='word_1_178' title='bbox 504 2092 548 2121; x_wconf 83' lang='lat' dir='ltr'>Ex</span> <span class='ocrx_word' id='word_1_179' title='bbox 567 2091 743 2121; x_wconf 80' lang='lat' dir='ltr'>devotionis</span> <span class='ocrx_word' id='word_1_180' title='bbox 761 2095 850 2121; x_wconf 87' lang='lat' dir='ltr'>tue...</span> <span class='ocrx_word' id='word_1_181' title='bbox 866 2091 910 2120; x_wconf 94' lang='lat' dir='ltr'>Ut</span> <span class='ocrx_word' id='word_1_182' title='bbox 923 2090 1154 2120; x_wconf 89' lang='lat' dir='ltr'>monasterium</span> <span class='ocrx_word' id='word_1_183' title='bbox 1167 2089 1205 2119; x_wconf 90' lang='lat' dir='ltr'>de</span> <span class='ocrx_word' id='word_1_184' title='bbox 1219 2089 1325 2120; x_wconf 72' lang='lat' dir='ltr'>Gai-da</span> 
     </span>
     <span class='ocr_line' id='line_1_29' title="bbox 315 2143 1322 2181; baseline -0.003 -6"><span class='ocrx_word' id='word_1_185' title='bbox 315 2146 404 2176; x_wconf 88' lang='lat' dir='ltr'>beate</span> <span class='ocrx_word' id='word_1_186' title='bbox 422 2145 534 2181; x_wconf 68' lang='lat' dir='ltr'>Mai-ie,</span> <span class='ocrx_word' id='word_1_187' title='bbox 555 2145 676 2175; x_wconf 90' lang='lat' dir='ltr'>ordinis</span> <span class='ocrx_word' id='word_1_188' title='bbox 695 2144 809 2174; x_wconf 79' lang='lat' dir='ltr'>Sancte</span> <span class='ocrx_word' id='word_1_189' title='bbox 827 2143 931 2180; x_wconf 76' lang='lat' dir='ltr'>Clare⁷</span> <span class='ocrx_word' id='word_1_190' title='bbox 951 2143 1158 2173; x_wconf 79' lang='lat' dir='ltr'>Carnotensis</span> <span class='ocrx_word' id='word_1_191' title='bbox 1176 2143 1322 2179; x_wconf 78' lang='lat' dir='ltr'>diocesis,</span> 
     </span>
     <span class='ocr_line' id='line_1_30' title="bbox 315 2196 1322 2238; baseline -0.004 -9"><span class='ocrx_word' id='word_1_192' title='bbox 315 2199 400 2238; x_wconf 88' lang='lat' dir='ltr'>quod</span> <span class='ocrx_word' id='word_1_193' title='bbox 416 2199 577 2238; x_wconf 88' lang='lat' dir='ltr'>qnondam</span> <span class='ocrx_word' id='word_1_194' title='bbox 595 2198 782 2233; x_wconf 78' lang='lat' dir='ltr'>Joliaiines,</span> <span class='ocrx_word' id='word_1_195' title='bbox 800 2206 906 2227; x_wconf 81' lang='lat' dir='ltr'>comes</span> <span class='ocrx_word' id='word_1_196' title='bbox 926 2196 1107 2233; x_wconf 62' lang='lat' dir='ltr'>meseum,</span> <span class='ocrx_word' id='word_1_197' title='bbox 1126 2200 1213 2235; x_wconf 88' lang='lat' dir='ltr'>pater</span> <span class='ocrx_word' id='word_1_198' title='bbox 1233 2200 1322 2234; x_wconf 88' lang='lat' dir='ltr'>tuus,</span> 
     </span>
     <span class='ocr_line' id='line_1_31' title="bbox 316 2250 1323 2292; baseline -0.003 -10"><span class='ocrx_word' id='word_1_199' title='bbox 316 2253 453 2292; x_wconf 88' lang='lat' dir='ltr'>propriis</span> <span class='ocrx_word' id='word_1_200' title='bbox 477 2252 656 2291; x_wconf 83' lang='lat' dir='ltr'>sumptibus</span> <span class='ocrx_word' id='word_1_201' title='bbox 681 2251 831 2281; x_wconf 84' lang='lat' dir='ltr'>fundasse</span> <span class='ocrx_word' id='word_1_202' title='bbox 854 2250 973 2280; x_wconf 88' lang='lat' dir='ltr'>dicitur</span> <span class='ocrx_word' id='word_1_203' title='bbox 992 2250 1110 2289; x_wconf 85' lang='lat' dir='ltr'>pariter</span> <span class='ocrx_word' id='word_1_204' title='bbox 1132 2254 1162 2279; x_wconf 89' lang='lat' dir='ltr'>et</span> <span class='ocrx_word' id='word_1_205' title='bbox 1184 2250 1323 2287; x_wconf 80' lang='lat' dir='ltr'>dotasse,</span> 
     </span>
     <span class='ocr_line' id='line_1_32' title="bbox 318 2303 1325 2344; baseline -0.003 -9"><span class='ocrx_word' id='word_1_206' title='bbox 318 2311 415 2344; x_wconf 88' lang='lat' dir='ltr'>tuque</span> <span class='ocrx_word' id='word_1_207' title='bbox 433 2305 471 2335; x_wconf 88' lang='lat' dir='ltr'>ad</span> <span class='ocrx_word' id='word_1_208' title='bbox 490 2306 575 2335; x_wconf 87' lang='lat' dir='ltr'>idem</span> <span class='ocrx_word' id='word_1_209' title='bbox 596 2305 828 2334; x_wconf 87' lang='lat' dir='ltr'>monasterium</span> <span class='ocrx_word' id='word_1_210' title='bbox 845 2312 960 2342; x_wconf 86' lang='lat' dir='ltr'>gerens</span> <span class='ocrx_word' id='word_1_211' title='bbox 975 2312 1011 2333; x_wconf 84' lang='lat' dir='ltr'>ex</span> <span class='ocrx_word' id='word_1_212' title='bbox 1032 2303 1092 2333; x_wconf 85' lang='lat' dir='ltr'>hoc</span> <span class='ocrx_word' id='word_1_213' title='bbox 1110 2303 1160 2342; x_wconf 91' lang='lat' dir='ltr'>pie</span> <span class='ocrx_word' id='word_1_214' title='bbox 1182 2303 1325 2333; x_wconf 89' lang='lat' dir='ltr'>devotio-</span> 
     </span>
     <span class='ocr_line' id='line_1_33' title="bbox 317 2356 1324 2395; baseline -0.003 -6"><span class='ocrx_word' id='word_1_215' title='bbox 317 2360 369 2389; x_wconf 79' lang='lat' dir='ltr'>nis</span> <span class='ocrx_word' id='word_1_216' title='bbox 384 2359 544 2395; x_wconf 78' lang='lat' dir='ltr'>affectum,</span> <span class='ocrx_word' id='word_1_217' title='bbox 562 2358 600 2388; x_wconf 90' lang='lat' dir='ltr'>de</span> <span class='ocrx_word' id='word_1_218' title='bbox 614 2358 707 2388; x_wconf 90' lang='lat' dir='ltr'>bonis</span> <span class='ocrx_word' id='word_1_219' title='bbox 722 2358 784 2387; x_wconf 91' lang='lat' dir='ltr'>tuis</span> <span class='ocrx_word' id='word_1_220' title='bbox 797 2357 903 2387; x_wconf 88' lang='lat' dir='ltr'>eidem</span> <span class='ocrx_word' id='word_1_221' title='bbox 916 2356 1110 2387; x_wconf 86' lang='lat' dir='ltr'>monasterio</span> <span class='ocrx_word' id='word_1_222' title='bbox 1125 2356 1216 2395; x_wconf 89' lang='lat' dir='ltr'>plura</span> <span class='ocrx_word' id='word_1_223' title='bbox 1230 2356 1324 2393; x_wconf 86' lang='lat' dir='ltr'>bona,</span> 
     </span>
     <span class='ocr_line' id='line_1_34' title="bbox 317 2409 1327 2451; baseline -0.003 -9"><span class='ocrx_word' id='word_1_224' title='bbox 317 2412 444 2451; x_wconf 86' lang='lat' dir='ltr'>pietatis</span> <span class='ocrx_word' id='word_1_225' title='bbox 460 2412 589 2448; x_wconf 68' lang='lat' dir='ltr'>intuitu,</span> <span class='ocrx_word' id='word_1_226' title='bbox 608 2411 722 2441; x_wconf 86' lang='lat' dir='ltr'>diceris</span> <span class='ocrx_word' id='word_1_227' title='bbox 736 2410 923 2447; x_wconf 82' lang='lat' dir='ltr'>contulisse,</span> <span class='ocrx_word' id='word_1_228' title='bbox 938 2419 1011 2440; x_wconf 89' lang='lat' dir='ltr'>cnm</span> <span class='ocrx_word' id='word_1_229' title='bbox 1023 2414 1091 2440; x_wconf 92' lang='lat' dir='ltr'>octo</span> <span class='ocrx_word' id='word_1_230' title='bbox 1106 2409 1249 2440; x_wconf 86' lang='lat' dir='ltr'>honestis</span> <span class='ocrx_word' id='word_1_231' title='bbox 1263 2418 1327 2439; x_wconf 89' lang='lat' dir='ltr'>ma-</span> 
     </span>
     <span class='ocr_line' id='line_1_35' title="bbox 318 2464 1328 2504; baseline -0.002 -9"><span class='ocrx_word' id='word_1_232' title='bbox 318 2466 431 2503; x_wconf 77' lang='lat' dir='ltr'>tronis,</span> <span class='ocrx_word' id='word_1_233' title='bbox 448 2465 621 2504; x_wconf 86' lang='lat' dir='ltr'>quinquies</span> <span class='ocrx_word' id='word_1_234' title='bbox 635 2466 668 2494; x_wconf 92' lang='lat' dir='ltr'>in</span> <span class='ocrx_word' id='word_1_235' title='bbox 685 2473 772 2494; x_wconf 83' lang='lat' dir='ltr'>anno</span> <span class='ocrx_word' id='word_1_236' title='bbox 785 2464 911 2502; x_wconf 85' lang='lat' dir='ltr'>ingredi</span> <span class='ocrx_word' id='word_1_237' title='bbox 928 2464 1044 2502; x_wconf 89' lang='lat' dir='ltr'>valeas,</span> <span class='ocrx_word' id='word_1_238' title='bbox 1058 2464 1232 2494; x_wconf 89' lang='lat' dir='ltr'>dummodo</span> <span class='ocrx_word' id='word_1_239' title='bbox 1249 2468 1280 2493; x_wconf 87' lang='lat' dir='ltr'>tu</span> <span class='ocrx_word' id='word_1_240' title='bbox 1297 2467 1328 2493; x_wconf 91' lang='lat' dir='ltr'>et</span> 
     </span>
     <span class='ocr_line' id='line_1_36' title="bbox 318 2516 1328 2558; baseline -0.002 -10"><span class='ocrx_word' id='word_1_241' title='bbox 318 2519 386 2558; x_wconf 88' lang='lat' dir='ltr'>ipse</span> <span class='ocrx_word' id='word_1_242' title='bbox 401 2522 545 2548; x_wconf 87' lang='lat' dir='ltr'>matrone</span> <span class='ocrx_word' id='word_1_243' title='bbox 559 2518 644 2547; x_wconf 80' lang='lat' dir='ltr'>infra</span> <span class='ocrx_word' id='word_1_244' title='bbox 660 2518 770 2548; x_wconf 88' lang='lat' dir='ltr'>domos</span> <span class='ocrx_word' id='word_1_245' title='bbox 784 2517 976 2548; x_wconf 85' lang='lat' dir='ltr'>habitationi</span> <span class='ocrx_word' id='word_1_246' title='bbox 991 2526 1135 2548; x_wconf 90' lang='lat' dir='ltr'>sororum</span> <span class='ocrx_word' id='word_1_247' title='bbox 1151 2516 1252 2556; x_wconf 89' lang='lat' dir='ltr'>ipsius</span> <span class='ocrx_word' id='word_1_248' title='bbox 1263 2525 1328 2546; x_wconf 89' lang='lat' dir='ltr'>mo-</span> 
     </span>
     <span class='ocr_line' id='line_1_37' title="bbox 318 2569 1326 2610; baseline -0.002 -10"><span class='ocrx_word' id='word_1_249' title='bbox 318 2571 451 2601; x_wconf 88' lang='lat' dir='ltr'>nasterii</span> <span class='ocrx_word' id='word_1_250' title='bbox 472 2571 638 2610; x_wconf 84' lang='lat' dir='ltr'>deputatas</span> <span class='ocrx_word' id='word_1_251' title='bbox 662 2579 726 2601; x_wconf 85' lang='lat' dir='ltr'>non</span> <span class='ocrx_word' id='word_1_252' title='bbox 743 2571 860 2607; x_wconf 83' lang='lat' dir='ltr'>edatis,</span> <span class='ocrx_word' id='word_1_253' title='bbox 877 2570 928 2600; x_wconf 88' lang='lat' dir='ltr'>vel</span> <span class='ocrx_word' id='word_1_254' title='bbox 950 2571 1014 2600; x_wconf 87' lang='lat' dir='ltr'>iam</span> <span class='ocrx_word' id='word_1_255' title='bbox 1031 2570 1259 2609; x_wconf 68' lang='lat' dir='ltr'>pernoctetis...</span> <span class='ocrx_word' id='word_1_256' title='bbox 1280 2569 1326 2599; x_wconf 90' lang='lat' dir='ltr'>in-</span> 
     </span>
     <span class='ocr_line' id='line_1_38' title="bbox 319 2623 1327 2663; baseline -0.002 -9"><span class='ocrx_word' id='word_1_257' title='bbox 319 2625 528 2663; x_wconf 55' lang='lat' dir='ltr'>dulgemus..</span> <span class='ocrx_word' id='word_1_258' title='bbox 547 2625 619 2655; x_wconf 89' lang='lat' dir='ltr'>Dat.</span> <span class='ocrx_word' id='word_1_259' title='bbox 634 2624 735 2654; x_wconf 86' lang='lat' dir='ltr'>Rome</span> <span class='ocrx_word' id='word_1_260' title='bbox 748 2624 832 2663; x_wconf 85' lang='lat' dir='ltr'>apud</span> <span class='ocrx_word' id='word_1_261' title='bbox 845 2624 993 2654; x_wconf 86' lang='lat' dir='ltr'>Sanctam</span> <span class='ocrx_word' id='word_1_262' title='bbox 1010 2623 1144 2653; x_wconf 84' lang='lat' dir='ltr'>Mariam</span> <span class='ocrx_word' id='word_1_263' title='bbox 1162 2623 1327 2663; x_wconf 81' lang='lat' dir='ltr'>Majorem,</span> 
     </span>
     <span class='ocr_line' id='line_1_39' title="bbox 320 2677 937 2726; baseline 0 -19"><span class='ocrx_word' id='word_1_264' title='bbox 320 2688 336 2707; x_wconf 77' lang='lat' dir='ltr'>x</span> <span class='ocrx_word' id='word_1_265' title='bbox 353 2677 506 2708; x_wconf 86' lang='lat' dir='ltr'>kalendas</span> <span class='ocrx_word' id='word_1_266' title='bbox 525 2678 644 2714; x_wconf 84' lang='lat' dir='ltr'>martii,</span> <span class='ocrx_word' id='word_1_267' title='bbox 662 2686 749 2708; x_wconf 87' lang='lat' dir='ltr'>anno</span> <span class='ocrx_word' id='word_1_268' title='bbox 765 2677 878 2716; x_wconf 89' lang='lat' dir='ltr'>primo.</span> <span class='ocrx_word' id='word_1_269' title='bbox 900 2689 911 2703; x_wconf 63' lang='grc' dir='ltr'>ι)</span> <span class='ocrx_word' id='word_1_270' title='bbox 930 2716 937 2726; x_wconf 77' lang='lat'><em>.</em></span> 
     </span>
    </p>
   </div>
   <div class='ocr_carea' id='block_1_11' title="bbox 357 2858 550 2886">
    <p class='ocr_par' dir='ltr' id='par_1_13' title="bbox 357 2858 550 2886">
     <span class='ocr_line' id='line_1_40' title="bbox 357 2858 550 2886; baseline 0.005 -1"><span class='ocrx_word' id='word_1_271' title='bbox 357 2858 550 2886; x_wconf 59' lang='lat' dir='ltr'>49:349ss</span> 
     </span>
    </p>
   </div>
   <div class='ocr_carea' id='block_1_12' title="bbox 324 2918 1328 2999">
    <p class='ocr_par' dir='ltr' id='par_1_14' title="bbox 324 2918 1328 2999">
     <span class='ocr_line' id='line_1_41' title="bbox 359 2918 1328 2956; baseline -0.002 -9"><span class='ocrx_word' id='word_1_272' title='bbox 359 2921 476 2947; x_wconf 74' lang='lat' dir='ltr'>Gai-sias</span> <span class='ocrx_word' id='word_1_273' title='bbox 491 2921 630 2948; x_wconf 80' lang='lat' dir='ltr'>ecclesiae</span> <span class='ocrx_word' id='word_1_274' title='bbox 645 2921 799 2955; x_wconf 80' lang='lat' dir='ltr'>Yspalensi</span> <span class='ocrx_word' id='word_1_275' title='bbox 815 2921 980 2956; x_wconf 88' lang='lat' dir='ltr'>praeficitur</span> <span class='ocrx_word' id='word_1_276' title='bbox 996 2922 1023 2947; x_wconf 93' lang='lat' dir='ltr'>in</span> <span class='ocrx_word' id='word_1_277' title='bbox 1040 2920 1173 2947; x_wconf 89' lang='lat' dir='ltr'>electum.</span> <span class='ocrx_word' id='word_1_278' title='bbox 1189 2918 1272 2953; x_wconf 67' lang='lat' dir='ltr'>(Rae.</span> <span class='ocrx_word' id='word_1_279' title='bbox 1284 2918 1328 2950; x_wconf 86' lang='lat'>44,</span> 
     </span>
     <span class='ocr_line' id='line_1_42' title="bbox 324 2969 579 2999; baseline 0 -3"><span class='ocrx_word' id='word_1_280' title='bbox 324 2977 349 2996; x_wconf 93' lang='lat' dir='ltr'>c.</span> <span class='ocrx_word' id='word_1_281' title='bbox 367 2969 426 2999; x_wconf 81' lang='grc'><strong>323,</strong></span> <span class='ocrx_word' id='word_1_282' title='bbox 447 2969 464 2995; x_wconf 76' lang='lat' dir='ltr'>f.</span> <span class='ocrx_word' id='word_1_283' title='bbox 482 2969 514 2995; x_wconf 86' lang='lat'>73</span> <span class='ocrx_word' id='word_1_284' title='bbox 533 2971 579 2997; x_wconf 83' lang='lat' dir='ltr'>r0.)</span> 
     </span>
    </p>
   </div>
   <div class='ocr_carea' id='block_1_13' title="bbox 693 2856 1292 2892">
    <p class='ocr_par' dir='ltr' id='par_1_15' title="bbox 693 2856 1292 2892">
     <span class='ocr_line' id='line_1_43' title="bbox 693 2856 1292 2892; baseline -0.003 -7"><span class='ocrx_word' id='word_1_285' title='bbox 693 2857 1041 2892; x_wconf 80' lang='lat' dir='ltr'>Sainte-Marie-Majcure,</span> <span class='ocrx_word' id='word_1_286' title='bbox 1057 2857 1087 2883; x_wconf 86' lang='grc'>12</span> <span class='ocrx_word' id='word_1_287' title='bbox 1100 2857 1202 2883; x_wconf 78' lang='lat' dir='ltr'>fevi-ier</span> <span class='ocrx_word' id='word_1_288' title='bbox 1214 2856 1292 2883; x_wconf 78' lang='grc'><strong>1289.</strong></span> 
     </span>
    </p>
   </div>
   <div class='ocr_carea' id='block_1_14' title="bbox 367 3070 1330 3110">
    <p class='ocr_par' dir='ltr' id='par_1_16' title="bbox 367 3070 1330 3110">
     <span class='ocr_line' id='line_1_44' title="bbox 367 3070 1330 3110; baseline 0.001 -11"><span class='ocrx_word' id='word_1_289' title='bbox 367 3071 480 3108; x_wconf 79' lang='lat' dir='ltr'>Garsie,</span> <span class='ocrx_word' id='word_1_290' title='bbox 493 3071 579 3100; x_wconf 79' lang='lat' dir='ltr'>electo</span> <span class='ocrx_word' id='word_1_291' title='bbox 595 3072 760 3110; x_wconf 74' lang='lat' dir='ltr'>Yspalensz&#39;.</span> <span class='ocrx_word' id='word_1_292' title='bbox 773 3072 897 3103; x_wconf 90' lang='lat' dir='ltr'>Mortuo</span> <span class='ocrx_word' id='word_1_293' title='bbox 914 3072 966 3108; x_wconf 67' lang='lat' dir='ltr'>R„</span> <span class='ocrx_word' id='word_1_294' title='bbox 979 3071 1215 3110; x_wconf 84' lang='lat' dir='ltr'>archiepiscopo</span> <span class='ocrx_word' id='word_1_295' title='bbox 1231 3070 1330 3109; x_wconf 79' lang='lat' dir='ltr'>Yspa-</span> 
     </span>
    </p>
   </div>
   <div class='ocr_carea' id='block_1_15' title="bbox 1402 463 2412 1362">
    <p class='ocr_par' dir='ltr' id='par_1_17' title="bbox 1402 463 2406 774">
     <span class='ocr_line' id='line_1_45' title="bbox 1402 463 2405 505; baseline -0.003 -8"><span class='ocrx_word' id='word_1_296' title='bbox 1402 468 1498 501; x_wconf 78' lang='lat' dir='ltr'>lensi,</span> <span class='ocrx_word' id='word_1_297' title='bbox 1521 465 1697 505; x_wconf 84' lang='lat' dir='ltr'>capitulum</span> <span class='ocrx_word' id='word_1_298' title='bbox 1722 464 1944 501; x_wconf 85' lang='lat' dir='ltr'>Fernandum,</span> <span class='ocrx_word' id='word_1_299' title='bbox 1967 464 2123 495; x_wconf 89' lang='lat' dir='ltr'>decanum</span> <span class='ocrx_word' id='word_1_300' title='bbox 2142 464 2285 504; x_wconf 82' lang='lat' dir='ltr'>ejusdem</span> <span class='ocrx_word' id='word_1_301' title='bbox 2305 463 2405 494; x_wconf 88' lang='lat' dir='ltr'>eccle-</span> 
     </span>
     <span class='ocr_line' id='line_1_46' title="bbox 1402 518 2406 557; baseline -0.002 -7"><span class='ocrx_word' id='word_1_302' title='bbox 1402 522 1478 552; x_wconf 77' lang='lat' dir='ltr'>siae.</span> <span class='ocrx_word' id='word_1_303' title='bbox 1495 520 1592 557; x_wconf 71' lang='lat' dir='ltr'>elegit</span> <span class='ocrx_word' id='word_1_304' title='bbox 1609 520 1640 548; x_wconf 91' lang='lat' dir='ltr'>iu</span> <span class='ocrx_word' id='word_1_305' title='bbox 1657 527 1751 548; x_wconf 90' lang='lat' dir='ltr'>suum</span> <span class='ocrx_word' id='word_1_306' title='bbox 1772 518 2063 557; x_wconf 77' lang='lat' dir='ltr'>archiepiscopum,</span> <span class='ocrx_word' id='word_1_307' title='bbox 2081 518 2134 548; x_wconf 88' lang='lat' dir='ltr'>sed</span> <span class='ocrx_word' id='word_1_308' title='bbox 2151 518 2312 549; x_wconf 89' lang='lat' dir='ltr'>Honorius</span> <span class='ocrx_word' id='word_1_309' title='bbox 2327 526 2406 557; x_wconf 77' lang='lat' dir='ltr'>papa</span> 
     </span>
     <span class='ocr_line' id='line_1_47' title="bbox 1402 571 2404 613; baseline -0.002 -10"><span class='ocrx_word' id='word_1_310' title='bbox 1402 575 1514 613; x_wconf 68' lang='lat' dir='ltr'>primo,</span> <span class='ocrx_word' id='word_1_311' title='bbox 1524 572 1640 602; x_wconf 86' lang='lat' dir='ltr'>deinde</span> <span class='ocrx_word' id='word_1_312' title='bbox 1653 573 1717 611; x_wconf 89' lang='lat' dir='ltr'>ipse</span> <span class='ocrx_word' id='word_1_313' title='bbox 1728 571 1879 601; x_wconf 89' lang='lat' dir='ltr'>Nicolans</span> <span class='ocrx_word' id='word_1_314' title='bbox 1890 576 2095 601; x_wconf 81' lang='lat' dir='ltr'>cassaverunt</span> <span class='ocrx_word' id='word_1_315' title='bbox 2104 572 2188 601; x_wconf 89' lang='lat' dir='ltr'>hanc</span> <span class='ocrx_word' id='word_1_316' title='bbox 2199 571 2387 601; x_wconf 88' lang='lat' dir='ltr'>electionem</span> <span class='ocrx_word' id='word_1_317' title='bbox 2397 582 2404 608; x_wconf 72' lang='grc' dir='ltr'><strong>ς</strong></span> 
     </span>
     <span class='ocr_line' id='line_1_48' title="bbox 1403 626 2404 668; baseline -0.002 -9"><span class='ocrx_word' id='word_1_318' title='bbox 1403 638 1500 668; x_wconf 86' lang='lat' dir='ltr'>quare</span> <span class='ocrx_word' id='word_1_319' title='bbox 1519 628 1738 668; x_wconf 86' lang='lat' dir='ltr'>praesentibus</span> <span class='ocrx_word' id='word_1_320' title='bbox 1753 627 1867 657; x_wconf 87' lang='lat' dir='ltr'>litteris</span> <span class='ocrx_word' id='word_1_321' title='bbox 1884 636 1962 666; x_wconf 89' lang='lat' dir='ltr'>papa</span> <span class='ocrx_word' id='word_1_322' title='bbox 1977 627 2135 663; x_wconf 84' lang='lat' dir='ltr'>Garsiam,</span> <span class='ocrx_word' id='word_1_323' title='bbox 2154 631 2228 657; x_wconf 89' lang='lat' dir='ltr'>tunc</span> <span class='ocrx_word' id='word_1_324' title='bbox 2245 626 2404 657; x_wconf 82' lang='lat' dir='ltr'>archidia-</span> 
     </span>
     <span class='ocr_line' id='line_1_49' title="bbox 1402 680 2406 720; baseline -0.002 -8"><span class='ocrx_word' id='word_1_325' title='bbox 1402 691 1518 712; x_wconf 88' lang='lat' dir='ltr'>conum</span> <span class='ocrx_word' id='word_1_326' title='bbox 1541 683 1773 712; x_wconf 84' lang='lat' dir='ltr'>Vervecensem</span> <span class='ocrx_word' id='word_1_327' title='bbox 1797 681 1830 710; x_wconf 90' lang='lat' dir='ltr'>in</span> <span class='ocrx_word' id='word_1_328' title='bbox 1855 680 1989 710; x_wconf 87' lang='lat' dir='ltr'>ecclesia</span> <span class='ocrx_word' id='word_1_329' title='bbox 2015 681 2191 719; x_wconf 86' lang='lat' dir='ltr'>Burgensi,</span> <span class='ocrx_word' id='word_1_330' title='bbox 2208 680 2352 720; x_wconf 88' lang='lat' dir='ltr'>praeficit</span> <span class='ocrx_word' id='word_1_331' title='bbox 2372 681 2406 710; x_wconf 92' lang='lat' dir='ltr'>in</span> 
     </span>
     <span class='ocr_line' id='line_1_50' title="bbox 1402 733 2047 774; baseline -0.005 -9"><span class='ocrx_word' id='word_1_332' title='bbox 1402 736 1675 774; x_wconf 84' lang='lat' dir='ltr'>archiepiscopum</span> <span class='ocrx_word' id='word_1_333' title='bbox 1695 733 1864 772; x_wconf 86' lang='lat' dir='ltr'>Yspalensi</span> <span class='ocrx_word' id='word_1_334' title='bbox 1884 733 2047 763; x_wconf 84' lang='lat' dir='ltr'>ecclesiae.</span> 
     </span>
    </p>

    <p class='ocr_par' dir='ltr' id='par_1_18' title="bbox 1403 786 2405 880">
     <span class='ocr_line' id='line_1_51' title="bbox 1447 786 2405 826; baseline 0 -10"><span class='ocrx_word' id='word_1_335' title='bbox 1447 802 1459 815; x_wconf 78' lang='grc' dir='ltr'>ι</span> <span class='ocrx_word' id='word_1_336' title='bbox 1476 790 1564 818; x_wconf 88' lang='lat' dir='ltr'>Inter</span> <span class='ocrx_word' id='word_1_337' title='bbox 1580 793 1681 818; x_wconf 87' lang='lat' dir='ltr'>cetera</span> <span class='ocrx_word' id='word_1_338' title='bbox 1701 796 1799 826; x_wconf 81' lang='lat' dir='ltr'>quc...</span> <span class='ocrx_word' id='word_1_339' title='bbox 1819 805 1857 808; x_wconf 93' lang='lat'><strong>—</strong></span> <span class='ocrx_word' id='word_1_340' title='bbox 1875 787 1946 816; x_wconf 91' lang='lat' dir='ltr'>Dat.</span> <span class='ocrx_word' id='word_1_341' title='bbox 1964 787 2065 817; x_wconf 87' lang='lat' dir='ltr'>Rome</span> <span class='ocrx_word' id='word_1_342' title='bbox 2079 787 2163 826; x_wconf 90' lang='lat' dir='ltr'>apud</span> <span class='ocrx_word' id='word_1_343' title='bbox 2179 787 2328 817; x_wconf 88' lang='lat' dir='ltr'>Sanctam</span> <span class='ocrx_word' id='word_1_344' title='bbox 2342 786 2405 817; x_wconf 91' lang='lat' dir='ltr'>Ma-</span> 
     </span>
     <span class='ocr_line' id='line_1_52' title="bbox 1403 840 2247 880; baseline 0 -9"><span class='ocrx_word' id='word_1_345' title='bbox 1403 842 1483 871; x_wconf 90' lang='lat' dir='ltr'>riam</span> <span class='ocrx_word' id='word_1_346' title='bbox 1503 843 1668 880; x_wconf 81' lang='lat' dir='ltr'>Majorem‚</span> <span class='ocrx_word' id='word_1_347' title='bbox 1686 851 1706 870; x_wconf 87' lang='lat'>11</span> <span class='ocrx_word' id='word_1_348' title='bbox 1723 841 1794 870; x_wconf 87' lang='lat' dir='ltr'>idus</span> <span class='ocrx_word' id='word_1_349' title='bbox 1810 840 1974 876; x_wconf 77' lang='lat' dir='ltr'>februarii,</span> <span class='ocrx_word' id='word_1_350' title='bbox 1997 848 2082 870; x_wconf 87' lang='lat' dir='ltr'>anno</span> <span class='ocrx_word' id='word_1_351' title='bbox 2099 840 2213 879; x_wconf 90' lang='lat' dir='ltr'>primo.</span> <span class='ocrx_word' id='word_1_352' title='bbox 2234 852 2247 867; x_wconf 74' lang='lat' dir='ltr'>n</span> 
     </span>
    </p>

    <p class='ocr_par' dir='ltr' id='par_1_19' title="bbox 1404 893 2408 1040">
     <span class='ocr_line' id='line_1_53' title="bbox 1444 893 2408 933; baseline 0 -9"><span class='ocrx_word' id='word_1_353' title='bbox 1444 896 1482 924; x_wconf 92' lang='lat' dir='ltr'>In</span> <span class='ocrx_word' id='word_1_354' title='bbox 1499 905 1526 924; x_wconf 88' lang='lat' dir='ltr'>e.</span> <span class='ocrx_word' id='word_1_355' title='bbox 1547 904 1590 925; x_wconf 83' lang='lat' dir='ltr'>in.</span> <span class='ocrx_word' id='word_1_356' title='bbox 1606 895 1784 926; x_wconf 77' lang='lat' dir='ltr'>Fornando.</span> <span class='ocrx_word' id='word_1_357' title='bbox 1800 894 1931 931; x_wconf 86' lang='lat' dir='ltr'>decano,</span> <span class='ocrx_word' id='word_1_358' title='bbox 1949 898 1979 923; x_wconf 89' lang='lat' dir='ltr'>et</span> <span class='ocrx_word' id='word_1_359' title='bbox 1990 893 2128 933; x_wconf 85' lang='lat' dir='ltr'>capitulo</span> <span class='ocrx_word' id='word_1_360' title='bbox 2141 893 2292 924; x_wconf 89' lang='lat' dir='ltr'>ecclesiae</span> <span class='ocrx_word' id='word_1_361' title='bbox 2306 894 2408 933; x_wconf 86' lang='lat' dir='ltr'>Yspa-</span> 
     </span>
     <span class='ocr_line' id='line_1_54' title="bbox 1404 947 2408 987; baseline 0 -10"><span class='ocrx_word' id='word_1_362' title='bbox 1404 947 1515 985; x_wconf 87' lang='lat' dir='ltr'>lensis⁷</span> <span class='ocrx_word' id='word_1_363' title='bbox 1540 949 1671 978; x_wconf 85' lang='lat' dir='ltr'>mandat</span> <span class='ocrx_word' id='word_1_364' title='bbox 1698 952 1856 987; x_wconf 88' lang='lat' dir='ltr'>quatenus</span> <span class='ocrx_word' id='word_1_365' title='bbox 1885 947 2043 986; x_wconf 81' lang='lat' dir='ltr'>praedicto</span> <span class='ocrx_word' id='word_1_366' title='bbox 2070 947 2169 977; x_wconf 87' lang='lat' dir='ltr'>electo</span> <span class='ocrx_word' id='word_1_367' title='bbox 2194 947 2408 977; x_wconf 84' lang='lat' dir='ltr'>obedientiam</span> 
     </span>
     <span class='ocr_line' id='line_1_55' title="bbox 1404 1001 1741 1040; baseline 0 -10"><span class='ocrx_word' id='word_1_368' title='bbox 1404 1001 1542 1031; x_wconf 87' lang='lat' dir='ltr'>debitam</span> <span class='ocrx_word' id='word_1_369' title='bbox 1558 1002 1741 1040; x_wconf 85' lang='lat' dir='ltr'>praebeant.</span> 
     </span>
    </p>

    <p class='ocr_par' dir='ltr' id='par_1_20' title="bbox 1444 1054 2274 1094">
     <span class='ocr_line' id='line_1_56' title="bbox 1444 1054 2274 1094; baseline 0.001 -10"><span class='ocrx_word' id='word_1_370' title='bbox 1444 1056 1482 1085; x_wconf 90' lang='lat' dir='ltr'>In</span> <span class='ocrx_word' id='word_1_371' title='bbox 1500 1065 1527 1085; x_wconf 87' lang='lat' dir='ltr'>e.</span> <span class='ocrx_word' id='word_1_372' title='bbox 1546 1065 1588 1085; x_wconf 86' lang='lat' dir='ltr'>m.</span> <span class='ocrx_word' id='word_1_373' title='bbox 1607 1055 1692 1086; x_wconf 92' lang='lat' dir='ltr'>clero</span> <span class='ocrx_word' id='word_1_374' title='bbox 1704 1055 1844 1085; x_wconf 84' lang='lat' dir='ltr'>civitatis</span> <span class='ocrx_word' id='word_1_375' title='bbox 1861 1060 1890 1085; x_wconf 88' lang='lat' dir='ltr'>et</span> <span class='ocrx_word' id='word_1_376' title='bbox 1905 1055 2059 1085; x_wconf 87' lang='lat' dir='ltr'>dioecesis</span> <span class='ocrx_word' id='word_1_377' title='bbox 2075 1054 2274 1094; x_wconf 86' lang='lat' dir='ltr'>Yspalensis.</span> 
     </span>
    </p>

    <p class='ocr_par' dir='ltr' id='par_1_21' title="bbox 1444 1107 2310 1148">
     <span class='ocr_line' id='line_1_57' title="bbox 1444 1107 2310 1148; baseline 0.001 -11"><span class='ocrx_word' id='word_1_378' title='bbox 1444 1108 1482 1137; x_wconf 90' lang='lat' dir='ltr'>ln</span> <span class='ocrx_word' id='word_1_379' title='bbox 1500 1117 1526 1138; x_wconf 89' lang='lat' dir='ltr'>e.</span> <span class='ocrx_word' id='word_1_380' title='bbox 1545 1117 1586 1138; x_wconf 85' lang='lat' dir='ltr'>ni.</span> <span class='ocrx_word' id='word_1_381' title='bbox 1606 1109 1720 1148; x_wconf 90' lang='lat' dir='ltr'>populo</span> <span class='ocrx_word' id='word_1_382' title='bbox 1738 1109 1877 1138; x_wconf 77' lang='lat' dir='ltr'>civitatis</span> <span class='ocrx_word' id='word_1_383' title='bbox 1896 1113 1926 1137; x_wconf 90' lang='lat' dir='ltr'>et</span> <span class='ocrx_word' id='word_1_384' title='bbox 1942 1108 2095 1138; x_wconf 83' lang='lat' dir='ltr'>dioecesis</span> <span class='ocrx_word' id='word_1_385' title='bbox 2110 1107 2310 1147; x_wconf 88' lang='lat' dir='ltr'>Yspalensis.</span> 
     </span>
    </p>

    <p class='ocr_par' dir='ltr' id='par_1_22' title="bbox 1445 1161 2310 1201">
     <span class='ocr_line' id='line_1_58' title="bbox 1445 1161 2310 1201; baseline 0.001 -10"><span class='ocrx_word' id='word_1_386' title='bbox 1445 1162 1483 1191; x_wconf 91' lang='lat' dir='ltr'>In</span> <span class='ocrx_word' id='word_1_387' title='bbox 1500 1171 1528 1191; x_wconf 89' lang='lat' dir='ltr'>e.</span> <span class='ocrx_word' id='word_1_388' title='bbox 1545 1171 1589 1191; x_wconf 89' lang='lat' dir='ltr'>m.</span> <span class='ocrx_word' id='word_1_389' title='bbox 1610 1163 1770 1192; x_wconf 85' lang='lat' dir='ltr'>universis</span> <span class='ocrx_word' id='word_1_390' title='bbox 1788 1161 1932 1192; x_wconf 78' lang='lat' dir='ltr'>vassallis</span> <span class='ocrx_word' id='word_1_391' title='bbox 1946 1162 2097 1192; x_wconf 79' lang='lat' dir='ltr'>ecclesiae</span> <span class='ocrx_word' id='word_1_392' title='bbox 2113 1161 2310 1201; x_wconf 88' lang='lat' dir='ltr'>Yspalensis.</span> 
     </span>
    </p>

    <p class='ocr_par' dir='ltr' id='par_1_23' title="bbox 1444 1215 2369 1254">
     <span class='ocr_line' id='line_1_59' title="bbox 1444 1215 2369 1254; baseline 0.002 -10"><span class='ocrx_word' id='word_1_393' title='bbox 1444 1215 1484 1244; x_wconf 91' lang='lat' dir='ltr'>In</span> <span class='ocrx_word' id='word_1_394' title='bbox 1501 1224 1527 1245; x_wconf 92' lang='lat' dir='ltr'>e.</span> <span class='ocrx_word' id='word_1_395' title='bbox 1546 1224 1589 1245; x_wconf 71' lang='lat' dir='ltr'>m.</span> <span class='ocrx_word' id='word_1_396' title='bbox 1606 1216 1766 1245; x_wconf 54' lang='lat' dir='ltr'>universis</span> <span class='ocrx_word' id='word_1_397' title='bbox 1782 1216 1993 1253; x_wconf 76' lang='lat' dir='ltr'>suffragancis</span> <span class='ocrx_word' id='word_1_398' title='bbox 2008 1215 2158 1245; x_wconf 86' lang='lat' dir='ltr'>ecclesiae</span> <span class='ocrx_word' id='word_1_399' title='bbox 2171 1215 2369 1254; x_wconf 88' lang='lat' dir='ltr'>Yspalensis.</span> 
     </span>
    </p>

    <p class='ocr_par' dir='ltr' id='par_1_24' title="bbox 1405 1269 2412 1362">
     <span class='ocr_line' id='line_1_60' title="bbox 1444 1269 2412 1307; baseline 0.002 -10"><span class='ocrx_word' id='word_1_400' title='bbox 1444 1269 1481 1298; x_wconf 95' lang='lat' dir='ltr'>In</span> <span class='ocrx_word' id='word_1_401' title='bbox 1502 1278 1528 1298; x_wconf 78' lang='lat' dir='ltr'>e.</span> <span class='ocrx_word' id='word_1_402' title='bbox 1547 1278 1590 1298; x_wconf 90' lang='lat' dir='ltr'>m.</span> <span class='ocrx_word' id='word_1_403' title='bbox 1606 1292 1625 1298; x_wconf 92' lang='lat'>..</span> <span class='ocrx_word' id='word_1_404' title='bbox 1643 1270 1709 1307; x_wconf 84' lang='lat' dir='ltr'>regi</span> <span class='ocrx_word' id='word_1_405' title='bbox 1729 1269 1883 1299; x_wconf 86' lang='lat' dir='ltr'>Castellae</span> <span class='ocrx_word' id='word_1_406' title='bbox 1898 1274 1927 1300; x_wconf 88' lang='lat' dir='ltr'>et</span> <span class='ocrx_word' id='word_1_407' title='bbox 1943 1269 2103 1307; x_wconf 80' lang='lat' dir='ltr'>Legionis.</span> <span class='ocrx_word' id='word_1_408' title='bbox 2120 1269 2202 1299; x_wconf 89' lang='lat' dir='ltr'>Eum</span> <span class='ocrx_word' id='word_1_409' title='bbox 2212 1269 2358 1300; x_wconf 85' lang='lat' dir='ltr'>hortatur</span> <span class='ocrx_word' id='word_1_410' title='bbox 2372 1269 2412 1299; x_wconf 90' lang='lat' dir='ltr'>ad</span> 
     </span>
     <span class='ocr_line' id='line_1_61' title="bbox 1405 1322 2245 1362; baseline 0.002 -11"><span class='ocrx_word' id='word_1_411' title='bbox 1405 1322 1533 1360; x_wconf 87' lang='lat' dir='ltr'>regium</span> <span class='ocrx_word' id='word_1_412' title='bbox 1550 1322 1707 1352; x_wconf 80' lang='lat' dir='ltr'>auxilinm</span> <span class='ocrx_word' id='word_1_413' title='bbox 1723 1323 1882 1362; x_wconf 88' lang='lat' dir='ltr'>praedicto</span> <span class='ocrx_word' id='word_1_414' title='bbox 1899 1323 1997 1353; x_wconf 85' lang='lat' dir='ltr'>electo</span> <span class='ocrx_word' id='word_1_415' title='bbox 2015 1322 2245 1361; x_wconf 87' lang='lat' dir='ltr'>praebendum.</span> 
     </span>
    </p>
   </div>
   <div class='ocr_carea' id='block_1_16' title="bbox 1476 1481 2338 1517">
    <p class='ocr_par' dir='ltr' id='par_1_25' title="bbox 1476 1481 2338 1517">
     <span class='ocr_line' id='line_1_62' title="bbox 1476 1481 2338 1517; baseline 0 -8"><span class='ocrx_word' id='word_1_416' title='bbox 1476 1481 1564 1510; x_wconf 78' lang='lat'>500</span> <span class='ocrx_word' id='word_1_417' title='bbox 1757 1482 2106 1517; x_wconf 82' lang='lat' dir='ltr'>Sainte-Marie-Majoure,</span> <span class='ocrx_word' id='word_1_418' title='bbox 2119 1483 2134 1509; x_wconf 84' lang='lat'>5</span> <span class='ocrx_word' id='word_1_419' title='bbox 2145 1482 2249 1509; x_wconf 72' lang='lat' dir='ltr'>fevi-ier</span> <span class='ocrx_word' id='word_1_420' title='bbox 2259 1481 2338 1510; x_wconf 85' lang='grc'><strong>1289.</strong></span> 
     </span>
    </p>
   </div>
   <div class='ocr_carea' id='block_1_17' title="bbox 1440 1544 2076 1579">
    <p class='ocr_par' dir='ltr' id='par_1_26' title="bbox 1440 1544 2076 1579">
     <span class='ocr_line' id='line_1_63' title="bbox 1440 1544 2076 1579; baseline 0.002 -9"><span class='ocrx_word' id='word_1_421' title='bbox 1440 1544 1648 1579; x_wconf 88' lang='lat' dir='ltr'>Indulgentiae.</span> <span class='ocrx_word' id='word_1_422' title='bbox 1666 1544 1748 1577; x_wconf 67' lang='lat' dir='ltr'>(Rea.</span> <span class='ocrx_word' id='word_1_423' title='bbox 1762 1545 1804 1578; x_wconf 86' lang='lat'>44,</span> <span class='ocrx_word' id='word_1_424' title='bbox 1817 1553 1842 1571; x_wconf 89' lang='lat' dir='ltr'>c.</span> <span class='ocrx_word' id='word_1_425' title='bbox 1861 1545 1922 1578; x_wconf 77' lang='grc'><strong>324,</strong></span> <span class='ocrx_word' id='word_1_426' title='bbox 1940 1545 1957 1571; x_wconf 81' lang='lat' dir='ltr'>s.</span> <span class='ocrx_word' id='word_1_427' title='bbox 1975 1545 2007 1571; x_wconf 77' lang='lat'>73</span> <span class='ocrx_word' id='word_1_428' title='bbox 2024 1547 2076 1577; x_wconf 73' lang='lat' dir='ltr'>vo.)</span> 
     </span>
    </p>
   </div>
   <div class='ocr_carea' id='block_1_18' title="bbox 1404 1633 2416 2045">
    <p class='ocr_par' dir='ltr' id='par_1_27' title="bbox 1404 1633 2416 1930">
     <span class='ocr_line' id='line_1_64' title="bbox 1445 1633 1942 1670; baseline 0 -8"><span class='ocrx_word' id='word_1_429' title='bbox 1445 1633 1563 1663; x_wconf 73' lang='lat' dir='ltr'>Di&#39;lectis</span> <span class='ocrx_word' id='word_1_430' title='bbox 1584 1634 1617 1662; x_wconf 76' lang='lat' dir='ltr'>in</span> <span class='ocrx_word' id='word_1_431' title='bbox 1637 1633 1756 1662; x_wconf 80' lang='lat' dir='ltr'>Christo</span> <span class='ocrx_word' id='word_1_432' title='bbox 1771 1634 1895 1670; x_wconf 79' lang='lat' dir='ltr'>filiabus</span> <span class='ocrx_word' id='word_1_433' title='bbox 1923 1656 1942 1662; x_wconf 92' lang='lat'>..</span> 
     </span>
     <span class='ocr_line' id='line_1_65' title="bbox 1404 1685 2414 1725; baseline 0 -9"><span class='ocrx_word' id='word_1_434' title='bbox 1404 1688 1533 1716; x_wconf 76' lang='lat' dir='ltr'>misterii</span> <span class='ocrx_word' id='word_1_435' title='bbox 1557 1687 1665 1716; x_wconf 76' lang='lat' dir='ltr'>Sancte</span> <span class='ocrx_word' id='word_1_436' title='bbox 1682 1687 1777 1716; x_wconf 75' lang='lat' dir='ltr'>Mario</span> <span class='ocrx_word' id='word_1_437' title='bbox 1795 1688 1981 1717; x_wconf 76' lang='lat' dir='ltr'>Monialium</span> <span class='ocrx_word' id='word_1_438' title='bbox 2000 1687 2155 1725; x_wconf 70' lang='lat' dir='ltr'>Capuam,</span> <span class='ocrx_word' id='word_1_439' title='bbox 2174 1687 2294 1717; x_wconf 79' lang='lat' dir='ltr'>ordinis</span> <span class='ocrx_word' id='word_1_440' title='bbox 2311 1685 2414 1716; x_wconf 78' lang='lat' dir='ltr'>Sancti</span> 
     </span>
     <span class='ocr_line' id='line_1_66' title="bbox 1404 1739 2414 1778; baseline -0.001 -8"><span class='ocrx_word' id='word_1_441' title='bbox 1404 1740 1571 1770; x_wconf 74' lang='lat' dir='ltr'>Benedicti.</span> <span class='ocrx_word' id='word_1_442' title='bbox 1590 1740 1829 1778; x_wconf 84' lang='lat' dir='ltr'>Indulgentiam</span> <span class='ocrx_word' id='word_1_443' title='bbox 1847 1740 1991 1771; x_wconf 87' lang='lat' dir='ltr'>concedit</span> <span class='ocrx_word' id='word_1_444' title='bbox 2015 1744 2145 1771; x_wconf 89' lang='lat' dir='ltr'>centum</span> <span class='ocrx_word' id='word_1_445' title='bbox 2163 1740 2291 1770; x_wconf 89' lang='lat' dir='ltr'>dierum</span> <span class='ocrx_word' id='word_1_446' title='bbox 2307 1739 2414 1770; x_wconf 86' lang='lat' dir='ltr'>omni-</span> 
     </span>
     <span class='ocr_line' id='line_1_67' title="bbox 1405 1793 2413 1833; baseline -0.001 -9"><span class='ocrx_word' id='word_1_447' title='bbox 1405 1794 1464 1824; x_wconf 88' lang='lat' dir='ltr'>bus</span> <span class='ocrx_word' id='word_1_448' title='bbox 1479 1802 1553 1823; x_wconf 90' lang='lat' dir='ltr'>vere</span> <span class='ocrx_word' id='word_1_449' title='bbox 1569 1793 1807 1832; x_wconf 88' lang='lat' dir='ltr'>poenitentibus</span> <span class='ocrx_word' id='word_1_450' title='bbox 1831 1798 1861 1823; x_wconf 90' lang='lat' dir='ltr'>et</span> <span class='ocrx_word' id='word_1_451' title='bbox 1879 1794 2032 1824; x_wconf 76' lang='lat' dir='ltr'>confessis</span> <span class='ocrx_word' id='word_1_452' title='bbox 2056 1794 2111 1833; x_wconf 87' lang='lat' dir='ltr'>qui</span> <span class='ocrx_word' id='word_1_453' title='bbox 2129 1793 2298 1824; x_wconf 88' lang='lat' dir='ltr'>ecclesiam</span> <span class='ocrx_word' id='word_1_454' title='bbox 2322 1801 2413 1832; x_wconf 87' lang='lat' dir='ltr'>prae-</span> 
     </span>
     <span class='ocr_line' id='line_1_68' title="bbox 1405 1846 2416 1888; baseline 0.001 -12"><span class='ocrx_word' id='word_1_455' title='bbox 1405 1846 1482 1877; x_wconf 89' lang='lat' dir='ltr'>dicti</span> <span class='ocrx_word' id='word_1_456' title='bbox 1499 1847 1685 1877; x_wconf 88' lang='lat' dir='ltr'>monasterii</span> <span class='ocrx_word' id='word_1_457' title='bbox 1710 1847 1744 1876; x_wconf 90' lang='lat' dir='ltr'>in</span> <span class='ocrx_word' id='word_1_458' title='bbox 1761 1848 1990 1886; x_wconf 86' lang='lat' dir='ltr'>Assumptione</span> <span class='ocrx_word' id='word_1_459' title='bbox 2006 1848 2115 1888; x_wconf 76' lang='lat' dir='ltr'>beatae</span> <span class='ocrx_word' id='word_1_460' title='bbox 2134 1847 2255 1877; x_wconf 87' lang='lat' dir='ltr'>Mariae</span> <span class='ocrx_word' id='word_1_461' title='bbox 2280 1846 2416 1885; x_wconf 84' lang='lat' dir='ltr'>virginis</span> 
     </span>
     <span class='ocr_line' id='line_1_69' title="bbox 1405 1900 1926 1930; baseline -0.002 0"><span class='ocrx_word' id='word_1_462' title='bbox 1405 1900 1516 1930; x_wconf 88' lang='lat' dir='ltr'>devote</span> <span class='ocrx_word' id='word_1_463' title='bbox 1531 1900 1730 1930; x_wconf 85' lang='lat' dir='ltr'>visitaverint</span> <span class='ocrx_word' id='word_1_464' title='bbox 1745 1900 1926 1930; x_wconf 89' lang='lat' dir='ltr'>annuatim.</span> 
     </span>
    </p>

    <p class='ocr_par' dir='ltr' id='par_1_28' title="bbox 1407 1953 2134 2045">
     <span class='ocr_line' id='line_1_70' title="bbox 1448 1953 1666 1984; baseline 0.007 -4"><span class='ocrx_word' id='word_1_465' title='bbox 1448 1965 1461 1980; x_wconf 85' lang='lat'>«</span> <span class='ocrx_word' id='word_1_466' title='bbox 1480 1953 1568 1984; x_wconf 87' lang='lat' dir='ltr'>Licet</span> <span class='ocrx_word' id='word_1_467' title='bbox 1585 1954 1612 1983; x_wconf 89' lang='lat' dir='ltr'>is</span> <span class='ocrx_word' id='word_1_468' title='bbox 1627 1953 1666 1983; x_wconf 83' lang='lat' dir='ltr'>de</span> 
     </span>
     <span class='ocr_line' id='line_1_71' title="bbox 1407 2006 2134 2045; baseline 0 -9"><span class='ocrx_word' id='word_1_469' title='bbox 1407 2007 1571 2045; x_wconf 76' lang='lat' dir='ltr'>Maj0rem,</span> <span class='ocrx_word' id='word_1_470' title='bbox 1589 2007 1684 2037; x_wconf 86' lang='lat' dir='ltr'>nonis</span> <span class='ocrx_word' id='word_1_471' title='bbox 1698 2006 1863 2044; x_wconf 79' lang='lat' dir='ltr'>februarii,</span> <span class='ocrx_word' id='word_1_472' title='bbox 1881 2015 1966 2037; x_wconf 85' lang='lat' dir='ltr'>anno</span> <span class='ocrx_word' id='word_1_473' title='bbox 1984 2007 2099 2045; x_wconf 86' lang='lat' dir='ltr'>primo.</span> <span class='ocrx_word' id='word_1_474' title='bbox 2121 2018 2134 2033; x_wconf 85' lang='grc'>»</span> 
     </span>
    </p>
   </div>
   <div class='ocr_carea' id='block_1_19' title="bbox 1427 2166 1638 2206">
    <p class='ocr_par' dir='ltr' id='par_1_29' title="bbox 1427 2166 1638 2206">
     <span class='ocr_line' id='line_1_72' title="bbox 1427 2166 1638 2206; baseline 0.005 -12"><span class='ocrx_word' id='word_1_475' title='bbox 1427 2166 1638 2206; x_wconf 37' lang='grc' dir='ltr'><strong>,ὅθι-5116</strong></span> 
     </span>
    </p>
   </div>
   <div class='ocr_carea' id='block_1_20' title="bbox 1408 2227 2416 2312">
    <p class='ocr_par' dir='ltr' id='par_1_30' title="bbox 1408 2227 2416 2312">
     <span class='ocr_line' id='line_1_73' title="bbox 1444 2227 2416 2264; baseline 0.001 -9"><span class='ocrx_word' id='word_1_476' title='bbox 1444 2228 1548 2256; x_wconf 79' lang='lat' dir='ltr'>Petrus</span> <span class='ocrx_word' id='word_1_477' title='bbox 1559 2229 1699 2256; x_wconf 86' lang='lat' dir='ltr'>ecclesiae</span> <span class='ocrx_word' id='word_1_478' title='bbox 1710 2228 1904 2263; x_wconf 84' lang='lat' dir='ltr'>Tyrasonensi</span> <span class='ocrx_word' id='word_1_479' title='bbox 1917 2229 2080 2264; x_wconf 82' lang='lat' dir='ltr'>praeficitur</span> <span class='ocrx_word' id='word_1_480' title='bbox 2091 2229 2118 2255; x_wconf 91' lang='lat' dir='ltr'>in</span> <span class='ocrx_word' id='word_1_481' title='bbox 2131 2229 2265 2256; x_wconf 85' lang='lat' dir='ltr'>electum.</span> <span class='ocrx_word' id='word_1_482' title='bbox 2277 2227 2360 2263; x_wconf 68' lang='lat' dir='ltr'>(Rau.</span> <span class='ocrx_word' id='word_1_483' title='bbox 2372 2228 2416 2263; x_wconf 79' lang='lat'>44,</span> 
     </span>
     <span class='ocr_line' id='line_1_74' title="bbox 1408 2278 1672 2312; baseline -0.004 -7"><span class='ocrx_word' id='word_1_484' title='bbox 1408 2286 1434 2305; x_wconf 86' lang='lat' dir='ltr'>c.</span> <span class='ocrx_word' id='word_1_485' title='bbox 1451 2278 1515 2312; x_wconf 74' lang='lat'><strong>325,</strong></span> <span class='ocrx_word' id='word_1_486' title='bbox 1533 2279 1552 2305; x_wconf 85' lang='lat' dir='ltr'>f.</span> <span class='ocrx_word' id='word_1_487' title='bbox 1571 2278 1604 2305; x_wconf 87' lang='lat'>73</span> <span class='ocrx_word' id='word_1_488' title='bbox 1621 2280 1672 2311; x_wconf 86' lang='lat' dir='ltr'>vo.)</span> 
     </span>
    </p>
   </div>
   <div class='ocr_carea' id='block_1_21' title="bbox 1753 2165 2381 2201">
    <p class='ocr_par' dir='ltr' id='par_1_31' title="bbox 1753 2165 2381 2201">
     <span class='ocr_line' id='line_1_75' title="bbox 1753 2165 2381 2201; baseline 0 -9"><span class='ocrx_word' id='word_1_489' title='bbox 1753 2166 2115 2201; x_wconf 58' lang='lat' dir='ltr'>Sainte-hlarie-Maj0u1·e‚</span> <span class='ocrx_word' id='word_1_490' title='bbox 2134 2166 2165 2193; x_wconf 87' lang='grc'>12</span> <span class='ocrx_word' id='word_1_491' title='bbox 2181 2166 2286 2192; x_wconf 74' lang='lat' dir='ltr'>fevi-ier</span> <span class='ocrx_word' id='word_1_492' title='bbox 2302 2165 2381 2193; x_wconf 75' lang='lat'>1289.</span> 
     </span>
    </p>
   </div>
   <div class='ocr_carea' id='block_1_22' title="bbox 1410 2373 2419 2841">
    <p class='ocr_par' dir='ltr' id='par_1_32' title="bbox 1410 2373 2419 2680">
     <span class='ocr_line' id='line_1_76' title="bbox 1450 2373 2418 2412; baseline 0.001 -9"><span class='ocrx_word' id='word_1_493' title='bbox 1450 2375 1547 2410; x_wconf 80' lang='lat' dir='ltr'>Petro,</span> <span class='ocrx_word' id='word_1_494' title='bbox 1565 2373 1652 2403; x_wconf 77' lang='lat' dir='ltr'>electo</span> <span class='ocrx_word' id='word_1_495' title='bbox 1673 2374 1880 2411; x_wconf 64' lang='lat' dir='ltr'>Tyr-asonensi.</span> <span class='ocrx_word' id='word_1_496' title='bbox 1900 2374 2026 2403; x_wconf 82' lang='lat' dir='ltr'>Mortuo</span> <span class='ocrx_word' id='word_1_497' title='bbox 2043 2373 2167 2410; x_wconf 76' lang='lat' dir='ltr'>Gai-sia,</span> <span class='ocrx_word' id='word_1_498' title='bbox 2185 2373 2418 2412; x_wconf 81' lang='lat' dir='ltr'>Tyrasonensis</span> 
     </span>
     <span class='ocr_line' id='line_1_77' title="bbox 1410 2426 2416 2466; baseline 0.001 -10"><span class='ocrx_word' id='word_1_499' title='bbox 1410 2426 1561 2457; x_wconf 85' lang='lat' dir='ltr'>ecclesiae</span> <span class='ocrx_word' id='word_1_500' title='bbox 1578 2427 1733 2466; x_wconf 85' lang='lat' dir='ltr'>episcopo,</span> <span class='ocrx_word' id='word_1_501' title='bbox 1754 2427 1927 2466; x_wconf 85' lang='lat' dir='ltr'>capitulum</span> <span class='ocrx_word' id='word_1_502' title='bbox 1946 2427 2090 2466; x_wconf 78' lang='lat' dir='ltr'>eJusdem</span> <span class='ocrx_word' id='word_1_503' title='bbox 2107 2426 2260 2458; x_wconf 88' lang='lat' dir='ltr'>ecclesiae</span> <span class='ocrx_word' id='word_1_504' title='bbox 2279 2426 2416 2466; x_wconf 90' lang='lat' dir='ltr'>Lupum,</span> 
     </span>
     <span class='ocr_line' id='line_1_78' title="bbox 1410 2479 2418 2520; baseline 0 -10"><span class='ocrx_word' id='word_1_505' title='bbox 1410 2480 1566 2511; x_wconf 78' lang='lat' dir='ltr'>decanum</span> <span class='ocrx_word' id='word_1_506' title='bbox 1589 2490 1694 2517; x_wconf 79' lang='lat' dir='ltr'>sunm,</span> <span class='ocrx_word' id='word_1_507' title='bbox 1713 2480 1808 2519; x_wconf 84' lang='lat' dir='ltr'>elegit</span> <span class='ocrx_word' id='word_1_508' title='bbox 1826 2481 1860 2509; x_wconf 92' lang='lat' dir='ltr'>in</span> <span class='ocrx_word' id='word_1_509' title='bbox 1879 2481 2135 2519; x_wconf 75' lang='lat' dir='ltr'>Tyrasonensem</span> <span class='ocrx_word' id='word_1_510' title='bbox 2150 2481 2344 2520; x_wconf 82' lang='lat' dir='ltr'>episcopum,</span> <span class='ocrx_word' id='word_1_511' title='bbox 2363 2479 2418 2510; x_wconf 88' lang='lat' dir='ltr'>sed</span> 
     </span>
     <span class='ocr_line' id='line_1_79' title="bbox 1411 2533 2416 2573; baseline -0.001 -9"><span class='ocrx_word' id='word_1_512' title='bbox 1411 2533 1562 2564; x_wconf 86' lang='lat' dir='ltr'>Nicolaus</span> <span class='ocrx_word' id='word_1_513' title='bbox 1592 2542 1671 2573; x_wconf 88' lang='lat' dir='ltr'>papa</span> <span class='ocrx_word' id='word_1_514' title='bbox 1707 2534 1842 2563; x_wconf 88' lang='lat' dir='ltr'>cassavit</span> <span class='ocrx_word' id='word_1_515' title='bbox 1877 2534 1960 2563; x_wconf 90' lang='lat' dir='ltr'>hanc</span> <span class='ocrx_word' id='word_1_516' title='bbox 1990 2534 2180 2564; x_wconf 87' lang='lat' dir='ltr'>electionem</span> <span class='ocrx_word' id='word_1_517' title='bbox 2213 2538 2244 2565; x_wconf 89' lang='lat' dir='ltr'>et</span> <span class='ocrx_word' id='word_1_518' title='bbox 2273 2534 2416 2571; x_wconf 82' lang='lat' dir='ltr'>Petrum,</span> 
     </span>
     <span class='ocr_line' id='line_1_80' title="bbox 1411 2587 2419 2626; baseline 0.001 -9"><span class='ocrx_word' id='word_1_519' title='bbox 1411 2592 1487 2617; x_wconf 87' lang='lat' dir='ltr'>tunc</span> <span class='ocrx_word' id='word_1_520' title='bbox 1503 2588 1773 2617; x_wconf 75' lang='lat' dir='ltr'>&#39;reri-aconensem</span> <span class='ocrx_word' id='word_1_521' title='bbox 1787 2587 2068 2625; x_wconf 87' lang='lat' dir='ltr'>archidiaconum,</span> <span class='ocrx_word' id='word_1_522' title='bbox 2089 2587 2233 2626; x_wconf 85' lang='lat' dir='ltr'>praeficit</span> <span class='ocrx_word' id='word_1_523' title='bbox 2246 2587 2281 2618; x_wconf 88' lang='lat' dir='ltr'>in</span> <span class='ocrx_word' id='word_1_524' title='bbox 2298 2587 2419 2626; x_wconf 86' lang='lat' dir='ltr'>episco-</span> 
     </span>
     <span class='ocr_line' id='line_1_81' title="bbox 1410 2641 1900 2680; baseline 0.002 -10"><span class='ocrx_word' id='word_1_525' title='bbox 1410 2650 1487 2680; x_wconf 90' lang='lat' dir='ltr'>pum</span> <span class='ocrx_word' id='word_1_526' title='bbox 1503 2641 1721 2680; x_wconf 75' lang='lat' dir='ltr'>Tyrasonensi</span> <span class='ocrx_word' id='word_1_527' title='bbox 1738 2641 1900 2671; x_wconf 84' lang='lat' dir='ltr'>ecclesiae.</span> 
     </span>
    </p>

    <p class='ocr_par' dir='ltr' id='par_1_33' title="bbox 1412 2694 2419 2787">
     <span class='ocr_line' id='line_1_82' title="bbox 1452 2694 2419 2734; baseline 0.001 -10"><span class='ocrx_word' id='word_1_528' title='bbox 1452 2707 1466 2722; x_wconf 77' lang='grc' dir='ltr'>ιι</span> <span class='ocrx_word' id='word_1_529' title='bbox 1490 2696 1528 2725; x_wconf 90' lang='lat' dir='ltr'>In</span> <span class='ocrx_word' id='word_1_530' title='bbox 1545 2703 1712 2734; x_wconf 86' lang='lat' dir='ltr'>suppreme</span> <span class='ocrx_word' id='word_1_531' title='bbox 1728 2695 1930 2733; x_wconf 85' lang='lat' dir='ltr'>dignitatis...</span> <span class='ocrx_word' id='word_1_532' title='bbox 1945 2712 1984 2717; x_wconf 92' lang='lat'>—</span> <span class='ocrx_word' id='word_1_533' title='bbox 2007 2695 2079 2725; x_wconf 86' lang='lat' dir='ltr'>Dat.</span> <span class='ocrx_word' id='word_1_534' title='bbox 2102 2695 2203 2726; x_wconf 87' lang='lat' dir='ltr'>Rome</span> <span class='ocrx_word' id='word_1_535' title='bbox 2220 2694 2304 2734; x_wconf 79' lang='lat' dir='ltr'>apud</span> <span class='ocrx_word' id='word_1_536' title='bbox 2320 2694 2419 2725; x_wconf 84' lang='lat' dir='ltr'>Sano-</span> 
     </span>
     <span class='ocr_line' id='line_1_83' title="bbox 1412 2748 2417 2787; baseline -0.003 -9"><span class='ocrx_word' id='word_1_537' title='bbox 1412 2753 1475 2779; x_wconf 91' lang='lat' dir='ltr'>tam</span> <span class='ocrx_word' id='word_1_538' title='bbox 1492 2748 1629 2778; x_wconf 86' lang='lat' dir='ltr'>Mariam</span> <span class='ocrx_word' id='word_1_539' title='bbox 1647 2749 1813 2785; x_wconf 78' lang='lat' dir='ltr'>Maiorem,</span> <span class='ocrx_word' id='word_1_540' title='bbox 1837 2759 1858 2778; x_wconf 85' lang='lat'>11</span> <span class='ocrx_word' id='word_1_541' title='bbox 1881 2748 1953 2778; x_wconf 88' lang='lat' dir='ltr'>idus</span> <span class='ocrx_word' id='word_1_542' title='bbox 1978 2748 2142 2786; x_wconf 84' lang='lat' dir='ltr'>februarii,</span> <span class='ocrx_word' id='word_1_543' title='bbox 2158 2756 2245 2778; x_wconf 87' lang='lat' dir='ltr'>anno</span> <span class='ocrx_word' id='word_1_544' title='bbox 2262 2748 2377 2787; x_wconf 86' lang='lat' dir='ltr'>primo.</span> <span class='ocrx_word' id='word_1_545' title='bbox 2403 2759 2417 2775; x_wconf 83' lang='lat'><strong>»</strong></span> 
     </span>
    </p>

    <p class='ocr_par' dir='ltr' id='par_1_34' title="bbox 1452 2799 2419 2841">
     <span class='ocr_line' id='line_1_84' title="bbox 1452 2799 2419 2841; baseline -0.003 -8"><span class='ocrx_word' id='word_1_546' title='bbox 1452 2803 1490 2833; x_wconf 85' lang='lat' dir='ltr'>In</span> <span class='ocrx_word' id='word_1_547' title='bbox 1518 2811 1545 2832; x_wconf 92' lang='lat' dir='ltr'>e.</span> <span class='ocrx_word' id='word_1_548' title='bbox 1573 2810 1616 2831; x_wconf 89' lang='lat' dir='ltr'>m.</span> <span class='ocrx_word' id='word_1_549' title='bbox 1637 2824 1657 2831; x_wconf 90' lang='lat'>..</span> <span class='ocrx_word' id='word_1_550' title='bbox 1682 2801 1801 2831; x_wconf 89' lang='lat' dir='ltr'>decano</span> <span class='ocrx_word' id='word_1_551' title='bbox 1818 2806 1848 2832; x_wconf 79' lang='lat' dir='ltr'>et</span> <span class='ocrx_word' id='word_1_552' title='bbox 1863 2802 2001 2841; x_wconf 85' lang='lat' dir='ltr'>capitulo</span> <span class='ocrx_word' id='word_1_553' title='bbox 2016 2801 2169 2832; x_wconf 87' lang='lat' dir='ltr'>ecclesiae</span> <span class='ocrx_word' id='word_1_554' title='bbox 2184 2799 2419 2840; x_wconf 87' lang='lat' dir='ltr'>Tyrasonensis</span> 
     </span>
    </p>
   </div>
   <div class='ocr_carea' id='block_1_23' title="bbox 1411 2854 2419 2948">
    <p class='ocr_par' dir='ltr' id='par_1_35' title="bbox 1411 2854 2419 2948">
     <span class='ocr_line' id='line_1_85' title="bbox 1411 2854 2419 2895; baseline -0.002 -8"><span class='ocrx_word' id='word_1_555' title='bbox 1411 2856 1542 2887; x_wconf 89' lang='lat' dir='ltr'>mandat</span> <span class='ocrx_word' id='word_1_556' title='bbox 1561 2860 1718 2895; x_wconf 85' lang='lat' dir='ltr'>quatenns</span> <span class='ocrx_word' id='word_1_557' title='bbox 1740 2856 1900 2894; x_wconf 85' lang='lat' dir='ltr'>praedicto</span> <span class='ocrx_word' id='word_1_558' title='bbox 1922 2856 2020 2886; x_wconf 89' lang='lat' dir='ltr'>electo</span> <span class='ocrx_word' id='word_1_559' title='bbox 2041 2855 2256 2886; x_wconf 87' lang='lat' dir='ltr'>obedientiam</span> <span class='ocrx_word' id='word_1_560' title='bbox 2280 2854 2419 2885; x_wconf 85' lang='lat' dir='ltr'>debitam</span> 
     </span>
     <span class='ocr_line' id='line_1_86' title="bbox 1412 2909 1596 2948; baseline -0.005 -10"><span class='ocrx_word' id='word_1_561' title='bbox 1412 2909 1596 2948; x_wconf 87' lang='lat' dir='ltr'>praebeant.</span> 
     </span>
    </p>
   </div>
   <div class='ocr_carea' id='block_1_24' title="bbox 1452 2959 2365 3105">
    <p class='ocr_par' dir='ltr' id='par_1_36' title="bbox 1452 2959 2365 3105">
     <span class='ocr_line' id='line_1_87' title="bbox 1452 2959 2332 2999; baseline -0.002 -8"><span class='ocrx_word' id='word_1_562' title='bbox 1452 2961 1489 2991; x_wconf 89' lang='lat' dir='ltr'>In</span> <span class='ocrx_word' id='word_1_563' title='bbox 1509 2969 1534 2990; x_wconf 82' lang='lat' dir='ltr'>e.</span> <span class='ocrx_word' id='word_1_564' title='bbox 1557 2969 1600 2990; x_wconf 93' lang='lat' dir='ltr'>m.</span> <span class='ocrx_word' id='word_1_565' title='bbox 1618 2959 1701 2990; x_wconf 90' lang='lat' dir='ltr'>clero</span> <span class='ocrx_word' id='word_1_566' title='bbox 1716 2961 1854 2991; x_wconf 86' lang='lat' dir='ltr'>civitatis</span> <span class='ocrx_word' id='word_1_567' title='bbox 1870 2965 1900 2991; x_wconf 86' lang='lat' dir='ltr'>et</span> <span class='ocrx_word' id='word_1_568' title='bbox 1915 2960 2070 2991; x_wconf 86' lang='lat' dir='ltr'>dioecesis</span> <span class='ocrx_word' id='word_1_569' title='bbox 2087 2959 2332 2999; x_wconf 78' lang='lat' dir='ltr'>Tyrasonensis.</span> 
     </span>
     <span class='ocr_line' id='line_1_88' title="bbox 1453 3003 2365 3052; baseline -0.002 -9"><span class='ocrx_word' id='word_1_570' title='bbox 1453 3014 1491 3043; x_wconf 90' lang='lat' dir='ltr'>In</span> <span class='ocrx_word' id='word_1_571' title='bbox 1507 3022 1534 3044; x_wconf 92' lang='lat' dir='ltr'>e.</span> <span class='ocrx_word' id='word_1_572' title='bbox 1551 3022 1595 3042; x_wconf 90' lang='lat' dir='ltr'>m.</span> <span class='ocrx_word' id='word_1_573' title='bbox 1616 3013 1774 3043; x_wconf 88' lang='lat' dir='ltr'>universis</span> <span class='ocrx_word' id='word_1_574' title='bbox 1791 3013 1936 3043; x_wconf 88' lang='lat' dir='ltr'>vassallis</span> <span class='ocrx_word' id='word_1_575' title='bbox 1951 3012 2102 3044; x_wconf 86' lang='lat' dir='ltr'>ecclesiae</span> <span class='ocrx_word' id='word_1_576' title='bbox 2118 3003 2365 3052; x_wconf 80' lang='lat' dir='ltr'>Tyrasonensis.</span> 
     </span>
     <span class='ocr_line' id='line_1_89' title="bbox 1452 3065 2360 3105; baseline -0.002 -9"><span class='ocrx_word' id='word_1_577' title='bbox 1452 3067 1490 3097; x_wconf 89' lang='lat' dir='ltr'>In</span> <span class='ocrx_word' id='word_1_578' title='bbox 1508 3075 1534 3097; x_wconf 91' lang='lat' dir='ltr'>e.</span> <span class='ocrx_word' id='word_1_579' title='bbox 1553 3075 1595 3096; x_wconf 90' lang='lat' dir='ltr'>m.</span> <span class='ocrx_word' id='word_1_580' title='bbox 1617 3066 1732 3105; x_wconf 89' lang='lat' dir='ltr'>populo</span> <span class='ocrx_word' id='word_1_581' title='bbox 1747 3067 1884 3097; x_wconf 87' lang='lat' dir='ltr'>civitatis</span> <span class='ocrx_word' id='word_1_582' title='bbox 1900 3071 1930 3098; x_wconf 92' lang='lat' dir='ltr'>et</span> <span class='ocrx_word' id='word_1_583' title='bbox 1946 3067 2098 3098; x_wconf 88' lang='lat' dir='ltr'>dioecesis</span> <span class='ocrx_word' id='word_1_584' title='bbox 2114 3065 2360 3105; x_wconf 77' lang='lat' dir='ltr'>Tyrasonensis.</span> 
     </span>
    </p>
   </div>
   <div class='ocr_carea' id='block_1_25' title="bbox 1740 1952 2463 1992">
    <p class='ocr_par' dir='ltr' id='par_1_37' title="bbox 1740 1952 2463 1992">
     <span class='ocr_line' id='line_1_90' title="bbox 1740 1952 2463 1992; baseline 0 -9"><span class='ocrx_word' id='word_1_585' title='bbox 1740 1970 1778 1975; x_wconf 94' lang='lat'>-—-</span> <span class='ocrx_word' id='word_1_586' title='bbox 1800 1954 1872 1983; x_wconf 89' lang='lat' dir='ltr'>Dat.</span> <span class='ocrx_word' id='word_1_587' title='bbox 1896 1953 1998 1983; x_wconf 88' lang='lat' dir='ltr'>Rome</span> <span class='ocrx_word' id='word_1_588' title='bbox 2013 1953 2097 1992; x_wconf 87' lang='lat' dir='ltr'>apud</span> <span class='ocrx_word' id='word_1_589' title='bbox 2111 1953 2260 1983; x_wconf 83' lang='lat' dir='ltr'>Sanctam</span> <span class='ocrx_word' id='word_1_590' title='bbox 2277 1952 2414 1983; x_wconf 84' lang='lat' dir='ltr'>Mariam</span> <span class='ocrx_word' id='word_1_591' title='bbox 2462 1970 2463 1974; x_wconf 67' lang='lat'><em>=</em></span> 
     </span>
    </p>
   </div>
   <div class='ocr_carea' id='block_1_26' title="bbox 1965 1633 2465 1677">
    <p class='ocr_par' dir='ltr' id='par_1_38' title="bbox 1965 1633 2465 1677">
     <span class='ocr_line' id='line_1_91' title="bbox 1965 1633 2465 1677; baseline -0.002 -14"><span class='ocrx_word' id='word_1_592' title='bbox 1965 1635 2110 1663; x_wconf 79' lang='lat' dir='ltr'>abbatisse</span> <span class='ocrx_word' id='word_1_593' title='bbox 2125 1638 2152 1663; x_wconf 79' lang='lat' dir='ltr'>et</span> <span class='ocrx_word' id='word_1_594' title='bbox 2167 1633 2330 1663; x_wconf 78' lang='lat' dir='ltr'>conventui</span> <span class='ocrx_word' id='word_1_595' title='bbox 2346 1641 2413 1662; x_wconf 80' lang='lat' dir='ltr'>‘mo-</span> <span class='ocrx_word' id='word_1_596' title='bbox 2464 1655 2465 1677; x_wconf 78' lang='lat'>1</span> 
     </span>
    </p>
   </div>
   <div class='ocr_carea' id='block_1_27' title="bbox 2443 2439 2465 3597">
    <p class='ocr_par' dir='ltr' id='par_1_39' title="bbox 2443 2439 2465 3597">
     <span class='ocr_line' id='line_1_92' title="bbox 2443 2439 2465 3597; baseline 0 0"><span class='ocrx_word' id='word_1_597' title='bbox 2443 2439 2465 3597; x_wconf 95' lang='lat' dir='ltr'> </span> 
     </span>
    </p>
   </div>
  </div>
 </body>
</html>
