2477 3637
219 384 276 413 658
964 378 1200 410 REGISTRES
1221 379 1276 408 DE
1298 378 1482 409 NICOLAS
1504 379 1561 409 IV.

217 450 378 479 civitatum
396 453 422 477 et
440 446 606 477 castrorum
627 447 672 476 vet
689 447 820 476 locorum
840 447 1068 476 consistentium
1088 446 1121 474 in
1139 450 1220 474 terra

216 503 332 531 ecclesie
362 509 485 530 romane
513 500 644 537 subjecta
670 499 800 529 mandat
832 503 865 529 ut
888 499 1048 535 Johanni,
1075 498 1220 537 episcopo

216 554 408 589 Tusculano,
426 553 596 583 efficaciter
613 552 644 581 in
665 552 823 591 praedicto
840 552 966 590 negotio
983 553 1143 582 assistant.

259 619 271 633 ιι
293 607 336 636 De
355 606 434 635 tribu
455 605 662 644 Benjfflnin...
679 621 718 628 —
735 605 805 634 Dat.
823 609 974 644 utsupra.
997 617 1009 631 n

284 777 400 807 4559
797 775 924 810 Orvieto‚
942 776 958 804 6
974 784 1051 803 mars
1069 777 1146 804 1291.

251 839 294 866 De
329 839 479 866 collatione
506 838 646 865 ecclesiae
678 838 713 865 de
743 837 943 865 Stowebidona
975 839 1150 865 monasterio
1183 839 1219 866 de

216 888 353 918 Mai-ham.
370 887 566 914 Non-wicensis
583 887 735 914 dioecesis.
753 887 835 920 (Rue.
851 888 895 921 46,
912 896 938 915 c.
954 888 998 919 47,
1016 888 1034 915 t.
1051 888 1066 915 9
1082 890 1129 921 r0.)

255 1013 274 1019 ..
293 991 392 1020 abbati
408 991 586 1019 monasterii
606 991 641 1019 de
655 990 762 1020 Sancto
780 991 956 1026 Edwuzndo,
975 991 1094 1020 ordinis
1113 991 1143 1021 S.
1163 991 1218 1020 Be-

213 1044 342 1079 nedicti,
359 1043 558 1072 Norzrtcenstx
579 1044 719 1079 diocesis,
739 1043 871 1073 mandat
888 1048 922 1072 ut
937 1043 1084 1082 procedat
1103 1052 1218 1074 secun-

214 1095 289 1125 dum
306 1100 446 1125 tenorem
464 1095 642 1126 litterarum
659 1097 718 1134 ipsi
735 1096 855 1125 dudum
872 1096 1077 1133 directarum,
1094 1097 1128 1126 in
1146 1097 1217 1136 qui-

213 1148 272 1178 bus
293 1171 312 1178 ..
335 1148 511 1178 abbatissae
535 1153 563 1178 et
587 1150 755 1179 conventui
780 1149 967 1179 monasterii
987 1150 1026 1179 de
1051 1150 1215 1187 Mai-ham,

212 1200 432 1231 cisterciensis
446 1202 586 1239 ordinis,
605 1202 824 1232 Norwicensis
846 1203 1014 1240 dioecesis,
1034 1204 1216 1242 parrochia-

212 1253 277 1283 lem
299 1254 466 1284 ecclesiam
486 1255 524 1285 de
546 1254 786 1293 Stowebidona,
807 1256 910 1286 clarae
935 1257 1109 1286 memoriae
1125 1257 1217 1287 Alie-

212 1315 299 1342 nora,
313 1307 424 1344 regina
441 1307 587 1345 Angliae,
606 1308 814 1347 supplicante,
833 1318 913 1348 papa
927 1310 1093 1347 concessit,
1111 1319 1216 1349 quan-

211 1368 305 1398 quam
326 1361 357 1389 in
379 1373 392 1387 «
419 1361 566 1399 predictis
589 1360 702 1391 litteris
720 1362 780 1391 fuit
804 1363 984 1401 appositum
1005 1372 1060 1402 per
1076 1372 1216 1393 errorem

211 1413 362 1451 priorisse
383 1413 437 1443 ubi
461 1415 617 1445 abbatisse
639 1420 670 1445 et
689 1416 802 1445 decani
825 1420 855 1446 et
875 1417 1007 1456 capituli
1029 1417 1083 1447 ubi
1105 1417 1216 1457 prioris

211 1470 240 1495 et
257 1471 442 1503 conventuS,
462 1467 638 1497 secundum
654 1476 825 1498 commune
840 1468 973 1507 vulgare
988 1471 1127 1508 partium
1143 1470 1215 1501 illa-

210 1527 281 1548 rum
297 1519 413 1557 apponi
430 1519 591 1550 debuerat.
611 1532 624 1547 »ι

251 1582 265 1597 <1
292 1570 356 1600 Sua
377 1572 469 1602 nobis
491 1573 642 1605 dilecte...
659 1591 698 1596 —
724 1575 795 1604 Dat.
824 1577 908 1615 apud
932 1577 1213 1617 Urbemveterem‚

212 1632 232 1652 ιι
249 1632 349 1654 nonas
365 1626 481 1661 martii,
500 1635 586 1657 anno
601 1631 722 1666 quarto.
743 1640 756 1655 n

279 1796 529 1826 4580-4581
798 1800 923 1833 Orvieto,
940 1803 953 1829 7
972 1811 1047 1830 mars
1064 1804 1142 1832 1291.

244 1857 362 1885 Collatio
378 1859 518 1887 beneficii.
536 1861 618 1893 (Rau.
635 1862 677 1895 46,
695 1871 720 1889 c.
737 1863 780 1896 48,
798 1864 817 1892 1⁶.
834 1864 850 1892 9
866 1867 914 1898 ΓΟ.)

251 1960 409 1990 Guillelmo
438 1963 586 1999 Dur-anti,
605 1967 714 1995 rectori
743 1968 946 2004 parrochialis
971 1971 1088 2000 ecclesie
1111 1971 1215 2002 Sancti

210 2014 345 2043 Medardt'
376 2016 411 2044 de
435 2017 619 2048 Banassam.
647 2018 830 2049 Mimatensis
856 2022 993 2059 diocesis,
1021 2025 1214 2062 praedictam

209 2066 386 2104 ecclesiam,
406 2077 461 2107 per
477 2074 611 2099 mortem
628 2071 776 2110 Hugonis
790 2073 829 2103 de
847 2075 1049 2114 Aquisvivis,
1065 2079 1149 2116 apud
1164 2088 1213 2110 se-

209 2118 281 2148 dem
302 2120 505 2158 apostolicam
524 2122 660 2161 decessi,
679 2130 860 2164 vacantem,
880 2129 1021 2166 confert,
1042 2130 1215 2163 dummodo

209 2172 361 2210 capellam
383 2174 490 2205 Sancti
515 2176 683 2208 Michaelis
701 2179 740 2208 de
761 2179 867 2210 Garda
889 2186 920 2212 et
940 2184 1128 2222 pensionem
1155 2195 1214 2216 an-

210 2234 307 2255 nuam
325 2235 420 2264 quam
439 2228 472 2257 in
492 2229 624 2260 ecclesia
647 2231 685 2261 de
707 2232 854 2270 Buxone,
877 2235 1020 2274 ejusdem
1039 2237 1212 2278 dioecesis,

208 2277 330 2308 obtinet
347 2280 495 2310 remittat.

251 2343 263 2357 «
285 2331 435 2362 Volentes
457 2336 623 2372 personam
643 2342 766 2368 tuam...
785 2356 823 2361 —
839 2340 910 2370 Dat.
927 2343 1011 2381 apud
1034 2343 1214 2375 Urbemve-

209 2386 319 2420 terem,
339 2386 431 2415 nonis
447 2388 572 2425 martii,
592 2398 678 2420 anno
694 2397 817 2429 quarto.
837 2405 850 2420 n

248 2437 285 2466 ln
302 2447 329 2468 e.
346 2447 388 2468 m.
408 2441 561 2478 magistro
576 2442 675 2474 Paulo
690 2445 826 2477 Balzarii
843 2452 873 2477 et
886 2448 1060 2481 Ademario
1073 2451 1213 2484 Charbo-

208 2491 309 2527 nerii,
327 2493 490 2523 canonicis
515 2495 774 2536 Mimatensibus,
792 2504 822 2529 et
841 2523 861 2530 ..
879 2502 1008 2533 officiali
1029 2504 1213 2537 Mimatensi

206 2544 339 2573 mandat
357 2549 390 2574 ut
417 2547 613 2584 praedictum
634 2550 846 2583 Guillelmum
871 2554 906 2584 in
932 2556 1084 2589 ecclesiae
1104 2559 1213 2590 Sancti

208 2595 353 2626 Medardi
369 2600 563 2638 corporalem
580 2604 810 2640 possessionem
828 2606 994 2640 inducant.

249 2663 262 2675 ι(
286 2650 435 2682 Volentes
456 2663 622 2692 personam
648 2657 853 2690 Guillelmi...
870 2677 911 2684 —
927 2663 998 2694 Dat.
1019 2669 1053 2695 ut
1070 2674 1177 2706 supra.
1196 2679 1211 2696 ι

278 2824 393 2852 4562
789 2832 920 2870 Orvieto‚
938 2836 953 2863 4
969 2845 1046 2865 mars
1062 2839 1139 2868 1291.

245 2884 427 2920 Dispensatio
442 2897 530 2924 super
545 2890 657 2920 defectu
672 2895 782 2924 aetatis.
797 2895 878 2930 (Rea.
896 2898 939 2930 46,
956 2907 982 2926 c.
999 2900 1042 2936 49,
1057 2902 1076 2928 f.
1094 2903 1110 2930 9
1125 2906 1177 2938 v0.)

254 2987 404 3018 Bernardo
432 2991 543 3029 Fabri,
575 2997 684 3024 rectori
712 2998 830 3028 ecclesie
861 3000 966 3031 Sancti
995 3003 1147 3036 Iohannis
1178 3007 1213 3037 de

209 3037 382 3078 Cruscadis‚
408 3043 610 3076 Narbonensis
633 3049 775 3086 diocesis,
797 3052 853 3090 qui
875 3053 955 3084 olim
980 3055 1148 3088 ecclesiam
1172 3059 1212 3090 de

1307 445 1452 482 Argens,
1474 445 1696 475 Narbonensis
1718 445 1871 475 dioecesis
1883 468 1892 482 ,
1911 454 1968 484 per
1987 445 2109 476 litteras
2129 446 2308 486 Johannis,

1306 496 1440 527 Sanctae
1456 496 1595 533 Ceciliae
1615 497 1794 537 presbyteri
1815 497 2005 531 cardinalis.
2023 503 2100 529 tunc
2116 499 2149 529 in
2170 500 2311 539 partibus

1304 549 1369 580 illis
1391 550 1584 589 apostolicae
1604 550 1690 581 sedis
1710 550 1822 589 legati,
1843 555 1874 582 et
1893 551 2110 591 postmodum,
2132 553 2208 592 quia
2227 552 2310 585 alius

1304 603 1388 633 hanc
1410 603 1579 633 ecclesiam
1606 603 1802 643 possidebat,
1824 604 1990 635 ecclesiam
2015 605 2124 636 Sancti
2150 605 2310 638 ‚Iohannis

1303 655 1342 685 de
1357 655 1545 692 Cruscadis,
1563 657 1719 694 obtinuit,
1740 663 1771 688 et
1791 657 1922 696 deinde,
1940 658 1978 688 de
1995 659 2122 689 minore
2139 651 2240 690 aetate
2255 669 2312 691 sua

1303 712 1334 738 et
1361 709 1401 738 de
1428 708 1599 740 collatione
1625 709 1777 741 ecclesiae
1802 711 1840 741 de
1869 712 1995 749 Argens
2021 712 2219 743 mentionem
2246 721 2311 744 non

1303 761 1443 799 faciens,
1471 762 1640 793 ecclesiam
1667 764 1776 795 Sancti
1799 764 1961 795 Johannis
1985 765 2019 795 in
2047 765 2191 804 ejusdem
2216 765 2312 805 legati
2352 776 2353 779 ¹

1303 815 1452 845 manibus
1468 817 1666 855 resignavit,
1683 826 1779 857 quam
1799 818 1938 857 deniqne
1954 819 2041 849 idem
2057 818 2200 857 legatus,
2219 820 2310 858 igno-

1303 877 1378 898 rans
1396 878 1469 898 eum
1487 878 1556 900 esse
1569 870 1742 908 minorem,
1755 871 1796 907 ei,
1814 876 1890 902 tunc
1902 872 2015 910 viginti
2031 876 2092 902 tres
2106 881 2210 903 annos
2226 877 2310 912 nato,

1302 922 1341 952 de
1366 931 1449 952 novo
1472 924 1640 954 concessit.
1660 924 1742 955 Cum
1766 933 1803 956 eo
1824 925 2004 964 dispensat,
2024 935 2096 956 cum
2111 926 2178 965 Jam
2196 926 2311 965 viginti
2334 950 2339 963 ,

1301 980 1332 1005 et
1347 977 1490 1015 quinque
1505 985 1608 1008 annos
1624 982 1718 1008 natus
1734 979 1774 1008 sit
1789 983 1820 1009 et
1836 979 1876 1009 ad
1891 979 2142 1018 presbyteralem
2161 979 2309 1012 ordinem
2346 1019 2351 1022 ἢ

1302 1034 1481 1068 promotus,
1506 1035 1540 1060 ut
1559 1031 1706 1061 eamdem
1723 1031 1890 1063 ecclesiam
1910 1033 2048 1063 retinere
2065 1032 2186 1071 valeat,
2211 1033 2308 1065 dum-
2331 1051 2338 1055 >

1301 1083 1395 1113 modo
1417 1083 1456 1113 de
1480 1083 1635 1114 fructibus
1659 1085 1727 1124 jam
1751 1086 1906 1124 perceptis
1929 1087 2106 1125 portionem
2133 1095 2328 1126 congruam*

1301 1136 1335 1166 in
1353 1137 1535 1168 evidentem
1555 1137 1726 1168 utilitatem
1742 1139 1886 1177 ejusdem
1902 1138 2069 1177 ecclesiae,
2084 1140 2176 1180 juxta
2190 1140 2310 1172 discre-
2332 1167 2335 1172 .

1301 1194 1405 1220 torum
1423 1190 1566 1221 virorum
1582 1191 1727 1228 consilia,
1745 1197 1919 1222 convertat.

1343 1255 1357 1270 α
1383 1243 1450 1273 Tne
1471 1244 1647 1274 devotionis
1669 1245 1822 1277 merita...
1839 1262 1877 1267 —
1897 1246 1968 1275 Dat.
1990 1245 2075 1285 apud
2099 1246 2309 1285 Urbemvete-
2327 1255 2331 1277 τ

1301 1305 1386 1334 rem,
1404 1306 1451 1326 1111
1471 1306 1572 1328 nonas
1589 1298 1713 1336 martii,
1730 1307 1816 1329 anno
1831 1302 1954 1338 quarto.
1974 1311 1988 1326 n

1368 1477 1488 1505 4563
1868 1476 2000 1508 Orvieto,
2018 1477 2050 1505 15
2066 1485 2143 1505 mars
2159 1477 2238 1506 1291.

1334 1539 1520 1574 Dispensatio
1535 1547 1623 1575 super
1638 1540 1799 1575 pluralitate
1813 1540 2030 1567 beneficiorum.
2050 1539 2135 1574 (Rea.
2152 1540 2201 1572 46,
2217 1548 2245 1568 c.
2258 1541 2306 1574 50.
2332 1581 2336 1587 ,

1298 1588 1317 1615 f.
1335 1589 1351 1616 9
1364 1590 1417 1622 vu.)

1338 1693 1483 1729 Magistro
1498 1692 1628 1722 Henrico
1642 1692 1727 1727 Ηοεε,
1741 1692 1825 1729 juris
1839 1692 1980 1721 canonici
1995 1693 2170 1730 professori,
2185 1692 2306 1731 presby-

1301 1750 1377 1779 tero,
1395 1743 1580 1775 cancellario
1601 1745 1749 1774 Wellensi.
1766 1744 1848 1775 Cum
1864 1753 1900 1775 eo
1916 1744 2079 1783 dispensat
2094 1748 2128 1775 ut
2143 1744 2311 1776 ecelesiam

1299 1798 1338 1828 de
1358 1798 1518 1835 Assebur,
1543 1797 1793 1828 Saresbiriensis
1815 1798 1990 1834 dioecesis,
2012 1798 2074 1837 ipsi
2095 1798 2261 1837 collatam,
2277 1796 2344 1830 etl».

1299 1851 1467 1882 ecclesiam
1491 1852 1530 1881 de
1554 1851 1794 1890 Bodekeleghe‚
1813 1852 2042 1882 Bathoniensis
2061 1851 2232 1890 dioecesis,
2246 1851 2314 1891 ipsi'

1298 1908 1556 1938 commendatam
1569 1912 1643 1938 ante
1654 1899 1829 1938 concilium
1844 1908 2072 1946 Lugdunense,
2086 1916 2165 1947 quas
2175 1905 2309 1938 insimul
2323 1919 2328 1935 >.

1298 1962 1370 1991 sine
1383 1960 1572 2001 apostolicae
1590 1961 1674 1991 sedis
1690 1961 1928 1999 dispensatione
1944 1961 2093 1997 detinuit,
2108 1964 2140 1991 et
2152 1959 2342 1991 cancella-t·

1298 2015 1378 2044 riam
1392 2014 1544 2045 ecclesiae
1555 2013 1745 2052 Wellensis,
1760 2023 1842 2053 quae
1855 2014 1997 2053 dignitas
2010 2018 2066 2050 est,
2077 2022 2181 2053 nuper
2193 2013 2233 2044 ab
2240 2014 2319 2058 ipso3

1297 2072 1455 2107 receptam
1470 2092 1477 2104 ‚
1495 2067 1630 2098 insimul
1646 2068 1784 2098 retinere
1802 2067 1904 2097 valeat
1919 2078 1926 2104 ;
1948 2067 2123 2098 dummodo
2138 2067 2179 2097 de
2195 2067 2308 2098 fructi-

1298 2122 1357 2151 bus
1374 2131 1410 2151 ex
1428 2121 1599 2160 praedictis
1612 2120 1755 2151 ecclesiis
1770 2121 1809 2151 de
1825 2121 1968 2151 Assehur
1983 2125 2014 2151 et
2025 2121 2065 2151 de
2083 2119 2309 2160 Bodekeleghe

1298 2175 1453 2214 perceptis
1475 2177 1509 2204 in
1536 2174 1721 2205 earumdem
1747 2174 1955 2205 ecclesiarum
1980 2174 2162 2204 evidentem
2185 2173 2306 2205 utilita-

1300 2233 1361 2258 tem
1380 2237 1555 2266 congruam
1572 2228 1769 2268 portionem,
1786 2227 1826 2258 ad
1846 2227 2016 2258 arbitrium
2036 2228 2113 2258 boni
2130 2227 2213 2266 viri,
2230 2235 2309 2258 οοιι-

1298 2285 1409 2312 vertat.

1339 2347 1352 2362 a
1371 2334 1555 2366 Laudabilis
1570 2335 1821 2366 conversationis
1837 2338 1903 2365 et...
1921 2350 1960 2356 —
1976 2334 2050 2365 Dat.
2066 2334 2150 2373 apud
2167 2330 2337 2379 Urbem-,ss

1296 2393 1448 2425 veterem,
1466 2389 1573 2419 idibus
1588 2388 1706 2426 martii,
1724 2397 1811 2419 auno
1828 2392 1952 2427 quarto.
1970 2399 1984 2415 n
2315 2391 2318 2394 ⁴

1365 2575 1485 2604 45ss4
1868 2573 1995 2606 Orvieto‚
2013 2574 2046 2601 14
2061 2581 2140 2601 mars
2155 2573 2234 2602 129¹.
2287 2566 2303 2600 ’.

1334 2651 1465 2679 Declarat
1495 2651 1605 2678 nullum
1635 2650 1787 2678 infradicto
1817 2650 1952 2685 hospitali
1980 2649 2208 2686 praejudicium,
2234 2647 2305 2685 quill

1295 2701 1426 2737 ejusdem
1451 2700 1602 2736 hospitalis
1620 2700 1723 2727 fratres
1740 2699 1828 2726 libere
1844 2699 1878 2726 ad
1894 2707 1969 2734 opus
1988 2699 2168 2726 infirmorum
2187 2701 2218 2726 et
2236 2702 2307 2743 pau-33

1295 2758 1397 2787 perum
1421 2750 1620 2784 eleemosynas
1645 2752 1742 2784 petere
1766 2752 1795 2775 et
1814 2748 1944 2783 recipere
1968 2748 2096 2783 possint,
2122 2754 2174 2783 per
2197 2747 2257 2774 litte
2287 2774 2289 2777 ,
2311 2790 2315 2794 .

1294 2800 1402 2835 quibus
1417 2807 1531 2826 omnem
1548 2801 1700 2833 quaestum
1716 2798 1821 2825 Terrae
1837 2797 1960 2824 Sanctae
1976 2798 2128 2833 praetextu
2142 2795 2318 2826 faciendum.

1293 2849 1443 2876 interdixit
1457 2849 1598 2883 generari.
1616 2848 1700 2882 (Rea.
1717 2847 1761 2880 46,
1777 2856 1802 2874 c.
1821 2847 1864 2878 51,
1881 2847 1901 2874 f.
1919 2846 1952 2875 ¹0
1968 2847 2016 2880 πθ.)

1335 2952 1455 2982 Dilectis
1477 2952 1552 2989 filiis
1569 2973 1590 2982 ..
1606 2952 1718 2982 rectori
1737 2955 1763 2981 et
1784 2950 1936 2987 fratribus
1954 2949 2115 2987 hospitalis
2133 2953 2304 2987 pauper-tm

1295 3009 1330 3038 de
1354 3009 1445 3038 Ponte
1465 3008 1606 3038 Civitatis
1629 3007 1771 3043 Aretine,
1794 3005 1834 3036 ad
1855 3013 2021 3035 romanam
2041 3003 2192 3035 ecclesiam
2215 3001 2326 3034 nullo&

1295 3061 1393 3091 medio
1409 3062 1605 3099 pertinentis.
2312 3051 2318 3053 ’
