<?xml version="1.0" encoding="UTF-8"?>
<!DOCTYPE html PUBLIC "-//W3C//DTD XHTML 1.0 Transitional//EN"
    "http://www.w3.org/TR/xhtml1/DTD/xhtml1-transitional.dtd">
<html xmlns="http://www.w3.org/1999/xhtml" xml:lang="en" lang="en">
 <head>
  <title>
</title>
<meta http-equiv="Content-Type" content="text/html;charset=utf-8" />
  <meta name='ocr-system' content='tesseract 3.04.00' />
  <meta name='ocr-capabilities' content='ocr_page ocr_carea ocr_par ocr_line ocrx_word'/>
</head>
<body>
  <div class='ocr_page' id='page_1' title='image "./lesregistresdeni01romeuoft_0641.png"; bbox 0 0 2342 3652; ppageno 0'>
   <div class='ocr_carea' id='block_1_1' title="bbox 36 3601 82 3652">
    <p class='ocr_par' dir='ltr' id='par_1_1' title="bbox 36 3601 82 3652">
     <span class='ocr_line' id='line_1_1' title="bbox 36 3601 82 3652; baseline 0 0"><span class='ocrx_word' id='word_1_1' title='bbox 36 3601 62 3652; x_wconf 69' lang='lat' dir='ltr'>i&lt;</span> <span class='ocrx_word' id='word_1_2' title='bbox 79 3621 82 3640; x_wconf 78' lang='lat'>1</span> 
     </span>
    </p>
   </div>
   <div class='ocr_carea' id='block_1_2' title="bbox 669 354 2179 398">
    <p class='ocr_par' dir='ltr' id='par_1_2' title="bbox 669 354 2179 398">
     <span class='ocr_line' id='line_1_2' title="bbox 669 354 2179 398; baseline -0.007 0"><span class='ocrx_word' id='word_1_3' title='bbox 669 358 901 398; x_wconf 72' lang='lat' dir='ltr'>TROISIEME</span> <span class='ocrx_word' id='word_1_4' title='bbox 924 354 1082 395; x_wconf 75' lang='lat' dir='ltr'>ANNEE.</span> <span class='ocrx_word' id='word_1_5' title='bbox 1106 379 1144 384; x_wconf 94' lang='lat'>—</span> <span class='ocrx_word' id='word_1_6' title='bbox 1167 362 1353 392; x_wconf 75' lang='lat' dir='ltr'>LETTRES</span> <span class='ocrx_word' id='word_1_7' title='bbox 1376 361 1601 392; x_wconf 80' lang='lat' dir='ltr'>CURIALES.</span> <span class='ocrx_word' id='word_1_8' title='bbox 2126 357 2179 388; x_wconf 83' lang='grc'>631</span> 
     </span>
    </p>
   </div>
   <div class='ocr_carea' id='block_1_3' title="bbox 160 436 281 465">
    <p class='ocr_par' dir='ltr' id='par_1_3' title="bbox 160 436 281 465">
     <span class='ocr_line' id='line_1_3' title="bbox 160 436 281 465; baseline 0 0"><span class='ocrx_word' id='word_1_9' title='bbox 160 436 281 465; x_wconf 78' lang='grc'>4303</span> 
     </span>
    </p>
   </div>
   <div class='ocr_carea' id='block_1_4' title="bbox 93 493 1100 677">
    <p class='ocr_par' dir='ltr' id='par_1_4' title="bbox 93 493 1100 677">
     <span class='ocr_line' id='line_1_4' title="bbox 128 493 1097 530; baseline -0.006 -6"><span class='ocrx_word' id='word_1_10' title='bbox 128 498 285 530; x_wconf 82' lang='lat' dir='ltr'>Matthaeo,</span> <span class='ocrx_word' id='word_1_11' title='bbox 316 497 437 524; x_wconf 81' lang='lat' dir='ltr'>Sanctae</span> <span class='ocrx_word' id='word_1_12' title='bbox 468 497 573 529; x_wconf 75' lang='lat' dir='ltr'>Mariae</span> <span class='ocrx_word' id='word_1_13' title='bbox 603 498 630 523; x_wconf 90' lang='lat' dir='ltr'>in</span> <span class='ocrx_word' id='word_1_14' title='bbox 656 496 772 522; x_wconf 86' lang='lat' dir='ltr'>Porticu</span> <span class='ocrx_word' id='word_1_15' title='bbox 800 496 920 522; x_wconf 84' lang='lat' dir='ltr'>diacono</span> <span class='ocrx_word' id='word_1_16' title='bbox 943 493 1097 526; x_wconf 74' lang='lat' dir='ltr'>cardinali,</span> 
     </span>
     <span class='ocr_line' id='line_1_5' title="bbox 93 541 1100 580; baseline -0.006 -7"><span class='ocrx_word' id='word_1_17' title='bbox 93 548 207 573; x_wconf 81' lang='lat' dir='ltr'>mandat</span> <span class='ocrx_word' id='word_1_18' title='bbox 229 551 259 573; x_wconf 87' lang='lat' dir='ltr'>ut</span> <span class='ocrx_word' id='word_1_19' title='bbox 278 547 312 573; x_wconf 89' lang='lat' dir='ltr'>de</span> <span class='ocrx_word' id='word_1_20' title='bbox 340 546 536 580; x_wconf 79' lang='lat' dir='ltr'>monasteriis,</span> <span class='ocrx_word' id='word_1_21' title='bbox 559 546 690 572; x_wconf 84' lang='lat' dir='ltr'>ecclesiis</span> <span class='ocrx_word' id='word_1_22' title='bbox 709 549 737 571; x_wconf 81' lang='lat' dir='ltr'>et</span> <span class='ocrx_word' id='word_1_23' title='bbox 756 545 827 570; x_wconf 84' lang='lat' dir='ltr'>locis</span> <span class='ocrx_word' id='word_1_24' title='bbox 849 543 1038 570; x_wconf 81' lang='lat' dir='ltr'>Clarissarum</span> <span class='ocrx_word' id='word_1_25' title='bbox 1054 541 1100 567; x_wconf 90' lang='lat' dir='ltr'>di-</span> 
     </span>
     <span class='ocr_line' id='line_1_6' title="bbox 93 591 1098 629; baseline -0.006 -7"><span class='ocrx_word' id='word_1_26' title='bbox 93 595 190 622; x_wconf 79' lang='lat' dir='ltr'>missis</span> <span class='ocrx_word' id='word_1_27' title='bbox 214 596 257 621; x_wconf 85' lang='lat' dir='ltr'>vel</span> <span class='ocrx_word' id='word_1_28' title='bbox 281 595 458 621; x_wconf 74' lang='lat' dir='ltr'>dimittendis</span> <span class='ocrx_word' id='word_1_29' title='bbox 483 603 639 629; x_wconf 79' lang='lat' dir='ltr'>corumque</span> <span class='ocrx_word' id='word_1_30' title='bbox 662 594 803 620; x_wconf 86' lang='lat' dir='ltr'>fructibus</span> <span class='ocrx_word' id='word_1_31' title='bbox 822 593 974 627; x_wconf 74' lang='lat' dir='ltr'>disponere</span> <span class='ocrx_word' id='word_1_32' title='bbox 998 591 1098 616; x_wconf 84' lang='lat' dir='ltr'>valeat.</span> 
     </span>
     <span class='ocr_line' id='line_1_7' title="bbox 93 642 770 677; baseline -0.003 -7"><span class='ocrx_word' id='word_1_33' title='bbox 93 644 176 677; x_wconf 72' lang='lat' dir='ltr'>(Rea.</span> <span class='ocrx_word' id='word_1_34' title='bbox 197 645 238 675; x_wconf 79' lang='lat'>45,</span> <span class='ocrx_word' id='word_1_35' title='bbox 256 652 282 670; x_wconf 87' lang='lat' dir='ltr'>c.</span> <span class='ocrx_word' id='word_1_36' title='bbox 299 644 341 674; x_wconf 86' lang='lat'>39,</span> <span class='ocrx_word' id='word_1_37' title='bbox 359 644 378 670; x_wconf 82' lang='lat' dir='ltr'>f.</span> <span class='ocrx_word' id='word_1_38' title='bbox 398 644 446 670; x_wconf 79' lang='lat'>163</span> <span class='ocrx_word' id='word_1_39' title='bbox 464 649 509 676; x_wconf 85' lang='lat' dir='ltr'>v⁰;</span> <span class='ocrx_word' id='word_1_40' title='bbox 529 643 643 674; x_wconf 67' lang='lat' dir='ltr'>Purra..</span> <span class='ocrx_word' id='word_1_41' title='bbox 661 642 770 675; x_wconf 64' lang='lat'>93947.)</span> 
     </span>
    </p>
   </div>
   <div class='ocr_carea' id='block_1_5' title="bbox 432 430 1024 468">
    <p class='ocr_par' dir='ltr' id='par_1_5' title="bbox 432 430 1024 468">
     <span class='ocr_line' id='line_1_8' title="bbox 432 430 1024 468; baseline -0.008 -7"><span class='ocrx_word' id='word_1_42' title='bbox 432 434 793 468; x_wconf 79' lang='lat' dir='ltr'>Sainte-Marie-Majeurc,</span> <span class='ocrx_word' id='word_1_43' title='bbox 812 433 845 459; x_wconf 67' lang='lat'>‘24</span> <span class='ocrx_word' id='word_1_44' title='bbox 861 432 928 458; x_wconf 79' lang='lat' dir='ltr'>avril</span> <span class='ocrx_word' id='word_1_45' title='bbox 949 430 1024 457; x_wconf 64' lang='lat'>¹290.</span> 
     </span>
    </p>
   </div>
   <div class='ocr_carea' id='block_1_6' title="bbox 93 749 1100 835">
    <p class='ocr_par' dir='ltr' id='par_1_6' title="bbox 93 749 1100 835">
     <span class='ocr_line' id='line_1_9' title="bbox 135 749 1100 790; baseline -0.007 -8"><span class='ocrx_word' id='word_1_46' title='bbox 135 755 242 782; x_wconf 80' lang='lat' dir='ltr'>Dilecto</span> <span class='ocrx_word' id='word_1_47' title='bbox 265 753 327 790; x_wconf 83' lang='lat' dir='ltr'>filio</span> <span class='ocrx_word' id='word_1_48' title='bbox 351 754 483 786; x_wconf 62' lang='lat' dir='ltr'>Alatheo,</span> <span class='ocrx_word' id='word_1_49' title='bbox 511 753 617 782; x_wconf 76' lang='lat' dir='ltr'>Sancte</span> <span class='ocrx_word' id='word_1_50' title='bbox 644 752 739 780; x_wconf 71' lang='lat' dir='ltr'>Mario</span> <span class='ocrx_word' id='word_1_51' title='bbox 769 753 800 780; x_wconf 84' lang='lat' dir='ltr'>in</span> <span class='ocrx_word' id='word_1_52' title='bbox 826 751 948 779; x_wconf 71' lang='lat' dir='ltr'>Portica</span> <span class='ocrx_word' id='word_1_53' title='bbox 975 749 1100 778; x_wconf 77' lang='lat' dir='ltr'>diacono</span> 
     </span>
     <span class='ocr_line' id='line_1_10' title="bbox 93 807 260 835; baseline -0.012 0"><span class='ocrx_word' id='word_1_54' title='bbox 93 807 260 835; x_wconf 72' lang='lat' dir='ltr'>cardinali.</span> 
     </span>
    </p>
   </div>
   <div class='ocr_carea' id='block_1_7' title="bbox 137 858 1021 893">
    <p class='ocr_par' dir='ltr' id='par_1_7' title="bbox 137 858 1021 893">
     <span class='ocr_line' id='line_1_11' title="bbox 137 858 1021 893; baseline -0.005 -5"><span class='ocrx_word' id='word_1_55' title='bbox 137 870 151 885; x_wconf 88' lang='lat'>«</span> <span class='ocrx_word' id='word_1_56' title='bbox 169 858 250 888; x_wconf 89' lang='lat' dir='ltr'>Cum</span> <span class='ocrx_word' id='word_1_57' title='bbox 268 867 344 887; x_wconf 83' lang='lat' dir='ltr'>cura</span> <span class='ocrx_word' id='word_1_58' title='bbox 362 858 669 888; x_wconf 79' lang='lat' dir='ltr'>monasteriorum...</span> <span class='ocrx_word' id='word_1_59' title='bbox 686 873 724 880; x_wconf 96' lang='lat'>—</span> <span class='ocrx_word' id='word_1_60' title='bbox 741 858 812 887; x_wconf 83' lang='lat' dir='ltr'>Dat.</span> <span class='ocrx_word' id='word_1_61' title='bbox 832 860 866 885; x_wconf 84' lang='lat' dir='ltr'>ut</span> <span class='ocrx_word' id='word_1_62' title='bbox 882 864 988 893; x_wconf 81' lang='lat' dir='ltr'>supra.</span> <span class='ocrx_word' id='word_1_63' title='bbox 1008 868 1021 880; x_wconf 84' lang='lat'>»</span> 
     </span>
    </p>
   </div>
   <div class='ocr_carea' id='block_1_8' title="bbox 167 1042 415 1071">
    <p class='ocr_par' dir='ltr' id='par_1_8' title="bbox 167 1042 415 1071">
     <span class='ocr_line' id='line_1_12' title="bbox 167 1042 415 1071; baseline -0.012 0"><span class='ocrx_word' id='word_1_64' title='bbox 167 1042 415 1071; x_wconf 75' lang='lat'>43044305</span> 
     </span>
    </p>
   </div>
   <div class='ocr_carea' id='block_1_9' title="bbox 97 1102 1106 1282">
    <p class='ocr_par' dir='ltr' id='par_1_9' title="bbox 97 1102 1106 1282">
     <span class='ocr_line' id='line_1_13' title="bbox 133 1102 1105 1138; baseline -0.004 -6"><span class='ocrx_word' id='word_1_65' title='bbox 133 1105 271 1132; x_wconf 77' lang='lat' dir='ltr'>Concedit</span> <span class='ocrx_word' id='word_1_66' title='bbox 287 1108 316 1131; x_wconf 88' lang='lat' dir='ltr'>ut</span> <span class='ocrx_word' id='word_1_67' title='bbox 332 1105 438 1138; x_wconf 77' lang='lat' dir='ltr'>singuli</span> <span class='ocrx_word' id='word_1_68' title='bbox 459 1105 594 1131; x_wconf 76' lang='lat' dir='ltr'>basilicae</span> <span class='ocrx_word' id='word_1_69' title='bbox 614 1104 712 1131; x_wconf 71' lang='lat' dir='ltr'>Sancti</span> <span class='ocrx_word' id='word_1_70' title='bbox 735 1104 809 1130; x_wconf 77' lang='lat' dir='ltr'>Petri</span> <span class='ocrx_word' id='word_1_71' title='bbox 830 1105 864 1130; x_wconf 84' lang='lat' dir='ltr'>de</span> <span class='ocrx_word' id='word_1_72' title='bbox 883 1104 958 1130; x_wconf 76' lang='lat' dir='ltr'>Urbe</span> <span class='ocrx_word' id='word_1_73' title='bbox 976 1102 1105 1129; x_wconf 84' lang='lat' dir='ltr'>canonici</span> 
     </span>
     <span class='ocr_line' id='line_1_14' title="bbox 99 1151 1105 1187; baseline -0.004 -6"><span class='ocrx_word' id='word_1_74' title='bbox 99 1155 221 1186; x_wconf 77' lang='lat' dir='ltr'>fructus,</span> <span class='ocrx_word' id='word_1_75' title='bbox 243 1153 372 1180; x_wconf 82' lang='lat' dir='ltr'>redditus</span> <span class='ocrx_word' id='word_1_76' title='bbox 388 1156 416 1179; x_wconf 87' lang='lat' dir='ltr'>ct</span> <span class='ocrx_word' id='word_1_77' title='bbox 432 1156 588 1187; x_wconf 82' lang='lat' dir='ltr'>proventus</span> <span class='ocrx_word' id='word_1_78' title='bbox 605 1155 730 1179; x_wconf 89' lang='lat' dir='ltr'>omnium</span> <span class='ocrx_word' id='word_1_79' title='bbox 748 1157 775 1179; x_wconf 83' lang='lat' dir='ltr'>et</span> <span class='ocrx_word' id='word_1_80' title='bbox 791 1154 971 1187; x_wconf 79' lang='lat' dir='ltr'>singulorum</span> <span class='ocrx_word' id='word_1_81' title='bbox 989 1151 1105 1178; x_wconf 85' lang='lat' dir='ltr'>canoni-</span> 
     </span>
     <span class='ocr_line' id='line_1_15' title="bbox 97 1201 1104 1238; baseline -0.003 -8"><span class='ocrx_word' id='word_1_82' title='bbox 97 1207 229 1237; x_wconf 83' lang='lat' dir='ltr'>catuum,</span> <span class='ocrx_word' id='word_1_83' title='bbox 246 1202 488 1238; x_wconf 86' lang='lat' dir='ltr'>praebendarum,</span> <span class='ocrx_word' id='word_1_84' title='bbox 506 1202 677 1232; x_wconf 86' lang='lat' dir='ltr'>officiorum,</span> <span class='ocrx_word' id='word_1_85' title='bbox 697 1207 917 1236; x_wconf 73' lang='lat' dir='ltr'>personatuum,</span> <span class='ocrx_word' id='word_1_86' title='bbox 934 1201 1104 1234; x_wconf 73' lang='lat' dir='ltr'>dignitatum</span> 
     </span>
     <span class='ocr_line' id='line_1_16' title="bbox 97 1250 1106 1282; baseline -0.004 -3"><span class='ocrx_word' id='word_1_87' title='bbox 97 1261 132 1279; x_wconf 86' lang='lat' dir='ltr'>ac</span> <span class='ocrx_word' id='word_1_88' title='bbox 145 1251 350 1279; x_wconf 85' lang='lat' dir='ltr'>beneficiorum</span> <span class='ocrx_word' id='word_1_89' title='bbox 366 1251 644 1282; x_wconf 81' lang='lat' dir='ltr'>ecclesiasticorum,</span> <span class='ocrx_word' id='word_1_90' title='bbox 662 1259 759 1276; x_wconf 82' lang='lat' dir='ltr'>curam</span> <span class='ocrx_word' id='word_1_91' title='bbox 782 1260 837 1277; x_wconf 87' lang='lat' dir='ltr'>non</span> <span class='ocrx_word' id='word_1_92' title='bbox 858 1251 1023 1276; x_wconf 80' lang='lat' dir='ltr'>habentium</span> <span class='ocrx_word' id='word_1_93' title='bbox 1045 1250 1106 1275; x_wconf 83' lang='lat' dir='ltr'>ani-</span> 
     </span>
    </p>
   </div>
   <div class='ocr_carea' id='block_1_10' title="bbox 467 1041 1031 1076">
    <p class='ocr_par' dir='ltr' id='par_1_10' title="bbox 467 1041 1031 1076">
     <span class='ocr_line' id='line_1_17' title="bbox 467 1041 1031 1076; baseline -0.002 -9"><span class='ocrx_word' id='word_1_94' title='bbox 467 1041 818 1076; x_wconf 62' lang='lat' dir='ltr'>Sainte-MnrieMajeure,</span> <span class='ocrx_word' id='word_1_95' title='bbox 834 1042 940 1068; x_wconf 82' lang='lat' dir='ltr'>13avril</span> <span class='ocrx_word' id='word_1_96' title='bbox 956 1041 1031 1067; x_wconf 61' lang='lat'>1290.</span> 
     </span>
    </p>
   </div>
   <div class='ocr_carea' id='block_1_11' title="bbox 99 1298 1108 1434">
    <p class='ocr_par' dir='ltr' id='par_1_11' title="bbox 99 1298 1108 1434">
     <span class='ocr_line' id='line_1_18' title="bbox 100 1298 1107 1335; baseline -0.005 -7"><span class='ocrx_word' id='word_1_97' title='bbox 100 1309 222 1332; x_wconf 85' lang='lat' dir='ltr'>marum,</span> <span class='ocrx_word' id='word_1_98' title='bbox 237 1308 311 1335; x_wconf 87' lang='lat' dir='ltr'>quae</span> <span class='ocrx_word' id='word_1_99' title='bbox 326 1300 603 1334; x_wconf 72' lang='lat' dir='ltr'>in‘quibus‘cumque</span> <span class='ocrx_word' id='word_1_100' title='bbox 618 1299 749 1335; x_wconf 77' lang='lat' dir='ltr'>ecclesiis</span> <span class='ocrx_word' id='word_1_101' title='bbox 765 1308 815 1325; x_wconf 80' lang='lat' dir='ltr'>seu</span> <span class='ocrx_word' id='word_1_102' title='bbox 834 1299 903 1325; x_wconf 82' lang='lat' dir='ltr'>locis</span> <span class='ocrx_word' id='word_1_103' title='bbox 919 1299 1047 1324; x_wconf 75' lang='lat' dir='ltr'>obtinent</span> <span class='ocrx_word' id='word_1_104' title='bbox 1064 1298 1107 1323; x_wconf 83' lang='lat' dir='ltr'>vel</span> 
     </span>
     <span class='ocr_line' id='line_1_19' title="bbox 99 1347 1108 1384; baseline -0.003 -8"><span class='ocrx_word' id='word_1_105' title='bbox 99 1349 280 1384; x_wconf 86' lang='lat' dir='ltr'>obtinebunt,</span> <span class='ocrx_word' id='word_1_106' title='bbox 296 1349 443 1384; x_wconf 84' lang='lat' dir='ltr'>percipere</span> <span class='ocrx_word' id='word_1_107' title='bbox 460 1349 583 1383; x_wconf 80' lang='lat' dir='ltr'>possint,</span> <span class='ocrx_word' id='word_1_108' title='bbox 601 1348 751 1374; x_wconf 79' lang='lat' dir='ltr'>cotidianis</span> <span class='ocrx_word' id='word_1_109' title='bbox 763 1348 1014 1374; x_wconf 74' lang='lat' dir='ltr'>distributionibus</span> <span class='ocrx_word' id='word_1_110' title='bbox 1025 1347 1108 1373; x_wconf 88' lang='lat' dir='ltr'>dum-</span> 
     </span>
     <span class='ocr_line' id='line_1_20' title="bbox 99 1397 1010 1434; baseline -0.003 -8"><span class='ocrx_word' id='word_1_111' title='bbox 99 1403 177 1427; x_wconf 85' lang='lat' dir='ltr'>taxat</span> <span class='ocrx_word' id='word_1_112' title='bbox 191 1399 332 1434; x_wconf 88' lang='lat' dir='ltr'>exceptis.</span> <span class='ocrx_word' id='word_1_113' title='bbox 353 1398 435 1430; x_wconf 70' lang='lat' dir='ltr'>(Rae.</span> <span class='ocrx_word' id='word_1_114' title='bbox 449 1398 492 1428; x_wconf 83' lang='lat'>45,</span> <span class='ocrx_word' id='word_1_115' title='bbox 504 1406 529 1424; x_wconf 88' lang='lat' dir='ltr'>c.</span> <span class='ocrx_word' id='word_1_116' title='bbox 542 1397 584 1428; x_wconf 82' lang='lat'>40,</span> <span class='ocrx_word' id='word_1_117' title='bbox 602 1398 622 1423; x_wconf 84' lang='lat' dir='ltr'>f.</span> <span class='ocrx_word' id='word_1_118' title='bbox 642 1397 687 1424; x_wconf 69' lang='lat'>164</span> <span class='ocrx_word' id='word_1_119' title='bbox 705 1404 746 1426; x_wconf 73' lang='lat' dir='ltr'>ro:</span> <span class='ocrx_word' id='word_1_120' title='bbox 767 1397 860 1424; x_wconf 70' lang='lat' dir='ltr'>Portu</span> <span class='ocrx_word' id='word_1_121' title='bbox 877 1419 882 1428; x_wconf 87' lang='lat'>,</span> <span class='ocrx_word' id='word_1_122' title='bbox 902 1398 1010 1427; x_wconf 55' lang='lat'>23‘238)</span> 
     </span>
    </p>
   </div>
   <div class='ocr_carea' id='block_1_12' title="bbox 105 1506 1115 1974">
    <p class='ocr_par' dir='ltr' id='par_1_12' title="bbox 105 1506 1110 1593">
     <span class='ocr_line' id='line_1_21' title="bbox 144 1506 1110 1547; baseline -0.004 -9"><span class='ocrx_word' id='word_1_123' title='bbox 144 1533 162 1538; x_wconf 99' lang='lat'>..</span> <span class='ocrx_word' id='word_1_124' title='bbox 193 1509 290 1547; x_wconf 82' lang='lat' dir='ltr'>priori</span> <span class='ocrx_word' id='word_1_125' title='bbox 315 1513 340 1537; x_wconf 82' lang='lat' dir='ltr'>el</span> <span class='ocrx_word' id='word_1_126' title='bbox 366 1508 500 1544; x_wconf 76' lang='lat' dir='ltr'>capitulo</span> <span class='ocrx_word' id='word_1_127' title='bbox 525 1508 644 1536; x_wconf 73' lang='lat' dir='ltr'>basilice</span> <span class='ocrx_word' id='word_1_128' title='bbox 669 1508 822 1543; x_wconf 60' lang='lat' dir='ltr'>principis</span> <span class='ocrx_word' id='word_1_129' title='bbox 849 1507 1051 1543; x_wconf 76' lang='lat' dir='ltr'>apostolorum</span> <span class='ocrx_word' id='word_1_130' title='bbox 1076 1506 1110 1534; x_wconf 80' lang='lat' dir='ltr'>cle</span> 
     </span>
     <span class='ocr_line' id='line_1_22' title="bbox 105 1564 186 1593; baseline -0.025 0"><span class='ocrx_word' id='word_1_131' title='bbox 105 1564 186 1593; x_wconf 83' lang='lat' dir='ltr'>Urbe.</span> 
     </span>
    </p>

    <p class='ocr_par' dir='ltr' id='par_1_13' title="bbox 105 1612 1112 1706">
     <span class='ocr_line' id='line_1_23' title="bbox 144 1612 1112 1654; baseline -0.001 -12"><span class='ocrx_word' id='word_1_132' title='bbox 144 1627 158 1642; x_wconf 70' lang='grc' dir='ltr'><strong>α</strong></span> <span class='ocrx_word' id='word_1_133' title='bbox 183 1615 243 1645; x_wconf 89' lang='lat' dir='ltr'>Ille</span> <span class='ocrx_word' id='word_1_134' title='bbox 263 1615 319 1654; x_wconf 89' lang='lat' dir='ltr'>qui</span> <span class='ocrx_word' id='word_1_135' title='bbox 339 1613 464 1644; x_wconf 90' lang='lat' dir='ltr'>solus...</span> <span class='ocrx_word' id='word_1_136' title='bbox 486 1628 526 1635; x_wconf 88' lang='lat'>—-</span> <span class='ocrx_word' id='word_1_137' title='bbox 544 1613 618 1641; x_wconf 86' lang='lat' dir='ltr'>Dat.</span> <span class='ocrx_word' id='word_1_138' title='bbox 636 1613 756 1647; x_wconf 81' lang='lat' dir='ltr'>Rome,</span> <span class='ocrx_word' id='word_1_139' title='bbox 775 1612 856 1650; x_wconf 82' lang='lat' dir='ltr'>apud</span> <span class='ocrx_word' id='word_1_140' title='bbox 874 1612 1021 1641; x_wconf 79' lang='lat' dir='ltr'>Sanctam</span> <span class='ocrx_word' id='word_1_141' title='bbox 1042 1612 1112 1641; x_wconf 86' lang='lat' dir='ltr'>Ma-</span> 
     </span>
     <span class='ocr_line' id='line_1_24' title="bbox 105 1665 890 1706; baseline -0.011 -7"><span class='ocrx_word' id='word_1_142' title='bbox 105 1669 186 1699; x_wconf 88' lang='lat' dir='ltr'>riam</span> <span class='ocrx_word' id='word_1_143' title='bbox 203 1668 369 1706; x_wconf 86' lang='lat' dir='ltr'>Majorem,</span> <span class='ocrx_word' id='word_1_144' title='bbox 388 1666 495 1695; x_wconf 88' lang='lat' dir='ltr'>idibus</span> <span class='ocrx_word' id='word_1_145' title='bbox 510 1665 633 1704; x_wconf 78' lang='lat' dir='ltr'>aprilis,</span> <span class='ocrx_word' id='word_1_146' title='bbox 652 1674 738 1694; x_wconf 83' lang='lat' dir='ltr'>anno</span> <span class='ocrx_word' id='word_1_147' title='bbox 757 1665 858 1695; x_wconf 87' lang='lat' dir='ltr'>tertio.</span> <span class='ocrx_word' id='word_1_148' title='bbox 879 1677 890 1690; x_wconf 64' lang='lat'>&gt;2</span> 
     </span>
    </p>

    <p class='ocr_par' dir='ltr' id='par_1_14' title="bbox 105 1718 1115 1974">
     <span class='ocr_line' id='line_1_25' title="bbox 145 1718 1113 1755; baseline -0.006 -3"><span class='ocrx_word' id='word_1_149' title='bbox 145 1723 184 1752; x_wconf 91' lang='lat' dir='ltr'>In</span> <span class='ocrx_word' id='word_1_150' title='bbox 200 1731 227 1751; x_wconf 91' lang='lat' dir='ltr'>e.</span> <span class='ocrx_word' id='word_1_151' title='bbox 244 1731 288 1751; x_wconf 89' lang='lat' dir='ltr'>m.</span> <span class='ocrx_word' id='word_1_152' title='bbox 307 1720 477 1755; x_wconf 84' lang='lat' dir='ltr'>Matthaeo‚</span> <span class='ocrx_word' id='word_1_153' title='bbox 496 1719 630 1749; x_wconf 79' lang='lat' dir='ltr'>Sanctae</span> <span class='ocrx_word' id='word_1_154' title='bbox 647 1719 769 1747; x_wconf 83' lang='lat' dir='ltr'>Mariae</span> <span class='ocrx_word' id='word_1_155' title='bbox 785 1719 817 1747; x_wconf 90' lang='lat' dir='ltr'>in</span> <span class='ocrx_word' id='word_1_156' title='bbox 836 1718 965 1748; x_wconf 88' lang='lat' dir='ltr'>Porticu</span> <span class='ocrx_word' id='word_1_157' title='bbox 981 1718 1113 1747; x_wconf 73' lang='lat' dir='ltr'>diacono</span> 
     </span>
     <span class='ocr_line' id='line_1_26' title="bbox 106 1771 1112 1812; baseline -0.007 -6"><span class='ocrx_word' id='word_1_158' title='bbox 106 1775 282 1811; x_wconf 83' lang='lat' dir='ltr'>cardinali,</span> <span class='ocrx_word' id='word_1_159' title='bbox 314 1774 592 1812; x_wconf 77' lang='lat' dir='ltr'>archipresbytero</span> <span class='ocrx_word' id='word_1_160' title='bbox 628 1771 774 1801; x_wconf 75' lang='lat' dir='ltr'>basilicae</span> <span class='ocrx_word' id='word_1_161' title='bbox 808 1771 958 1810; x_wconf 74' lang='lat' dir='ltr'>principis</span> <span class='ocrx_word' id='word_1_162' title='bbox 989 1776 1112 1809; x_wconf 76' lang='lat' dir='ltr'>aposto-</span> 
     </span>
     <span class='ocr_line' id='line_1_27' title="bbox 105 1824 1114 1866; baseline -0.006 -7"><span class='ocrx_word' id='word_1_163' title='bbox 105 1830 226 1866; x_wconf 87' lang='lat' dir='ltr'>lorum,</span> <span class='ocrx_word' id='word_1_164' title='bbox 247 1851 267 1858; x_wconf 84' lang='lat'>..</span> <span class='ocrx_word' id='word_1_165' title='bbox 288 1827 397 1858; x_wconf 87' lang='lat' dir='ltr'>Sancti</span> <span class='ocrx_word' id='word_1_166' title='bbox 418 1826 510 1856; x_wconf 85' lang='lat' dir='ltr'>Pauli</span> <span class='ocrx_word' id='word_1_167' title='bbox 531 1826 569 1855; x_wconf 88' lang='lat' dir='ltr'>de</span> <span class='ocrx_word' id='word_1_168' title='bbox 585 1826 672 1856; x_wconf 87' lang='lat' dir='ltr'>Urbe</span> <span class='ocrx_word' id='word_1_169' title='bbox 690 1830 719 1854; x_wconf 82' lang='lat' dir='ltr'>et</span> <span class='ocrx_word' id='word_1_170' title='bbox 737 1847 757 1854; x_wconf 87' lang='lat'>..</span> <span class='ocrx_word' id='word_1_171' title='bbox 777 1825 885 1854; x_wconf 79' lang='lat' dir='ltr'>Sancti</span> <span class='ocrx_word' id='word_1_172' title='bbox 905 1824 1057 1854; x_wconf 76' lang='lat' dir='ltr'>Germani</span> <span class='ocrx_word' id='word_1_173' title='bbox 1076 1824 1114 1853; x_wconf 87' lang='lat' dir='ltr'>de</span> 
     </span>
     <span class='ocr_line' id='line_1_28' title="bbox 107 1877 1115 1912; baseline -0.007 0"><span class='ocrx_word' id='word_1_174' title='bbox 107 1883 210 1912; x_wconf 88' lang='lat' dir='ltr'>Pratis</span> <span class='ocrx_word' id='word_1_175' title='bbox 232 1881 427 1911; x_wconf 85' lang='lat' dir='ltr'>Parisiensis</span> <span class='ocrx_word' id='word_1_176' title='bbox 450 1879 718 1909; x_wconf 80' lang='lat' dir='ltr'>monasteriorum</span> <span class='ocrx_word' id='word_1_177' title='bbox 743 1878 909 1907; x_wconf 84' lang='lat' dir='ltr'>abbatibus</span> <span class='ocrx_word' id='word_1_178' title='bbox 930 1877 1060 1906; x_wconf 86' lang='lat' dir='ltr'>mandat</span> <span class='ocrx_word' id='word_1_179' title='bbox 1083 1881 1115 1905; x_wconf 89' lang='lat' dir='ltr'>ut</span> 
     </span>
     <span class='ocr_line' id='line_1_29' title="bbox 107 1930 1113 1974; baseline -0.007 -9"><span class='ocrx_word' id='word_1_180' title='bbox 107 1935 283 1974; x_wconf 86' lang='lat' dir='ltr'>praedictos</span> <span class='ocrx_word' id='word_1_181' title='bbox 297 1935 418 1964; x_wconf 78' lang='lat' dir='ltr'>fructus</span> <span class='ocrx_word' id='word_1_182' title='bbox 433 1932 604 1972; x_wconf 83' lang='lat' dir='ltr'>praedictis</span> <span class='ocrx_word' id='word_1_183' title='bbox 617 1931 782 1961; x_wconf 75' lang='lat' dir='ltr'>canonicis</span> <span class='ocrx_word' id='word_1_184' title='bbox 795 1931 971 1960; x_wconf 82' lang='lat' dir='ltr'>ministrari</span> <span class='ocrx_word' id='word_1_185' title='bbox 988 1930 1113 1959; x_wconf 83' lang='lat' dir='ltr'>faciant.</span> 
     </span>
    </p>
   </div>
   <div class='ocr_carea' id='block_1_13' title="bbox 176 2128 294 2158">
    <p class='ocr_par' dir='ltr' id='par_1_15' title="bbox 176 2128 294 2158">
     <span class='ocr_line' id='line_1_30' title="bbox 176 2128 294 2158; baseline -0.017 0"><span class='ocrx_word' id='word_1_186' title='bbox 176 2128 294 2158; x_wconf 74' lang='lat' dir='ltr'>430ss</span> 
     </span>
    </p>
   </div>
   <div class='ocr_carea' id='block_1_14' title="bbox 140 2187 1117 2223">
    <p class='ocr_par' dir='ltr' id='par_1_16' title="bbox 140 2187 1117 2223">
     <span class='ocr_line' id='line_1_31' title="bbox 140 2187 1117 2223; baseline -0.007 -5"><span class='ocrx_word' id='word_1_187' title='bbox 140 2191 306 2218; x_wconf 76' lang='lat' dir='ltr'>Tei-minum</span> <span class='ocrx_word' id='word_1_188' title='bbox 322 2189 475 2216; x_wconf 85' lang='lat' dir='ltr'>solutionis</span> <span class='ocrx_word' id='word_1_189' title='bbox 496 2189 703 2223; x_wconf 81' lang='lat' dir='ltr'>quinquaginta</span> <span class='ocrx_word' id='word_1_190' title='bbox 727 2188 845 2214; x_wconf 86' lang='lat' dir='ltr'>millium</span> <span class='ocrx_word' id='word_1_191' title='bbox 868 2187 1049 2212; x_wconf 85' lang='lat' dir='ltr'>marcharum</span> <span class='ocrx_word' id='word_1_192' title='bbox 1069 2194 1117 2211; x_wconf 90' lang='lat' dir='ltr'>ro-</span> 
     </span>
    </p>
   </div>
   <div class='ocr_carea' id='block_1_15' title="bbox 450 2122 1043 2159">
    <p class='ocr_par' dir='ltr' id='par_1_17' title="bbox 450 2122 1043 2159">
     <span class='ocr_line' id='line_1_32' title="bbox 450 2122 1043 2159; baseline -0.008 -7"><span class='ocrx_word' id='word_1_193' title='bbox 450 2124 812 2159; x_wconf 71' lang='lat' dir='ltr'>sainte-Ma1·ie-Majeure,</span> <span class='ocrx_word' id='word_1_194' title='bbox 829 2124 863 2149; x_wconf 71' lang='grc' dir='ltr'>ί28</span> <span class='ocrx_word' id='word_1_195' title='bbox 879 2123 948 2149; x_wconf 87' lang='lat' dir='ltr'>avril</span> <span class='ocrx_word' id='word_1_196' title='bbox 969 2122 1043 2149; x_wconf 16' lang='lat'>129171.</span> 
     </span>
    </p>
   </div>
   <div class='ocr_carea' id='block_1_16' title="bbox 107 2230 1123 2273">
    <p class='ocr_par' dir='ltr' id='par_1_18' title="bbox 107 2230 1123 2273">
     <span class='ocr_line' id='line_1_33' title="bbox 107 2230 1123 2273; baseline -0.008 -6"><span class='ocrx_word' id='word_1_197' title='bbox 107 2248 207 2267; x_wconf 87' lang='lat' dir='ltr'>manae</span> <span class='ocrx_word' id='word_1_198' title='bbox 223 2239 362 2266; x_wconf 81' lang='lat' dir='ltr'>ecclesiae</span> <span class='ocrx_word' id='word_1_199' title='bbox 377 2247 392 2265; x_wconf 90' lang='lat' dir='ltr'>a</span> <span class='ocrx_word' id='word_1_200' title='bbox 408 2246 476 2273; x_wconf 84' lang='lat' dir='ltr'>rege</span> <span class='ocrx_word' id='word_1_201' title='bbox 492 2237 606 2264; x_wconf 83' lang='lat' dir='ltr'>Siciliae</span> <span class='ocrx_word' id='word_1_202' title='bbox 621 2237 781 2263; x_wconf 89' lang='lat' dir='ltr'>debitarum</span> <span class='ocrx_word' id='word_1_203' title='bbox 805 2239 948 2271; x_wconf 82' lang='lat' dir='ltr'>prorogat.</span> <span class='ocrx_word' id='word_1_204' title='bbox 967 2234 1049 2267; x_wconf 66' lang='lat' dir='ltr'>(itae.</span> <span class='ocrx_word' id='word_1_205' title='bbox 1068 2230 1123 2266; x_wconf 65' lang='lat'>45,</span> 
     </span>
    </p>
   </div>
   <div class='ocr_carea' id='block_1_17' title="bbox 109 2288 372 2323">
    <p class='ocr_par' dir='ltr' id='par_1_19' title="bbox 109 2288 372 2323">
     <span class='ocr_line' id='line_1_34' title="bbox 109 2288 372 2323; baseline -0.011 -7"><span class='ocrx_word' id='word_1_206' title='bbox 109 2297 134 2316; x_wconf 82' lang='lat'>0.</span> <span class='ocrx_word' id='word_1_207' title='bbox 151 2289 200 2323; x_wconf 77' lang='grc'>41,</span> <span class='ocrx_word' id='word_1_208' title='bbox 217 2289 236 2316; x_wconf 84' lang='lat' dir='ltr'>f.</span> <span class='ocrx_word' id='word_1_209' title='bbox 257 2288 305 2315; x_wconf 81' lang='lat'>164</span> <span class='ocrx_word' id='word_1_210' title='bbox 323 2288 372 2322; x_wconf 75' lang='lat' dir='ltr'>ro.)</span> 
     </span>
    </p>
   </div>
   <div class='ocr_carea' id='block_1_18' title="bbox 111 2394 1125 3073">
    <p class='ocr_par' dir='ltr' id='par_1_20' title="bbox 111 2394 1125 3073">
     <span class='ocr_line' id='line_1_35' title="bbox 152 2394 1118 2433; baseline -0.005 -6"><span class='ocrx_word' id='word_1_211' title='bbox 152 2399 317 2428; x_wconf 80' lang='lat' dir='ltr'>Carissimo</span> <span class='ocrx_word' id='word_1_212' title='bbox 344 2398 378 2426; x_wconf 86' lang='lat' dir='ltr'>in</span> <span class='ocrx_word' id='word_1_213' title='bbox 402 2397 518 2426; x_wconf 75' lang='lat' dir='ltr'>Christo</span> <span class='ocrx_word' id='word_1_214' title='bbox 540 2397 604 2433; x_wconf 85' lang='lat' dir='ltr'>filio</span> <span class='ocrx_word' id='word_1_215' title='bbox 629 2396 753 2432; x_wconf 59' lang='lat' dir='ltr'>Car-olo,</span> <span class='ocrx_word' id='word_1_216' title='bbox 776 2396 841 2432; x_wconf 68' lang='lat' dir='ltr'>regyi</span> <span class='ocrx_word' id='word_1_217' title='bbox 863 2396 966 2424; x_wconf 72' lang='lat' dir='ltr'>Sit-ilie</span> <span class='ocrx_word' id='word_1_218' title='bbox 992 2394 1118 2423; x_wconf 73' lang='lat' dir='ltr'>illustri.</span> 
     </span>
     <span class='ocr_line' id='line_1_36' title="bbox 114 2447 1120 2484; baseline -0.003 -6"><span class='ocrx_word' id='word_1_219' title='bbox 114 2463 127 2478; x_wconf 75' lang='grc' dir='ltr'>α</span> <span class='ocrx_word' id='word_1_220' title='bbox 147 2450 276 2480; x_wconf 86' lang='lat' dir='ltr'>Pridem</span> <span class='ocrx_word' id='word_1_221' title='bbox 293 2459 366 2480; x_wconf 89' lang='lat' dir='ltr'>cum</span> <span class='ocrx_word' id='word_1_222' title='bbox 385 2453 622 2479; x_wconf 83' lang='lat' dir='ltr'>sacramentum</span> <span class='ocrx_word' id='word_1_223' title='bbox 637 2448 800 2478; x_wconf 81' lang='lat' dir='ltr'>fidelitatis</span> <span class='ocrx_word' id='word_1_224' title='bbox 817 2452 846 2477; x_wconf 89' lang='lat' dir='ltr'>et</span> <span class='ocrx_word' id='word_1_225' title='bbox 862 2447 1005 2484; x_wconf 77' lang='lat' dir='ltr'>homagii</span> <span class='ocrx_word' id='word_1_226' title='bbox 1022 2447 1120 2475; x_wconf 82' lang='lat' dir='ltr'>Reate</span> 
     </span>
     <span class='ocr_line' id='line_1_37' title="bbox 111 2500 1120 2541; baseline -0.006 -7"><span class='ocrx_word' id='word_1_227' title='bbox 111 2505 146 2534; x_wconf 91' lang='lat' dir='ltr'>in</span> <span class='ocrx_word' id='word_1_228' title='bbox 162 2503 281 2534; x_wconf 81' lang='lat' dir='ltr'>nostris</span> <span class='ocrx_word' id='word_1_229' title='bbox 295 2502 446 2532; x_wconf 85' lang='lat' dir='ltr'>manibus</span> <span class='ocrx_word' id='word_1_230' title='bbox 460 2501 636 2541; x_wconf 76' lang='lat' dir='ltr'>prestitisti,</span> <span class='ocrx_word' id='word_1_231' title='bbox 652 2502 827 2531; x_wconf 88' lang='lat' dir='ltr'>terminum</span> <span class='ocrx_word' id='word_1_232' title='bbox 842 2500 1011 2530; x_wconf 83' lang='lat' dir='ltr'>solutionis</span> <span class='ocrx_word' id='word_1_233' title='bbox 1024 2500 1120 2538; x_wconf 83' lang='lat' dir='ltr'>quin-</span> 
     </span>
     <span class='ocr_line' id='line_1_38' title="bbox 111 2556 1120 2596; baseline -0.004 -10"><span class='ocrx_word' id='word_1_234' title='bbox 111 2557 265 2596; x_wconf 79' lang='lat' dir='ltr'>quaginta</span> <span class='ocrx_word' id='word_1_235' title='bbox 284 2556 410 2586; x_wconf 88' lang='lat' dir='ltr'>milium</span> <span class='ocrx_word' id='word_1_236' title='bbox 432 2564 614 2586; x_wconf 83' lang='lat' dir='ltr'>marcarum</span> <span class='ocrx_word' id='word_1_237' title='bbox 630 2556 875 2593; x_wconf 84' lang='lat' dir='ltr'>sterlingorum,</span> <span class='ocrx_word' id='word_1_238' title='bbox 893 2564 955 2593; x_wconf 79' lang='lat' dir='ltr'>que</span> <span class='ocrx_word' id='word_1_239' title='bbox 972 2564 1027 2592; x_wconf 84' lang='lat' dir='ltr'>per</span> <span class='ocrx_word' id='word_1_240' title='bbox 1045 2562 1120 2583; x_wconf 87' lang='lat' dir='ltr'>con-</span> 
     </span>
     <span class='ocr_line' id='line_1_39' title="bbox 112 2607 1120 2641; baseline -0.005 -1"><span class='ocrx_word' id='word_1_241' title='bbox 112 2611 280 2641; x_wconf 88' lang='lat' dir='ltr'>ventiones</span> <span class='ocrx_word' id='word_1_242' title='bbox 302 2610 399 2639; x_wconf 84' lang='lat' dir='ltr'>initas</span> <span class='ocrx_word' id='word_1_243' title='bbox 420 2610 504 2639; x_wconf 88' lang='lat' dir='ltr'>inter</span> <span class='ocrx_word' id='word_1_244' title='bbox 526 2617 692 2639; x_wconf 87' lang='lat' dir='ltr'>romanam</span> <span class='ocrx_word' id='word_1_245' title='bbox 714 2608 881 2639; x_wconf 83' lang='lat' dir='ltr'>ecclesiam</span> <span class='ocrx_word' id='word_1_246' title='bbox 902 2613 931 2637; x_wconf 83' lang='lat' dir='ltr'>et</span> <span class='ocrx_word' id='word_1_247' title='bbox 954 2607 1036 2637; x_wconf 85' lang='lat' dir='ltr'>clare</span> <span class='ocrx_word' id='word_1_248' title='bbox 1055 2616 1120 2635; x_wconf 91' lang='lat' dir='ltr'>me-</span> 
     </span>
     <span class='ocr_line' id='line_1_40' title="bbox 113 2661 1122 2700; baseline -0.005 -7"><span class='ocrx_word' id='word_1_249' title='bbox 113 2663 216 2694; x_wconf 84' lang='lat' dir='ltr'>morie</span> <span class='ocrx_word' id='word_1_250' title='bbox 233 2662 398 2699; x_wconf 88' lang='lat' dir='ltr'>Carolum,</span> <span class='ocrx_word' id='word_1_251' title='bbox 414 2671 523 2700; x_wconf 85' lang='lat' dir='ltr'>regem</span> <span class='ocrx_word' id='word_1_252' title='bbox 540 2661 662 2698; x_wconf 86' lang='lat' dir='ltr'>Sicilie,</span> <span class='ocrx_word' id='word_1_253' title='bbox 681 2666 803 2700; x_wconf 83' lang='lat' dir='ltr'>patrem</span> <span class='ocrx_word' id='word_1_254' title='bbox 822 2665 924 2697; x_wconf 80' lang='lat' dir='ltr'>tuum,</span> <span class='ocrx_word' id='word_1_255' title='bbox 944 2669 998 2698; x_wconf 88' lang='lat' dir='ltr'>per</span> <span class='ocrx_word' id='word_1_256' title='bbox 1014 2668 1122 2696; x_wconf 79' lang='lat' dir='ltr'>regem</span> 
     </span>
     <span class='ocr_line' id='line_1_41' title="bbox 113 2712 1123 2756; baseline -0.005 -10"><span class='ocrx_word' id='word_1_257' title='bbox 113 2718 220 2756; x_wconf 87' lang='lat' dir='ltr'>ipsum</span> <span class='ocrx_word' id='word_1_258' title='bbox 243 2716 349 2746; x_wconf 88' lang='lat' dir='ltr'>eidem</span> <span class='ocrx_word' id='word_1_259' title='bbox 369 2716 501 2746; x_wconf 83' lang='lat' dir='ltr'>ecclesie</span> <span class='ocrx_word' id='word_1_260' title='bbox 522 2716 677 2754; x_wconf 86' lang='lat' dir='ltr'>promissa</span> <span class='ocrx_word' id='word_1_261' title='bbox 695 2715 843 2751; x_wconf 81' lang='lat' dir='ltr'>fuerunt,</span> <span class='ocrx_word' id='word_1_262' title='bbox 864 2714 957 2744; x_wconf 83' lang='lat' dir='ltr'>certis</span> <span class='ocrx_word' id='word_1_263' title='bbox 978 2712 1123 2743; x_wconf 85' lang='lat' dir='ltr'>terminis</span> 
     </span>
     <span class='ocr_line' id='line_1_42' title="bbox 113 2766 1124 2809; baseline -0.006 -9"><span class='ocrx_word' id='word_1_264' title='bbox 113 2769 341 2809; x_wconf 86' lang='lat' dir='ltr'>persolvenda,</span> <span class='ocrx_word' id='word_1_265' title='bbox 359 2778 456 2808; x_wconf 86' lang='lat' dir='ltr'>quam</span> <span class='ocrx_word' id='word_1_266' title='bbox 472 2769 719 2808; x_wconf 84' lang='lat' dir='ltr'>promissionem</span> <span class='ocrx_word' id='word_1_267' title='bbox 742 2773 773 2798; x_wconf 89' lang='lat' dir='ltr'>tu</span> <span class='ocrx_word' id='word_1_268' title='bbox 791 2769 826 2797; x_wconf 91' lang='lat' dir='ltr'>in</span> <span class='ocrx_word' id='word_1_269' title='bbox 844 2768 912 2806; x_wconf 83' lang='lat' dir='ltr'>ipsa</span> <span class='ocrx_word' id='word_1_270' title='bbox 932 2766 1124 2806; x_wconf 79' lang='lat' dir='ltr'>prestatione</span> 
     </span>
     <span class='ocr_line' id='line_1_43' title="bbox 115 2819 1124 2860; baseline -0.005 -7"><span class='ocrx_word' id='word_1_271' title='bbox 115 2823 306 2857; x_wconf 83' lang='lat' dir='ltr'>sacramenti</span> <span class='ocrx_word' id='word_1_272' title='bbox 322 2822 483 2852; x_wconf 84' lang='lat' dir='ltr'>fidelitatis</span> <span class='ocrx_word' id='word_1_273' title='bbox 499 2827 531 2852; x_wconf 78' lang='lat' dir='ltr'>et</span> <span class='ocrx_word' id='word_1_274' title='bbox 545 2822 687 2860; x_wconf 86' lang='lat' dir='ltr'>homagii</span> <span class='ocrx_word' id='word_1_275' title='bbox 703 2821 912 2857; x_wconf 86' lang='lat' dir='ltr'>confirmasti,</span> <span class='ocrx_word' id='word_1_276' title='bbox 926 2821 966 2850; x_wconf 85' lang='lat' dir='ltr'>ad</span> <span class='ocrx_word' id='word_1_277' title='bbox 983 2824 1034 2849; x_wconf 80' lang='lat' dir='ltr'>tue</span> <span class='ocrx_word' id='word_1_278' title='bbox 1050 2819 1124 2857; x_wconf 86' lang='lat' dir='ltr'>peti—</span> 
     </span>
     <span class='ocr_line' id='line_1_44' title="bbox 116 2872 1124 2914; baseline -0.004 -9"><span class='ocrx_word' id='word_1_279' title='bbox 116 2876 211 2906; x_wconf 85' lang='lat' dir='ltr'>tionis</span> <span class='ocrx_word' id='word_1_280' title='bbox 230 2875 418 2905; x_wconf 85' lang='lat' dir='ltr'>instantiam</span> <span class='ocrx_word' id='word_1_281' title='bbox 431 2899 438 2912; x_wconf 91' lang='lat'>,</span> <span class='ocrx_word' id='word_1_282' title='bbox 454 2884 555 2914; x_wconf 86' lang='lat' dir='ltr'>usque</span> <span class='ocrx_word' id='word_1_283' title='bbox 575 2876 615 2905; x_wconf 89' lang='lat' dir='ltr'>ad</span> <span class='ocrx_word' id='word_1_284' title='bbox 633 2875 712 2905; x_wconf 85' lang='lat' dir='ltr'>duos</span> <span class='ocrx_word' id='word_1_285' title='bbox 730 2883 832 2904; x_wconf 88' lang='lat' dir='ltr'>annos</span> <span class='ocrx_word' id='word_1_286' title='bbox 853 2872 1068 2914; x_wconf 75' lang='lat' dir='ltr'>numerandos</span> <span class='ocrx_word' id='word_1_287' title='bbox 1084 2872 1124 2901; x_wconf 87' lang='lat' dir='ltr'>ab</span> 
     </span>
     <span class='ocr_line' id='line_1_45' title="bbox 115 2926 1124 2966; baseline -0.005 -7"><span class='ocrx_word' id='word_1_288' title='bbox 115 2937 201 2959; x_wconf 85' lang='lat' dir='ltr'>anno</span> <span class='ocrx_word' id='word_1_289' title='bbox 228 2929 360 2958; x_wconf 87' lang='lat' dir='ltr'>Domini</span> <span class='ocrx_word' id='word_1_290' title='bbox 388 2933 654 2966; x_wconf 79' lang='lat' dir='ltr'>M⁰cc⁰Lxxxv[111⁰,</span> <span class='ocrx_word' id='word_1_291' title='bbox 679 2938 723 2958; x_wconf 81' lang='lat' dir='ltr'>xn</span> <span class='ocrx_word' id='word_1_292' title='bbox 752 2927 905 2957; x_wconf 79' lang='lat' dir='ltr'>kalendas</span> <span class='ocrx_word' id='word_1_293' title='bbox 929 2926 1021 2966; x_wconf 87' lang='lat' dir='ltr'>julii,</span> <span class='ocrx_word' id='word_1_294' title='bbox 1046 2934 1124 2964; x_wconf 90' lang='lat' dir='ltr'>pon-</span> 
     </span>
     <span class='ocr_line' id='line_1_46' title="bbox 116 2978 1125 3019; baseline -0.005 -8"><span class='ocrx_word' id='word_1_295' title='bbox 116 2982 253 3012; x_wconf 84' lang='lat' dir='ltr'>tificatus</span> <span class='ocrx_word' id='word_1_296' title='bbox 279 2981 379 3011; x_wconf 86' lang='lat' dir='ltr'>nostri</span> <span class='ocrx_word' id='word_1_297' title='bbox 403 2990 489 3011; x_wconf 86' lang='lat' dir='ltr'>anno</span> <span class='ocrx_word' id='word_1_298' title='bbox 516 2982 676 3017; x_wconf 85' lang='lat' dir='ltr'>secundo,</span> <span class='ocrx_word' id='word_1_299' title='bbox 698 2981 940 3019; x_wconf 78' lang='lat' dir='ltr'>prorogavimus</span> <span class='ocrx_word' id='word_1_300' title='bbox 962 2979 1001 3008; x_wconf 88' lang='lat' dir='ltr'>de</span> <span class='ocrx_word' id='word_1_301' title='bbox 1024 2978 1125 3016; x_wconf 83' lang='lat' dir='ltr'>gratia</span> 
     </span>
     <span class='ocr_line' id='line_1_47' title="bbox 117 3030 1125 3073; baseline -0.004 -9"><span class='ocrx_word' id='word_1_302' title='bbox 117 3034 265 3073; x_wconf 83' lang='lat' dir='ltr'>speciali,</span> <span class='ocrx_word' id='word_1_303' title='bbox 283 3034 322 3064; x_wconf 89' lang='lat' dir='ltr'>de</span> <span class='ocrx_word' id='word_1_304' title='bbox 347 3035 481 3065; x_wconf 81' lang='lat' dir='ltr'>fratrum</span> <span class='ocrx_word' id='word_1_305' title='bbox 504 3039 685 3065; x_wconf 85' lang='lat' dir='ltr'>nostrorum</span> <span class='ocrx_word' id='word_1_306' title='bbox 703 3042 861 3064; x_wconf 84' lang='lat' dir='ltr'>consensu</span> <span class='ocrx_word' id='word_1_307' title='bbox 882 3036 911 3062; x_wconf 83' lang='lat' dir='ltr'>et</span> <span class='ocrx_word' id='word_1_308' title='bbox 929 3040 1077 3068; x_wconf 85' lang='lat' dir='ltr'>assensu,</span> <span class='ocrx_word' id='word_1_309' title='bbox 1097 3030 1125 3060; x_wconf 87' lang='lat' dir='ltr'>si</span> 
     </span>
    </p>
   </div>
   <div class='ocr_carea' id='block_1_19' title="bbox 1180 423 2191 1101">
    <p class='ocr_par' dir='ltr' id='par_1_21' title="bbox 1180 423 2191 1101">
     <span class='ocr_line' id='line_1_48' title="bbox 1180 423 2183 465; baseline -0.005 -7"><span class='ocrx_word' id='word_1_310' title='bbox 1180 429 1260 458; x_wconf 82' lang='lat' dir='ltr'>forte</span> <span class='ocrx_word' id='word_1_311' title='bbox 1285 429 1323 458; x_wconf 89' lang='lat' dir='ltr'>de</span> <span class='ocrx_word' id='word_1_312' title='bbox 1351 428 1554 457; x_wconf 81' lang='lat' dir='ltr'>marcharum</span> <span class='ocrx_word' id='word_1_313' title='bbox 1579 427 1720 465; x_wconf 86' lang='lat' dir='ltr'>ipsarum</span> <span class='ocrx_word' id='word_1_314' title='bbox 1749 427 1936 456; x_wconf 83' lang='lat' dir='ltr'>remissione</span> <span class='ocrx_word' id='word_1_315' title='bbox 1962 425 2105 462; x_wconf 79' lang='lat' dir='ltr'>legitima</span> <span class='ocrx_word' id='word_1_316' title='bbox 2134 423 2183 453; x_wconf 84' lang='lat' dir='ltr'>vel</span> 
     </span>
     <span class='ocr_line' id='line_1_49' title="bbox 1181 477 2183 518; baseline -0.004 -8"><span class='ocrx_word' id='word_1_317' title='bbox 1181 481 1339 511; x_wconf 88' lang='lat' dir='ltr'>solutione</span> <span class='ocrx_word' id='word_1_318' title='bbox 1352 505 1359 517; x_wconf 92' lang='lat'><em>‚</em></span> <span class='ocrx_word' id='word_1_319' title='bbox 1378 482 1411 510; x_wconf 93' lang='lat' dir='ltr'>in</span> <span class='ocrx_word' id='word_1_320' title='bbox 1434 485 1496 511; x_wconf 87' lang='lat' dir='ltr'>toto</span> <span class='ocrx_word' id='word_1_321' title='bbox 1516 480 1565 509; x_wconf 90' lang='lat' dir='ltr'>vel</span> <span class='ocrx_word' id='word_1_322' title='bbox 1585 481 1618 509; x_wconf 92' lang='lat' dir='ltr'>in</span> <span class='ocrx_word' id='word_1_323' title='bbox 1638 485 1735 518; x_wconf 83' lang='lat' dir='ltr'>parte,</span> <span class='ocrx_word' id='word_1_324' title='bbox 1756 479 1877 517; x_wconf 85' lang='lat' dir='ltr'>liquere</span> <span class='ocrx_word' id='word_1_325' title='bbox 1895 487 1959 508; x_wconf 87' lang='lat' dir='ltr'>non</span> <span class='ocrx_word' id='word_1_326' title='bbox 1977 481 2098 517; x_wconf 87' lang='lat' dir='ltr'>posset,</span> <span class='ocrx_word' id='word_1_327' title='bbox 2114 477 2183 506; x_wconf 89' lang='lat' dir='ltr'>adi-</span> 
     </span>
     <span class='ocr_line' id='line_1_50' title="bbox 1181 531 2184 572; baseline -0.005 -9"><span class='ocrx_word' id='word_1_328' title='bbox 1181 534 1299 563; x_wconf 79' lang='lat' dir='ltr'>cientes</span> <span class='ocrx_word' id='word_1_329' title='bbox 1313 535 1344 563; x_wconf 92' lang='lat' dir='ltr'>in</span> <span class='ocrx_word' id='word_1_330' title='bbox 1360 533 1577 572; x_wconf 72' lang='lat' dir='ltr'>prorogatione</span> <span class='ocrx_word' id='word_1_331' title='bbox 1593 537 1730 571; x_wconf 84' lang='lat' dir='ltr'>pretacta</span> <span class='ocrx_word' id='word_1_332' title='bbox 1746 531 1829 569; x_wconf 81' lang='lat' dir='ltr'>quod</span> <span class='ocrx_word' id='word_1_333' title='bbox 1845 532 1929 560; x_wconf 85' lang='lat' dir='ltr'>infra</span> <span class='ocrx_word' id='word_1_334' title='bbox 1944 539 2065 560; x_wconf 87' lang='lat' dir='ltr'>annum</span> <span class='ocrx_word' id='word_1_335' title='bbox 2083 538 2184 559; x_wconf 86' lang='lat' dir='ltr'>unum</span> 
     </span>
     <span class='ocr_line' id='line_1_51' title="bbox 1182 583 2184 625; baseline -0.005 -9"><span class='ocrx_word' id='word_1_336' title='bbox 1182 587 1330 625; x_wconf 80' lang='lat' dir='ltr'>probares</span> <span class='ocrx_word' id='word_1_337' title='bbox 1346 587 1487 624; x_wconf 77' lang='lat' dir='ltr'>legitime</span> <span class='ocrx_word' id='word_1_338' title='bbox 1503 587 1529 615; x_wconf 86' lang='lat' dir='ltr'>si</span> <span class='ocrx_word' id='word_1_339' title='bbox 1546 586 1621 624; x_wconf 83' lang='lat' dir='ltr'>quid</span> <span class='ocrx_word' id='word_1_340' title='bbox 1637 585 1675 614; x_wconf 88' lang='lat' dir='ltr'>de</span> <span class='ocrx_word' id='word_1_341' title='bbox 1693 585 1831 614; x_wconf 88' lang='lat' dir='ltr'>marchis</span> <span class='ocrx_word' id='word_1_342' title='bbox 1847 585 1922 622; x_wconf 82' lang='lat' dir='ltr'>ipsis</span> <span class='ocrx_word' id='word_1_343' title='bbox 1939 585 1997 613; x_wconf 85' lang='lat' dir='ltr'>rite</span> <span class='ocrx_word' id='word_1_344' title='bbox 2014 583 2184 612; x_wconf 85' lang='lat' dir='ltr'>remissum</span> 
     </span>
     <span class='ocr_line' id='line_1_52' title="bbox 1183 636 2185 677; baseline -0.005 -8"><span class='ocrx_word' id='word_1_345' title='bbox 1183 641 1279 670; x_wconf 82' lang='lat' dir='ltr'>fuerit</span> <span class='ocrx_word' id='word_1_346' title='bbox 1295 640 1343 669; x_wconf 88' lang='lat' dir='ltr'>vel</span> <span class='ocrx_word' id='word_1_347' title='bbox 1360 639 1491 670; x_wconf 85' lang='lat' dir='ltr'>ecclesie</span> <span class='ocrx_word' id='word_1_348' title='bbox 1511 639 1649 677; x_wconf 81' lang='lat' dir='ltr'>predicte</span> <span class='ocrx_word' id='word_1_349' title='bbox 1666 638 1817 668; x_wconf 84' lang='lat' dir='ltr'>solutum.</span> <span class='ocrx_word' id='word_1_350' title='bbox 1840 637 1992 667; x_wconf 83' lang='lat' dir='ltr'>Nolentes</span> <span class='ocrx_word' id='word_1_351' title='bbox 2007 637 2121 674; x_wconf 80' lang='lat' dir='ltr'>igitur,</span> <span class='ocrx_word' id='word_1_352' title='bbox 2141 636 2185 664; x_wconf 86' lang='grc'>1111</span> 
     </span>
     <span class='ocr_line' id='line_1_53' title="bbox 1183 690 2188 729; baseline -0.006 -6"><span class='ocrx_word' id='word_1_353' title='bbox 1183 694 1363 729; x_wconf 75' lang='lat' dir='ltr'>carissime,</span> <span class='ocrx_word' id='word_1_354' title='bbox 1389 697 1418 722; x_wconf 91' lang='lat' dir='ltr'>te</span> <span class='ocrx_word' id='word_1_355' title='bbox 1443 702 1479 722; x_wconf 81' lang='lat' dir='ltr'>ex</span> <span class='ocrx_word' id='word_1_356' title='bbox 1505 693 1653 729; x_wconf 85' lang='lat' dir='ltr'>angustia</span> <span class='ocrx_word' id='word_1_357' title='bbox 1678 691 1828 729; x_wconf 80' lang='lat' dir='ltr'>temporis</span> <span class='ocrx_word' id='word_1_358' title='bbox 1856 690 1997 728; x_wconf 84' lang='lat' dir='ltr'>aliquam</span> <span class='ocrx_word' id='word_1_359' title='bbox 2022 690 2188 718; x_wconf 80' lang='lat' dir='ltr'>incurrere</span> 
     </span>
     <span class='ocr_line' id='line_1_54' title="bbox 1183 742 2188 785; baseline -0.006 -9"><span class='ocrx_word' id='word_1_360' title='bbox 1183 749 1382 785; x_wconf 68' lang='lat' dir='ltr'>captionem,</span> <span class='ocrx_word' id='word_1_361' title='bbox 1411 746 1585 776; x_wconf 87' lang='lat' dir='ltr'>terminum</span> <span class='ocrx_word' id='word_1_362' title='bbox 1612 745 1692 774; x_wconf 84' lang='lat' dir='ltr'>dicte</span> <span class='ocrx_word' id='word_1_363' title='bbox 1718 745 1912 783; x_wconf 84' lang='lat' dir='ltr'>probationis</span> <span class='ocrx_word' id='word_1_364' title='bbox 1938 744 1975 773; x_wconf 87' lang='lat' dir='ltr'>de</span> <span class='ocrx_word' id='word_1_365' title='bbox 1997 742 2188 772; x_wconf 86' lang='lat' dir='ltr'>remissione</span> 
     </span>
     <span class='ocr_line' id='line_1_55' title="bbox 1185 794 2189 837; baseline -0.005 -8"><span class='ocrx_word' id='word_1_366' title='bbox 1185 800 1234 830; x_wconf 88' lang='lat' dir='ltr'>vel</span> <span class='ocrx_word' id='word_1_367' title='bbox 1248 800 1406 830; x_wconf 86' lang='lat' dir='ltr'>solutione</span> <span class='ocrx_word' id='word_1_368' title='bbox 1417 800 1620 829; x_wconf 82' lang='lat' dir='ltr'>marcharum</span> <span class='ocrx_word' id='word_1_369' title='bbox 1632 794 1773 837; x_wconf 86' lang='lat' dir='ltr'>ipsarum</span> <span class='ocrx_word' id='word_1_370' title='bbox 1785 807 1886 836; x_wconf 84' lang='lat' dir='ltr'>usque</span> <span class='ocrx_word' id='word_1_371' title='bbox 1899 798 1938 826; x_wconf 88' lang='lat' dir='ltr'>ad</span> <span class='ocrx_word' id='word_1_372' title='bbox 1951 806 2074 826; x_wconf 85' lang='lat' dir='ltr'>annum</span> <span class='ocrx_word' id='word_1_373' title='bbox 2088 796 2189 826; x_wconf 87' lang='lat' dir='ltr'>alium</span> 
     </span>
     <span class='ocr_line' id='line_1_56' title="bbox 1185 849 2187 888; baseline -0.004 -6"><span class='ocrx_word' id='word_1_374' title='bbox 1185 853 1421 883; x_wconf 83' lang='lat' dir='ltr'>numerandum</span> <span class='ocrx_word' id='word_1_375' title='bbox 1440 853 1473 881; x_wconf 91' lang='lat' dir='ltr'>in</span> <span class='ocrx_word' id='word_1_376' title='bbox 1487 857 1579 881; x_wconf 82' lang='lat' dir='ltr'>antea</span> <span class='ocrx_word' id='word_1_377' title='bbox 1593 861 1609 881; x_wconf 87' lang='lat' dir='ltr'>a</span> <span class='ocrx_word' id='word_1_378' title='bbox 1624 852 1701 881; x_wconf 80' lang='lat' dir='ltr'>festo</span> <span class='ocrx_word' id='word_1_379' title='bbox 1714 851 1797 880; x_wconf 84' lang='lat' dir='ltr'>beati</span> <span class='ocrx_word' id='word_1_380' title='bbox 1814 851 1898 879; x_wconf 82' lang='lat' dir='ltr'>Petri</span> <span class='ocrx_word' id='word_1_381' title='bbox 1915 851 2020 879; x_wconf 80' lang='lat' dir='ltr'>futuro</span> <span class='ocrx_word' id='word_1_382' title='bbox 2033 849 2187 888; x_wconf 84' lang='lat' dir='ltr'>proximo,</span> 
     </span>
     <span class='ocr_line' id='line_1_57' title="bbox 1185 902 2191 944; baseline -0.006 -9"><span class='ocrx_word' id='word_1_383' title='bbox 1185 906 1223 935; x_wconf 86' lang='lat' dir='ltr'>ad</span> <span class='ocrx_word' id='word_1_384' title='bbox 1241 911 1292 935; x_wconf 88' lang='lat' dir='ltr'>tue</span> <span class='ocrx_word' id='word_1_385' title='bbox 1310 906 1471 944; x_wconf 86' lang='lat' dir='ltr'>petitionis</span> <span class='ocrx_word' id='word_1_386' title='bbox 1486 905 1686 940; x_wconf 84' lang='lat' dir='ltr'>instantiam,</span> <span class='ocrx_word' id='word_1_387' title='bbox 1701 903 1757 932; x_wconf 83' lang='lat' dir='ltr'>tibi</span> <span class='ocrx_word' id='word_1_388' title='bbox 1775 903 1813 932; x_wconf 87' lang='lat' dir='ltr'>de</span> <span class='ocrx_word' id='word_1_389' title='bbox 1825 903 1954 941; x_wconf 85' lang='lat' dir='ltr'>speciali</span> <span class='ocrx_word' id='word_1_390' title='bbox 1969 902 2069 939; x_wconf 82' lang='lat' dir='ltr'>gratia</span> <span class='ocrx_word' id='word_1_391' title='bbox 2083 909 2191 939; x_wconf 88' lang='lat' dir='ltr'>proro-</span> 
     </span>
     <span class='ocr_line' id='line_1_58' title="bbox 1186 944 2188 997; baseline -0.007 -8"><span class='ocrx_word' id='word_1_392' title='bbox 1186 967 1314 997; x_wconf 83' lang='lat' dir='ltr'>gamus,</span> <span class='ocrx_word' id='word_1_393' title='bbox 1334 958 1372 987; x_wconf 90' lang='lat' dir='ltr'>de</span> <span class='ocrx_word' id='word_1_394' title='bbox 1394 958 1528 987; x_wconf 82' lang='lat' dir='ltr'>fratrum</span> <span class='ocrx_word' id='word_1_395' title='bbox 1550 961 1730 986; x_wconf 88' lang='lat' dir='ltr'>nostrorum</span> <span class='ocrx_word' id='word_1_396' title='bbox 1752 955 1886 985; x_wconf 84' lang='lat' dir='ltr'>consilio</span> <span class='ocrx_word' id='word_1_397' title='bbox 1907 960 1935 984; x_wconf 87' lang='lat' dir='ltr'>et</span> <span class='ocrx_word' id='word_1_398' title='bbox 1956 963 2098 983; x_wconf 82' lang='lat' dir='ltr'>assensu.</span> <span class='ocrx_word' id='word_1_399' title='bbox 2118 944 2188 982; x_wconf 87' lang='lat' dir='ltr'>Dat.</span> 
     </span>
     <span class='ocr_line' id='line_1_59' title="bbox 1188 1006 2191 1050; baseline -0.007 -8"><span class='ocrx_word' id='word_1_400' title='bbox 1188 1013 1303 1049; x_wconf 79' lang='lat' dir='ltr'>Rome,</span> <span class='ocrx_word' id='word_1_401' title='bbox 1325 1011 1408 1050; x_wconf 73' lang='lat' dir='ltr'>apud</span> <span class='ocrx_word' id='word_1_402' title='bbox 1433 1011 1581 1040; x_wconf 78' lang='lat' dir='ltr'>Sanctam</span> <span class='ocrx_word' id='word_1_403' title='bbox 1610 1009 1745 1038; x_wconf 82' lang='lat' dir='ltr'>Mariam</span> <span class='ocrx_word' id='word_1_404' title='bbox 1774 1009 1944 1046; x_wconf 77' lang='lat' dir='ltr'>Majorem‚</span> <span class='ocrx_word' id='word_1_405' title='bbox 1967 1017 2015 1036; x_wconf 88' lang='grc'>1111</span> <span class='ocrx_word' id='word_1_406' title='bbox 2039 1006 2191 1036; x_wconf 82' lang='lat' dir='ltr'>kalendas</span> 
     </span>
     <span class='ocr_line' id='line_1_60' title="bbox 1187 1064 1534 1101; baseline -0.006 -7"><span class='ocrx_word' id='word_1_407' title='bbox 1187 1065 1277 1101; x_wconf 85' lang='lat' dir='ltr'>maii,</span> <span class='ocrx_word' id='word_1_408' title='bbox 1297 1073 1382 1094; x_wconf 89' lang='lat' dir='ltr'>anno</span> <span class='ocrx_word' id='word_1_409' title='bbox 1401 1064 1501 1093; x_wconf 82' lang='lat' dir='ltr'>tertio.</span> <span class='ocrx_word' id='word_1_410' title='bbox 1522 1076 1534 1089; x_wconf 84' lang='lat'>»</span> 
     </span>
    </p>
   </div>
   <div class='ocr_carea' id='block_1_20' title="bbox 1260 1252 1375 1280">
    <p class='ocr_par' dir='ltr' id='par_1_22' title="bbox 1260 1252 1375 1280">
     <span class='ocr_line' id='line_1_61' title="bbox 1260 1252 1375 1280; baseline -0.009 0"><span class='ocrx_word' id='word_1_411' title='bbox 1260 1252 1375 1280; x_wconf 52' lang='lat'>4302</span> 
     </span>
    </p>
   </div>
   <div class='ocr_carea' id='block_1_21' title="bbox 1225 1305 2195 1340">
    <p class='ocr_par' dir='ltr' id='par_1_23' title="bbox 1225 1305 2195 1340">
     <span class='ocr_line' id='line_1_62' title="bbox 1225 1305 2195 1340; baseline -0.007 -2"><span class='ocrx_word' id='word_1_412' title='bbox 1225 1312 1391 1338; x_wconf 60' lang='lat' dir='ltr'>Terminum</span> <span class='ocrx_word' id='word_1_413' title='bbox 1406 1311 1558 1337; x_wconf 83' lang='lat' dir='ltr'>solutionis</span> <span class='ocrx_word' id='word_1_414' title='bbox 1574 1317 1680 1335; x_wconf 65' lang='lat' dir='ltr'>census</span> <span class='ocrx_word' id='word_1_415' title='bbox 1696 1309 1833 1335; x_wconf 62' lang='lat' dir='ltr'>ecclesiat-</span> <span class='ocrx_word' id='word_1_416' title='bbox 1856 1316 1988 1332; x_wconf 68' lang='lat' dir='ltr'>romanzie</span> <span class='ocrx_word' id='word_1_417' title='bbox 2005 1316 2019 1332; x_wconf 75' lang='lat' dir='ltr'>a</span> <span class='ocrx_word' id='word_1_418' title='bbox 2036 1314 2102 1340; x_wconf 84' lang='lat' dir='ltr'>rege</span> <span class='ocrx_word' id='word_1_419' title='bbox 2119 1305 2195 1332; x_wconf 82' lang='lat' dir='ltr'>Sici-</span> 
     </span>
    </p>
   </div>
   <div class='ocr_carea' id='block_1_22' title="bbox 1191 1244 2122 1394">
    <p class='ocr_par' dir='ltr' id='par_1_24' title="bbox 1191 1244 2122 1394">
     <span class='ocr_line' id='line_1_63' title="bbox 1533 1244 2122 1281; baseline -0.005 -8"><span class='ocrx_word' id='word_1_420' title='bbox 1533 1247 1892 1281; x_wconf 69' lang='lat' dir='ltr'>Satnte-Mnrie-Majenre‚</span> <span class='ocrx_word' id='word_1_421' title='bbox 1910 1247 1942 1272; x_wconf 61' lang='grc' dir='ltr'>ΞΒ</span> <span class='ocrx_word' id='word_1_422' title='bbox 1959 1246 2027 1271; x_wconf 78' lang='lat' dir='ltr'>avril</span> <span class='ocrx_word' id='word_1_423' title='bbox 2045 1244 2122 1272; x_wconf 69' lang='lat'>1290.</span> 
     </span>
     <span class='ocr_line' id='line_1_64' title="bbox 1191 1356 1947 1394; baseline -0.007 -7"><span class='ocrx_word' id='word_1_424' title='bbox 1191 1362 1243 1387; x_wconf 85' lang='lat' dir='ltr'>liae</span> <span class='ocrx_word' id='word_1_425' title='bbox 1259 1362 1346 1386; x_wconf 80' lang='lat' dir='ltr'>debiti</span> <span class='ocrx_word' id='word_1_426' title='bbox 1364 1363 1506 1394; x_wconf 77' lang='lat' dir='ltr'>prorogat.</span> <span class='ocrx_word' id='word_1_427' title='bbox 1528 1358 1610 1391; x_wconf 54' lang='lat' dir='ltr'>(lima.</span> <span class='ocrx_word' id='word_1_428' title='bbox 1629 1358 1672 1390; x_wconf 72' lang='lat'>45,</span> <span class='ocrx_word' id='word_1_429' title='bbox 1688 1364 1714 1382; x_wconf 90' lang='lat' dir='ltr'>c.</span> <span class='ocrx_word' id='word_1_430' title='bbox 1732 1356 1774 1387; x_wconf 62' lang='lat'>«¹2⁵3,</span> <span class='ocrx_word' id='word_1_431' title='bbox 1792 1357 1811 1382; x_wconf 82' lang='lat' dir='ltr'>f.</span> <span class='ocrx_word' id='word_1_432' title='bbox 1833 1357 1878 1382; x_wconf 69' lang='lat'>1154</span> <span class='ocrx_word' id='word_1_433' title='bbox 1896 1358 1947 1387; x_wconf 66' lang='grc' dir='ltr'>νῦ.)</span> 
     </span>
    </p>
   </div>
   <div class='ocr_carea' id='block_1_23' title="bbox 1192 1456 2207 2300">
    <p class='ocr_par' dir='ltr' id='par_1_25' title="bbox 1192 1456 2207 2300">
     <span class='ocr_line' id='line_1_65' title="bbox 1232 1456 2197 1497; baseline -0.007 -5"><span class='ocrx_word' id='word_1_434' title='bbox 1232 1456 2197 1497; x_wconf 69' lang='lat' dir='ltr'>Eidemsolutionemvigintiquatuor-milliumunciarumauri</span> 
     </span>
     <span class='ocr_line' id='line_1_66' title="bbox 1192 1511 2198 1555; baseline -0.01 -8"><span class='ocrx_word' id='word_1_435' title='bbox 1192 1518 1231 1547; x_wconf 84' lang='lat' dir='ltr'>ad</span> <span class='ocrx_word' id='word_1_436' title='bbox 1243 1516 1393 1555; x_wconf 65' lang='lat' dir='ltr'>generale</span> <span class='ocrx_word' id='word_1_437' title='bbox 1404 1515 1528 1554; x_wconf 79' lang='lat' dir='ltr'>pondus</span> <span class='ocrx_word' id='word_1_438' title='bbox 1542 1514 1633 1551; x_wconf 73' lang='lat' dir='ltr'>regni</span> <span class='ocrx_word' id='word_1_439' title='bbox 1647 1513 1776 1543; x_wconf 73' lang='lat' dir='ltr'>Siciliae</span> <span class='ocrx_word' id='word_1_440' title='bbox 1791 1513 1911 1541; x_wconf 78' lang='lat' dir='ltr'>ratione</span> <span class='ocrx_word' id='word_1_441' title='bbox 1926 1511 2023 1540; x_wconf 88' lang='lat' dir='ltr'>trium</span> <span class='ocrx_word' id='word_1_442' title='bbox 2037 1518 2198 1539; x_wconf 80' lang='lat' dir='ltr'>annorum</span> 
     </span>
     <span class='ocr_line' id='line_1_67' title="bbox 1194 1564 2199 1610; baseline -0.009 -10"><span class='ocrx_word' id='word_1_443' title='bbox 1194 1571 1438 1610; x_wconf 80' lang='lat' dir='ltr'>praeteritorum</span> <span class='ocrx_word' id='word_1_444' title='bbox 1454 1569 1493 1598; x_wconf 89' lang='lat' dir='ltr'>ab</span> <span class='ocrx_word' id='word_1_445' title='bbox 1514 1569 1581 1606; x_wconf 80' lang='lat' dir='ltr'>ipso</span> <span class='ocrx_word' id='word_1_446' title='bbox 1599 1575 1748 1596; x_wconf 86' lang='lat' dir='ltr'>romanae</span> <span class='ocrx_word' id='word_1_447' title='bbox 1767 1565 1918 1595; x_wconf 87' lang='lat' dir='ltr'>ecclesiae</span> <span class='ocrx_word' id='word_1_448' title='bbox 1936 1564 2127 1599; x_wconf 83' lang='lat' dir='ltr'>debitorum,</span> <span class='ocrx_word' id='word_1_449' title='bbox 2145 1571 2199 1601; x_wconf 86' lang='lat' dir='ltr'>pro</span> 
     </span>
     <span class='ocr_line' id='line_1_68' title="bbox 1195 1618 2198 1661; baseline -0.01 -7"><span class='ocrx_word' id='word_1_450' title='bbox 1195 1634 1292 1655; x_wconf 86' lang='lat' dir='ltr'>censu</span> <span class='ocrx_word' id='word_1_451' title='bbox 1310 1624 1399 1659; x_wconf 54' lang='lat' dir='ltr'>regni</span> <span class='ocrx_word' id='word_1_452' title='bbox 1418 1622 1558 1661; x_wconf 72' lang='lat' dir='ltr'>praefati,</span> <span class='ocrx_word' id='word_1_453' title='bbox 1576 1625 1606 1650; x_wconf 83' lang='lat' dir='ltr'>et</span> <span class='ocrx_word' id='word_1_454' title='bbox 1624 1620 1760 1650; x_wconf 86' lang='lat' dir='ltr'>aliorum</span> <span class='ocrx_word' id='word_1_455' title='bbox 1779 1623 1846 1648; x_wconf 80' lang='lat' dir='ltr'>octo</span> <span class='ocrx_word' id='word_1_456' title='bbox 1862 1618 1999 1647; x_wconf 88' lang='lat' dir='ltr'>millium</span> <span class='ocrx_word' id='word_1_457' title='bbox 2018 1618 2198 1651; x_wconf 82' lang='lat' dir='ltr'>unciarum,</span> 
     </span>
     <span class='ocr_line' id='line_1_69' title="bbox 1196 1670 2201 1716; baseline -0.008 -10"><span class='ocrx_word' id='word_1_458' title='bbox 1196 1687 1276 1716; x_wconf 77' lang='lat' dir='ltr'>quae</span> <span class='ocrx_word' id='word_1_459' title='bbox 1298 1686 1353 1715; x_wconf 81' lang='lat' dir='ltr'>pro</span> <span class='ocrx_word' id='word_1_460' title='bbox 1369 1675 1479 1706; x_wconf 84' lang='lat' dir='ltr'>eodem</span> <span class='ocrx_word' id='word_1_461' title='bbox 1496 1684 1591 1704; x_wconf 84' lang='grc'>0011511</span> <span class='ocrx_word' id='word_1_462' title='bbox 1603 1698 1609 1709; x_wconf 82' lang='lat'>,</span> <span class='ocrx_word' id='word_1_463' title='bbox 1628 1673 1749 1703; x_wconf 86' lang='lat' dir='ltr'>ratione</span> <span class='ocrx_word' id='word_1_464' title='bbox 1767 1673 1841 1701; x_wconf 85' lang='lat' dir='ltr'>anni</span> <span class='ocrx_word' id='word_1_465' title='bbox 1860 1671 2049 1710; x_wconf 77' lang='lat' dir='ltr'>praesentis,</span> <span class='ocrx_word' id='word_1_466' title='bbox 2067 1671 2099 1698; x_wconf 84' lang='lat' dir='ltr'>in</span> <span class='ocrx_word' id='word_1_467' title='bbox 2124 1670 2201 1699; x_wconf 74' lang='lat' dir='ltr'>festo</span> 
     </span>
     <span class='ocr_line' id='line_1_70' title="bbox 1196 1723 2199 1765; baseline -0.01 -4"><span class='ocrx_word' id='word_1_468' title='bbox 1196 1731 1278 1761; x_wconf 83' lang='lat' dir='ltr'>beati</span> <span class='ocrx_word' id='word_1_469' title='bbox 1308 1729 1396 1759; x_wconf 82' lang='lat' dir='ltr'>Petri</span> <span class='ocrx_word' id='word_1_470' title='bbox 1427 1729 1534 1757; x_wconf 74' lang='lat' dir='ltr'>futuro</span> <span class='ocrx_word' id='word_1_471' title='bbox 1564 1727 1707 1765; x_wconf 78' lang='lat' dir='ltr'>proximo</span> <span class='ocrx_word' id='word_1_472' title='bbox 1737 1725 1822 1754; x_wconf 85' lang='lat' dir='ltr'>idem</span> <span class='ocrx_word' id='word_1_473' title='bbox 1853 1734 1905 1753; x_wconf 66' lang='lat' dir='ltr'>rex</span> <span class='ocrx_word' id='word_1_474' title='bbox 1937 1724 2058 1753; x_wconf 76' lang='lat' dir='ltr'>solvere</span> <span class='ocrx_word' id='word_1_475' title='bbox 2090 1723 2199 1758; x_wconf 79' lang='lat' dir='ltr'>debet,</span> 
     </span>
     <span class='ocr_line' id='line_1_71' title="bbox 1197 1775 2204 1821; baseline -0.009 -9"><span class='ocrx_word' id='word_1_476' title='bbox 1197 1792 1297 1821; x_wconf 81' lang='lat' dir='ltr'>usque</span> <span class='ocrx_word' id='word_1_477' title='bbox 1324 1782 1363 1811; x_wconf 79' lang='lat' dir='ltr'>ad</span> <span class='ocrx_word' id='word_1_478' title='bbox 1386 1781 1500 1810; x_wconf 77' lang='lat' dir='ltr'>festum</span> <span class='ocrx_word' id='word_1_479' title='bbox 1522 1780 1553 1809; x_wconf 89' lang='lat' dir='ltr'>S.</span> <span class='ocrx_word' id='word_1_480' title='bbox 1575 1778 1663 1808; x_wconf 82' lang='lat' dir='ltr'>Petri</span> <span class='ocrx_word' id='word_1_481' title='bbox 1683 1778 1718 1807; x_wconf 90' lang='lat' dir='ltr'>in</span> <span class='ocrx_word' id='word_1_482' title='bbox 1739 1785 1823 1806; x_wconf 90' lang='lat' dir='ltr'>anno</span> <span class='ocrx_word' id='word_1_483' title='bbox 1845 1775 1976 1806; x_wconf 88' lang='lat' dir='ltr'>Domini</span> <span class='ocrx_word' id='word_1_484' title='bbox 1999 1779 2204 1804; x_wconf 61' lang='lat' dir='ltr'>ii⁰cc⁰Lxxxxi⁰</span> 
     </span>
     <span class='ocr_line' id='line_1_72' title="bbox 1198 1828 2203 1873; baseline -0.009 -7"><span class='ocrx_word' id='word_1_485' title='bbox 1198 1838 1343 1866; x_wconf 72' lang='lat' dir='ltr'>futurum</span> <span class='ocrx_word' id='word_1_486' title='bbox 1365 1838 1520 1873; x_wconf 77' lang='lat' dir='ltr'>prorogat.</span> <span class='ocrx_word' id='word_1_487' title='bbox 1545 1831 1740 1861; x_wconf 77' lang='lat' dir='ltr'>Facultatem</span> <span class='ocrx_word' id='word_1_488' title='bbox 1761 1831 1893 1868; x_wconf 81' lang='lat' dir='ltr'>insuper</span> <span class='ocrx_word' id='word_1_489' title='bbox 1915 1828 2127 1858; x_wconf 75' lang='lat' dir='ltr'>satisfaciendi</span> <span class='ocrx_word' id='word_1_490' title='bbox 2151 1836 2203 1857; x_wconf 89' lang='lat' dir='ltr'>ec-</span> 
     </span>
     <span class='ocr_line' id='line_1_73' title="bbox 1198 1881 2204 1922; baseline -0.01 -3"><span class='ocrx_word' id='word_1_491' title='bbox 1198 1889 1313 1919; x_wconf 80' lang='lat' dir='ltr'>clesiae</span> <span class='ocrx_word' id='word_1_492' title='bbox 1328 1895 1480 1917; x_wconf 83' lang='lat' dir='ltr'>romanae</span> <span class='ocrx_word' id='word_1_493' title='bbox 1498 1886 1535 1915; x_wconf 86' lang='lat' dir='ltr'>de</span> <span class='ocrx_word' id='word_1_494' title='bbox 1552 1894 1646 1914; x_wconf 75' lang='lat' dir='ltr'>censu</span> <span class='ocrx_word' id='word_1_495' title='bbox 1665 1883 1804 1922; x_wconf 67' lang='lat' dir='ltr'>praefato</span> <span class='ocrx_word' id='word_1_496' title='bbox 1821 1883 1858 1912; x_wconf 89' lang='lat' dir='ltr'>de</span> <span class='ocrx_word' id='word_1_497' title='bbox 1878 1882 1999 1912; x_wconf 75' lang='lat' dir='ltr'>decima</span> <span class='ocrx_word' id='word_1_498' title='bbox 2017 1891 2034 1910; x_wconf 84' lang='lat' dir='ltr'>a</span> <span class='ocrx_word' id='word_1_499' title='bbox 2051 1891 2083 1910; x_wconf 80' lang='lat' dir='ltr'>se</span> <span class='ocrx_word' id='word_1_500' title='bbox 2101 1881 2204 1919; x_wconf 83' lang='lat' dir='ltr'>impo-</span> 
     </span>
     <span class='ocr_line' id='line_1_74' title="bbox 1199 1933 2205 1977; baseline -0.01 -6"><span class='ocrx_word' id='word_1_501' title='bbox 1199 1943 1259 1971; x_wconf 82' lang='lat' dir='ltr'>sita</span> <span class='ocrx_word' id='word_1_502' title='bbox 1274 1941 1311 1971; x_wconf 86' lang='lat' dir='ltr'>ad</span> <span class='ocrx_word' id='word_1_503' title='bbox 1330 1940 1504 1969; x_wconf 86' lang='lat' dir='ltr'>triennium</span> <span class='ocrx_word' id='word_1_504' title='bbox 1522 1948 1577 1977; x_wconf 89' lang='lat' dir='ltr'>per</span> <span class='ocrx_word' id='word_1_505' title='bbox 1597 1937 1721 1967; x_wconf 80' lang='lat' dir='ltr'>italiam</span> <span class='ocrx_word' id='word_1_506' title='bbox 1741 1941 1827 1966; x_wconf 78' lang='lat' dir='ltr'>extra</span> <span class='ocrx_word' id='word_1_507' title='bbox 1846 1943 1980 1973; x_wconf 81' lang='lat' dir='ltr'>regnum</span> <span class='ocrx_word' id='word_1_508' title='bbox 2001 1933 2128 1964; x_wconf 76' lang='lat' dir='ltr'>Siciliae</span> <span class='ocrx_word' id='word_1_509' title='bbox 2143 1933 2205 1962; x_wconf 84' lang='lat' dir='ltr'>sibi</span> 
     </span>
     <span class='ocr_line' id='line_1_75' title="bbox 1199 1986 2206 2028; baseline -0.01 -3"><span class='ocrx_word' id='word_1_510' title='bbox 1199 1999 1348 2025; x_wconf 82' lang='lat' dir='ltr'>reservat.</span> <span class='ocrx_word' id='word_1_511' title='bbox 1369 2006 1381 2019; x_wconf 67' lang='grc' dir='ltr'>ι(</span> <span class='ocrx_word' id='word_1_512' title='bbox 1399 1993 1548 2023; x_wconf 87' lang='lat' dir='ltr'>Ceterum</span> <span class='ocrx_word' id='word_1_513' title='bbox 1566 1991 1712 2021; x_wconf 82' lang='lat' dir='ltr'>volumus</span> <span class='ocrx_word' id='word_1_514' title='bbox 1729 1990 1823 2028; x_wconf 82' lang='lat' dir='ltr'>quod,</span> <span class='ocrx_word' id='word_1_515' title='bbox 1841 1990 1867 2018; x_wconf 87' lang='grc'>51</span> <span class='ocrx_word' id='word_1_516' title='bbox 1884 1988 2069 2027; x_wconf 83' lang='lat' dir='ltr'>hujusmodi</span> <span class='ocrx_word' id='word_1_517' title='bbox 2086 1986 2206 2025; x_wconf 84' lang='lat' dir='ltr'>suppli-</span> 
     </span>
     <span class='ocr_line' id='line_1_76' title="bbox 1199 2039 2204 2083; baseline -0.011 -4"><span class='ocrx_word' id='word_1_518' title='bbox 1199 2050 1355 2079; x_wconf 82' lang='lat' dir='ltr'>cationem</span> <span class='ocrx_word' id='word_1_519' title='bbox 1372 2052 1457 2076; x_wconf 86' lang='lat' dir='ltr'>tuam</span> <span class='ocrx_word' id='word_1_520' title='bbox 1471 2051 1500 2075; x_wconf 89' lang='lat' dir='ltr'>et</span> <span class='ocrx_word' id='word_1_521' title='bbox 1516 2044 1769 2083; x_wconf 76' lang='lat' dir='ltr'>prorogationem</span> <span class='ocrx_word' id='word_1_522' title='bbox 1784 2047 1925 2072; x_wconf 83' lang='lat' dir='ltr'>nostram</span> <span class='ocrx_word' id='word_1_523' title='bbox 1943 2045 2025 2071; x_wconf 85' lang='lat' dir='ltr'>ratas</span> <span class='ocrx_word' id='word_1_524' title='bbox 2041 2039 2204 2075; x_wconf 80' lang='lat' dir='ltr'>habueris,</span> 
     </span>
     <span class='ocr_line' id='line_1_77' title="bbox 1200 2092 2206 2140; baseline -0.011 -9"><span class='ocrx_word' id='word_1_525' title='bbox 1200 2111 1294 2140; x_wconf 73' lang='lat' dir='ltr'>super</span> <span class='ocrx_word' id='word_1_526' title='bbox 1318 2100 1378 2129; x_wconf 82' lang='lat' dir='ltr'>hoc</span> <span class='ocrx_word' id='word_1_527' title='bbox 1404 2102 1546 2137; x_wconf 79' lang='lat' dir='ltr'>patentes</span> <span class='ocrx_word' id='word_1_528' title='bbox 1573 2097 1694 2125; x_wconf 82' lang='lat' dir='ltr'>litteras</span> <span class='ocrx_word' id='word_1_529' title='bbox 1721 2101 1790 2125; x_wconf 84' lang='lat' dir='ltr'>tuas</span> <span class='ocrx_word' id='word_1_530' title='bbox 1818 2095 1934 2124; x_wconf 85' lang='lat' dir='ltr'>harum</span> <span class='ocrx_word' id='word_1_531' title='bbox 1963 2094 2076 2123; x_wconf 87' lang='lat' dir='ltr'>seriem</span> <span class='ocrx_word' id='word_1_532' title='bbox 2104 2092 2206 2122; x_wconf 85' lang='lat' dir='ltr'>conti-</span> 
     </span>
     <span class='ocr_line' id='line_1_78' title="bbox 1201 2147 2207 2190; baseline -0.011 -5"><span class='ocrx_word' id='word_1_533' title='bbox 1201 2159 1324 2190; x_wconf 83' lang='lat' dir='ltr'>nentes,</span> <span class='ocrx_word' id='word_1_534' title='bbox 1335 2162 1430 2183; x_wconf 85' lang='lat' dir='ltr'>aurea</span> <span class='ocrx_word' id='word_1_535' title='bbox 1445 2156 1497 2181; x_wconf 87' lang='lat' dir='ltr'>tua</span> <span class='ocrx_word' id='word_1_536' title='bbox 1509 2150 1594 2180; x_wconf 81' lang='lat' dir='ltr'>bulla</span> <span class='ocrx_word' id='word_1_537' title='bbox 1609 2150 1760 2185; x_wconf 75' lang='lat' dir='ltr'>munitaS,</span> <span class='ocrx_word' id='word_1_538' title='bbox 1775 2149 1867 2178; x_wconf 86' lang='lat' dir='ltr'>nobis</span> <span class='ocrx_word' id='word_1_539' title='bbox 1880 2148 1918 2177; x_wconf 86' lang='lat' dir='ltr'>ad</span> <span class='ocrx_word' id='word_1_540' title='bbox 1933 2147 2064 2177; x_wconf 85' lang='lat' dir='ltr'>ecclesie</span> <span class='ocrx_word' id='word_1_541' title='bbox 2077 2154 2207 2175; x_wconf 85' lang='lat' dir='ltr'>romane</span> 
     </span>
     <span class='ocr_line' id='line_1_79' title="bbox 1201 2198 2206 2241; baseline -0.011 -4"><span class='ocrx_word' id='word_1_542' title='bbox 1201 2207 1354 2237; x_wconf 81' lang='lat' dir='ltr'>cautelam</span> <span class='ocrx_word' id='word_1_543' title='bbox 1366 2230 1372 2241; x_wconf 82' lang='lat'>,</span> <span class='ocrx_word' id='word_1_544' title='bbox 1393 2205 1544 2234; x_wconf 80' lang='lat' dir='ltr'>dilatione</span> <span class='ocrx_word' id='word_1_545' title='bbox 1563 2207 1704 2233; x_wconf 85' lang='lat' dir='ltr'>cessante</span> <span class='ocrx_word' id='word_1_546' title='bbox 1720 2227 1726 2239; x_wconf 84' lang='lat'>,</span> <span class='ocrx_word' id='word_1_547' title='bbox 1744 2202 1857 2231; x_wconf 81' lang='lat' dir='ltr'>debeas</span> <span class='ocrx_word' id='word_1_548' title='bbox 1874 2200 2036 2230; x_wconf 75' lang='lat' dir='ltr'>exhibere.</span> <span class='ocrx_word' id='word_1_549' title='bbox 2053 2198 2206 2236; x_wconf 73' lang='lat' dir='ltr'>Alioquin</span> 
     </span>
     <span class='ocr_line' id='line_1_80' title="bbox 1201 2251 2206 2300; baseline -0.011 -9"><span class='ocrx_word' id='word_1_550' title='bbox 1201 2260 1379 2300; x_wconf 75' lang='lat' dir='ltr'>prorogatio</span> <span class='ocrx_word' id='word_1_551' title='bbox 1396 2256 1581 2297; x_wconf 88' lang='lat' dir='ltr'>hujusmodi</span> <span class='ocrx_word' id='word_1_552' title='bbox 1601 2256 1722 2285; x_wconf 87' lang='lat' dir='ltr'>nullius</span> <span class='ocrx_word' id='word_1_553' title='bbox 1740 2255 1866 2293; x_wconf 85' lang='lat' dir='ltr'>penitus</span> <span class='ocrx_word' id='word_1_554' title='bbox 1882 2254 1923 2283; x_wconf 84' lang='lat' dir='ltr'>sit</span> <span class='ocrx_word' id='word_1_555' title='bbox 1936 2252 2058 2282; x_wconf 83' lang='lat' dir='ltr'>roboris</span> <span class='ocrx_word' id='word_1_556' title='bbox 2074 2251 2123 2281; x_wconf 87' lang='lat' dir='ltr'>vel</span> <span class='ocrx_word' id='word_1_557' title='bbox 2141 2260 2206 2281; x_wconf 88' lang='grc'>1110-</span> 
     </span>
    </p>
   </div>
   <div class='ocr_carea' id='block_1_24' title="bbox 1201 2314 2137 2580">
    <p class='ocr_par' dir='ltr' id='par_1_26' title="bbox 1201 2314 2137 2580">
     <span class='ocr_line' id='line_1_81' title="bbox 1201 2314 1347 2344; baseline -0.014 0"><span class='ocrx_word' id='word_1_558' title='bbox 1201 2314 1313 2344; x_wconf 88' lang='lat' dir='ltr'>menti.</span> <span class='ocrx_word' id='word_1_559' title='bbox 1333 2325 1347 2340; x_wconf 85' lang='lat'>›&gt;</span> 
     </span>
     <span class='ocr_line' id='line_1_82' title="bbox 1244 2362 1967 2398; baseline -0.008 -4"><span class='ocrx_word' id='word_1_560' title='bbox 1244 2380 1257 2394; x_wconf 80' lang='lat'>«</span> <span class='ocrx_word' id='word_1_561' title='bbox 1275 2367 1336 2396; x_wconf 82' lang='lat' dir='ltr'>Per</span> <span class='ocrx_word' id='word_1_562' title='bbox 1353 2365 1482 2395; x_wconf 84' lang='lat' dir='ltr'>nuntios</span> <span class='ocrx_word' id='word_1_563' title='bbox 1502 2368 1608 2393; x_wconf 85' lang='lat' dir='ltr'>tuos...</span> <span class='ocrx_word' id='word_1_564' title='bbox 1626 2379 1665 2384; x_wconf 92' lang='lat'>-</span> <span class='ocrx_word' id='word_1_565' title='bbox 1683 2362 1754 2391; x_wconf 88' lang='lat' dir='ltr'>Dat.</span> <span class='ocrx_word' id='word_1_566' title='bbox 1777 2365 1809 2391; x_wconf 83' lang='lat' dir='ltr'>ut</span> <span class='ocrx_word' id='word_1_567' title='bbox 1827 2369 1931 2398; x_wconf 86' lang='lat' dir='ltr'>supra.</span> <span class='ocrx_word' id='word_1_568' title='bbox 1955 2370 1967 2386; x_wconf 73' lang='lat' dir='ltr'>n</span> 
     </span>
     <span class='ocr_line' id='line_1_83' title="bbox 1274 2542 2137 2580; baseline -0.014 0"><span class='ocrx_word' id='word_1_569' title='bbox 1274 2551 1394 2580; x_wconf 79' lang='lat'>4308</span> <span class='ocrx_word' id='word_1_570' title='bbox 1562 2545 1922 2579; x_wconf 73' lang='lat' dir='ltr'>Sainte-Marie-Majeure,</span> <span class='ocrx_word' id='word_1_571' title='bbox 1938 2544 1972 2570; x_wconf 73' lang='lat'>‘20</span> <span class='ocrx_word' id='word_1_572' title='bbox 1990 2543 2044 2569; x_wconf 86' lang='lat' dir='ltr'>mai</span> <span class='ocrx_word' id='word_1_573' title='bbox 2061 2542 2137 2569; x_wconf 73' lang='lat'>1290.</span> 
     </span>
    </p>
   </div>
   <div class='ocr_carea' id='block_1_25' title="bbox 1205 2605 2210 2841">
    <p class='ocr_par' dir='ltr' id='par_1_27' title="bbox 1205 2605 2210 2841">
     <span class='ocr_line' id='line_1_84' title="bbox 1240 2605 2210 2649; baseline -0.011 -8"><span class='ocrx_word' id='word_1_574' title='bbox 1240 2615 1350 2649; x_wconf 82' lang='lat' dir='ltr'>Regem</span> <span class='ocrx_word' id='word_1_575' title='bbox 1368 2613 1488 2647; x_wconf 79' lang='lat' dir='ltr'>Angliae</span> <span class='ocrx_word' id='word_1_576' title='bbox 1511 2612 1640 2637; x_wconf 86' lang='lat' dir='ltr'>hortatur</span> <span class='ocrx_word' id='word_1_577' title='bbox 1658 2614 1686 2635; x_wconf 80' lang='lat' dir='ltr'>nt</span> <span class='ocrx_word' id='word_1_578' title='bbox 1703 2609 1791 2635; x_wconf 79' lang='lat' dir='ltr'>malas</span> <span class='ocrx_word' id='word_1_579' title='bbox 1807 2607 1887 2642; x_wconf 84' lang='lat' dir='ltr'>regni</span> <span class='ocrx_word' id='word_1_580' title='bbox 1907 2608 1953 2633; x_wconf 87' lang='lat' dir='ltr'>sui</span> <span class='ocrx_word' id='word_1_581' title='bbox 1969 2605 2210 2636; x_wconf 84' lang='lat' dir='ltr'>consuetudines,</span> 
     </span>
     <span class='ocr_line' id='line_1_85' title="bbox 1205 2654 2209 2699; baseline -0.013 -8"><span class='ocrx_word' id='word_1_582' title='bbox 1205 2664 1310 2699; x_wconf 86' lang='lat' dir='ltr'>quibus</span> <span class='ocrx_word' id='word_1_583' title='bbox 1335 2661 1549 2689; x_wconf 81' lang='lat' dir='ltr'>ecclesiasticae</span> <span class='ocrx_word' id='word_1_584' title='bbox 1570 2660 1718 2685; x_wconf 70' lang='lat' dir='ltr'>libertates</span> <span class='ocrx_word' id='word_1_585' title='bbox 1741 2666 1757 2683; x_wconf 86' lang='lat' dir='ltr'>a</span> <span class='ocrx_word' id='word_1_586' title='bbox 1779 2656 1919 2683; x_wconf 85' lang='lat' dir='ltr'>ministris</span> <span class='ocrx_word' id='word_1_587' title='bbox 1944 2655 2032 2689; x_wconf 76' lang='lat' dir='ltr'>regiis</span> <span class='ocrx_word' id='word_1_588' title='bbox 2054 2654 2209 2684; x_wconf 88' lang='lat' dir='ltr'>violantur,</span> 
     </span>
     <span class='ocr_line' id='line_1_86' title="bbox 1205 2702 2210 2745; baseline -0.012 -5"><span class='ocrx_word' id='word_1_589' title='bbox 1205 2714 1298 2740; x_wconf 71' lang='lat' dir='ltr'>edicto</span> <span class='ocrx_word' id='word_1_590' title='bbox 1319 2711 1443 2745; x_wconf 80' lang='lat' dir='ltr'>generali</span> <span class='ocrx_word' id='word_1_591' title='bbox 1459 2709 1605 2738; x_wconf 74' lang='lat' dir='ltr'>emendet,</span> <span class='ocrx_word' id='word_1_592' title='bbox 1623 2709 1722 2741; x_wconf 83' lang='lat' dir='ltr'>eiquo,</span> <span class='ocrx_word' id='word_1_593' title='bbox 1739 2706 1772 2732; x_wconf 87' lang='lat' dir='ltr'>ad</span> <span class='ocrx_word' id='word_1_594' title='bbox 1794 2706 1822 2731; x_wconf 88' lang='lat' dir='ltr'>id</span> <span class='ocrx_word' id='word_1_595' title='bbox 1845 2705 1991 2739; x_wconf 76' lang='lat' dir='ltr'>negotium</span> <span class='ocrx_word' id='word_1_596' title='bbox 2014 2702 2210 2736; x_wconf 82' lang='lat' dir='ltr'>tractandum,</span> 
     </span>
     <span class='ocr_line' id='line_1_87' title="bbox 1206 2751 2210 2797; baseline -0.013 -8"><span class='ocrx_word' id='word_1_597' title='bbox 1206 2764 1252 2797; x_wconf 74' lang='lat' dir='ltr'>R,</span> <span class='ocrx_word' id='word_1_598' title='bbox 1270 2762 1491 2788; x_wconf 85' lang='lat' dir='ltr'>Grossatensem</span> <span class='ocrx_word' id='word_1_599' title='bbox 1512 2759 1694 2793; x_wconf 81' lang='lat' dir='ltr'>episcopum.</span> <span class='ocrx_word' id='word_1_600' title='bbox 1714 2755 1908 2790; x_wconf 77' lang='lat' dir='ltr'>praesentium</span> <span class='ocrx_word' id='word_1_601' title='bbox 1928 2754 2063 2783; x_wconf 78' lang='lat' dir='ltr'>latorem,</span> <span class='ocrx_word' id='word_1_602' title='bbox 2086 2751 2210 2777; x_wconf 84' lang='lat' dir='ltr'>mandat.</span> 
     </span>
     <span class='ocr_line' id='line_1_88' title="bbox 1210 2803 1881 2841; baseline -0.016 -2"><span class='ocrx_word' id='word_1_603' title='bbox 1210 2812 1290 2841; x_wconf 74' lang='lat' dir='ltr'>(Rae.</span> <span class='ocrx_word' id='word_1_604' title='bbox 1307 2811 1350 2841; x_wconf 84' lang='lat'>45,</span> <span class='ocrx_word' id='word_1_605' title='bbox 1369 2817 1394 2836; x_wconf 90' lang='lat' dir='ltr'>c.</span> <span class='ocrx_word' id='word_1_606' title='bbox 1412 2808 1454 2841; x_wconf 78' lang='lat'>43,</span> <span class='ocrx_word' id='word_1_607' title='bbox 1472 2808 1491 2834; x_wconf 84' lang='lat' dir='ltr'>s.</span> <span class='ocrx_word' id='word_1_608' title='bbox 1510 2807 1558 2833; x_wconf 77' lang='lat'>154</span> <span class='ocrx_word' id='word_1_609' title='bbox 1575 2812 1621 2838; x_wconf 66' lang='grc' dir='ltr'>νος</span> <span class='ocrx_word' id='word_1_610' title='bbox 1639 2805 1753 2835; x_wconf 65' lang='lat' dir='ltr'>roim„</span> <span class='ocrx_word' id='word_1_611' title='bbox 1771 2803 1881 2834; x_wconf 67' lang='lat'>23282.)</span> 
     </span>
    </p>
   </div>
   <div class='ocr_carea' id='block_1_26' title="bbox 1209 2907 2213 3061">
    <p class='ocr_par' dir='ltr' id='par_1_28' title="bbox 1209 2907 2213 3061">
     <span class='ocr_line' id='line_1_89' title="bbox 1248 2907 2091 2948; baseline -0.015 -1"><span class='ocrx_word' id='word_1_612' title='bbox 1248 2918 1411 2947; x_wconf 74' lang='lat' dir='ltr'>Carissimo</span> <span class='ocrx_word' id='word_1_613' title='bbox 1429 2915 1462 2943; x_wconf 78' lang='lat' dir='ltr'>in</span> <span class='ocrx_word' id='word_1_614' title='bbox 1481 2914 1598 2943; x_wconf 77' lang='lat' dir='ltr'>Christo</span> <span class='ocrx_word' id='word_1_615' title='bbox 1613 2912 1677 2948; x_wconf 78' lang='lat' dir='ltr'>filio</span> <span class='ocrx_word' id='word_1_616' title='bbox 1695 2911 1742 2946; x_wconf 57' lang='lat' dir='ltr'>E„</span> <span class='ocrx_word' id='word_1_617' title='bbox 1760 2910 1823 2946; x_wconf 65' lang='lat' dir='ltr'>regi</span> <span class='ocrx_word' id='word_1_618' title='bbox 1839 2908 1945 2945; x_wconf 67' lang='lat' dir='ltr'>Anylie</span> <span class='ocrx_word' id='word_1_619' title='bbox 1961 2907 2091 2936; x_wconf 74' lang='lat' dir='ltr'>illustri.</span> 
     </span>
     <span class='ocr_line' id='line_1_90' title="bbox 1249 2959 2213 3000; baseline -0.01 -2"><span class='ocrx_word' id='word_1_620' title='bbox 1249 2984 1263 2998; x_wconf 70' lang='grc' dir='ltr'>ιι</span> <span class='ocrx_word' id='word_1_621' title='bbox 1287 2971 1325 3000; x_wconf 92' lang='lat' dir='ltr'>In</span> <span class='ocrx_word' id='word_1_622' title='bbox 1347 2967 1551 2999; x_wconf 84' lang='lat' dir='ltr'>suasionibus</span> <span class='ocrx_word' id='word_1_623' title='bbox 1574 2969 1640 2995; x_wconf 84' lang='lat' dir='ltr'>et...</span> <span class='ocrx_word' id='word_1_624' title='bbox 1663 2981 1701 2985; x_wconf 96' lang='lat'>—</span> <span class='ocrx_word' id='word_1_625' title='bbox 1725 2963 1795 2992; x_wconf 85' lang='lat' dir='ltr'>Dat.</span> <span class='ocrx_word' id='word_1_626' title='bbox 1820 2961 1937 2998; x_wconf 84' lang='lat' dir='ltr'>Rome,</span> <span class='ocrx_word' id='word_1_627' title='bbox 1959 2960 2043 2999; x_wconf 87' lang='lat' dir='ltr'>apud</span> <span class='ocrx_word' id='word_1_628' title='bbox 2063 2959 2213 2989; x_wconf 84' lang='lat' dir='ltr'>Sanctam</span> 
     </span>
     <span class='ocr_line' id='line_1_91' title="bbox 1209 3013 2140 3061; baseline -0.015 -5"><span class='ocrx_word' id='word_1_629' title='bbox 1209 3025 1344 3055; x_wconf 86' lang='lat' dir='ltr'>Mariam</span> <span class='ocrx_word' id='word_1_630' title='bbox 1361 3023 1527 3061; x_wconf 65' lang='lat' dir='ltr'>Maiorem,</span> <span class='ocrx_word' id='word_1_631' title='bbox 1545 3028 1599 3049; x_wconf 84' lang='lat' dir='ltr'>xm</span> <span class='ocrx_word' id='word_1_632' title='bbox 1617 3016 1768 3047; x_wconf 83' lang='lat' dir='ltr'>kalendas</span> <span class='ocrx_word' id='word_1_633' title='bbox 1781 3016 1878 3054; x_wconf 89' lang='lat' dir='ltr'>junii,</span> <span class='ocrx_word' id='word_1_634' title='bbox 1896 3022 1982 3044; x_wconf 86' lang='lat' dir='ltr'>anno</span> <span class='ocrx_word' id='word_1_635' title='bbox 2001 3013 2103 3043; x_wconf 88' lang='lat' dir='ltr'>tertio.</span> <span class='ocrx_word' id='word_1_636' title='bbox 2127 3024 2140 3040; x_wconf 81' lang='lat'><strong>»</strong></span> 
     </span>
    </p>
   </div>
  </div>
 </body>
</html>
