2342 3652
923 376 1150 417 DEUXIitME
1172 376 1328 415 ANNEE.
2110 389 2166 420 273

82 457 157 486 cutis
172 455 280 483 faciunt
301 455 354 481 alie
374 458 471 481 nostre
487 458 535 481 tue
551 455 629 488 regie
645 453 793 480 serenitati
812 454 920 480 directe
939 454 1015 480 circa
1033 453 1087 478 hec

83 507 175 534 littere
189 504 375 531 mentionem.
394 514 406 529 ι
421 503 505 537 (Rea.
524 503 567 533 44,
583 510 610 529 c.
628 502 690 533 457,
708 502 727 528 f.
744 501 796 529 5208
812 503 865 534 vo.)

124 606 286 637 Carissimo
313 606 347 634 in
380 605 498 634 Christo
527 604 591 641 filio
619 604 781 641 Dyonisio,
816 605 880 640 regii
911 604 1088 640 Poreuyalie

83 661 210 692 illustri.

125 725 140 740 α
155 712 210 742 Η.ἱί
226 715 301 741 sunt
315 709 478 740 articuli...
496 726 534 730 —-
552 709 624 739 Dat.
645 709 764 745 Reate,
782 718 816 738 111
832 717 932 738 nonas
949 713 1085 748 septem-

46 784 50 793 .
66 759 166 802 daris,
182 773 266 795 anno
282 762 432 793 secundo.
451 774 465 789 n

157 911 271 940 1354

33 967 46 998 ·”
119 972 164 1001 De
182 973 297 1007 negotio
321 971 402 1006 regni
423 970 548 997 Siciliae.
571 970 652 1004 (Res.
677 971 725 1005 44,
746 978 770 997 c.
788 970 866 1003 4572,
887 970 906 996 f.
926 969 978 997 ‘208
996 977 1034 1001 vo,
1051 978 1086 996 en

46 1016 197 1057 'ssmarge;
214 1020 321 1048 Pom.
337 1020 444 1051 -230664

621 908 709 940 Rieti,
727 907 741 934 3
757 907 920 942 septembre
939 907 1015 935 1‘289.

67 1106 95 1130 '¹⁴
122 1108 263 1141 Nicolaus
285 1114 338 1139 etc.
357 1110 476 1139 Dilectis
497 1110 574 1146 filiis
603 1132 621 1138 ..
646 1110 748 1146 priori
769 1110 997 1147 predicatorum
1015 1114 1041 1137 et
1067 1132 1086 1138 ..

39 1203 43 1205 Α
74 1164 256 1205 {wardiam
270 1164 429 1192 ‘minorum
440 1164 578 1199 fratrum
594 1163 739 1192 ordinum
756 1163 1015 1192 Ulioebonensibus.
1030 1163 1087 1193 Sa-

64 1218 180 1255 autem
201 1222 253 1247 etc.
282 1217 336 1246 Eis
354 1216 487 1246 mandat
518 1220 553 1246 ut
583 1215 703 1246 litteras
729 1216 934 1255 apostolicas,
965 1226 1044 1256 quas
1070 1227 1088 1248 a

47 1259 298 1303 [macharensi
314 1269 465 1313 episcopo
475 1269 668 1308 receperint,
684 1269 752 1307 regi
768 1269 982 1308 portugalliae
997 1280 1088 1309 prae-

23 1326 35 1362 s
66 1327 220 1357 suentem.

126 1388 141 1404 ι
167 1376 338 1407 Carissimo
365 1377 400 1405 in
426 1376 590 1406 Christo...
620 1392 660 1399 —
684 1376 757 1406 Dat.
786 1377 903 1413 Reate,
925 1386 960 1406 111
983 1386 1088 1414 ,nonas

86 1430 280 1471 septembris,
300 1438 388 1460 anno
404 1429 554 1460 secundo.
577 1441 590 1456 »

158 1575 271 1604 1355
621 1575 709 1606 Rieti,
727 1575 742 1602 3
758 1576 921 1610 septembre
939 1576 1016 1604 1289.

119 1638 164 1666 De
177 1638 277 1666 eodem
291 1639 417 1673 negotio.
434 1638 516 1671 (Rae.
535 1639 578 1670 44,
591 1646 616 1665 c.
630 1638 690 1670 458,
703 1639 722 1665 f.
736 1638 786 1666 *209
801 1645 845 1670 νος
862 1638 966 1666 Porrn.
978 1640 1089 1673 23065.)

32 1744 34 1746 v
54 1743 65 1770 ‚¹
108 1728 240 1758 Eidem.
262 1727 346 1757 Eum
371 1727 516 1757 hortatur
540 1731 575 1756 ut
599 1727 736 1757 barones
753 1731 783 1757 et
806 1728 931 1758 nobiles
952 1737 1026 1758 suos
1049 1729 1089 1759 ab

84 1780 342 1820 *oppressionibus
369 1784 400 1810 et
426 1780 669 1818 gravaminibus
693 1780 729 1809 in
754 1780 981 1812 ecclesiasticos
1005 1782 1089 1812 infe-

79 1833 195 1864 -rendis
207 1835 394 1872 compescat.

62 1900 67 1902 -
91 1906 97 1910 »
128 1899 142 1916 ι
159 1887 211 1917 Pii
226 1888 326 1927 patris
342 1886 483 1918 officio...
505 1903 544 1909 ——
559 1887 630 1917 Dat.
648 1888 764 1925 Reate,
782 1898 815 1917 111
835 1896 935 1919 nonas
951 1893 1088 1928 septem-

62 1939 152 1980 ‚liris
163 1964 171 1978 ‚
185 1948 271 1971 anno
286 1940 437 1971 secundo.
456 1952 470 1968 ι)

159 2086 274 2115 1356
624 2086 709 2117 Rieu,
728 2087 742 2113 5
758 2088 921 2122 septembre
938 2088 1016 2115 1289.

36 2143 38 2150 '
59 2127 68 2133 δ
82 2172 87 2179 ,
121 2141 305 2178 Dispensatio
320 2142 503 2170 matrimonii.
521 2142 604 2177 (Ritu.
620 2143 665 2175 44,
681 2151 707 2170 c.
723 2143 785 2178 459,
802 2144 820 2170 f.
835 2144 887 2172 209
902 2146 953 2177 vo.)

132 2231 297 2261 Venerabili
311 2232 407 2268 fratri
427 2254 448 2260 ..
462 2232 638 2268 patriarche
652 2232 835 2262 Antiocheno
855 2238 882 2262 et
898 2234 1004 2263 dilecto
1024 2234 1089 2271 filio

46 2302 49 2308 ·
83 2305 111 2315 .
125 2285 337 2314 archidiacono
351 2285 500 2314 Januensi
517 2285 688 2315 committit
709 2289 866 2324 quatenus
891 2295 964 2316 cum
987 2287 1089 2317 nobili

76 2336 118 2366 w·
142 2349 148 2363 ο
177 2337 346 2368 Frederico
373 2336 482 2375 Cigala
506 2341 536 2367 et
560 2338 755 2376 Argentina,
781 2342 854 2368 nata
884 2338 1000 2369 nobilis
1026 2339 1088 2369 viri

85 2456 133 2472 .·-ι
148 2444 240 2475 ndas
255 2444 442 2475 inimicitias
463 2445 548 2475 inter
564 2453 638 2475 suos
653 2449 800 2484 parentes
815 2445 957 2483 obortas,
974 2446 1087 2476 matri-

78 2498 232 2532 ,ionium
252 2498 338 2528 inter
359 2507 394 2528 se
417 2498 604 2528 contrahere
626 2498 770 2535 valeant,
791 2507 975 2538 quanquam
1000 2499 1089 2538 prior

58 2713 64 2727 ²
90 2706 144 2737 5³¹¹·
161 2709 216 2740 mis
228 2733 236 2748 ,
253 2718 338 2741 anno
355 2711 507 2742 secundo.
526 2722 540 2738 »

83 2786 129 2823 ’,ΒΧ

53 2837 58 2846 Ι
161 2853 273 2884 135⁸!
623 2856 711 2887 Rieti,
728 2857 744 2884 9
759 2857 923 2892 septembre
939 2857 1016 2884 1289.

68 2918 74 2933 ²
84 2947 90 2954 Ι
115 2913 166 2943 ’ΒΕ
178 2919 300 2953 pecunia
314 2919 441 2946 decimae
451 2920 486 2946 ad
496 2919 657 2946 subsidium
668 2919 771 2946 Terrae
787 2919 909 2947 Sanctae
922 2919 1088 2955 deputatae.

77 2964 117 2987 '³⁴³
136 2973 171 2993 e.
187 2967 230 2999 44,
246 2975 272 2995 c.
288 2968 350 3003 460,
365 2969 385 2995 f.
401 2969 452 2996 210
469 2969 515 3003 r0.)

134 3053 298 3086 Venerabili
312 3057 444 3093 fratri..
460 3057 637 3095 patriarche
657 3057 912 3093 Jerosolimitano,
928 3056 1086 3095 apostolice

72 3114 92 3157 (ᾖ
230 3120 301 3149 Res.
323 3122 444 3150 NICOLAS
464 3122 516 3149 1V.

78 3162 92 3176 4

1168 452 1244 480 sedis
1270 453 1373 490 legato.
1399 462 1413 481 α
1434 453 1582 490 Dudum,
1600 454 1632 483 iu
1653 459 1759 484 nostra
1784 453 1943 492 presentia
1965 454 2166 495 constitutus,

1170 513 1326 542 exponere
1346 506 1496 535 curavisti
1519 507 1620 545 quod,
1640 511 1702 536 tam
1720 516 1774 546 pro
1791 507 1853 536 tuis
1871 507 2057 536 necessariis
2073 515 2168 545 quam

1169 565 1226 595 pro
1246 557 1378 589 ecclesie
1394 559 1652 590 Jerosolimitane
1671 561 1806 598 negotiis
1821 560 1903 598 apud
1919 560 2027 590 sedem
2045 564 2169 598 aposto-

1170 609 1265 640 licam
1284 612 1499 650 expediendis,
1520 613 1638 643 utiliter
1653 618 1683 643 te
1700 622 1816 651 magua
1834 622 2041 652 expensarum
2062 613 2169 643 subire

1170 671 1267 692 onera
1289 665 1466 703 oportebat;
1497 675 1594 704 quare
1623 666 1715 695 nobis
1740 666 1907 696 humiliter
1929 666 2111 705 supplicasti
2136 670 2171 696 ut

1171 717 1229 746 tibi
1255 718 1465 747 contrahendi
1487 723 1651 757 propterea
1675 723 1823 749 mutuum
1846 729 1947 758 usque
1972 720 2012 749 ad
2035 724 2170 758 quatuor

1172 770 1263 799 milia
1278 770 1433 800 librarum
1449 764 1671 801 turonensium
1689 781 1859 810 parvorum
1876 773 2041 802 licentiam
2056 781 2169 803 conce-

1172 823 1246 852 dere
1268 823 1498 862 dignaremur,
1517 833 1575 854 nos
1596 829 1720 862 autem,
1743 825 1804 854 tuis
1823 825 2106 864 supplicationibus
2122 827 2171 855 in—

1171 877 1294 915 clinati,
1311 877 1497 915 hujusmodi
1511 877 1722 916 quantitatem
1737 879 1881 916 pecunie,
1898 880 1990 908 certis
2006 888 2023 908 a
2037 884 2066 909 te
2079 880 2170 909 resti-

1172 929 1322 959 tuendam
1354 930 1501 959 termiuis
1514 953 1521 966 ,
1555 929 1593 959 de
1622 930 1756 968 pecunia
1784 930 1904 960 decime
1933 931 2029 960 Terre
2058 932 2171 961 Sancte

1169 982 1316 1021 deputate
1349 982 1491 1012 subsidio
1521 983 1578 1012 tibi
1606 983 1739 1012 fecimus
1763 984 1912 1012 mutuari.
1940 984 2020 1013 Cum
2045 989 2169 1022 autem,

1170 1040 1261 1075 prout
1276 1036 1417 1074 exposita
1433 1036 1527 1066 nobis
1545 1038 1597 1065 tua
1614 1036 1723 1074 petitio
1740 1037 1937 1072 continebat,
1955 1046 2009 1075 pro
2026 1038 2173 1068 clausura

1168 1088 1304 1118 civitatis
1319 1089 1527 1125 Accouensis,
1544 1089 1741 1127 reparatione
1757 1098 1922 1119 murorum
1938 1095 1967 1119 et
1981 1090 2170 1121 fossatorum

1168 1143 1284 1181 ipsius,
1303 1150 1338 1171 ac
1353 1142 1448 1171 etiam
1465 1150 1521 1180 pro
1539 1142 1692 1171 continua
1709 1142 1845 1171 civitatis
1861 1143 2005 1180 ejusdem
2020 1144 2171 1181 custodia,

1171 1200 1200 1225 et
1215 1195 1377 1224 machinis
1393 1195 1432 1224 ad
1450 1195 1619 1224 tuitionem
1635 1195 1722 1224 illius
1739 1196 1923 1225 necessariis
1940 1197 2173 1235 construendis,

1170 1248 1290 1287 quibus
1311 1248 1421 1278 eadem
1442 1249 1552 1278 civitas
1568 1248 1739 1278 admodum
1759 1250 1900 1278 noscitur
1914 1249 2059 1287 indigere
2075 1274 2081 1283 ,
2100 1259 2175 1280 nec-

1171 1310 1236 1331 non
1256 1310 1311 1341 pro
1336 1301 1523 1331 nuntiorum
1551 1301 1728 1339 sumptibus
1752 1306 1878 1340 propter
1898 1306 1978 1331 terre
1999 1302 2098 1341 ipsius
2117 1312 2173 1333 ne-

1170 1356 1329 1385 cessitates
1351 1354 1548 1393 multiplices
1566 1354 1606 1384 ad
1627 1354 1768 1384 diversas
1785 1355 1900 1384 mundi
1915 1356 2088 1393 provintias
2103 1357 2173 1386 mit·

1171 1408 1338 1438 tendorum
1352 1430 1360 1444 ,
1395 1416 1431 1437 ac
1463 1416 1518 1446 pro
1557 1407 1830 1445 redemptionibus
1867 1409 2062 1446 captivorum
2079 1433 2085 1445 ,
2123 1409 2174 1439 vel

1169 1462 1336 1501 oportunis
1361 1461 1633 1491 consolationibus
1658 1461 1859 1497 eorumdem,
1882 1462 2020 1500 predicta
2040 1463 2174 1501 pecunia

1170 1515 1445 1554 quamplurimum
1462 1515 1641 1544 necessaria
1663 1514 1704 1543 sit
1725 1514 1764 1544 ad
1786 1524 1915 1553 presens
1927 1538 1935 1551 ‚
1953 1525 1971 1545 a
1986 1516 2078 1545 nobis
2094 1525 2173 1555 sup-

1170 1570 1294 1610 pliciter
1310 1570 1474 1609 postulasti
1497 1570 1580 1599 utin
1602 1579 1677 1599 usus
1694 1570 1880 1609 hujusmodi
1906 1571 2057 1609 pret'atam
2078 1580 2172 1610 pecu-

1170 1625 1258 1654 niam
1275 1623 1479 1654 convertendi
1495 1648 1501 1660 ,
1519 1628 1611 1662 prout
1627 1623 1735 1653 utilius
1752 1628 1781 1652 et
1800 1623 1916 1653 melius
1937 1623 2082 1662 expedire
2099 1632 2173 1662 cog-

1172 1677 1308 1714 noveris,
1326 1686 1399 1706 cum
1415 1686 1469 1715 per
1484 1676 1543 1706 hoc
1558 1676 1592 1705 in
1610 1676 1753 1715 ejusdem
1772 1680 1853 1706 terre
1868 1681 2016 1706 noscatur
2031 1677 2174 1707 converti

1171 1731 1372 1766 subsidium,
1397 1730 1454 1759 tibi
1478 1730 1643 1760 licentiam
1661 1729 1874 1767 largiremur,
1897 1738 1955 1759 nos
1985 1730 2101 1767 igitur,
2130 1731 2170 1760 ad

1171 1785 1255 1815 dicte
1276 1788 1356 1814 terre
1373 1792 1559 1822 prosperum
1575 1786 1691 1812 statum
1712 1781 1858 1812 sollicitis
1874 1782 1986 1812 studiis
2001 1783 2173 1812 intenden-

1174 1843 1233 1875 tes,
1259 1837 1450 1868 fraternitati
1474 1841 1527 1866 tue
1542 1836 1642 1874 quod,
1659 1835 1744 1865 intra
1759 1835 2011 1874 quadriennium
2029 1844 2046 1865 a
2064 1845 2174 1875 recep-

1172 1892 1257 1922 tione
1273 1892 1471 1930 presentium
1493 1890 1750 1926 numerandum,
1768 1890 1943 1928 predictam
1965 1890 2174 1928 quantitatem

1172 1945 1307 1984 pecunie
1322 1944 1357 1973 in
1376 1953 1453 1974 usus
1470 1943 1627 1982 predictos
1643 1947 1826 1973 convertere
1846 1942 1950 1972 valeas
1963 1966 1970 1978 ‚
1991 1943 2176 1973 auctoritate

1172 1998 1385 2038 presentium,
1401 1997 1530 2036 plenam
1553 2001 1583 2026 et
1601 1996 1734 2026 liberam
1758 1996 1961 2026 concedimus
1978 1996 2171 2027 facultatem.

1172 2052 1247 2082 Non
1263 2051 1462 2081 obstantibus
1480 2049 1736 2087 obligationibus,
1754 2048 2039 2087 promissionibus,
2060 2053 2089 2078 et
2103 2057 2176 2079 cau-

1173 2105 1311 2135 tionibus
1327 2104 1583 2143 quibuscumque
1596 2102 1756 2137 exhibitis,
1771 2102 1838 2132 sive
1853 2102 1954 2137 factis,
1973 2107 2002 2131 et
2017 2102 2112 2131 etiam
2124 2103 2176 2141 ju-

1172 2162 1317 2188 ramento
1329 2167 1347 2187 a
1363 2162 1391 2187 te
1407 2157 1485 2187 forte
1502 2165 1596 2195 super
1611 2156 1674 2186 hiis
1689 2156 1830 2194 prestito,
1842 2164 1861 2184 a
1873 2155 1988 2194 quibus
2004 2159 2031 2184 te
2046 2164 2174 2194 presen-

1122 2234 1125 2236 -
1173 2212 1252 2242 tium
1273 2212 1458 2241 auctoritate
1476 2209 1691 2246 absolvimus,
1713 2209 1751 2238 de
1776 2208 1971 2238 restituenda
1993 2208 2115 2237 statutis
2136 2208 2175 2238 ad

1172 2265 1231 2295 hoc
1249 2265 1393 2294 terminis
1409 2263 1544 2303 pecunia
1559 2262 1748 2301 supradicta.
1768 2262 1883 2291 Nostre
1899 2265 2005 2291 autem
2024 2261 2176 2291 intentio·

1172 2320 1223 2349 nis
1249 2317 1355 2348 existit
1380 2322 1415 2347 ut
1436 2317 1602 2356 pecuniam
1623 2316 1724 2354 ipsam
1749 2316 1833 2345 infra
1858 2315 1979 2345 dictum
2000 2314 2172 2353 quadrien-

1173 2374 1264 2403 nium
1286 2372 1319 2400 in
1341 2380 1416 2401 usus
1440 2375 1626 2400 convertere
1648 2369 1774 2399 studeas
1797 2373 2004 2404 memoratos,
2027 2367 2173 2406 quodque

1171 2426 1212 2456 ad
1227 2425 1461 2455 restitutionem
1479 2423 1529 2452 vel
1546 2423 1792 2453 satisfactionem
1811 2421 1908 2451 aliam
1922 2421 2022 2460 ipsius
2040 2420 2174 2460 pecunie

1171 2478 1352 2510 faciendam
1371 2486 1407 2507 ex
1431 2481 1506 2506 tunc
1526 2475 1663 2505 minime
1681 2475 1830 2505 tenearis.
1850 2475 1921 2504 Dat.
1940 2473 2051 2510 Reate,
2068 2472 2175 2502 vidus

1172 2531 1371 2571 septembris,
1387 2538 1474 2560 anno
1489 2529 1639 2559 secundo.
1659 2540 1672 2555 »

1244 2730 1360 2760 1358
1691 2726 1777 2757 Rieu,
1798 2726 1827 2751 17
1845 2724 2008 2760 septembre
2026 2724 2102 2752 1289.

1204 2793 1336 2820 Facultas
1351 2791 1483 2826 exigendi
1500 2790 1729 2825 procurationes.
1746 2788 1829 2822 (Rau.
1845 2788 1887 2822 44,
1900 2796 1925 2815 c.
1941 2787 2013 2822 4602,
2026 2788 2044 2813 f.
2059 2787 2111 2814 210
2127 2788 2174 2820 νυ.)

1208 2896 1312 2925 Eidem
1347 2892 1528 2923 facultatem
1555 2890 1697 2922 concedit
1723 2890 1871 2928 exigendi
1901 2889 1949 2919 vel
1977 2889 2151 2928 recipiendi
2166 2914 2173 2927 ‚

1170 2950 1238 2988 ejus
1257 2947 1413 2986 legatione
1429 2946 1580 2981 durante,
1601 2944 1839 2984 procurationes
1854 2944 1890 2973 in
1908 2944 2042 2982 pecunia
2057 2951 2175 2973 nume-

1170 3007 1246 3039 rata,
1266 3002 1294 3031 ei
1310 3000 1430 3030 ratione
1443 2999 1613 3038 legationis
1631 2998 1775 3037 ejusdem
1793 2997 1926 3034 debitas,
1943 2997 1982 3027 ab
1997 2997 2175 3035 archiepis-

1168 3055 1264 3094 copis,
1287 3053 1460 3092 episcopis,
1480 3052 1587 3082 electis
1602 3075 1607 3086 ,
1628 3051 1793 3081 abbatibus
1805 3075 1812 3089 ,
1828 3050 1989 3089 prioribus
2000 3074 2008 3087 ‚
2025 3050 2153 3080 decanis
2168 3074 2174 3087 ,

2003 3116 2034 3142 35
