2477 3637
264 395 321 426 608
1008 381 1245 415 REGISTRES
1267 381 1322 411 DE
1343 379 1528 410 NICOLAS
1549 379 1605 410 IV.

333 458 581 489 ‘nasama
821 453 948 483 Orvieto.
966 452 980 478 5
995 451 1098 478 fevi-iei-
1116 449 1193 476 ἱῖθὶ.

298 521 502 556 Indulgentiae.
520 519 602 554 (Rso.
619 519 662 549 ⁴5,
679 526 703 544 c.
722 517 784 549 710,
802 516 821 543 ἰ.
840 515 889 542 144
907 515 957 548 ψ’.)

305 616 456 647 Universis
473 614 587 644 Christi
603 613 742 650 fidelibus
762 615 912 649 presentes
936 609 1051 638 litteras
1070 607 1263 645 inspecturis.

302 667 542 706 Indulgentiam
558 666 655 695 unius
669 663 748 694 anni
758 666 788 693 et
798 672 836 693 x1.
847 662 973 692 dierum
981 659 1126 691 concedit
1135 659 1266 688 visitan-

263 722 347 752 tibus
361 719 528 750 eeclesiam
549 716 735 748 monasterii
756 715 864 746 Sancti
885 713 1060 744 Salvatoris
1080 712 1119 742 de
1143 710 1244 750 Negal
1257 735 1264 748 ,

262 773 448 805 Palentinae
464 770 635 807 dioecesis,
652 770 686 799 in
703 768 846 808 ejusdem
863 766 964 797 sancti
980 767 1068 801 festo,
1086 765 1140 804 qui
1156 774 1176 794 v
1193 764 1264 794 idus

262 826 445 858 novembris
461 825 584 860 colitur,
601 824 710 853 beatae
726 822 847 852 Mariae
866 824 895 851 et
911 823 1037 851 sanctae
1050 817 1187 849 Ceciliae
1206 817 1265 848 ses-

261 879 436 910 tivitatibus
447 901 454 915 ,
471 882 502 908 et
516 886 570 916 per
587 881 655 907 octo
673 875 742 905 dies
760 874 947 904 festivitates
972 873 1056 912 ipsas
1081 875 1262 910 sequentes.

302 944 316 961 α
334 931 521 962 Sanctorum
540 930 663 960 meritis
677 928 824 959 inclita...
842 944 879 950 -
896 927 967 959 Dat.
983 926 1067 965 apud
1086 925 1263 956 Urbemve-

261 989 376 1022 terem,
393 984 487 1014 nonis
500 983 672 1018 februarii,
691 990 777 1012 anno
795 981 896 1011 tertio.
916 992 929 1008 n

798 1060 930 1091 Orvieto,
949 1059 979 1087 113
995 1059 1098 1086 fevi-ier
1115 1058 1191 1086 1291.

302 1126 340 1156 In
363 1134 390 1155 e.
416 1134 473 1162 m.,
499 1133 555 1164 pro
579 1123 783 1154 visitantibus
802 1122 969 1153 ecclesiam
990 1121 1207 1152 Biterrensem
1228 1120 1264 1149 in

262 1179 294 1210 S.
309 1178 436 1209 Nazarii
453 1182 483 1208 et
498 1178 529 1208 S.
549 1177 652 1214 Celsi,
670 1178 702 1206 iu
720 1177 810 1215 cujus
834 1176 987 1206 bonorem
1004 1179 1183 1205 constructa
1198 1178 1262 1211 est,

262 1232 410 1263 etbeatae
427 1231 546 1260 Mariae
563 1229 786 1260 festivitatibus
800 1234 830 1259 et
841 1238 897 1268 per
912 1233 981 1259 octo
997 1228 1065 1257 dies
1081 1231 1262 1266 sequentes.

302 1298 316 1313 «
335 1286 422 1315 Licet
438 1285 465 1314 is
480 1284 555 1315 de...
571 1301 608 1306 -
626 1284 696 1313 Dat.
715 1282 799 1322 apud
815 1282 1090 1318 Urbemveterem,
1102 1281 1208 1310 idibus
1222 1281 1264 1310 fe-

261 1339 400 1376 bruarii,
417 1347 502 1368 anuo
518 1337 619 1367 tertio.
639 1349 651 1363 n

804 1388 930 1419 Orvieto,
948 1388 979 1427 ¹3.
994 1387 1097 1414 fevi-ier
1114 1386 1192 1414 1291.

302 1455 337 1484 Iu
362 1463 389 1483 e.
414 1463 469 1488 m.,
494 1462 550 1492 pro
575 1452 779 1482 visitantibus
802 1450 968 1481 ecclesiam
996 1473 1013 1480 ..
1036 1450 1212 1480 abbatissae
1235 1453 1266 1479 et

260 1512 434 1538 conventus
453 1506 635 1536 monasterii
652 1505 691 1535 de
704 1504 843 1541 Alerico,
860 1504 985 1534 ordinis
1000 1508 1127 1533 sanctae
1139 1503 1262 1541 Clarae,

261 1561 428 1591 Auriensis
444 1559 611 1595 dioecesis⁷
631 1559 663 1588 in
679 1559 788 1588 beatae
805 1558 940 1595 Mariae,
964 1560 1146 1588 sauctorum
1164 1557 1264 1586 Fran-

260 1615 335 1645 cisci
349 1618 379 1643 et
394 1613 526 1643 Antonii
544 1615 573 1642 et
589 1616 772 1642 sanctarum
791 1610 901 1641 Clarae
917 1615 947 1640 et
962 1610 1125 1640 Helisabet
1140 1609 1264 1640 festivi-

262 1668 377 1697 tatibus
394 1671 424 1697 et
442 1676 494 1705 per
506 1670 574 1696 octo
589 1665 656 1695 dies
674 1664 859 1694 festivitates
882 1665 965 1703 ipsas
986 1668 1166 1702 sequentes.
1190 1663 1262 1694 Dat.

259 1721 341 1760 apud
357 1720 634 1755 Urbemveterem,
653 1718 758 1748 idibus
774 1717 938 1753 februarii,
951 1726 1036 1747 anuo
1054 1717 1155 1747 tertio.

300 1775 337 1804 In
365 1783 392 1803 e.
422 1782 483 1809 m.,
510 1781 565 1811 pro
585 1772 789 1802 visitantibus
804 1771 971 1801 ecclesiam
987 1770 1094 1801 Sancti
1115 1770 1264 1800 Andreae

261 1827 390 1867 apostoli
415 1827 453 1857 de
471 1827 581 1856 Castro
600 1825 792 1863 Reginaldi,
817 1825 1013 1855 Turonensis
1031 1824 1202 1859 dioecesis,
1228 1824 1263 1854 in

261 1881 403 1919 ejusdem
422 1880 572 1918 apostoli,
595 1879 697 1909 sancti
723 1878 847 1908 Nicolai
870 1878 1059 1908 confessoris
1084 1882 1114 1908 et
1138 1882 1264 1908 sauctae

260 1935 427 1966 Caterinae
443 1933 578 1971 virginis
595 1938 625 1962 et
647 1933 798 1971 martyris
822 1931 1050 1962 festivitatibus
1072 1936 1102 1962 et
1126 1941 1181 1970 per
1196 1935 1264 1962 octo

259 1988 327 2018 dies
344 1987 528 2017 testivitates
544 1986 628 2024 ipsas
647 1990 828 2024 sequentes.
849 1985 919 2015 Dat.
939 1989 972 2015 ut
987 1994 1091 2024 supra.

300 2042 337 2071 In
348 2051 375 2071 e.
386 2050 442 2075 m.,
459 2048 514 2078 pro
524 2039 726 2068 visitantibus
742 2038 908 2068 ecclesiam
925 2062 946 2068 ..
963 2039 1076 2077 prioris
1088 2044 1118 2068 et
1130 2039 1264 2068 fratrum

259 2095 373 2125 domus
389 2094 426 2123 de
443 2093 583 2130 Figiaco‚
603 2092 725 2122 ordinis
743 2093 853 2122 beatae
870 2092 990 2121 Mariae
1008 2092 1046 2121 de
1064 2092 1172 2122 Monte
1187 2092 1262 2122 Car-

259 2147 352 2184 meli,
370 2147 571 2177 Caturcensis
587 2145 756 2183 dioecesis,
773 2145 806 2174 in
824 2145 931 2175 beatae
950 2145 1067 2175 Mariae
1082 2145 1263 2175 festivitati-

259 2200 318 2230 bus
335 2205 362 2229 et
379 2208 434 2237 per
448 2203 516 2228 octo
532 2197 599 2226 dies
615 2201 798 2235 sequentes.

301 2266 314 2279 a
349 2253 419 2281 Vite
452 2251 602 2290 perennis
631 2249 769 2287 gloria...
805 2267 843 2271 —
878 2250 947 2279 Dat.
975 2254 1008 2279 ut
1028 2258 1133 2288 supra.
1165 2263 1175 2276 u
1205 2250 1264 2289 (Εη

259 2315 378 2343 mame,-
395 2306 530 2339 porra„
550 2303 674 2342 23569.)

299 2359 336 2388 In
350 2368 377 2388 e.
389 2368 445 2396 m.,
456 2356 648 2395 proecclesia
659 2380 677 2385 ..
692 2356 805 2395 prioris
814 2359 1028 2387 etcouventus
1039 2355 1265 2396 ecclesiae(sic)

259 2412 392 2442 Sanctae
422 2410 542 2440 Mariae
564 2409 774 2447 Magdalenae
798 2409 837 2439 de
862 2410 969 2440 Monte
994 2409 1090 2439 Edem
1105 2433 1112 2446 ,
1139 2409 1263 2439 ordinis

259 2465 360 2496 sancti
387 2463 576 2501 Augustini,
604 2462 780 2492 Brixiensis
800 2462 952 2493 dioecesis
967 2486 974 2500 ‚
996 2463 1029 2492 iu
1051 2463 1131 2492 festo
1154 2463 1263 2493 beatae

258 2519 377 2548 Mariae
397 2516 605 2555 Magdaleuae
621 2520 649 2545 et
673 2524 727 2555 pei·
750 2520 819 2546 octo
843 2516 910 2546 dies
934 2521 1114 2554 sequentes
1141 2516 1212 2546 Dat.
1231 2520 1264 2546 ut

257 2581 361 2610 supra.
378 2570 476 2610 (ibid).

297 2626 334 2654 Iu
354 2634 380 2654 e.
399 2633 458 2658 m.,
481 2631 535 2662 pro
553 2621 726 2652 cathedrali
748 2621 879 2652 ecclesia
895 2622 1091 2660 'I'holosana‚
1108 2623 1143 2652 in
1161 2623 1262 2653 sancti

257 2677 420 2717 Stephani,
438 2677 470 2706 in
490 2676 581 2715 cujus
591 2675 747 2706 honorem
764 2680 943 2706 constructa
955 2679 1011 2713 est,
1025 2680 1055 2706 et
1070 2676 1179 2706 beatae
1195 2677 1261 2706 Ma-

257 2733 321 2762 riae
339 2730 558 2761 festivitatibus
574 2733 604 2760 et
619 2739 673 2768 per
689 2734 758 2759 octo
775 2730 844 2759 dies
861 2733 1042 2769 sequentes.
1061 2730 1131 2759 Dat.
1150 2734 1185 2760 ut
1206 2740 1261 2761 su-

258 2796 321 2826 pra.
339 2785 442 2824 (mid.)

793 2836 921 2870 Orvieto‚
938 2836 972 2863 20
987 2837 1092 2863 fevrier
1110 2837 1188 2864 1291.

297 2902 332 2931 In
350 2911 376 2931 e.
403 2911 463 2937 m.,
482 2908 536 2939 pro
552 2899 670 2938 capella
689 2898 852 2938 hospitalis
874 2898 988 2929 Beatae
1005 2899 1203 2937 Margaretae
1222 2899 1260 2929 de

260 2954 449 2984 Monasterio
468 2953 598 2989 Villari,
619 2952 886 2990 Rotbomagensis
909 2952 1080 2988 dioecesis,
1098 2952 1134 2981 in
1151 2952 1261 2982 beatae

259 3007 392 3043 Mariae,
420 3006 529 3036 beatae
557 3007 752 3044 Margaretae
774 3010 804 3036 et
829 3010 956 3036 sauctae
980 3005 1083 3036 crucis
1105 3005 1259 3036 festivita-

259 3061 352 3090 tibus.

1389 458 1403 473 ι
1425 445 1513 476 Licet
1527 445 1554 475 is
1569 445 1644 476 de...
1662 461 1702 468 —
1717 445 1790 475 Dat.
1807 443 1891 483 apud
1907 443 2190 480 Urbemveterem‚
2207 452 2226 473 x
2241 442 2352 475 kalen-

1346 499 1402 529 das
1418 499 1542 534 martii,
1560 507 1646 529 anno
1664 498 1765 529 tertio.
1786 509 1799 525 ¹>
1818 496 1922 536 (Ibid.)

1909 575 2036 608 Orvieto,
2054 575 2070 603 5
2085 575 2189 603 sevi-ier
2203 575 2281 604 1291.

1387 641 1424 670 ln
1442 650 1468 671 e.
1487 649 1531 670 m.
1551 662 1572 671 ..
1586 640 1682 679 priori
1698 643 1729 670 et
1744 638 1919 670 conventui
1932 638 2046 669 domus
2062 638 2196 669 fratrum
2214 638 2352 670 beremi-

1347 697 1450 724 tarum
1467 693 1658 731 Januensis,
1676 692 1800 724 ordinis
1816 692 1917 723 sancti
1935 691 2127 731 Augustini,
2145 699 2200 731 pro
2220 692 2352 723 visitan-

1347 747 1432 777 tibus
1448 756 1559 778 eorum
1576 746 1742 777 ecclesiam
1763 747 1795 776 in
1815 749 1997 776 sanctorum
2014 745 2167 784 Symouis
2189 749 2220 776 et
2233 745 2253 776 J
2257 745 2350 785 udae,

1347 800 1449 831 sancti
1470 799 1642 839 Raphaelis
1662 799 1849 838 archangeli
1874 802 1904 829 et
1926 802 2054 829 sanctae
2069 798 2183 829 Teclae
2203 798 2353 830 festivita-

1348 855 1432 884 tibus
1454 858 1485 884 et
1507 863 1563 893 per
1580 857 1649 884 octo
1663 853 1731 884 dies
1749 856 1929 892 sequentes.
1951 852 2024 882 Dat.
2045 852 2129 892 apud
2143 852 2352 884 Urbemvete-

1347 917 1427 945 rem,
1447 908 1542 938 nonis
1556 907 1724 945 februarii,
1741 915 1828 938 anno
1845 907 1948 937 tertio.
1967 906 2075 946 (Ibid.)

1886 1000 2016 1031 Orvieto,
2033 999 2068 1027 20
2085 1000 2188 1027 sevrier
2205 998 2284 1028 1‘291.
2308 977 2313 982 '
2348 971 2362 1018 -’

1387 1071 1426 1100 In
1442 1080 1469 1101 e.
1485 1080 1528 1100 ni.
1547 1070 1719 1105 universis,
1737 1074 1810 1107 etc„
1827 1079 1883 1110 pro
1898 1069 2033 1101 ecclesia
2050 1069 2166 1100 Beatae
2182 1069 2302 1100 Mariae
2315 1068 2355 1100 de

1348 1125 1457 1155 Monte
1476 1123 1605 1162 Regali,
1621 1123 1828 1162 Agennensis
1851 1123 2017 1160 dioecesis,
2035 1123 2068 1153 iu
2089 1123 2200 1153 beatae
2216 1121 2361 1161 Mariae..

1347 1178 1448 1208 sancti
1470 1176 1630 1207 Johannis
1659 1176 1904 1214 Evangelistae‚
1933 1176 2035 1206 sancti
2058 1176 2144 1206 Petri
2169 1174 2304 1215 apostoli
2324 1178 2381 1213 etv.

1348 1234 1475 1260 sanetae
1491 1230 1665 1260 Katerinae
1680 1229 1829 1268 virginis⁷
1842 1229 1958 1269 quibus
1974 1229 2087 1259 altaria
2101 1229 2137 1259 in
2153 1228 2286 1260 ecclesia
2299 1227 2355 1260 de·

1347 1283 1452 1313 dicata
1467 1288 1554 1320 suut,
1572 1283 1799 1313 festivitatibus
1815 1286 1846 1312 et
1862 1291 1916 1322 per
1931 1285 2001 1312 octo
2017 1282 2086 1312 dies
2101 1276 2280 1325 sequentes.

1390 1349 1403 1364 α
1423 1337 1492 1368 Vite
1508 1337 1660 1377 perennis
1675 1336 1814 1375 gloria...
1837 1353 1872 1358 —
1892 1336 1964 1366 Dat.
1981 1335 2066 1374 apud
2079 1335 2365 1377 Urbemveterem„

1346 1401 1365 1421 x
1380 1390 1533 1421 kalendas
1550 1390 1670 1428 martii,
1687 1398 1773 1420 anno
1790 1390 1894 1420 tertio.
1914 1401 1930 1417 »
1946 1389 2051 1429 (Ibid.)

1417 1591 1536 1620 4148
1894 1589 2022 1621 Orvieto,
2041 1588 2073 1616 18
2087 1588 2192 1616 fevi-ier
2206 1588 2285 1616 1291.

1384 1653 1530 1680 Remissio
1555 1652 1702 1679 fructuum
1727 1652 1823 1679 illicite
1846 1655 2058 1687 perceptorum.
2076 1650 2159 1686 (Rea.
2179 1651 2226 1681 45.
2246 1658 2273 1678 c.
2289 1638 2403 1687 7¹1,.'

1346 1703 1366 1730 f.
1383 1703 1433 1730 145
1451 1704 1498 1736 νο.)

1388 1834 1509 1863 Roberto
1530 1833 1607 1862 dicto
1623 1832 1722 1868 Malet,
1738 1832 1848 1860 decano
1866 1831 1982 1860 ecclesie
1997 1830 2252 1868 Rothomayensis.
2271 1821 2370 1859 Oli-'¹
2421 1825 2424 1828 ’
2471 1820 2473 1831 ¹

1347 1895 1420 1917 cum
1443 1895 1479 1916 eo
1501 1886 1541 1915 ab
1557 1885 1742 1916 Alexandro
1764 1893 1844 1923 papa
1861 1884 2082 1922 dispensatum
2102 1886 2149 1913 est
2168 1886 2214 1916 ut,
2234 1883 2370 1925 praeteri*

1349 1939 1514 1970 ecclesiam
1529 1939 1566 1968 de
1581 1938 1706 1975 Ruella,
1723 1937 1992 1975 Rothomagensis
2003 1936 2168 1973 dioecesis,
2185 1936 2277 1974 cujus
2291 1927 2375 1974 erati

1347 1997 1465 2028 rector,
1484 1992 1618 2022 unicum
1635 1992 1722 2022 aliud
1740 1991 1932 2022 beneficium
1950 1990 2088 2020 retinere
2106 1989 2242 2025 valeret;
2259 1990 2371 2028 quares*

1347 2046 1574 2085 capiceriatum
1590 2046 1796 2076 Lexoviensis
1811 2044 1973 2081 ecclesiae,
1989 2044 2043 2082 qui
2054 2043 2195 2082 dignitas
2210 2042 2375 2095 habetur&

1346 2101 1386 2130 ab
1399 2100 1544 2139 episcopo
1556 2099 1746 2129 Lexoviensi
1761 2098 1888 2137 recepit,
1907 2102 1937 2127 et
1951 2106 2025 2127 cum
2039 2096 2173 2127 ecclesia
2188 2096 2227 2126 de
2243 2092 2356 2126 Ruella
2371 2134 2373 2138 Ι

1346 2162 1402 2192 per
1418 2153 1586 2183 duodecim
1599 2160 1701 2182 annos
1716 2152 1830 2188 tenuit,
1842 2151 1965 2181 fructus
1977 2155 2006 2181 et
2018 2149 2163 2180 redditus
2173 2158 2209 2180 ex
2225 2147 2361 2180 ecclesie„

1347 2210 1377 2236 et
1402 2205 1618 2245 primiceriatu
1649 2204 1866 2243 percipiendo.
1893 2204 1955 2234 Sed
1983 2203 2129 2239 tandem,
2152 2191 2366 2236 considerans·

1346 2260 1431 2299 quod
1448 2258 1651 2297 indulgentia
1671 2258 1849 2288 Alexandri
1867 2266 1965 2297 papae
1983 2257 2022 2287 ad
2039 2257 2098 2288 hoc
2115 2266 2148 2286 se
2165 2264 2229 2287 non
2248 2259 2369 2290 exten-

1345 2313 1454 2350 debat,
1472 2312 1639 2343 ecclesiam
1655 2311 1694 2341 de
1710 2311 1826 2342 Ruella
1842 2315 1872 2341 et
1890 2310 2116 2350 capiceriatum
2129 2311 2197 2348 jam
2214 2299 2367 2351 quinque,

1344 2367 1441 2396 aunis
1458 2366 1573 2405 elapsis
1589 2366 1729 2402 dimisit,
1748 2370 1778 2395 et
1798 2365 1915 2395 deinde
1930 2364 2228 2394 archidiaconatum
2243 2361 2360 2400 ΑῑςίᾶοΣ

1344 2420 1379 2450 in
1395 2419 1528 2450 ecclesia
1544 2419 1734 2449 Lexoviensi
1752 2418 1892 2457 accepit,
1911 2425 1974 2456 quo
1991 2417 2142 2454 dimisso,
2159 2414 2358 2451 archidiacoze

1344 2477 1456 2503 natum
1472 2472 1638 2503 Vulcasini
1659 2471 1841 2502 Normanni
1865 2471 1901 2500 in
1927 2470 2062 2501 ecclesia
2085 2466 2383 2507 Rothomageusi,„-.

1344 2525 1465 2564 illoque
1499 2526 1677 2564 resignato,
1701 2525 1894 2555 decanatum
1929 2523 2058 2554 tandem
2085 2519 2365 2560 Rothomagensis

1344 2579 1495 2609 ecclesiae
1511 2582 1673 2609 assecutus
1692 2582 1748 2608 est.
1773 2578 1854 2608 Cum
1877 2585 1913 2608 eo
1934 2585 2014 2616 papa
2033 2575 2198 2615 dispensat
2217 2578 2250 2605 ut
2263 2580 2363 2614 prae-.

1343 2632 1465 2662 dictum
1489 2632 1678 2662 decanatum
1700 2631 1789 2662 licite
1813 2631 1952 2661 retinere
1977 2629 2095 2667 valeat,
2118 2628 2212 2668 eique
2234 2624 2373 2658 fructus>

1343 2695 1379 2716 ex
1405 2686 1577 2725 praedictis
1597 2685 1744 2720 ecclesia,
1760 2685 1954 2724 capiceriatu
1967 2708 1974 2721 ‚
1991 2681 2302 2714 archidiaconatibus
2323 2675 2376 2717 es&

1343 2739 1513 2769 diaconatu
1540 2743 1702 2778 perceptos
1729 2739 1879 2776 remittit3
1910 2737 1953 2767 ita
1981 2741 2087 2767 tamen
2114 2737 2152 2766 'ut
2179 2739 2364 2773 congruam.

1344 2793 1499 2832 pecuniae
1523 2793 1734 2833 quantitatem
1760 2793 1799 2823 de
1823 2791 1979 2822 fructibus
2003 2789 2155 2821 ecclesiae
2177 2788 2217 2819 de
2239 2784 2369 2826 nuella

1342 2851 1521 2887 perceptam
1558 2847 1592 2876 in
1629 2846 1772 2886 aliquam
1811 2845 1993 2877 evidentem
2024 2843 2168 2884 ejusdem
2203 2839 2360 2873 ecclesiae

1342 2901 1514 2931 utilitatem
1533 2905 1708 2931 convertat.
2373 2899 2378 2901 ’

1383 2967 1397 2982 «
1417 2954 1601 2985 Laudabilis
1617 2954 1870 2985 conversationis
1886 2957 1953 2983 et...
1971 2969 2010 2974 -
2025 2952 2097 2982 Dat.
2113 2949 2197 2990 apud
2211 2947 2350 2980 Urbem·
2369 2983 2373 2988 ¹

1341 3011 1494 3046 veterem,
1509 3016 1552 3038 xii
1569 3007 1723 3038 kalendas
1739 3007 1859 3043 martii,
1877 3014 1963 3036 anno
1980 3005 2081 3035 tertio.
2100 3015 2113 3032 n
