2342 3652
950 361 1182 397 TaoismME
1204 358 1359 398 ANNEE.
2145 373 2202 403 549

111 429 221 463 tinato,
242 428 421 466 assignent,
439 430 494 468 qui
516 438 590 459 eum
611 430 649 459 ad
670 431 772 469 ipsius
795 433 990 462 marchionis
1016 438 1114 462 terras

113 482 215 511 ducat.

150 546 163 562 α
188 534 237 564 Ad
254 538 398 564 nostrum
418 544 557 574 nuper...
575 552 614 558 —
629 537 700 566 Dat.
726 537 808 575 apud
832 538 1112 575 Urbemveterern,

111 597 131 618 11
147 587 298 617 kalendas
313 588 506 624 novembris,
523 598 609 619 auno
627 590 728 619 tertio.
749 602 762 616 n

150 641 187 670 ln
218 649 246 670 e.
281 649 324 669 m.
361 664 380 670 ..
414 641 557 680 episcopo
591 642 793 673 Urbevetano
825 645 955 674 mandat
989 648 1041 680 ut,
1075 644 1115 673 ad

111 693 336 724 Alexandriam
357 694 565 731 personaliter
580 704 613 724 se
629 696 810 733 conserens,
833 697 859 726 si
877 701 1025 735 potestas,
1043 705 1115 727 con-

111 746 219 777 silium
246 750 276 776 et
299 755 470 776 commune
494 747 708 778 Alexandriae
735 749 896 779 mandatis
925 750 1114 789 apostolicae

110 799 194 830 sedis
215 800 345 830 obedire
361 808 424 829 non
441 801 641 838 curaverint,
663 810 715 831 eos
731 802 771 831 ad
787 803 1008 833 liberationem
1025 812 1113 832 mar·

110 853 234 884 chionis
244 853 361 883 Montis
370 854 490 883 Ferrati
506 863 562 892 per
577 863 746 885 censuram
764 856 1011 886 ecclesiasticam
1028 865 1112 886 com-

111 907 214 948 pellat,
231 907 416 944 summarie,
427 907 466 937 de
481 907 584 947 plano,
598 909 666 938 sine
680 910 812 948 strepitu
825 914 854 940 et
869 910 972 947 figura
985 909 1112 948 judicii,

109 960 320 1000 appellatione
336 961 482 999 reposita,
500 970 714 1000 processurus.
735 963 804 993 Dat.
819 967 852 992 ut
866 972 972 1001 supra.

149 1015 187 1045 In
204 1024 231 1045 e.
249 1024 292 1045 m.
309 1015 413 1045 eidem
431 1015 561 1045 mandat
578 1019 626 1052 ut,
645 1017 670 1045 si
687 1017 772 1046 cives
789 1017 1005 1046 Alexandriae
1027 1025 1112 1045 mar-

108 1069 256 1100 chionem
278 1068 398 1098 Montis
420 1069 540 1099 Fer-rati
561 1069 784 1107 liberaverint,
803 1073 890 1100 curet
915 1070 959 1099 eis
984 1078 1002 1099 a
1027 1078 1113 1098 mar-

109 1122 222 1153 chione
247 1121 378 1152 idoneas
410 1122 573 1152 cautiones
601 1122 744 1152 exhiberi
776 1123 860 1161 quod
892 1122 955 1159 hic,
990 1125 1114 1161 propter

109 1174 292 1214 hujusmodi
310 1174 488 1213 captionem
510 1179 539 1204 et
560 1175 776 1205 detentionem
789 1199 796 1212 ,
815 1175 937 1205 nullam
955 1175 999 1205 eis
1017 1183 1114 1212 gene-

109 1228 216 1258 raliter
245 1227 294 1257 vel
325 1227 501 1266 spetialiter
532 1227 707 1265 lesionem,
735 1229 905 1267 injuriam,
934 1230 1114 1260 molestiam

108 1281 158 1312 vel
176 1282 331 1312 offensam
349 1281 477 1311 inferat.

147 1347 159 1362 «
186 1334 234 1364 Ad
254 1334 474 1365 liberationem
492 1334 637 1366 dilecti...
655 1353 693 1357 —
715 1336 785 1365 Dat.
804 1340 957 1375 utsupra.
979 1348 991 1363 a

178 1515 293 1544 353'7
633 1514 760 1549 Orviet0‚
779 1515 807 1542 31
827 1515 942 1541 octobre
966 1515 1040 1542 1290.

144 1577 185 1604 De
201 1577 300 1604 eodem
318 1578 443 1612 negotio.
461 1577 543 1611 (Rau.
561 1577 603 1608 45,
622 1585 647 1604 c.
664 1576 723 1608 498,
740 1577 759 1603 f.
780 1576 825 1603 101
845 1579 891 1609 ro.)

149 1680 346 1718 Dilectisfitiis
361 1681 538 1717 ..potestati‚
553 1680 680 1709 consitio
691 1684 716 1708 et
726 1681 882 1708 communi
896 1680 1110 1710 lerinensibus,

111 1734 169 1763 Eos
187 1733 332 1764 hortatur
350 1737 384 1763 ut
405 1742 500 1772 penes
519 1756 539 1762 ..
560 1737 755 1771 potestatem,
781 1732 951 1762 consilium
978 1737 1007 1762 et
1026 1741 1112 1763 com-

110 1795 208 1817 mune
224 1786 438 1816 Alexandriae
455 1786 600 1825 precibus
620 1790 650 1816 et
670 1786 944 1816 exhortationibus
964 1785 1113 1816 insistant

111 1844 144 1870 ut
159 1839 207 1870 illi
224 1839 442 1870 marchionem
461 1839 580 1869 Montis
596 1840 718 1869 Ferrati
736 1839 875 1869 libertati
892 1840 1070 1869 restituant.

150 1905 163 1920 «ι
186 1893 236 1923 Ad
254 1897 398 1923 nostrum
416 1902 554 1932 nuper...
576 1909 616 1915 ——
632 1893 703 1922 Dat.
723 1897 878 1931 utsupra.
900 1904 912 1919 ι)

176 2079 293 2107 3538

141 2139 297 2168 Concessio
316 2141 481 2167 monasterii
505 2140 625 2167 Sanctae
645 2140 793 2167 Trinitatis
813 2149 901 2175 prope
925 2140 1025 2167 Coram
1049 2149 1112 2167 mo-

107 2191 230 2217 nasterio
250 2190 347 2217 Sancti
364 2190 468 2224 Angeli
484 2198 571 2225 supra
587 2190 740 2225 Nimpham
758 2190 952 2217 confirmatur.
971 2190 1053 2223 (Rae.
1068 2189 1110 2223 45,

105 2247 131 2266 c.
148 2239 210 2273 499,
226 2239 245 2266 f.
267 2239 312 2266 101
333 2240 378 2272 r0.)

685 2078 812 2111 Orvieto,
832 2079 860 2105 'll
878 2079 943 2105 aout
965 2078 1040 2105 1290.

146 2363 168 2371 ..
194 2342 294 2371 abbati
320 2347 346 2370 et
370 2343 532 2371 conventui
556 2342 736 2371 monasterii
757 2341 866 2371 Sancti
891 2342 996 2378 Anqeti
1019 2349 1113 2378 supra

109 2396 270 2433 Nimpham
285 2418 291 2432 ,
308 2396 459 2425 Florensis
481 2395 616 2431 ordinis,
641 2393 826 2424 Velletrensis
849 2395 980 2424 diocesis.
1001 2406 1013 2421 α
1031 2394 1111 2424 Cum

107 2457 125 2478 a.
141 2448 231 2478 nobis
248 2448 374 2487 petitur,
394 2452 466 2484 eto,
484 2456 584 2486 usque
601 2448 759 2477 effectum.
783 2448 866 2478 Sane
882 2447 990 2486 petitio
1010 2451 1113 2476 vestra

109 2501 199 2531 nobis
215 2501 354 2530 exhibita
376 2501 559 2530 continebat
581 2501 665 2539 quod
682 2501 874 2531 venerabilis
890 2501 985 2530 frater
1007 2504 1113 2530 noster

109 2554 156 2592 L.,
177 2554 334 2585 Ostiensis
355 2558 384 2584 et
403 2553 612 2584 Velletrensis
633 2555 812 2593 episcopus,
830 2554 959 2593 provide
975 2562 1112 2592 pensans

107 2607 190 2646 quod
207 2607 435 2638 monasterium
458 2608 572 2638 Sancte
589 2608 755 2638 Trinitatis
776 2617 870 2647 prope
889 2607 1015 2643 Coram,
1034 2606 1111 2637 Vel-

106 2660 254 2691 letrensis
275 2661 426 2699 diocesis,
447 2661 487 2691 ab
506 2661 583 2691 olim
603 2661 714 2691 abbate
737 2665 767 2691 et
789 2661 955 2691 monachis
977 2660 1111 2690 destitu-

109 2719 185 2752 tum,
206 2718 272 2744 erat
296 2714 331 2744 in
356 2713 574 2753 spiritualibus
598 2717 626 2744 et
648 2714 878 2753 temporalibus
900 2714 1032 2744 omnino
1048 2712 1112 2743 col-

108 2767 242 2807 lapsum,
263 2772 293 2797 et
309 2767 393 2807 quod
416 2776 471 2807 per
491 2767 603 2797 fratres
625 2768 809 2798 monasterii
831 2772 860 2798 et
879 2767 999 2798 ordinis
1017 2767 1112 2796 vestri

108 2824 226 2860 poterat
243 2821 405 2851 comodius
426 2820 608 2858 reformari,
627 2821 859 2851 monasterium
876 2821 981 2859 ipsum
999 2820 1112 2849 Sancte

108 2874 293 2911 Trinitatis,
319 2883 393 2904 cum
418 2874 567 2904 omnibus
592 2874 717 2912 juribus
745 2877 773 2904 et
800 2874 1002 2913 pertinentiis
1027 2874 1110 2910 suis,

106 2926 236 2966 capituli
255 2927 464 2957 Velletrensis
484 2927 523 2956 ad
544 2927 576 2956 id
598 2927 766 2957 accedente
785 2935 942 2957 consensu
966 2933 996 2956 et
1018 2936 1112 2965 super

107 2980 163 3010 hoc
179 2989 196 3010 a
212 2980 303 3011 nobis
319 2980 445 3010 obtenta
460 2980 590 3010 licentia
608 2980 749 3019 speciali,
766 2980 855 3010 vobis
872 2984 902 3010 et
920 2980 1110 3010 monasterio

107 3037 209 3063 vestro
224 3034 389 3070 concessit,
407 3034 445 3063 de
462 3033 610 3063 fratribus
627 3033 723 3063 vestri
741 3034 929 3063 monasterii
947 3037 976 3063 et
989 3033 1111 3063 ordinis

1197 433 1455 471 reformandum,
1482 444 1536 474 per
1559 443 1636 473 quos
1663 436 1696 464 in
1724 436 1841 466 divinis
1868 438 1981 467 officiis
2007 442 2037 468 et
2061 439 2140 468 alias
2167 440 2201 468 in

1196 486 1415 524 spiritualibus
1445 492 1475 517 et
1500 488 1727 526 temporalibus
1754 489 1820 519 Deo
1849 490 1970 520 ibidem
2000 491 2202 522 laudabiliter

1196 539 1373 576 serviatur3
1394 540 1437 569 ita
1465 544 1570 570 tamen
1599 541 1681 580 quod
1710 542 1795 572 idem
1827 544 2057 573 monasterium
2084 545 2201 575 Sancte

1195 592 1361 622 Trinitatis
1389 594 1489 623 subsit
1517 595 1662 633 episcopo
1690 598 1719 624 et
1746 595 1877 625 ecclesie
1902 596 2093 627 Velletrensi
2122 598 2203 628 sicut

1195 648 1297 674 cetera
1313 647 1504 676 monasteria
1521 655 1584 677 non
1601 653 1746 686 exempta
1760 648 1939 679 diocesanis
1954 650 2109 688 episcopis
2128 655 2202 680 sunt

1195 698 1346 736 subjecta,
1364 698 1429 729 hiis
1445 700 1609 730 dumtaxat
1627 701 1763 739 exceptis
1782 702 1815 730 in
1834 702 1951 740 quibus
1970 703 2201 733 monasterium

1194 755 1334 782 vestrum
1354 751 1463 782 Sancti
1481 753 1598 791 Angeli
1621 758 1650 783 et
1670 762 1724 784 vos
1743 763 1797 792 per
1813 755 1958 793 spetialia
1978 756 2062 785 sedis
2078 760 2201 795 aposto-

1193 802 1253 832 lice
1273 803 1441 841 privilegia
1455 814 1521 834 esse
1533 809 1653 835 constat
1665 810 1840 844 exemptos;
1856 807 2017 846 quodque,
2028 808 2059 837 in
2072 809 2202 846 signum

1195 856 1402 894 subjectionis
1432 857 1635 896 hujusmodi,
1668 867 1800 897 persone
1830 860 1863 888 in
1896 860 1979 890 dicto
2009 862 2201 891 monasterio

1195 908 1309 939 Sancte
1325 910 1491 940 Trinitatis
1512 911 1661 949 degentes
1683 921 1737 950 pro
1758 916 1896 951 tempore
1920 923 1975 951 per
2001 913 2143 953 aliquem
2164 923 2201 944 ex

1195 962 1240 991 eis
1269 972 1370 992 unum
1405 972 1533 993 cereum
1565 969 1700 1002 quatuor
1727 965 1879 995 librarum
1913 967 2078 1005 ponderis,
2106 968 2200 997 annis

1196 1015 1348 1053 singulis,
1363 1017 1397 1045 in
1414 1017 1490 1047 festo
1506 1017 1589 1047 beati
1604 1017 1789 1055 Clementis,
1807 1022 1975 1048 teneantur
1989 1020 2101 1049 offerre
2118 1020 2201 1058 apud

1196 1068 1363 1098 ecclesiam
1379 1069 1623 1108 Velletrensem,
1642 1075 1733 1109 prout
1750 1071 1784 1100 in
1800 1072 1980 1110 patentibus
1993 1073 2106 1102 litteris
2125 1073 2200 1104 inde

1196 1121 1357 1157 confectis,
1376 1123 1519 1161 ejusdem
1538 1124 1676 1162 episcopi
1698 1124 1804 1162 sigillo
1826 1126 1976 1161 munitis,
2004 1125 2129 1164 plenius
2151 1126 2201 1156 di-

1195 1175 1277 1204 citur
1304 1175 1472 1206 contineri.
1504 1177 1570 1206 Nos
1608 1177 1733 1216 itaque,
1764 1178 1877 1207 vestris
1917 1178 2200 1217 supplicationibus

1196 1228 1354 1264 inclinati,
1388 1229 1471 1268 quod
1499 1239 1592 1268 super
1627 1230 1687 1260 hoc
1716 1231 1845 1269 provide
1875 1232 1993 1262 factum
2021 1236 2066 1262 est
2096 1237 2200 1263 ratum

1196 1285 1225 1312 et
1243 1286 1370 1320 gratum
1390 1282 1560 1319 habentes,
1586 1283 1617 1312 id
1638 1284 1822 1314 auctoritate
1839 1284 2009 1322 apostolica
2028 1285 2199 1315 confirma-

1196 1344 1278 1372 mus,
1297 1339 1368 1371 etc.,
1389 1344 1489 1374 usque
1505 1336 1754 1365 communimus.
1778 1336 1867 1366 Nulli
1891 1346 1977 1375 ergo,
1998 1342 2069 1374 etc.‚
2096 1342 2200 1368 nostre

1195 1388 1463 1426 confirmationis,
1488 1393 1545 1418 etc.
1570 1390 1640 1419 Dat.
1664 1389 1747 1428 apud
1774 1390 2046 1428 Urbemveterem,
2073 1401 2105 1420 111
2130 1391 2200 1421 idus

1194 1442 1331 1480 augusti,
1350 1451 1435 1472 anno
1452 1443 1554 1473 tertio.
1574 1455 1587 1469 n

1265 1613 1511 1642 3539-3540
1724 1613 1851 1646 Orvieto,
1869 1614 1901 1641 ‘25
1917 1615 2033 1641 octobre
2052 1615 2126 1642 1290.

1229 1675 1358 1702 Licentia
1374 1675 1552 1710 ingrediendi
1569 1677 1752 1703 monasteria.
1769 1677 1852 1709 (Rau.
1872 1677 1915 1709 45,
1932 1685 1958 1703 c.
1975 1677 2034 1710 500,
2052 1677 2071 1703 f.
2090 1677 2137 1704 101
2156 1683 2198 1709 ι’ῡς

1194 1723 1300 1751 Pom-fl.
1317 1724 1428 1758 23443.)

1234 1828 1332 1857 Nobili
1350 1828 1476 1856 midieri
1492 1828 1620 1858 Beotrici
1631 1851 1639 1865 ,
1656 1829 1759 1857 relicte
1775 1829 1927 1866 quondam
1944 1829 2067 1857 Henrici
2083 1829 2199 1857 comitis

1194 1881 1472 1917 Luccemburoensis
1496 1882 1601 1917 vidue,
1626 1880 1772 1919 indulget
1800 1885 1834 1911 ut
1858 1881 2049 1911 monasteria
2074 1882 2199 1910 Aureae

1196 1932 1305 1970 Vallis,
1320 1933 1419 1962 Vallis
1436 1933 1543 1963 Sancti
1557 1934 1728 1971 Lamberfi,
1744 1934 1907 1971 Alnensis,
1919 1933 2197 1970 Camberonensis,

1193 1986 1231 2016 de
1248 1987 1433 2025 Hymorede
1453 1991 1483 2017 et
1502 1988 1691 2018 monialium
1710 1988 1842 2018 Sanctae
1855 1988 1967 2018 Clarae
1988 1987 2025 2017 de
2044 1988 2199 2017 Luccem-

1194 2039 1290 2077 burg,
1308 2040 1528 2070 Cisterciensis
1555 2045 1583 2071 et
1607 2041 1740 2071 Sanctae
1765 2041 1876 2071 Clarae
1898 2041 2064 2078 ordinum,
2085 2041 2200 2070 Treve-

1194 2093 1307 2129 rensis,
1324 2093 1507 2123 Leodiensis
1519 2097 1548 2123 et
1561 2093 1800 2124 Cameracensis
1813 2094 2021 2130 dioecesium,
2037 2097 2067 2123 et
2079 2093 2200 2123 monia-

1194 2145 1275 2175 lium
1298 2145 1432 2176 Sanctae
1454 2146 1566 2177 Clarae
1594 2147 1631 2177 de
1656 2147 1767 2184 Metis,
1791 2156 1864 2177 cum
1889 2147 2032 2186 quinque
2057 2146 2200 2177 honestis

1194 2199 1360 2235 matronis,
1378 2199 1427 2229 bis
1441 2199 1476 2229 in
1493 2208 1578 2230 anno
1594 2200 1720 2238 ingredi
1736 2200 1850 2231 valeat.

1235 2264 1248 2279 «
1273 2252 1453 2283 Gratificari
1477 2253 1619 2283 volentes
1641 2254 1852 2292 benignius...
1873 2271 1912 2276 —
1933 2254 2005 2283 Dat.
2030 2253 2113 2292 apud
2137 2253 2198 2283 Ur-

1194 2306 1419 2343 bemveterem,
1437 2316 1495 2336 vni
1511 2306 1664 2345 kalendas
1681 2307 1881 2344 novembris,
1898 2316 1984 2337 anno
2003 2307 2104 2336 tertio.
2124 2318 2137 2332 γι

1726 2386 1850 2418 Orvieto,
1866 2387 1899 2413 25
1916 2387 2032 2413 octobre
2052 2386 2127 2413 1290.

1234 2449 1272 2478 In
1289 2457 1316 2478 e.
1336 2457 1379 2477 m.
1398 2447 1499 2478 nobili
1516 2448 1645 2478 mulieri
1664 2448 1874 2486 Margaretae,
1892 2448 2088 2484 domicellae,
2107 2451 2198 2476 natae

1194 2501 1355 2540 quondam
1378 2501 1526 2538 Henrici,
1549 2501 1674 2531 comitis
1699 2501 1738 2531 de
1763 2501 1993 2539 Luccemburg.
2019 2501 2090 2530 Dat.
2116 2500 2199 2539 apud

1196 2555 1470 2591 Urbemveterem,
1489 2563 1544 2583 vn1
1561 2553 1713 2584 kalendas
1730 2554 1925 2590 novembris,
1941 2563 2027 2584 anno
2046 2553 2145 2584 tertio.

1265 2713 1379 2741 3541

1229 2774 1360 2801 Facultas
1378 2774 1474 2801 utendi
1489 2774 1570 2809 pileis
1586 2774 1613 2801 in
1630 2774 1729 2800 officiis
1742 2774 1929 2801 celebrandis.
1943 2775 2025 2808 (Rea.
2038 2775 2082 2807 45,
2096 2784 2120 2802 c.
2136 2776 2197 2809 501,

1193 2824 1212 2850 1.
1232 2824 1278 2850 101
1298 2826 1344 2856 r0.)

1723 2712 1848 2745 Orvieto,
1866 2712 1899 2739 23
1916 2712 2030 2738 octobre
2048 2712 2125 2739 1290.

1236 2949 1254 2955 ..
1285 2927 1382 2955 abbati
1406 2931 1431 2954 et
1456 2927 1616 2955 conventui*
1642 2927 1821 2955 monasterti·
1846 2926 1952 2955 Sancte
1980 2927 2141 2956 Trinitatis
2165 2927 2198 2956 de

1193 2980 1347 3016 Eoeaqnio,
1380 2979 1499 3008 ordinis
1530 2979 1560 3008 S.
1592 2979 1757 3016 Benedicti,
1791 2980 2028 3008 constantiensis
2059 2980 2196 3016 diocesis,

1193 3031 1374 3062 facultatem
1400 3031 1544 3062 concedit
1570 3032 1678 3061 utendi
1701 3031 1812 3070 pileis,
1834 3032 1940 3062 ordini
1962 3032 2104 3070 ipsorum
2125 3041 2198 3063 con-
