2477 3637
191 363 247 392 628
936 361 1170 391 REGISTRES
1194 361 1248 390 DE
1269 361 1453 392 NICOLAS
1476 363 1533 393 IV.

259 427 378 454 4224
521 425 880 460 Suinto-Marie-Majeure,
898 426 931 453 23
951 434 1027 452 mars
1046 426 1122 453 1290.

224 488 287 514 Alia
307 488 425 514 facultas
439 487 546 513 eisdem
568 495 717 514 concessa.
735 487 818 520 (Rs-20.
836 488 878 521 45,
896 496 922 514 c.
942 488 984 520 19,
1001 488 1019 514 f.
1042 488 1086 515 161
1107 490 1154 521 1‘0.)

229 597 342 625 Eisdem
362 594 541 624 facultatem
561 594 702 633 eligendi
723 595 782 625 sibi
803 595 1016 626 confessorem
1035 595 1191 626 concedit.

230 662 240 673 ·
261 649 376 686 Magna
393 652 493 677 vestre
512 647 847 687 circumspectionis...
866 665 902 670 —
919 649 990 680 Dat.
1005 653 1039 679 ut
1055 658 1160 688 supra.
1177 661 1190 677 ιι

253 847 370 874 4275

220 908 282 934 Alia
300 908 418 934 facultas
434 908 541 934 eisdem
558 917 708 936 concessa.
725 909 809 942 (nso.
827 910 870 940 45,
887 918 912 936 c.
931 910 975 942 20,
993 911 1010 937 f.
1031 910 1077 937 161
1097 912 1145 944 1¹⁰.)

525 845 889 881 Salnte-Marie-Majeure,
908 847 938 874 13
953 847 1022 874 avril
1042 848 1119 875 1290.

223 1017 339 1046 Eisdem
370 1022 553 1055 potestatem
581 1018 728 1047 concedit
755 1019 940 1049 conferendi
967 1019 1191 1051 tabellionatus

181 1069 321 1099 officium
336 1074 470 1108 quatuor
487 1071 632 1108 personis
649 1071 783 1101 idoneis.

223 1135 235 1149 α
260 1123 376 1160 Magna
395 1128 496 1153 vestre
515 1125 849 1163 circumspectionis...
869 1143 906 1147 —
931 1126 1000 1155 Dat.
1023 1131 1056 1156 ut
1077 1135 1188 1166 supra,

182 1175 287 1205 idibus
304 1176 423 1215 aprilis,
441 1186 527 1207 anno
548 1178 648 1207 tertio.
670 1190 682 1204 »

249 1373 365 1402 4276

213 1435 277 1462 Alia
294 1436 412 1463 facultas
428 1436 536 1464 eisdem
555 1446 703 1465 concessa.
723 1439 805 1470 (ttae.
825 1440 867 1472 45,
885 1449 910 1468 c.
927 1441 971 1473 21,
989 1442 1009 1468 f.
1031 1443 1077 1469 161
1098 1445 1145 1476 νῦ.)

524 1374 882 1411 Sainte-Marie-Majeure,
900 1378 931 1404 13
948 1379 1018 1405 avril
1036 1379 1114 1407 1290.

218 1545 335 1573 Eisdem
347 1545 526 1575 facultatem
544 1547 688 1577 concedit
702 1548 908 1587 dispensandi
920 1559 1014 1589 super
1025 1552 1105 1582 votis
1117 1553 1187 1591 qui-

178 1596 326 1633 buslibet,
339 1599 536 1636 negotiorum
554 1601 785 1638 praedictorum
802 1604 1022 1641 prosecutione
1037 1605 1184 1644 durante,

177 1654 207 1679 et
231 1651 438 1681 convertendi
462 1661 498 1681 ea
524 1654 556 1681 in
585 1653 647 1683 alia
670 1655 794 1693 pietatis
817 1664 928 1695 opera,
953 1661 1182 1696 transmarino,

176 1702 342 1741 religionis
359 1709 388 1733 et
404 1705 622 1736 continentiae
639 1708 718 1737 votis
735 1709 884 1748 exceptis.

218 1768 230 1782 α
249 1756 329 1786 Cnin
347 1766 400 1787 vos
415 1758 492 1787 ad...
512 1776 549 1780 —
566 1760 637 1790 Dat.
657 1765 809 1800 utsupra.
832 1774 845 1789 n

244 1958 360 1986 42⁸⁷?

210 2019 274 2045 Alia
291 2020 409 2047 facultas
424 2022 531 2048 eisdem
548 2031 697 2051 concessa.
714 2025 799 2058 (Rea.
816 2027 859 2058 45,
876 2036 902 2054 c.
919 2028 962 2060 22,
980 2029 999 2055 f.
1020 2029 1066 2056 161
1085 2032 1132 2064 r0.)

515 1960 876 1998 Sainte-Marie-Majtzure,
897 1965 928 1992 13
943 1966 1014 1993 avril
1032 1967 1108 1995 1290,

215 2129 333 2157 Eisdem
363 2130 543 2161 facultatem
574 2133 718 2164 concedit
748 2137 945 2174 proponendi
973 2139 1006 2168 in
1037 2141 1181 2178 partibus

177 2184 442 2218 transmontanis,
462 2184 531 2221 ubi,
549 2186 676 2223 quando
692 2191 723 2216 et
740 2194 829 2226 prout
847 2190 993 2229 expedire
1012 2193 1178 2232 putabunt,

175 2234 306 2263 vei-bum
321 2237 423 2265 crucis
439 2237 471 2266 in
489 2238 666 2269 subsidium
680 2241 795 2271 Terrae
808 2242 953 2281 Sanctae,
967 2245 1064 2276 dandi
1078 2249 1181 2278 crucis

176 2288 378 2323 signaculum
407 2294 436 2319 et
461 2293 699 2323 assumentibus
724 2294 805 2325 illud
830 2298 1025 2329 concedendi
1053 2301 1181 2332 veniam

174 2345 383 2378 peccatorum.

215 2405 227 2419 α
247 2394 325 2423 Cum
345 2404 398 2425 ros
417 2397 494 2426 ad...
513 2414 550 2419 -
566 2399 637 2428 Dat.
659 2405 813 2441 utsupra.
834 2415 847 2430 »

243 2586 360 2615 4228

209 2646 273 2673 Alia
289 2648 408 2676 facultas
424 2650 532 2678 eisdem
549 2660 697 2681 concessa⁴
715 2655 797 2687 (Rau.
815 2658 859 2689 45,
877 2667 902 2685 c.
920 2659 963 2692 23,
981 2661 1000 2687 f.
1020 2661 1066 2689 161
1085 2665 1133 2696 νῦ.)

513 2589 876 2629 Sainte-Marie-Majeure,
895 2597 926 2624 13
943 2599 1013 2625 avril
1030 2600 1107 2628 1290.

213 2756 329 2785 Eisdem
348 2763 531 2797 potestatem
555 2763 700 2793 concedit
717 2764 925 2804 dispensandi
944 2778 1016 2801 cum
1037 2781 1090 2802 sex
1107 2783 1180 2812 per-

174 2809 258 2836 sonis
286 2810 445 2841 nobilibus
468 2813 516 2843 vel
535 2814 607 2845 aliis
629 2821 664 2846 ut
688 2827 797 2849 earum
827 2821 989 2860 quaelibet
1015 2833 1088 2855 cum
1117 2827 1181 2858 alia

174 2867 286 2898 quarto
311 2863 370 2893 sibi
398 2869 685 2905 consanguinitatis
713 2872 763 2902 vel
787 2873 951 2906 affinitatis
976 2879 1077 2916 gradu
1101 2888 1179 2911 con-

170 2913 281 2951 juncta
297 2918 538 2950 matrimonium
555 2921 638 2952 licite
655 2925 842 2957 contrahere
858 2928 909 2959 vel
921 2929 956 2959 in
973 2932 1180 2965 matrimonio

174 2971 335 2998 contracto
352 2980 517 3003 remanere
534 2975 644 3005 valeat.

215 3031 228 3045 e
249 3021 327 3049 Cum
347 3031 398 3052 vos
414 3024 488 3054 ad...
504 3043 542 3048 —
560 3028 628 3058 Dat.
649 3035 802 3071 utsupra.
821 3045 835 3060 »

1347 428 1465 456 42⁷9

1311 489 1480 517 Jurisdictio
1495 489 1603 517 eisdem
1621 498 1771 517 concessa.
1790 490 1873 524 (Rau.
1892 491 1935 524 45,
1953 499 1978 518 c.
1995 491 2040 523 24,
2058 491 2079 519 f.
2099 492 2146 519 161
2167 495 2219 526 νο.)

1622 427 1984 463 Sainte-Marie-Majeure,
2003 428 2035 456 18
2051 429 2121 456 avril
2140 430 2216 458 1290.

1318 593 1433 621 Eisdem
1463 592 1722 631 jurisdictionem
1744 601 1839 632 super
1862 594 1999 632 negotiis
2022 602 2079 633 pro
2105 594 2222 633 quibus
2247 595 2287 626 ad

1277 649 1535 675 transi'nontanas
1552 649 1654 684 partes
1673 645 1846 676 mittuntur
1862 646 2019 676 concedit.

1320 710 1332 725 ι
1350 698 1559 728 Attendentes
1575 699 1660 737 quod
1676 698 1828 729 fratres...
1848 716 1886 721 —
1903 699 1975 729 Dat.
1994 700 2107 738 Rome,
2126 705 2160 731 ut
2179 710 2285 741 supra,

1275 761 1340 780 xnn
1359 751 1513 781 kalendas
1531 751 1626 790 maii,
1644 760 1730 782 anno
1748 752 1851 783 tertio.
1871 764 1884 780 n

1344 903 1593 933 4²80-4281

1312 966 1375 993 Alia
1390 967 1511 994 facultas
1527 967 1636 994 eisdem
1652 975 1804 994 concessa.
1821 967 1905 1001 (Rae.
1921 968 1966 1003 45,
1983 976 2008 995 c.
2024 968 2069 1003 25,
2086 969 2105 995 f.
2125 968 2172 996 161
2190 970 2242 1003 νο.)

1663 903 2016 940 Salute-Marie-Majeure.
2027 905 2044 932 9
2055 906 2124 932 avril
2137 905 2214 934 1290.

1320 1069 1486 1098 Venerabili
1500 1070 1597 1107 fratri
1613 1069 1658 1105 G„
1676 1070 1809 1108 episcopo
1825 1069 1997 1106 Sabinensi,
2016 1069 2196 1100 facultatem
2212 1078 2287 1102 con-

1272 1121 1355 1151 cedit
1372 1122 1482 1151 divina
1507 1122 1612 1153 officia
1633 1122 1818 1153 celebrandi
1842 1123 1891 1153 vel
1914 1123 2075 1153 celebrare
2095 1124 2235 1154 faciendi
2250 1125 2285 1155 in

1272 1173 1350 1204 locis
1367 1175 1538 1205 interdicto
1556 1176 1726 1214 suppositis
1742 1176 1782 1205 ad
1798 1185 1880 1215 quae
1895 1177 2070 1208 devenerit.

1314 1240 1327 1255 α
1345 1228 1427 1259 Cum
1447 1233 1475 1259 te
1492 1238 1594 1260 una...
1607 1246 1645 1252 ——
1658 1230 1728 1259 Dat.
1749 1230 1861 1266 Rome,
1880 1230 1963 1268 apud
1981 1230 2130 1260 Sanctam
2147 1231 2284 1262 Mariam

1273 1282 1441 1321 Majorern.
1460 1292 1479 1312 v
1496 1283 1568 1313 idus
1583 1282 1705 1322 aprilis,
1721 1292 1808 1313 anno
1824 1284 1925 1314 tertio.
1946 1296 1959 1310 n

1312 1336 1348 1365 Iu
1365 1346 1392 1365 e.
1409 1346 1451 1366 m.
1470 1337 1518 1373 13„
1533 1336 1641 1367 Sancti
1656 1336 1781 1367 Nicolai
1795 1337 1828 1366 in
1843 1337 1975 1367 Carcere
1987 1336 2137 1368 Tulliano
2150 1337 2285 1369 diacono

1271 1389 1438 1419 cardinali.
1461 1395 1464 1397 ’

1341 1544 1461 1573 4282
1615 1542 1979 1578 sainte-Marie-Majeure,
1998 1544 2030 1571 13
2046 1544 2116 1570 avril
2133 1544 2211 1572 1290.

1309 1606 1483 1634 Facultatem
1500 1607 1609 1634 eisdem
1625 1607 1759 1634 concedit
1775 1607 1910 1642 exigendi
1925 1608 1960 1634 ab
1975 1607 2180 1634 executoribus
2195 1609 2284 1634 testa-

1270 1656 1357 1682 menti
1373 1656 1540 1691 Adenulphi
1557 1656 1591 1682 de
1608 1657 1750 1692 Anagnia,
1770 1657 1854 1683 electi
1871 1656 2054 1687 Parisiensis,
2072 1665 2104 1683 ea
2118 1664 2192 1691 quae
2207 1655 2283 1684 idem

1269 1705 1462 1741 Adenulphus
1478 1714 1593 1733 summo
1608 1707 1737 1742 pontifici
1752 1706 1867 1741 legavit.
1886 1706 1969 1740 (Rau.
1983 1706 2026 1742 45,
2039 1715 2064 1733 c.
2076 1706 2121 1738 26,
2135 1706 2155 1733 f.
2169 1706 2217 1734 161
2232 1705 2283 1742 νο.)
2320 1703 2323 1706 ⁴

1314 1810 1483 1839 Venerabili
1506 1810 1603 1846 fratri
1628 1809 1679 1846 G.,
1698 1810 1831 1847 episcopo
1852 1809 2027 1846 Sabinensi,
2049 1814 2074 1838 et
2095 1809 2200 1840 dilecto
2217 1809 2282 1847 silio
2334 1831 2336 1834 >

1269 1864 1318 1898 B.‚
1335 1863 1440 1893 Sancti
1463 1863 1583 1892 Nicolai
1603 1863 1637 1892 in
1654 1863 1779 1892 Carcere
1803 1863 1945 1904 Tulliano
1970 1862 2096 1892 diacono
2112 1862 2280 1892 cardinali.

1269 1928 1283 1943 «
1300 1915 1383 1946 Cum
1406 1924 1460 1945 vos
1480 1915 1520 1945 ad
1543 1920 1646 1955 partes
1672 1915 1942 1949 ultramontanas,
1967 1915 2063 1945 certis
2081 1915 2170 1945 vobis
2192 1923 2279 1946 com-

1266 1970 1373 1999 missis
1395 1970 1548 2008 negotiis,
1564 1969 1783 2010 destinemus,
1803 1974 1833 1999 et
1850 1969 2069 1999 intelleximus
2091 1969 2176 2009 quod
2199 1969 2282 2000 bone

1267 2024 1420 2053 memorie
1438 2023 1592 2061 magister
1610 2022 1824 2061 Adenulphus
1843 2022 1881 2052 de
1899 2023 2060 2060 Anagnia,
2080 2022 2200 2053 electus
2219 2022 2280 2052 Pa-

1266 2078 1428 2113 risiensis,
1446 2077 1654 2116 quamplures
1669 2076 1784 2106 anulos
1801 2085 1914 2106 aureos
1936 2085 2009 2106 cum
2030 2076 2191 2115 lapidibus
2209 2085 2280 2115 pre-

1268 2132 1356 2162 tiosis
1372 2131 1499 2170 aliaque
1515 2130 1630 2168 jocalia
1646 2134 1677 2160 et
1695 2129 1760 2160 alia
1776 2131 1873 2160 etiam
1894 2130 1978 2160 bona
1997 2138 2129 2160 romane
2149 2129 2280 2160 ecclesie

1265 2185 1332 2215 sive
1355 2193 1482 2215 summo
1505 2184 1646 2223 pontifici
1664 2184 1696 2213 in
1716 2192 1773 2214 suo
1789 2187 1980 2214 testamento
1999 2183 2132 2222 legavit,
2151 2191 2223 2220 nos,
2239 2183 2279 2212 de

1265 2239 1418 2278 probitate
1435 2243 1537 2268 vestra
1555 2237 1731 2276 spetialiter
1752 2236 1966 2273 confidentes,
1985 2236 2074 2266 vobis
2091 2240 2121 2266 et
2137 2240 2279 2266 vestrum

1265 2291 1397 2322 cuilibet
1415 2291 1560 2330 petendi,
1579 2289 1729 2328 exigendi
1746 2294 1776 2319 et
1793 2289 1986 2328 recipiendi,
2006 2293 2114 2320 nostro
2130 2293 2161 2319 et
2177 2288 2278 2328 ipsius

1265 2344 1397 2375 ecclesie
1414 2344 1557 2380 nomine,
1574 2343 1700 2379 anulos
1718 2342 1853 2381 lapides,
1866 2342 1980 2382 jocalia
1997 2347 2027 2372 et
2041 2342 2126 2373 bona
2138 2342 2278 2382 predicta

1264 2399 1304 2428 ab
1320 2397 1540 2428 executoribus
1558 2396 1740 2427 testamenti
1756 2396 1899 2436 ejusdem
1920 2395 2011 2426 electi
2031 2400 2062 2426 et
2077 2404 2095 2425 a
2110 2395 2277 2435 quibusvis

1263 2452 1336 2482 aliis
1351 2451 1435 2490 apud
1451 2460 1530 2490 quos
1545 2450 1602 2481 illa
1617 2459 1685 2481 esse
1701 2454 1888 2480 noscuntur.
1905 2449 2127 2489 Compellendi
2149 2457 2277 2489 quoque

1265 2506 1365 2536 dictos
1381 2509 1564 2535 executores
1582 2508 1613 2534 et
1627 2504 1708 2534 alios
1723 2512 1779 2542 per
1795 2512 1964 2533 censuram
1982 2502 2229 2533 ecclesiasticam
2245 2505 2277 2532 et

1264 2559 1343 2590 alias
1361 2559 1474 2596 etiam,
1502 2563 1594 2597 prout
1626 2557 1775 2596 expedire
1798 2557 1964 2596 putabitis,
1988 2557 2028 2586 ad
2057 2555 2275 2587 exhibendum

1265 2614 1353 2644 vobis
1369 2623 1424 2644 seu
1442 2617 1583 2643 vestrum
1600 2612 1749 2648 cuilibet,
1768 2611 1901 2642 nomine
1923 2610 2119 2650 supradicto,
2143 2609 2272 2647 anulos,

1264 2668 1404 2707 lapides,
1426 2666 1544 2706 ,localia
1561 2670 1592 2696 et
1609 2666 1691 2696 bona
1710 2665 1850 2705 predicta
1919 2663 2124 2695 concedimus
2143 2663 2274 2694 faculta-

1266 2725 1340 2752 tem.
1359 2721 1429 2751 Dat.
1450 2721 1562 2757 Rome,
1580 2723 1616 2750 ut
1631 2728 1738 2758 supra,
1755 2718 1862 2749 idibus
1877 2717 2002 2757 aprilis,
2014 2725 2101 2747 auno
2117 2716 2219 2747 tertio.
2239 2728 2251 2742 ι

1334 2874 1452 2904 4283
1596 2870 1962 2906 sainte-Marie-Majeure,
1979 2870 2014 2898 23
2030 2877 2107 2897 mars
2124 2868 2202 2897 1290.

1299 2938 1365 2966 Alia
1381 2937 1501 2965 facultas
1517 2936 1625 2963 eisdem
1642 2942 1791 2962 concessa.
1809 2934 1892 2966 (Rso.
1910 2934 1952 2965 45,
1971 2941 1996 2960 c.
2012 2933 2057 2967 27,
2072 2933 2090 2960 f.
2108 2932 2155 2961 161
2173 2935 2226 2966 νο.)

1302 3041 1419 3072 Eisdem
1446 3039 1627 3070 facultatem
1646 3037 1792 3069 concedit
1809 3035 2008 3068 convocandi
2032 3035 2071 3066 ad
2095 3044 2128 3066 se
2145 3033 2270 3066 archie-
