2477 3637
293 364 351 394 472
1040 353 1277 386 REGISTRES
1299 353 1354 384 DE
1376 351 1560 382 NICOLAS
1583 352 1639 382 IV.

296 430 414 459 Mariae
430 433 459 457 et
477 428 507 458 S.
531 426 616 456 Petri
632 423 855 454 festivitatibus
870 446 876 459 ,
889 426 919 452 et
935 431 990 461 per
1005 426 1074 452 octo
1092 421 1158 450 dies
1175 419 1296 450 festivi-

294 487 372 512 tates
388 482 471 520 ipsas
487 478 671 510 immediate
690 480 878 515 sequenteS,
895 474 1107 504 visitaverint.
1124 473 1197 504 Dat.
1214 471 1298 511 apud

296 536 557 567 Urbemveterem
570 555 578 569 ‚
595 541 650 561 viu
667 530 738 560 idus
750 528 824 569 julii
838 551 844 564 ‚
861 536 949 558 anno
966 527 1066 558 tertio.

848 621 976 653 Orvieto,
994 621 1026 648 12
1037 621 1133 655 juillet
1149 619 1226 647 1290.

333 705 371 734 In
388 713 414 733 e.
432 712 476 734 m.
494 725 515 733 ..
533 700 810 740 archipresbytero
825 703 855 729 et
870 697 1008 737 capitulo
1025 696 1176 727 ecclesiae
1191 696 1300 726 Sancti

292 756 410 795 Angeli
427 756 465 785 de
488 754 666 793 Sompnino
681 777 688 791 ,
711 752 951 783 Terracinensis
973 750 1136 781 dioecesis.
1157 749 1300 780 Eandem

292 810 528 848 indulgentiam
544 807 690 838 concedit
715 807 761 837 eis
783 806 839 845 qui
863 804 1059 845 praedictam
1083 803 1250 834 ecclesiam
1266 803 1300 832 in

292 862 325 893 S.
352 862 472 900 Angeli
499 866 529 891 et
553 860 691 898 siugulis
715 860 824 889 beatae
851 858 973 888 Mariae
996 856 1243 892 festivitatibus,
1271 859 1302 886 et

294 924 393 954 usque
406 915 445 945 ad
456 919 525 945 octo
538 914 607 944 dies
622 913 809 944 festivitates
823 913 908 951 ipsas
921 910 1108 941 immediate
1119 912 1299 948 sequentes,

290 969 502 999 visitaverint.

334 1035 347 1049 α
371 1023 452 1052 Loca
469 1026 650 1051 sanctorum
671 1020 818 1051 omnia...
844 1036 883 1042 —
900 1019 970 1048 Dat.
988 1018 1072 1057 apud
1090 1017 1301 1048 Urbemvete-

291 1085 360 1106 rem
372 1099 379 1110 ,
400 1085 444 1105 1111
460 1074 532 1105 idus
547 1074 644 1114 julii,
663 1082 748 1104 anno
767 1073 868 1103 tertio.
889 1085 902 1100 ι)

868 1168 994 1199 Orvieto,
1012 1169 1026 1195 7
1040 1168 1134 1203 juillet
1151 1167 1228 1194 1290.

331 1249 370 1278 In
387 1257 416 1279 e.
431 1256 474 1277 m.
493 1247 653 1278 universis
672 1251 730 1276 etc.
749 1246 893 1276 Eandem
909 1244 1145 1283 indulgentiam
1156 1243 1301 1274 concedit

292 1302 339 1332 eis
358 1301 414 1340 qui
431 1300 598 1331 ecclesiam
619 1300 754 1329 fratrum
772 1298 935 1328 minorum
952 1297 991 1327 de
1006 1297 1097 1326 Valle
1115 1296 1279 1326 Montonis
1291 1319 1298 1332 ‚

292 1354 448 1393 Signinae
469 1353 638 1390 dioecesis,
658 1353 692 1382 in
709 1352 846 1390 singulis
861 1350 946 1381 beati
965 1350 1133 1380 Michaelis
1150 1349 1299 1380 Archan-

291 1408 370 1447 geli,
387 1409 419 1437 in
438 1409 529 1445 quus
544 1406 700 1437 honorem
720 1405 798 1435 haec
817 1404 950 1434 ecclesia
965 1407 1145 1434 constructa
1161 1407 1223 1439 est,
1237 1403 1300 1432 fes-

292 1461 466 1492 tivitatibus
483 1464 514 1490 et
528 1469 584 1499 per
599 1464 668 1489 octo
683 1458 752 1488 dies
765 1458 952 1488 festivitates
964 1458 1048 1496 ipsas
1059 1455 1245 1486 immediate
1255 1464 1300 1486 se-

291 1518 425 1554 quentes
436 1537 443 1550 ,
459 1513 672 1543 visitaverint.

333 1580 347 1595 ι
360 1568 434 1598 Vite
450 1567 632 1606 perempnis
642 1566 782 1604 gloria...
794 1566 913 1595 —Dat.
926 1564 1010 1604 apud
1023 1564 1300 1600 Urbemveterem,

291 1622 388 1652 nonis
401 1621 487 1660 julii,
507 1629 594 1650 anno
612 1620 716 1650 tertio.
735 1632 749 1647 1>
768 1619 920 1659 (Porre,
938 1617 1061 1657 23310.)

867 1714 994 1748 Orvieto,
1012 1714 1026 1740 7
1039 1713 1135 1748 juillet
1152 1713 1229 1740 1290.

336 1793 375 1823 In
395 1802 422 1823 e.
440 1801 485 1823 m.
507 1793 642 1823 eisdem.
667 1791 809 1821 Eandem
835 1790 1071 1828 indulgentiam
1095 1789 1240 1820 concedit
1257 1790 1303 1820 eis

295 1847 353 1886 qui
382 1846 547 1876 ecclesiam
582 1868 602 1876 ..
636 1844 813 1875 abbatissae
849 1848 880 1874 et
910 1847 1086 1873 conventus
1118 1843 1303 1873 monasterii

295 1900 430 1931 Sanctae
449 1899 572 1929 Mariae
594 1899 629 1928 in
649 1898 746 1928 Silice
771 1898 809 1927 de
831 1896 923 1927 Valle
945 1896 1124 1932 Montonis‚
1146 1896 1304 1934 Signinae

295 1953 471 1988 dioecesis,
499 1952 622 1983 ordinis
653 1956 780 1981 sanctae
810 1950 940 1986 Clarae,
968 1949 1003 1979 in
1031 1949 1168 1987 singulis
1193 1949 1304 1980 beatae

295 2007 418 2038 Mariae
444 2005 669 2036 festivitatibus
693 2009 722 2034 et
746 2013 801 2043 per
823 2008 892 2034 octo
920 2004 987 2033 dies
1011 2003 1196 2033 festivitates
1217 2003 1303 2042 ipsas

295 2060 481 2091 immediate
499 2062 684 2098 sequentes,
700 2057 912 2087 visitaverint.

338 2126 351 2141 α
376 2114 474 2150 Virgo
494 2111 562 2152 (sic)
583 2111 811 2142 venustissima
834 2114 901 2141 et...
927 2127 966 2132 —
988 2110 1061 2140 Dat.
1091 2114 1126 2140 ut
1154 2118 1260 2149 supra.
1286 2122 1300 2137 n

293 2167 446 2207 (Po‘rTn.,
465 2165 591 2205 23311.)

366 2359 482 2388 2855
839 2357 971 2392 Orvieto,
990 2358 1028 2384 1⁰¹·
1040 2358 1135 2392 juillet
1151 2357 1230 2386 1290.

333 2436 516 2471 Dispensatio
534 2435 718 2463 matrimonii.
736 2434 820 2468 (Rau.
836 2434 869 2462 45
880 2456 887 2468 ‚
904 2443 929 2462 c.
947 2434 1010 2469 254,
1026 2434 1046 2461 f.
1064 2435 1097 2462 46
1112 2436 1160 2468 r0.)

341 2553 509 2582 Venerabili
521 2553 616 2589 fratri
631 2575 651 2583 ..
668 2552 888 2589 archiepiscopo
907 2552 1123 2580 Terraconensi
1136 2551 1305 2582 committit

296 2610 455 2646 quatenus
474 2614 546 2635 cum
575 2605 759 2642 Bernardo,
786 2609 859 2634 nato
887 2603 1043 2634 Bernardi
1067 2604 1251 2642 Laurentii,
1274 2609 1304 2635 et

295 2660 456 2698 Emperia,
474 2664 546 2689 nata
563 2658 731 2689 Michaelis
749 2657 904 2694 Botherii,
920 2657 1041 2687 civibus
1058 2658 1301 2688 Terraconensi-

295 2712 373 2749 bus,
400 2712 562 2751 dispenset
587 2716 638 2748 nt,
658 2720 844 2750 quanquam
871 2716 985 2750 quarto
1013 2711 1303 2749 consanguinitatis

296 2766 395 2805 gradu
425 2765 606 2803 conjuncti,
624 2768 743 2801 tamen,
763 2764 803 2794 ad
828 2764 984 2794 sedandas
1008 2764 1194 2794 inimicitias
1219 2764 1304 2794 inter

297 2819 554 2857 consanguineos
576 2819 720 2854 obortas,
743 2818 988 2848 matrimonium
1012 2818 1096 2848 inter
1117 2826 1151 2847 se
1177 2821 1302 2848 contra-

297 2873 372 2903 here
390 2873 523 2902 valeant.

339 2939 353 2952 «
371 2926 517 2955 Exhibita
529 2925 620 2955 uobis
633 2924 779 2955 dilecti...
791 2941 831 2946 —
843 2924 913 2954 Dat.
925 2923 1007 2963 apud
1023 2924 1301 2962 Urbemveterem‚

298 2978 445 3009 kalendis
460 2978 544 3017 julii,
562 2986 647 3008 anno
666 2978 768 3008 tertio.
791 2989 806 3004 »

1452 417 1569 446 2858

1416 479 1543 507 Licentia
1559 480 1682 507 habendi
1696 479 1831 515 capellam
1847 482 1875 506 et
1891 477 2105 505 coemeterium.
2122 476 2204 511 (Rae.
2221 477 2266 512 45,
2281 485 2307 506 c.
2321 477 2384 514 255,

1381 531 1400 558 f.
1420 531 1452 559 46
1468 537 1512 562 r⁰;
1530 530 1596 558 Lar.
1613 539 1648 558 nu
1663 530 1762 565 Tui-2111,
1779 529 1832 562 111,
1854 529 1925 563 178.)

1965 414 2092 445 Orvieto.
2112 415 2142 442 13
2154 414 2218 450 juin
2236 415 2314 442 1290.

1428 632 1597 663 Venerabili
1619 633 1716 670 fratri
1739 654 1759 662 ..
1779 632 1910 670 episcopo
1931 629 2107 668 Ayennensi
2125 629 2256 659 mandat
2275 633 2385 668 quate-

1383 696 1445 716 nus
1469 709 1487 716 ..
1516 685 1712 726 praeceptori
1734 689 1764 715 et
1788 685 1938 715 fratribus
1963 683 2128 722 hospitalis
2150 691 2325 722 pauperum
2347 683 2398 716 do-
2424 670 2425 675 ¹

1385 740 1484 770 Ponte
1501 739 1538 769 de
1556 740 1661 778 Baysa
1680 737 1918 769 Misericordiae
1935 737 1972 767 de
1987 736 2144 767 Condivio
2156 758 2164 772 ‚
2184 736 2386 774 Agennensis
2408 775 2410 779 y

1383 793 1557 829 dioecesis,
1579 791 1759 822 facultatem
1776 791 1928 821 concedat
1942 789 2081 820 habendi
2097 789 2264 829 capellam,
2283 789 2387 829 capel-

1383 847 1494 877 lanum
1513 850 1543 876 et
1557 845 1782 876 coemeterium
1801 845 1937 884 propria.

1425 912 1439 927 «
1462 900 1504 929 Ex
1521 904 1608 939 parte
1626 899 1853 929 dilectorum...
1869 914 1908 920 -—
1926 897 1995 928 Dat.
2011 896 2095 936 apud
2112 896 2385 935 Urbemveterem,

1384 952 1491 983 idibus
1506 953 1602 992 junii,
1620 961 1706 983 auno
1723 952 1824 982 tertio.
1845 963 1858 978 n

1454 1126 1569 1156 2852
1959 1122 2086 1155 Orvieto,
2103 1123 2117 1149 7
2131 1121 2226 1157 juillet
2242 1121 2319 1150 1290.

1418 1188 1537 1216 Collatio
1554 1188 1695 1215 beneficii.
1713 1187 1796 1221 (Rea.
1814 1187 1856 1219 45,
1876 1194 1901 1213 c.
1918 1185 1981 1217 256,
2000 1185 2019 1213 f.
2036 1185 2069 1212 46
2085 1190 2129 1218 r⁰;
2148 1183 2215 1212 Lar.
2231 1192 2267 1212 nu
2281 1183 2402 1222 Tnmlj

1382 1238 1433 1270 111,
1454 1238 1525 1270 179.)

1424 1341 1563 1379 Capitulo
1585 1342 1702 1371 ecclesie
1719 1340 1823 1370 Sancti
1846 1339 1953 1368 Fursei
1969 1336 2167 1374 Peronensis,
2183 1337 2325 1367 Noviome
2353 1337 2392 1361 ,·;-

1383 1390 1523 1431 diocesis,
1541 1394 1723 1424 facultatem
1740 1392 1884 1423 concedit
1898 1391 2084 1422 conferendi
2099 1390 2289 1420 decanatum
2305 1390 2392 1430 ejus

1383 1448 1455 1478 dem
1473 1447 1635 1484 ecclesiae,
1652 1447 1708 1486 qui
1725 1450 1811 1476 tauto
1830 1451 1971 1484 tempore
1988 1444 2110 1474 vacavit
2124 1443 2208 1483 quod
2225 1442 2266 1473 ad
2281 1442 2394 1474 sedant

1383 1501 1588 1540 apostolicam
1605 1500 1731 1531 collatio
1749 1500 1818 1539 ejus
1833 1498 1982 1529 devoluta
1997 1501 2054 1528 est.

1426 1567 1441 1583 «
1458 1555 1634 1585 Desideriis
1650 1556 1763 1585 vestris
1778 1555 1851 1583 in...
1869 1570 1907 1574 —
1924 1553 1995 1582 Dat.
2012 1551 2097 1591 apud
2113 1550 2383 1582 Urbemvetere·¹

1385 1609 1481 1640 nonis
1493 1608 1582 1648 julii,
1599 1616 1686 1639 anno
1703 1607 1806 1638 tertio.
1826 1620 1838 1633 υ

1939 1783 2068 1815 Orvieto,
2088 1783 2116 1810 11
2131 1783 2228 1818 juillet
2242 1781 2320 1810 1290.

1420 1851 1554 1878 Facultas
1569 1848 1737 1877 absolvendi
1751 1857 1767 1875 a
1781 1848 1929 1875 canonicis
1945 1845 2107 1873 sententiis.
2125 1845 2208 1880 (Reo-
2226 1845 2268 1877 45.
2285 1852 2311 1872 c.
2328 1842 2390 1875 257

1383 1901 1404 1929 f.
1421 1900 1454 1928 46
1469 1907 1510 1933 r⁰;
1529 1900 1597 1927 LAP.
1614 1908 1648 1927 nu
1662 1898 1761 1934 Tuam,
1779 1892 1831 1932 111,
1850 1897 1923 1931 180.)
2388 1891 2390 1893 ’

1425 2005 1534 2034 Dilecto
1549 2003 1615 2040 filio
1634 2002 1682 2038 G.,
1699 2002 1786 2031 electo
1801 2000 1966 2035 Anitz'ensi,
1983 1997 2165 2029 facultatem
2181 1995 2327 2028 concedit
2345 2010 2348 2021 ε
2366 2009 2383 2034 ,;

1385 2055 1531 2088 solvendi
1550 2054 1705 2095 praelatos
1724 2058 1754 2084 et
1772 2052 1903 2083 clericos
1919 2052 1976 2091 qui
1992 2060 2048 2091 pro
2061 2049 2342 2089 transgressiones
2361 2071 2363 2074 .

1384 2115 1525 2142 tutorum
1544 2110 1576 2140 in
1597 2108 1759 2139 Anitiensi
1776 2106 1908 2137 ecclesia
1924 2115 1941 2136 a
1956 2105 2120 2136 Clemente
2136 2113 2214 2144 papa
2236 2103 2304 2134 1111
2324 2103 2345 2133 f
2387 2122 2399 2131 .-
2448 2103 2449 2106 ’

1385 2169 1491 2195 torum
1515 2163 1685 2193 canonicas
1704 2160 2112 2195 sententias-incurrerint,
2129 2158 2231 2189 donec
2254 2165 2333 2198 papa
2358 2153 2381 2182 z'i

1384 2218 1453 2257 ipso
1468 2216 1566 2247 electo
1585 2215 1635 2245 his
1651 2215 1776 2245 statutis
1792 2215 1907 2245 certior
1922 2214 2024 2244 factus
2041 2213 2148 2243 fuerit.

1426 2283 1441 2299 «
1460 2270 1551 2301 Circa
1566 2273 1681 2299 statum
1699 2268 1916 2298 Auitiensis...
1936 2283 1975 2289 —
1992 2266 2064 2296 Dat.
2080 2265 2164 2306 apud
2182 2265 2344 2296 Urbemve
2362 2277 2386 2291 ι

1385 2333 1466 2362 rem,
1482 2333 1502 2354 v
1517 2323 1589 2353 idus
1604 2321 1689 2361 julii,
1706 2330 1792 2352 anno
1809 2321 1912 2352 tertio.
1932 2332 1946 2348 ιι

1456 2497 1572 2526 2859
1952 2494 2080 2526 Orvieto,
2098 2494 2130 2521 14
2143 2493 2207 2530 juin
2225 2493 2303 2521 ¹290.

1420 2559 1532 2587 Creatio
1558 2559 1795 2595 poenitentiariae
1820 2558 1848 2585 in
1872 2557 2041 2585 Caturcensi
2067 2555 2199 2584 ecelesia.
2226 2555 2308 2590 (Rm.
2337 2546 2387 2585 45,

1384 2618 1410 2638 c.
1426 2610 1489 2644 258,
1505 2610 1524 2636 f.
1542 2609 1575 2637 46
1591 2615 1634 2643 r⁶;
1652 2608 1718 2636 Lar.
1737 2617 1771 2636 nu
1786 2608 1886 2640 Tuan..
1901 2606 1967 2641 111.)
2354 2603 2381 2612 '¹'

1429 2713 1598 2742 Venerabili
1615 2712 1710 2749 fratri
1729 2734 1750 2741 ..
1769 2713 1903 2749 episcopo
1921 2710 2100 2740 eatur-censi
2117 2707 2301 2738 facultatem
2320 2709 2392 2732 *¹2³

1384 2765 1467 2796 cedit
1482 2764 1611 2794 creandi
1627 2765 1659 2794 in
1676 2763 1863 2795 Caturcensi
1877 2762 2020 2799 ecclesia,
2035 2762 2069 2792 in
2084 2770 2147 2801 qua
2160 2759 2381 2792 beneflcioffl'

1383 2818 1509 2850 collatio
1529 2819 1567 2848 ad
1594 2819 1698 2857 ipsum
1722 2818 1904 2858 episcopum
1926 2816 2079 2856 pertinet,
2102 2818 2132 2846 et
2155 2823 2266 2846 eorum
2284 2821 2337 2844 cer
2356 2817 2387 2839 1':

1385 2881 1538 2903 numerus
1554 2875 1615 2905 est.
1634 2881 1732 2902 unam
1748 2871 1955 2909 dignitatem,
1974 2868 2259 2900 Poenitentiariam
2277 2875 2319 2897 vu*
2336 2870 2384 2899 μ’·

1383 2927 1462 2956 riter
1478 2930 1708 2964 nuncupatam,
1726 2929 1754 2955 et
1771 2924 1957 2956 conserendi
1975 2932 2057 2953 eam.
2365 2955 2370 2958 q

1426 2991 1440 3006 α
1462 2979 1648 3010 Devotionis
1665 2983 1716 3009 tue
1735 2983 1913 3009 meretur...
1929 2993 1969 3000 —
1985 2977 2055 3006 Dat.
2074 2975 2156 3015 apud
2178 2974 2358 3006 Urbemve·
2382 2986 2389 2995 »

1384 3041 1464 3071 rem,
1481 3042 1558 3062 xviu
1577 3032 1730 3063 kalendas
1745 3031 1832 3071 julii,
1852 3038 1937 3061 anno
1954 3030 2055 3060 tertio.
2076 3040 2090 3056 »
