2342 3652
923 380 1175 427 QUATRIEME
1198 378 1354 418 ANNnE.

95 463 241 500 magistri
279 466 310 491 et
342 461 476 491 fratrum
518 460 684 499 hospitalis
723 459 955 490 Stelliferorum
992 456 1099 486 Sancti

95 515 257 546 Francisci
274 516 307 544 in
325 514 411 544 Pede
430 515 549 544 Montis
566 514 748 552 Pragensis,
764 514 803 543 ad
822 521 987 543 romanam
1005 511 1100 541 eccle-

97 569 178 598 siam
198 567 288 597 nullo
306 567 412 597 medio
434 567 643 606 pertinentis,
666 568 788 598 ordinis
808 567 840 597 S.
861 566 1052 604 Augustini,
1071 569 1101 595 et

95 621 251 660 priorum,
266 624 425 650 rectorum
439 625 470 650 et
484 621 618 650 fratrum
631 621 838 660 prioratuum,
851 619 1057 658 hospitalium
1071 623 1101 648 et

96 673 316 703 membrorum
335 673 438 702 eidem
459 673 608 712 hospitali
626 673 803 712 plenojure
819 673 1049 711 subjectorum,
1067 674 1101 701 ut

94 726 133 756 ad
149 726 317 764 hospitale,
336 727 495 764 prioratus
514 731 543 756 et
559 727 702 756 membra
721 727 878 766 praedicta
895 726 1101 765 personaliter

95 780 292 817 accedentes»,
313 789 350 809 ea
365 780 529 818 corrigant
544 784 574 810 et
589 781 772 811 reforment.

137 845 150 860 α
171 833 230 863 Pia
251 833 413 863 desideria
429 833 654 863 devotorum...
675 850 716 856 —-
731 834 801 863 Dat.
821 833 904 872 apud
923 833 1099 863 Urbemve-

96 892 206 923 terem,
224 886 331 916 idibus
349 887 467 923 martii,
485 895 570 917 anno
586 891 707 926 quarto.
728 899 741 914 n

631 1030 762 1064 orvieto,
779 1030 812 1057 ⁵26
829 1030 932 1056 fevi-ier
949 1026 1027 1056 1291.

163 1032 410 1060 48944895

130 1093 273 1120 Hem-icus
281 1093 454 1120 Laventinae
465 1093 604 1120 ecclesia(-
615 1093 770 1127 episcopus
778 1091 950 1126 praeficitur.
964 1091 1044 1122 (Rau.
1055 1091 1098 1124 46,

94 1143 328 1174 c.99.f.191·⁰.›

131 1238 273 1275 Ηεηνϊεο,
288 1239 420 1275 episcopo
433 1238 604 1266 Lavenctno.
623 1236 763 1265 Vacante
775 1234 907 1264 ecclesia
923 1235 1099 1264 Laventina

96 1299 149 1329 per
166 1290 407 1320 translationem
425 1289 609 1322 Ch‘unradi,
636 1292 709 1317 tunc
725 1287 867 1326 ejusdem
887 1288 1042 1326 episcopi,
1059 1287 1099 1317 ad

94 1343 399 1381 archiepiscopatum
415 1342 710 1379 Salzeburgensem,
724 1350 802 1379 papa
816 1341 1005 1375 Henricum,
1025 1345 1099 1371 tunc
1116 1378 1119 1381 .

94 1396 283 1426 canonicum
308 1395 611 1432 Salzeburgensem,
633 1394 830 1432 supplicante
856 1394 965 1423 eodem
985 1394 1098 1424 Chun-

95 1449 186 1485 rad0‚
214 1448 409 1478 Laventinae
434 1447 584 1477 ecelesiae
613 1448 794 1487 episcopum
825 1447 988 1486 praefecit,
1006 1448 1099 1486 eique

94 1510 150 1540 per
181 1502 231 1538 L.,
263 1501 444 1531 Ostiensem
476 1501 675 1539 episcopum,
704 1509 823 1530 munus
854 1501 1099 1530 consecrationis

95 1554 240 1593 impendi
257 1554 340 1584 fecit.

137 1619 150 1634 α
169 1608 259 1637 Inter
274 1607 364 1637 varia
378 1608 651 1645 innumeraque...
675 1623 709 1628 —
733 1606 804 1636 Dat.
823 1606 906 1644 apud
922 1607 1098 1637 Urbemve-

96 1665 206 1697 terem,
224 1670 271 1690 1111
286 1660 441 1690 kalendas
456 1661 576 1698 martii,
594 1669 680 1690 anno
696 1663 818 1698 quarto.
839 1672 852 1686 n

134 1713 171 1743 In
188 1723 215 1743 e.
233 1723 277 1743 m.
298 1735 320 1742 ..
338 1713 515 1752 praeposito
531 1717 561 1743 et
577 1712 714 1751 capitulo
735 1712 886 1742 ecclesiae
903 1713 1099 1742 Laventinae

94 1767 225 1797 mandat
236 1770 270 1796 ut
280 1766 384 1796 eidem
394 1767 538 1805 episcopo
548 1766 684 1796 debitam
692 1765 907 1796 obedientiam
915 1766 1096 1804 praebeant.

163 1911 281 1939 4696

134 1972 316 2007 Dispensatio
330 1980 418 2007 super
429 1972 541 1999 defectu
554 1973 698 1999 natalium.
712 1972 793 2007 (Rau.
807 1973 850 2006 46,
862 1981 887 1999 e.
904 1974 962 2004 100,
976 1974 993 2000 f.
1007 1974 1038 2001 v19
1047 1975 1098 2006 vv.)

678 1910 808 1945 Orvieto,
825 1912 839 1936 Ἰ
856 1919 932 1937 mars
949 1911 1026 1938 1‘291.

137 2090 156 2097 ..
175 2068 390 2097 archidiacono
407 2068 559 2097 Tervisino
576 2067 716 2102 mandat,
737 2068 881 2097 ..abbate
896 2073 925 2098 et
942 2074 1100 2099 conventu

95 2120 279 2150 monasterii
297 2120 336 2149 de
351 2120 511 2155 Nervisia,
530 2120 652 2149 ordinis
666 2120 696 2150 S.
717 2121 895 2158 Benedicti,
912 2122 1100 2152 Tervisinae

93 2173 264 2208 dioecesis,
285 2173 558 2212 supplicantibus,
580 2178 614 2203 ut
630 2182 701 2203 cum
722 2175 872 2209 Artusio,
892 2180 965 2204 nato
984 2175 1101 2205 nobilis

92 2226 153 2255 viri
171 2225 329 2255 Manfredi
347 2225 386 2255 de
402 2226 619 2262 Lesmamnis,
637 2226 750 2257 clerico
769 2227 801 2256 in
822 2228 1003 2257 minoribus
1018 2229 1100 2258 ordi-

92 2278 189 2308 nibus
203 2279 384 2315 constituto‚
398 2278 554 2308 monacho
569 2279 714 2318 ejusdem
729 2281 926 2317 monasterii,
938 2281 1101 2319 dispenset

94 2335 145 2367 ut,
163 2339 228 2360 non
246 2331 394 2361 obstante
409 2331 532 2361 defectu
551 2332 706 2361 natalium
723 2342 817 2371 quem
834 2334 951 2371 patitur
967 2343 982 2362 e
998 2334 1099 2364 soluto

92 2383 220 2422 genitus
238 2387 269 2413 et
287 2383 404 2420 soluta,
423 2384 461 2413 ad
481 2392 592 2414 omnes
607 2384 736 2414 ordines
753 2386 932 2423 promoveri
948 2390 977 2415 et
992 2386 1030 2415 ad
1047 2395 1098 2416 re-

91 2436 220 2481 gulares
236 2436 365 2466 ordines
382 2436 432 2466 vel
451 2437 611 2467 abbatiam
632 2438 681 2467 sui
701 2438 825 2468 ordinis
845 2439 965 2468 assumi
984 2439 1096 2469 valeat.

91 2490 163 2520 Jam
181 2489 265 2519 idem
284 2489 472 2519 mandatum
500 2513 518 2519 ..
542 2490 687 2529 episcopo
706 2492 872 2522 Tervisino
892 2493 1100 2522 mandaverat

92 2551 186 2582 papa,
215 2543 270 2573 sed
296 2543 352 2573 ille
377 2544 517 2582 corporis
541 2544 729 2574 infirmitate
753 2550 901 2583 gravatus
928 2546 960 2575 id
986 2547 1098 2584 exequi
1136 2585 1137 2592 ἵ

93 2604 157 2626 non
172 2600 327 2634 potuerat.

135 2660 149 2675 (ι
167 2649 398 2687 Significarunt
409 2649 502 2679 nobis
519 2649 664 2680 dilecti...
680 2666 720 2673 —
736 2651 806 2681 Dat.
821 2652 904 2690 apud
920 2652 1097 2682 Urbemve-

95 2707 206 2738 terem,
223 2702 318 2731 nonis
334 2702 454 2741 martii,
470 2711 555 2732 anno
571 2707 694 2741 quarto.
713 2716 726 2730 ²

162 2845 278 2874 489!

129 2907 313 2943 Dispensatio
329 2916 417 2942 super
432 2908 590 2942 pluralitate
607 2909 821 2936 beneficiorum.
837 2909 918 2944 (Rae.
932 2911 975 2942 46,
992 2918 1016 2936 ο,
1036 2910 1094 2942 101,

91 2957 111 2984 s.
131 2957 161 2985 19
178 2959 231 2990 νο.)

660 2846 786 2882 Orvieto‚
806 2849 836 2874 15
854 2856 929 2874 mars
948 2848 1024 2875 1991.

132 3052 274 3090 ,llayistro
290 3051 423 3081 Johannz·
438 3053 473 3081 de
489 3052 622 3090 Oseville,
643 3054 858 3084 archidiacono
875 3055 1024 3092 Helyensz,
1044 3063 1094 3083 ca-

2128 390 2188 420 675

1179 456 1300 493 petrano
1327 461 1441 485 nostro.
1474 455 1643 494 Dispensat
1673 464 1744 485 cum
1774 464 1829 492 eo,
1861 455 1917 494 qui
1949 456 2114 486 ecclesiam
2146 457 2185 486 de

1184 508 1346 546 Brayton,
1376 508 1584 538 Eboracensis
1618 508 1789 542 dioecesis,
1829 514 1860 537 et
1889 507 2184 540 archidiaconatum

1182 560 1378 599 Helyensem
1389 561 1522 590 insimul
1537 570 1591 600 per
1601 561 1681 591 duos
1696 569 1798 590 annos
1812 561 1881 590 sine
1894 561 2083 600 apostolicae
2100 562 2182 592 sedis

1181 613 1418 652 dispensatione
1435 614 1582 649 detinuit,
1607 614 1660 644 sed
1686 614 1853 643 ecclesiam
1873 619 1979 652 postea
1996 615 2180 653 resignavit,

1183 672 1216 696 ut
1233 667 1526 697 archidiaconatum
1544 668 1682 697 retinere
1698 667 1805 706 possit.

1224 732 1236 746 α
1264 720 1379 749 Petitio
1405 724 1457 749 tua
1480 720 1609 749 nobis...
1634 735 1674 742 —
1698 720 1768 749 Dat.
1792 720 1876 758 apud
1903 721 2179 758 Urbemveterem,

1183 773 1288 802 idibus
1304 773 1422 809 martii,
1439 782 1524 803 anno
1541 777 1663 811 quarto.
1685 785 1697 799 n

1252 944 1368 972 4898
1749 944 1874 974 Orvieto,
1893 944 1926 970 ‘23
1942 952 2018 971 mars
2036 946 2112 972 1291.

1216 1005 1421 1032 Monasterium
1437 1005 1471 1031 de
1487 1005 1677 1031 lntermontes
1694 1005 1865 1032 monasterio
1881 1005 1978 1032 Sancti
1996 1006 2059 1032 Rufi
2078 1006 2188 1033 Valen-

1182 1055 1241 1081 tino
1257 1054 1420 1088 subjicitur.
1438 1053 1520 1086 (ΗΕΘ.
1539 1054 1581 1085 46,
1599 1062 1623 1081 c.
1644 1054 1702 1084 10²2,
1720 1055 1738 1081 f.
1758 1054 1790 1081 19
1806 1059 1857 1086 vo.)

1224 1179 1243 1185 ..
1259 1157 1359 1185 abbati
1372 1160 1397 1184 et
1409 1156 1569 1185 conventui
1583 1157 1758 1184 monasterii
1770 1157 1875 1186 Sancti
1888 1157 1954 1193 Rufi
1974 1157 2132 1193 Valentini,
2147 1158 2189 1186 ad'

1181 1218 1343 1238 romanam
1360 1209 1511 1238 ecelesiam
1527 1209 1612 1237 nullo
1628 1209 1726 1237 medio
1741 1210 1931 1246 pertinentis,
1947 1211 2065 1239 ordinis
2080 1211 2109 1240 S.
2127 1212 2186 1240 Au-

1181 1263 1308 1300 9ustini.
1331 1261 1507 1291 Confirmat
1528 1261 1763 1291 ordinationem
1781 1271 1844 1300 qua
1862 1262 2034 1298 Robertus,
2057 1263 2185 1293 Geben-

1182 1315 1291 1345 nensis
1311 1315 1488 1353 episcopus,
1507 1315 1735 1344 monasterium
1759 1314 1797 1343 de
1816 1315 2043 1350 Intermontes,
2063 1316 2185 1345 ordinis

1182 1368 1215 1398 S.
1233 1367 1428 1405 Augustini,
1445 1367 1559 1397 debitis
1574 1372 1757 1405 gravatum,
1778 1369 2051 1398 consentientibus
2072 1369 2185 1398 abbate

1183 1427 1212 1451 et
1228 1425 1386 1450 conventu
1406 1420 1444 1449 de
1461 1420 1698 1455 Habundantia,
1719 1420 1835 1458 quibus
1852 1421 1936 1450 idem
1955 1422 2185 1451 monasterium

1182 1474 1358 1513 subjectum
1381 1477 1464 1509 erat,
1488 1474 1679 1503 monasterio
1702 1473 1809 1503 Sancti
1828 1473 1903 1503 Rufi
1920 1474 2091 1504 Valentino
2108 1475 2184 1504 sub-

1179 1528 1266 1567 jecit.

1224 1593 1236 1607 a
1255 1581 1335 1610 Cum
1352 1589 1370 1610 a
1388 1580 1517 1609 nobis...
1542 1596 1580 1601 —
1597 1579 1668 1608 Dat.
1688 1580 1771 1617 apud
1790 1579 2068 1615 Urbemveterem,
2092 1589 2109 1609 x
2127 1579 2183 1609 ka-

1181 1634 1293 1664 lendas
1309 1633 1430 1672 aprilis,
1449 1641 1533 1662 anno
1552 1635 1674 1671 quarto.
1695 1644 1708 1659 ι»

1251 1806 1367 1834 4699
1749 1804 1878 1835 Orview,
1897 1804 1928 1830 ‘27
1945 1812 2020 1830 mars
2040 1804 2112 1830 1⁶:91.

1218 1868 1350 1895 Facultas
1364 1868 1460 1894 utendi
1472 1867 1554 1902 pileis
1565 1867 1626 1893 sive
1638 1867 1764 1893 almutiis
1775 1867 1802 1892 in
1812 1867 1916 1893 divinis
1925 1867 2033 1893 officiis.
2047 1866 2128 1899 (Rae.
2141 1866 2184 1900 46,

1138 1900 1140 1906 ’
1182 1926 1206 1944 c.
1229 1918 1289 1949 103,
1307 1918 1326 1943 f.
1348 1917 1376 1944 19
1393 1917 1444 1949 vo.)

1225 2043 1244 2049 ..
1262 2019 1362 2058 priori
1378 2025 1403 2048 et
1419 2020 1579 2048 conventui
1598 2019 1776 2046 monasterii
1792 2018 1825 2046 cle
1840 2018 1966 2054 Suwylc,
1983 2026 2036 2054 per
2050 2019 2183 2053 priorem

1182 2076 1267 2103 solita*
1282 2074 1458 2111 (lichernarzss,
1482 2072 1597 2101 ordinis
1622 2072 1650 2101 5.
1676 2071 1850 2108 Auyuslini,
1876 2072 2097 2108 Wynlont'ensis
2118 2071 2184 2098 clio-

1183 2129 1272 2163 cest's,
1289 2126 1473 2156 facultatem
1491 2125 1636 2155 concedit
1657 2123 1747 2162 pileis
1769 2124 1836 2153 sive
1851 2123 1994 2153 almutiis
2010 2123 2114 2153 eidem
2131 2132 2184 2153 or-

1182 2181 1250 2211 dini
1267 2180 1518 2218 congruentibus
1534 2179 1567 2207 in
1592 2177 1712 2207 divinis
1735 2177 1848 2206 officiis
1867 2177 1997 2213 utendi;
2016 2177 2059 2205 ita
2079 2181 2182 2206 tamen

1182 2234 1263 2264 utin
1282 2234 1416 2263 lectione
1440 2231 1621 2269 evangelica
1645 2236 1673 2260 et
1694 2231 1728 2259 iu
1752 2230 1929 2259 elevatione
1949 2231 2089 2268 corporis
2106 2231 2182 2259 Jesu

1182 2288 1303 2318 Christi
1321 2286 1499 2317 reverentia
1517 2285 1621 2315 debita
1636 2285 1834 2314 observetur.

1223 2354 1236 2367 α
1258 2341 1300 2370 Ex
1318 2346 1419 2370 vestre
1435 2338 1649 2369 devotionis...
1667 2355 1705 2358 —
1719 2337 1789 2366 Dat.
1807 2337 1888 2375 apud
1908 2337 2180 2370 Urbemveterem,

1181 2405 1212 2424 vr
1229 2394 1381 2424 kalendas
1397 2392 1517 2431 aprilis,
1533 2400 1618 2421 anno
1636 2395 1758 2429 quarto.
1784 2402 1796 2416 »

1249 2571 1367 2599 47⁰⁰
1741 2567 1870 2598 Orvieto,
1890 2567 1922 2593 ‘23
1939 2575 2015 2593 mars
2032 2566 2109 2593 1291.

1217 2633 1398 2668 Dispensatio
1414 2639 1501 2666 super
1517 2630 1675 2666 pluralitate
1691 2630 1905 2656 beneficiorum.
1919 2629 1998 2660 (Rae.
2011 2628 2053 2659 46,
2066 2636 2092 2654 c.
2110 2628 2180 2661 1032,

1178 2685 1196 2711 f.
1214 2684 1247 2710 20
1265 2687 1310 2715 r0.)

1218 2785 1331 2814 Aeardo
1348 2784 1380 2812 de
1397 2784 1492 2819 Lonqo
1509 2783 1610 2816 Proto,
1626 2782 1734 2810 rectori
1750 2779 1862 2809 ecclesie
1878 2780 1911 2808 de
1929 2779 2107 2815 Bemfelden,
2124 2776 2180 2808 Sa-

1179 2837 1369 2867 resbirz'ensz's
1380 2836 1512 2865 diocesis.
1524 2834 1604 2864 Cum
1618 2842 1653 2862 eo
1667 2833 1828 2871 dispensat
1838 2836 1870 2861 ut
1880 2835 2003 2870 praeter
2014 2830 2180 2860 ecelesiam

1178 2892 1216 2920 de
1238 2889 1422 2920 Bemselden
1447 2888 1577 2917 unicum
1600 2886 1688 2915 aliud
1712 2885 1961 2915 ecclesiasticum
1988 2884 2179 2914 beneficium

1179 2944 1317 2981 recipere
1334 2947 1363 2971 et
1379 2942 1514 2970 retinere
1534 2939 1645 2969 valeat.

1219 3008 1232 3022 «ι
1250 2997 1410 3026 Virtutum
1433 2994 1545 3023 merita
1563 2992 1717 3031 quibus...
1739 3006 1779 3014 —
1803 2991 1872 3019 Dat.
1898 2989 1981 3029 apud
2002 2990 2180 3019 Urbemve—

1180 3055 1288 3085 terem,
1309 3058 1325 3077 x
1341 3047 1493 3077 kalendas
1509 3045 1630 3084 aprilis,
1648 3054 1733 3075 anno
1750 3047 1874 3083 quarto.
1893 3054 1906 3070 n
