2477 3637
253 361 292 391 34
1004 358 1238 389 REGISTRES
1262 359 1316 388 DE
1336 358 1521 389 NICOLAS
1543 358 1599 388 [V.

836 424 929 457 Rieu,
949 424 1093 459 terjuiliet
1112 425 1187 452 1288.

294 490 332 520 In
355 498 383 520 e.
409 498 452 519 m.
478 488 625 526 Hugoni,
643 488 788 526 episcopo
806 486 957 516 Eduensi.
979 487 1050 516 Dat.
1071 487 1181 524 Reate,
1200 487 1259 517 ka-

253 542 359 573 lendis
371 541 464 582 julii,
482 550 567 572 anno
583 541 685 580 primo
701 540 756 579 (1).

820 606 914 637 Rieu,
932 607 964 633 27
978 607 1093 641 janvier
1112 607 1188 634 1289.

294 672 330 701 In
357 680 383 701 e.
405 679 448 699 m.
469 671 645 708 Paparono,
668 669 815 708 episcopo
832 668 1014 707 Spoletano.
1035 669 1105 698 Dat.
1126 669 1258 704 Romae,

252 724 335 763 apud
351 724 500 753 Sanctam
518 723 653 752 Mariam
672 722 842 760 Maj0rem,
860 731 890 751 Vl
907 721 1061 752 kalendas
1084 722 1259 759 februarii,

252 785 337 807 anno
355 776 456 815 primo
471 775 526 815 (2).

323 929 514 957 211-9212

286 992 442 1019 Confirmat
457 992 551 1018 omnia
568 998 640 1025 quae
656 990 831 1024 Get-vasius,
848 992 878 1018 S.
900 991 1013 1018 Martini
1032 991 1183 1026 presbyter
1198 999 1261 1018 car-

252 1041 372 1071 dinalis,
405 1041 470 1067 fecit
499 1044 527 1066 at
556 1040 711 1066 sedandam
736 1040 948 1066 contentionem
978 1041 1051 1066 inter
1082 1040 1261 1074 Stephanum

251 1090 361 1117 dictum
385 1089 511 1116 Surdum
533 1092 560 1115 et
584 1088 705 1115 heredes
728 1088 845 1115 {tobei-ti
868 1088 902 1114 de
924 1088 1088 1123 Wippond,
1107 1096 1195 1123 super
1212 1096 1262 1114 ec-

252 1140 342 1166 elesia
367 1139 401 1165 de
432 1138 625 1173 Byrlicbitor,
662 1137 857 1164 Karleolensis
881 1137 1041 1167 dioecesis,
1077 1138 1260 1164 existentem.

251 1180 335 1215 (Risu.
354 1188 398 1220 44,
413 1196 438 1214 e.
457 1188 517 1221 110,
534 1188 552 1213 f⁴
570 1187 602 1213 27
619 1187 667 1219 ro.)

868 928 958 959 Rieti,
976 928 1009 955 ‘20
1025 930 1092 955 aont
1112 928 1187 955 1288.

288 1284 399 1314 Dilecto
418 1284 483 1321 silio
500 1284 648 1321 Stephano
667 1283 745 1312 dicto
763 1283 880 1319 Sardo,
896 1283 1052 1321 capellano
1072 1288 1191 1319 nostro,
1208 1291 1262 1311 ne-

252 1338 316 1376 polz?
345 1338 416 1366 bone
445 1337 588 1365 memorie
610 1336 657 1371 It,
683 1336 787 1365 Sancte·
809 1337 916 1374 Anqeli
942 1337 1062 1366 diaconi?
1081 1336 1260 1365 cardinalis.

257 1404 269 1416 «ι
338 1390 422 1420 Sane
441 1389 550 1428 petitio
566 1393 618 1418 tua
636 1388 727 1418 nobis
743 1389 887 1419 exhibita
903 1389 1085 1419 continebat
1101 1389 1185 1427 qnod
1204 1389 1262 1418 dn-

249 1445 327 1474 dnm
352 1444 437 1473 inter
464 1447 510 1479 te,
532 1443 587 1481 qui
611 1451 668 1480 pro
690 1447 810 1472 rectore
832 1442 964 1473 ecclesie
987 1444 1025 1473 de
1047 1443 1260 1482 Byrlicbitor,

250 1495 467 1526 Karleolensis
484 1495 631 1533 diocesis,
650 1500 678 1525 te
694 1496 837 1533 gerebas,
853 1505 889 1526 ex
904 1496 1085 1535 provisione
1105 1496 1163 1526 tibi
1181 1496 1263 1526 facta

247 1550 286 1579 de
303 1549 355 1578 illa
375 1555 450 1578 tunc
467 1553 599 1578 vacante
615 1558 670 1587 per
687 1553 821 1579 mortem
838 1549 999 1587 quondam
1015 1549 1161 1587 magistri
1174 1549 1261 1579 Petri

248 1603 287 1633 de
306 1603 463 1641 Piperno,
481 1603 583 1641 ipsius
601 1602 732 1633 ecclesie
751 1603 880 1633 rectoris
892 1627 899 1640 ‚
919 1612 973 1642 per
992 1603 1094 1633 felicis
1113 1604 1261 1634 recorda-

248 1657 345 1687 tionis
373 1656 542 1686 Urbanum
568 1665 679 1695 papam
711 1657 966 1694 predecessorem
1000 1661 1168 1693 nostrum,
1196 1666 1260 1688 non

248 1710 391 1740 obstante
408 1709 434 1738 si
453 1709 593 1747 predicta
610 1709 743 1739 ecclesia
759 1709 797 1738 ad
813 1710 1084 1748 presentationem
1101 1710 1175 1740 laici
1191 1720 1260 1749 per-

249 1764 384 1799 tineret,
404 1771 439 1792 ex
460 1767 548 1801 parte
571 1772 652 1799 una,
670 1767 700 1792 et
718 1763 841 1793 nobiles
859 1763 1012 1793 mulieres
1029 1764 1214 1794 Ysabellam
1234 1768 1264 1795 et

248 1816 428 1853 Ydoneam,
446 1825 580 1848 sorores.
598 1816 682 1846 filias
698 1820 728 1846 et
745 1816 878 1847 heredes
895 1817 1056 1856 quondam
1075 1818 1207 1848 Roberti
1224 1819 1262 1848 de

249 1869 430 1908 WVippond,
450 1873 481 1899 et
497 1869 672 1900 nonnullos
691 1870 907 1908 progenitores
925 1870 1001 1900 dicti
1018 1871 1147 1901 Roberti
1162 1896 1167 1907 ‚
1185 1872 1261 1901 dum

247 1923 411 1959 viverent⁷
429 1922 486 1961 qui
511 1923 545 1951 in
571 1923 654 1953 dicta
673 1923 804 1953 ecclesia
826 1924 879 1962 jus
896 1929 1079 1962 patronatus
1096 1934 1128 1954 se
1144 1925 1261 1955 hahere

247 1975 416 2010 dicebant,
435 1980 464 2005 et
487 1976 694 2014 quamplures
718 1976 798 2007 alios
816 1977 855 2006 ab
870 1977 915 2007 eis
930 1977 970 2007 ad
988 1978 1142 2016 prefatam
1159 1979 1261 2009 eccle-

248 2030 329 2059 siam
346 2034 498 2068 tanquam
515 2029 553 2058 ad
571 2035 734 2059 vacantem
753 2034 1000 2068 presentatos‚et
1013 2032 1163 2071 precipue
1177 2032 1262 2062 inter

249 2082 424 2112 Rohertnm
454 2082 492 2112 de
517 2084 647 2120 Avena,
672 2083 845 2120 clericum,
867 2093 963 2123 quem
997 2085 1106 2114 eedem
1139 2094 1261 2116 sorores

248 2135 425 2165 venerabili
463 2136 552 2165 l'ratri
589 2140 697 2166 nostro
728 2160 755 2166 ..
792 2137 937 2176 episcopo
972 2137 1175 2168 Karleolensi
1190 2163 1197 2176 ‚
1227 2143 1262 2168 nt

249 2189 498 2227 pretendebant,
516 2194 777 2228 presentaverant
791 2190 831 2220 ad
848 2191 1015 2221 ecclesiam
1032 2197 1259 2229 memoratam,

249 2251 284 2271 ex
303 2242 411 2278 altera,
430 2248 497 2272 orta
514 2244 649 2273 materia
659 2244 876 2283 questionis...
893 2257 921 2281 n,
942 2254 1014 2275 cum
1031 2246 1098 2284 Jani
1114 2246 1259 2276 duravis-

249 2300 296 2325 set
320 2305 374 2333 per
398 2296 564 2326 duodecim
587 2306 690 2327 annos
711 2298 788 2328 haec
807 2299 968 2336 quaestio,
988 2304 1050 2329 tam
1069 2299 1171 2329 dictus
1190 2300 1259 2330 Ste-

248 2349 374 2388 phanus
403 2349 526 2379 Surdus
558 2360 654 2389 quam
688 2352 839 2389 magister
869 2352 1051 2391 Stephanus
1080 2353 1118 2382 de
1145 2353 1260 2384 Sancto

248 2402 400 2440 Geoigio,
426 2403 559 2442 scriptor
590 2412 700 2442 papae,
727 2409 757 2434 et
784 2405 994 2436 Eadmundus
1020 2406 1059 2436 de
1082 2407 1257 2444 Wiarl'eld,

248 2460 465 2494 procuratores
489 2457 619 2486 Roherti
644 2456 682 2486 de
701 2458 813 2487 Avena
837 2462 866 2488 et
885 2459 1054 2489 Ysabellae
1077 2464 1106 2489 et
1124 2460 1258 2490 Ydonae

248 2508 498 2547 praedictorum,
519 2510 682 2548 petierunt
703 2511 906 2541 concordiam
931 2512 970 2542 ah
996 2513 1138 2542 Honorio
1160 2521 1256 2552 papa,

248 2562 303 2600 qui
319 2561 357 2591 de
373 2561 506 2592 consilio
525 2562 574 2597 Β.Ί
593 2563 779 2594 Portuensis
797 2565 946 2604 episcopi,
964 2570 994 2594 et
1011 2566 1060 2603 B„
1075 2566 1183 2595 Sancti
1201 2566 1257 2596 Ni-

248 2614 328 2644 colai
344 2615 377 2644 in
399 2616 531 2645 Carcere
550 2615 697 2647 Tulliano
715 2617 840 2648 diaconi
858 2618 1049 2655 cardinalis,
1072 2623 1257 2657 potestatem

248 2669 459 2707 componendi
491 2669 593 2699 honae
629 2671 800 2701 memoriae
831 2671 1004 2709 Gervasio,
1033 2672 1118 2702 tituli
1149 2673 1257 2703 Sancti

250 2721 380 2751 Martini
406 2723 590 2761 presbytero
615 2724 788 2761 cardinali,
810 2725 881 2754 viva
906 2734 980 2756 voce
1002 2727 1175 2757 commisit.
1197 2727 1256 2756 Hic

248 2774 358 2811 igitur,
376 2775 522 2805 relaxans
539 2776 746 2807 interdictum
764 2778 816 2808 cui
833 2779 993 2818 praedicta
1009 2779 1142 2809 ecclesia
1157 2779 1257 2818 ipsius

248 2828 444 2866 quaestionis
460 2831 626 2860 occasione
642 2831 824 2869 subjacebat
838 2857 844 2870 ,
859 2833 957 2871 jussit
971 2833 1171 2872 praedictum
1183 2834 1253 2863 Ste-

250 2879 394 2918 phanum
410 2881 552 2911 Surdum
569 2882 737 2914 ecclesiam
755 2885 856 2924 ipsam
873 2890 902 2916 et
922 2895 1018 2917 omne
1033 2887 1104 2925 jus,
1124 2887 1150 2916 si
1171 2886 1256 2926 quod

282 2987 316 3016 (l)
328 2985 374 3010 Cet
388 2987 420 3010 In
432 2992 452 3010 e.
467 2994 500 3011 m.
514 2990 554 3012 est
568 2989 633 3012 ecrit
646 2996 677 3013 cn
694 2997 791 3021 marge.

282 3030 316 3060 (ᾖ)
330 3031 368 3055 ια.

1342 424 1391 454 illi
1421 425 1618 464 competebat
1644 425 1678 454 in
1702 424 1776 459 illa,
1799 426 1932 456 omnino
1958 426 2136 465 dimittere,
2164 427 2350 467 dictumque

1343 478 1517 508 liebertum
1531 479 1569 508 de
1586 479 1698 508 Avena
1713 479 1838 508 institui
1855 479 1889 508 in
1905 485 2060 510 rectorem
2074 480 2226 511 ecclesiae
2242 489 2349 520 supra-

1341 531 1454 568 dictae,
1471 541 1506 562 ac
1519 532 1658 562 eundem
1675 531 1876 570 Stephanum
1888 532 2030 563 Surdum
2043 534 2255 573 quadraginta
2265 543 2350 564 mar·

1341 584 1417 614 chas
1433 585 1660 623 sterlingorum
1677 585 1842 624 pensionis
1867 586 2011 621 nomine,
2029 587 2124 617 annis
2150 587 2298 626 singulis,
2314 587 2351 617 in

1343 637 1420 668 sesto
1444 638 1525 668 beati
1550 638 1709 669 Johannis
1737 638 1909 677 Baptistae,
1933 639 2016 678 apud
2035 640 2163 670 Novum
2179 639 2350 680 Templum

1343 690 1585 729 Londoniense,
1613 701 1665 730 per
1692 700 1807 722 manus
1835 691 1912 722 dicti
1939 692 2070 723 Roberti
2094 693 2134 723 de
2159 694 2274 724 Avena
2300 692 2352 723 vel

1342 742 1474 774 alterius
1496 745 1626 775 rectoris
1650 745 1794 784 ejusdem
1819 745 1970 776 ecclesiae
1995 746 2051 784 qui
2074 746 2170 777 fuerit
2195 754 2250 785 pro
2270 749 2352 776 tem-

1343 805 1418 835 pore
1433 799 1603 828 annuatim
1622 799 1793 838 percipere.

1384 862 1397 877 α
1424 851 1467 880 Ea
1486 860 1547 890 que
1568 852 1728 890 judicio...
1747 869 1785 873 -—
1803 852 1876 882 Dat.
1896 852 2012 888 Reate,
2033 862 2090 883 1111
2108 852 2262 883 kalendas
2279 861 2351 892 sep-

1344 904 1491 939 tembris,
1509 913 1596 936 anno
1611 906 1724 944 primo.
1747 916 1762 935 »

1383 957 1420 986 In
1437 966 1464 987 e.
1484 967 1526 987 m.
1548 981 1568 987 ..
1595 959 1832 998 archiepiscopo
1852 959 2045 989 Eboracensi
2063 963 2093 989 et
2115 959 2278 998 magistris
2295 959 2351 990 Jo-

1345 1009 1445 1039 hanni
1462 1010 1500 1040 de
1518 1011 1612 1048 Luco,
1630 1011 1738 1042 Sancti
1756 1012 1847 1042 Pauli
1868 1011 2121 1049 Londoniensis,
2137 1021 2173 1042 ac
2188 1011 2353 1042 Guiffredo

1343 1064 1381 1093 de
1398 1063 1538 1100 Vezano,
1557 1064 1798 1096 Cameracensis
1817 1065 2026 1096 ecclesiarum
2042 1065 2222 1102 canonicis,
2237 1065 2353 1096 nuntio

1343 1116 1514 1155 apostolico
1535 1117 1568 1147 in
1587 1118 1716 1156 Anglia,
1733 1119 1865 1149 mandat
1888 1124 1920 1148 ut
1939 1118 2097 1158 praedicta
2117 1119 2243 1154 omnia,
2260 1119 2295 1149 in
2317 1114 2358 1150 eo'

1343 1170 1426 1208 quod
1456 1170 1654 1209 Stephanum
1683 1173 1858 1210 praefatum
1884 1173 2095 1210 contingunt,
2123 1171 2355 1203 inviolabiliter

1344 1222 1506 1252 observari
1527 1223 1653 1254 faciant.

1419 1390 1507 1419 213
1959 1391 2048 1423 Rieu,
2068 1391 2082 1418 3
2095 1390 2190 1426 juillet
2209 1389 2284 1418 ¹288.

1382 1437 1518 1480 Facultas
1533 1453 1731 1488 dispensandi.
1749 1453 1832 1486 (Rso.
1848 1454 1892 1487 44,
1910 1462 1935 1480 c.
1956 1454 2014 1484 111,
2033 1453 2051 1479 f.
2066 1453 2099 1480 27
2116 1458 2167 1483 νῦ.)

1392 1557 1412 1586 V
1412 1557 1546 1586 enei-abitt
1550 1557 1559 1585 ι’
1567 1557 1663 1592 fratre*
1670 1557 1704 1585 N.
1713 1579 1720 1592 ,
1725 1557 1899 1593 patriarche
1906 1557 2163 1593 Jerosolimtcano,
2173 1554 2358 1586 facultatem

1345 1611 1491 1641 concedit
1505 1610 1712 1648 dispensandi
1727 1619 1801 1640 cum
1813 1609 1939 1640 clericis
1950 1609 2182 1649 patriarchatus
2194 1610 2265 1649 ejus
2277 1621 2290 1637 α
2302 1609 2357 1648 qni

1346 1664 1715 1694 excommunicationum
1740 1663 1908 1693 sententiis
1932 1663 2079 1693 innodati
2102 1663 2213 1693 divina
2234 1662 2355 1700 officia,

1346 1726 1411 1748 non
1437 1722 1543 1747 tamen
1565 1718 1599 1747 in
1622 1721 1805 1756 contemptu
1829 1717 1988 1753 clavium,
2013 1716 2216 1746 celebrarunt
2231 1715 2300 1746 sive
2323 1723 2356 1745 se

1345 1771 1527 1801 immiscere
1556 1771 1632 1809 ipsis
1658 1770 1782 1800 offficiis
1814 1774 2093 1809 presumpserunt,
2118 1773 2286 1808 postquam
2315 1767 2357 1798 ab

1346 1826 1468 1855 eisdem
1485 1825 1652 1854 sententiis
1668 1824 1728 1853 rite
1744 1823 1862 1854 fuerint
1875 1823 2023 1860 absoluti,
2039 1831 2134 1861 super
2148 1821 2356 1860 irregularite

1345 1887 1442 1917 quam
1459 1877 1576 1907 exinde
1593 1881 1832 1907 contraxerunt.
1855 1889 1868 1904 r>

1388 1944 1399 1959 «ι
1424 1931 1574 1962 Volentes
1596 1940 1765 1970 personam
1790 1935 1912 1960 tuam...
1933 1946 1971 1951 —-
1987 1930 2058 1959 Dat.
2078 1929 2196 1966 Reate,
2216 1939 2236 1958 v
2254 1937 2355 1959 nonas

1341 1985 1435 2024 julii,
1456 1993 1542 2015 anno
1560 1985 1675 2023 primo.
1695 1997 1707 2010 υ

1415 2153 1503 2180 214
1952 2148 2042 2180 Rieti,
2061 2149 2075 2176 3
2089 2149 2187 2184 juillet
2203 2148 2281 2176 1288.

1380 2214 1512 2241 Facultas
1528 2211 1706 2240 concedendi
1721 2211 1926 2246 indulgentias,
1944 2211 2024 2244 (Rae.
2041 2211 2085 2242 44,
2100 2218 2126 2237 e.
2145 2210 2206 2240 112,
2222 2210 2242 2237 f.
2257 2209 2293 2238 ‘28
2304 2212 2352 2244 νο.)

1382 2318 1486 2347 Eidem
1510 2315 1690 2346 facultatem
1708 2324 1762 2354 per
1783 2314 1961 2344 triennium
1983 2313 2154 2343 valituram
2173 2313 2246 2350 dat,
2269 2321 2351 2352 quo-

1344 2374 1401 2403 ties
1417 2373 1510 2402 illum
1526 2379 1702 2410 proponere
1716 2369 1884 2408 contigerit
1900 2368 2014 2408 populo
2029 2369 2164 2399 verbum
2180 2369 2258 2406 Dei,
2274 2377 2352 2400 con-

1342 2427 1477 2457 cedendi
1493 2425 1643 2455 omnibus
1659 2433 1732 2454 vere
1747 2423 1984 2463 poenitentibus
2001 2427 2032 2452 et
2046 2422 2200 2453 confessis
2215 2422 2255 2453 ad
2269 2421 2353 2454 illud

1341 2479 1541 2510 audiendum
1558 2478 1667 2508 devote
1682 2477 1948 2508 convenientibus
1963 2476 2204 2515 indulgentiam
2219 2480 2351 2506 centum

1341 2534 1478 2564 dierum.

1387 2599 1399 2612 α
1423 2585 1545 2616 Meritis
1562 2589 1614 2615 tue
1629 2584 1844 2615 devotionis...
1864 2601 1902 2606 -—-
1920 2584 1991 2614 Dat.
2011 2588 2164 2623 utsupra.
2189 2595 2202 2610 1>

1412 2754 1500 2782 215
1963 2750 2055 2782 Rieti,
2071 2749 2105 2777 27
2119 2749 2183 2785 Juin
2199 2749 2278 2778 1288.

1377 2817 1509 2844 Facultas
1526 2815 1720 2851 dispensandi.
1737 2815 1819 2850 (Rau.
1837 2815 1880 2846 44,
1895 2823 1920 2841 c.
1940 2814 1999 2846 113,
2018 2814 2035 2840 f.
2053 2813 2087 2841 28
2103 2813 2151 2846 ro.)

1379 2920 1482 2950 Eidem
1510 2918 1692 2949 facultatem
1719 2926 1774 2956 per
1802 2917 1977 2946 triennium
2002 2914 2172 2946 valituram
2200 2915 2347 2947 concedit

1339 2971 1546 3011 dispensandi
1576 2980 1649 3001 cum
1672 2970 1795 3000 clericis
1821 2969 1922 3009 ipsius
1944 2968 2176 3008 patriarchatus
2191 2969 2231 3000 de
2246 2968 2348 3000 soluto

1338 3026 1456 3064 genitis
1479 3030 1509 3055 et
1531 3025 1633 3055 soluta
1660 3029 1693 3055 ut
1714 3024 1749 3054 hi
1769 3023 1808 3055 ad
1827 3029 1939 3054 omnes
1961 3021 2090 3053 ordines
2112 3023 2291 3061 promoveri
2315 3026 2348 3053 et
