2342 3652
681 386 915 425 TROISIEME
938 387 1094 424 ANNEE.
1119 410 1156 414 —
1179 393 1366 423 LETTRES
1388 393 1613 424 CURIALES.

97 463 261 491 assistendo
273 463 365 490 eidem
379 464 519 495 consiliis,
533 464 647 490 auxiliis
659 467 687 489 et
701 462 857 489 favoribus.
873 461 952 493 (Rea.
968 460 1010 494 45,
1024 468 1048 486 e.
1061 459 1105 493 98,

97 514 115 540 f.
136 513 183 540 174
201 514 249 546 ro.)

140 637 160 646 ..
184 616 332 653 maqistro
355 620 381 644 et
401 616 554 652 fratribus
575 615 681 644 (lomus
706 614 815 643 militie
837 613 950 651 Templi
968 612 1106 641 ,lerosolt-

99 669 224 698 milani.

140 733 154 748 α
183 721 270 751 Licet
289 721 382 751 firma
402 725 547 751 nostra...
568 737 607 743 —
633 721 703 749 Dat.
725 719 808 758 apud
832 718 1104 751 Urbemveterem,

98 773 206 803 idibus
223 773 371 810 octobris,
391 782 476 803 anno
497 773 599 803 tertio.
620 785 633 799 ³>

139 826 178 855 In
191 835 218 855 e.
229 834 273 855 m.
286 826 474 864 ..magistro
486 831 516 856 et
526 824 678 856 fratribus
692 819 804 856 domus
815 824 989 863 Hospitalis
1000 823 1108 853 Sancti

97 878 258 909 Johannis
276 879 540 908 Jerosolimitani.

139 932 178 961 In
206 939 234 962 e.
261 940 304 961 m.
335 954 354 960 ..
380 933 536 970 magistro
567 936 597 962 et
621 933 771 962 fratribus
795 932 908 962 domus
933 930 1109 970 Hospitalis

99 983 235 1014 Sanctae
252 984 374 1014 Mariae
388 985 659 1015 Theotonicorum
678 986 711 1014 in
730 986 848 1015 Accon.

138 1038 178 1067 In
194 1046 222 1068 e.
239 1046 283 1067 m.
300 1061 320 1067 ..
339 1037 485 1077 episcopo
501 1039 728 1068 Anteradensi.

139 1090 178 1120 In
194 1099 223 1120 e.
239 1099 283 1120 m.
301 1090 356 1127 H„
379 1099 487 1128 regem
506 1091 621 1130 Cypriv
639 1097 727 1129 rogat
745 1096 779 1121 ut
798 1091 957 1130 praedicto
975 1091 1108 1130 patriar-

99 1143 178 1174 chae
193 1142 349 1180 consiliis,
366 1143 498 1172 auxiliis
515 1148 545 1173 et
560 1144 720 1173 favoribus
735 1144 870 1174 assistat.

141 1209 155 1224 α
172 1196 326 1227 Gerentes
341 1196 428 1226 cordi
445 1197 647 1234 negotium...
662 1215 700 1219 —
718 1197 788 1227 Dat.
808 1202 962 1236 utsupra.
983 1208 995 1224 ι)

170 1370 396 1399 4400-440
401 1371 421 1398 1

135 1431 300 1458 Ina-adicus
320 1431 390 1458 viris
409 1431 522 1457 nuntiat
546 1439 577 1457 se
602 1439 701 1457 eorum
722 1435 853 1466 patentes
872 1432 981 1458 litteras
1002 1432 1037 1457 de
1058 1440 1109 1458 ne-

101 1481 190 1516 gotiis
203 1480 307 1507 Terrae
324 1479 460 1514 Sanctae,
478 1488 529 1515 per
544 1479 588 1509 P..
607 1480 715 1507 ordinis
741 1481 897 1512 minorum,
914 1482 1108 1515 praesentium

101 1530 236 1564 latorem,
253 1530 413 1564 recepisse,
430 1537 538 1563 eosque
559 1529 693 1555 sollicitat
715 1534 744 1555 ut
762 1531 837 1556 circa
862 1530 990 1556 sedulam
1006 1529 1109 1556 Terrae

102 1578 224 1605 Sanctae
238 1578 401 1605 custodiam
416 1578 561 1605 insistant.
579 1578 662 1611 (Rea.
682 1579 723 1609 45,
737 1587 762 1605 c.
776 1580 820 1613 99,
832 1580 850 1605 f,
869 1579 914 1605 174
928 1587 971 1612 vu;
990 1579 1108 1610 Por‘rn„

102 1627 211 1659 23431.)

632 1371 758 1401 Orvieto,
780 1372 808 1398 15
825 1371 940 1398 octobre
958 1370 1035 1398 1290.

140 1730 293 1766 Nicolaus,
307 1734 360 1758 ele.
379 1730 601 1759 Venerabilibus
613 1719 763 1766 fram-'ibas
778 1732 827 1766 N„
843 1733 1019 1769 patriarche
1030 1732 1110 1760 Jero-

99 1784 287 1818 solimitano‚
306 1783 463 1820 apostolice
482 1784 559 1812 sedis
581 1785 691 1821 legyato,
714 1789 740 1813 et
757 1785 956 1822 asepssmpo
980 1785 1110 1823 Tripoli-

102 1841 184 1870 tana,
202 1844 237 1866 ac
258 1837 375 1865 dilectis
392 1837 470 1874 filiis·
483 1838 578 1865 nobili
595 1838 661 1866 viro
677 1838 845 1873 Amalrz'co,
867 1843 935 1866 nato
953 1839 1034 1867 clare
1051 1847 1109 1867 me-

101 1891 197 1919 morie
224 1913 244 1920 ..
267 1891 347 1928 regis
368 1889 468 1928 Cypri,
490 1891 613 1919 (lomina
638 1892 725 1928 Tyri,
753 1914 772 1921 ..

101 1943 264 1979 Hospitalis
281 1943 388 1972 Sancti
408 1943 560 1972 Joliannz‘s
583 1948 608 1972 et
631 1967 650 1972 ..
679 1944 784 1972 Sancte
803 1945 896 1973 ,ναν-ἴε
919 1945 1109 1974 leeolonico-

101 2005 174 2025 ram
189 1996 348 2025 domorum
370 1996 695 2025 Jerosolimmanarum
715 1999 873 2034 mayistrz's
890 2003 916 2026 et
933 1999 1027 2027 nobili
1045 2000 1110 2027 viro

100 2049 235 2078 Johanni
250 2049 285 2078 de
297 2048 398 2086 Grati,
417 2050 572 2087 capitaneo
585 2051 683 2087 gentis
698 2052 852 2079 carissimi
869 2052 900 2079 (ἠ
919 2051 1036 2079 Christo
1049 2052 1110 2087 filie?

101 2103 199 2131 nostri
214 2125 234 2132 ..
249 2103 330 2140 reqis
345 2103 475 2131 Francie
490 2103 622 2132 illustris
636 2104 668 2132 in
680 2105 821 2140 partious
840 2105 928 2133 Terre
942 2105 1059 2141 Sancte,
1076 2114 1109 2133 ac

103 2178 122 2185 ..
150 2156 252 2193 bajulo
283 2155 460 2185 Venetorum
485 2161 511 2185 et
536 2157 710 2186 consulibus
730 2158 914 2186 pisanorum
944 2159 974 2187 ίη
1001 2159 1107 2194 Acron,

99 2209 241 2246 salutem,
260 2213 314 2238 eto.

141 2273 154 2288 «
176 2261 274 2292 Solite
291 2262 501 2300 benignitatis
516 2263 670 2293 affectu...
687 2280 726 2284 —
744 2263 816 2294 Dat.
835 2269 866 2292 ut
884 2273 988 2303 supra.
1011 2277 1022 2290 η

139 2315 177 2344 In
197 2324 224 2345 e.
242 2323 286 2344 m.
302 2315 425 2345 eisdem
442 2317 570 2345 nuntiat
585 2325 617 2346 se
634 2325 744 2346 eorum
756 2316 877 2346 litteras
894 2327 949 2355 per
969 2317 1108 2347 nobilem

100 2368 206 2398 virum
223 2368 377 2398 Jacobum
397 2369 511 2408 Tepuli
536 2370 576 2399 de
598 2370 761 2408 Venetiis,
781 2371 983 2409 capitaneum
1003 2371 1109 2409 galea-

98 2430 171 2452 rum
188 2421 224 2451 in
248 2421 430 2452 subsidium
457 2423 573 2452 Terrae
597 2423 730 2453 Sanctae
751 2424 1022 2459 transmissarum,
1048 2424 1108 2454 fra-

99 2478 180 2505 trem
197 2475 246 2512 E„
264 2475 302 2505 de
317 2475 452 2505 militiae
465 2475 601 2515 Templi,
619 2481 650 2506 et
664 2477 795 2506 fratrem
810 2478 861 2512 R„
880 2477 918 2507 de
936 2477 1110 2516 Hospitalis

99 2527 132 2557 S.
155 2527 316 2558 Johannis
336 2528 673 2560 Jerosolimitauorum
697 2530 865 2560 domorum
888 2530 1057 2561 ordinibus
1081 2536 1111 2560 et

98 2580 178 2611 alios
195 2582 327 2612 nuntios
342 2583 510 2621 recepisse.

802 1900 825 1918 m
834 1893 910 1920 e'lz'li'e
936 1892 1058 1929 Templi,
1088 1916 1108 1921 ..

170 2753 289 2782 4402

136 2814 186 2850 N„
200 2815 467 2857 Jerosolimitanum
483 2818 683 2852 patriarcham,
697 2819 871 2853 apostolicae
882 2820 961 2846 sedis
972 2820 1108 2854 legatum,

100 2864 135 2891 ab
146 2865 224 2891 omni
235 2866 544 2893 excommunicationis
556 2868 699 2894 sententia
710 2869 841 2895 absolvit.
853 2868 935 2903 (Rae.
954 2869 997 2900 45.
1009 2878 1034 2896 c.
1050 2870 1108 2902 too,

100 2913 119 2939 ι’.
138 2913 187 2940 174
205 2915 257 2946 vo.)

650 2755 776 2789 Orvieto,
795 2757 809 2783 7
826 2758 941 2784 octobre
962 2758 1037 2784 1290.

145 3015 315 3044 Venerabili
330 3015 425 3051 fratri
435 3016 484 3052 N.,
498 3017 673 3053 patriarche
685 3018 940 3056 Jerosolz'mitano,
952 3022 1110 3058 apostolice

99 3068 179 3098 sedis
195 3068 301 3106 legato.
323 3079 336 3094 ιι
352 3068 560 3099 Intendentes
574 3073 626 3099 tue
641 3069 754 3100 salutis
770 3072 962 3110 profectibus
978 3077 1109 3111 paterne

242 3133 314 3160 Rea.
335 3133 458 3161 Niconis
477 3133 530 3163 IV.

2141 396 2197 426 641*

1190 458 1414 489 sollicitudinis
1431 460 1534 490 studio
1553 460 1730 498 providere,
1752 464 1779 490 te
1797 460 1836 490 ab
1856 462 2199 492 excommunicationis

1190 513 1364 550 sententia,
1389 514 1415 542 si
1432 522 1528 551 quam
1545 514 1622 543 forte
1640 513 1792 543 hactenus
1808 514 1972 543 incurristi
1992 523 2046 553 pro
2062 524 2098 545 eo
2115 516 2199 554 quod

1191 565 1312 595 Siculos
1328 569 1381 595 aut
1393 566 1551 605 quoslibet
1566 566 1644 596 alios
1656 576 1711 605 per
1726 567 1930 606 apostolicam
1947 568 2053 597 sedem
2071 577 2197 598 excom-

1190 619 1418 648 municationis
1448 619 1576 648 vinculo
1602 619 1788 656 innodatos,
1815 619 1870 658 qui
1898 620 1931 649 in
1959 621 2056 650 Terre
2084 621 2199 651 Sancte

1190 671 1369 701 subsidium
1402 676 1622 708 accesserunt,
1658 673 1776 711 absque
1807 672 1891 702 sedis
1919 673 2018 711 ipsius
2052 674 2200 712 recepisti

1190 723 1336 761 licentia,
1362 725 1411 754 vel
1436 729 1546 755 contra
1572 725 1810 755 constitutionis
1836 730 1941 756 nostre
1966 731 2109 756 tenorem
2133 727 2200 757 vic-

1191 777 1288 806 tualia
1304 778 1358 807 seu
1378 778 1591 808 mercimonia
1607 778 1747 816 quelibet
1765 779 1798 808 in
1817 779 2047 808 Alexandriam
2068 780 2120 809 vel
2131 780 2201 809 -alia

1190 829 1257 859 loca
1282 830 1530 860 Sarracenorum
1561 836 1641 860 terre
1667 831 1782 870 Egypti
1807 831 1925 861 misisti
1948 840 2002 861 seu
2024 833 2200 870 permisisti

1191 882 1319 921 deferri,
1334 883 1508 913 dummodo
1524 893 1586 913 non
1600 884 1829 920 fuerintarma,
1845 884 1931 922 equi,
1949 884 2081 919 ferrum,
2100 884 2200 922 ligna-

1192 936 1292 973 mina,
1309 945 1363 966 seu
1378 946 1501 966 merces
1517 936 1578 966 alie
1598 945 1659 975 que
1678 937 1774 966 etiam
1791 941 1961 975 antequam
1978 937 2059 967 dicta
2075 943 2130 975 per
2144 946 2201 967 nos

1191 989 1375 1019 constitutio
1394 989 1541 1019 ederetur
1560 999 1614 1028 per
1637 989 1803 1019 ecclesiam
1827 989 1983 1028 prohibite
2007 989 2105 1019 fuisse
2127 999 2200 1019 nos-

1191 1047 1319 1076 cuntur,
1332 1051 1367 1071 ex
1385 1051 1471 1072 nunc
1488 1043 1686 1081 presentium
1702 1042 1886 1072 auctoritate
1901 1042 2108 1080 absolvimus,
2129 1048 2158 1072 et
2174 1043 2203 1072 si

1191 1095 1272 1125 forte
1294 1097 1338 1125 sic
1365 1095 1482 1133 ligatus
1505 1101 1534 1125 te
1557 1096 1771 1125 immiscendo
1792 1096 1912 1125 divinis
1935 1096 2200 1134 irregularitatem

1191 1149 1332 1188 aliquam
1353 1150 1549 1186 contraxisti,
1574 1153 1678 1179 tecum
1704 1158 1799 1188 super
1823 1149 2059 1187 irregularitate
2087 1150 2203 1189 hujus-

1191 1203 1278 1233 modi
1306 1203 1546 1241 dispensamus,
1570 1211 1765 1241 omnemque
1786 1203 1843 1232 tibi
1869 1212 1983 1240 penam
2006 1203 2202 1233 remittimus

1191 1265 1287 1296 quam
1311 1257 1476 1286 occasione
1499 1256 1728 1295 premissorum
1755 1256 1992 1295 quomodolibet
2018 1257 2201 1288 incurristi:

1192 1310 1334 1340 volentes
1347 1314 1381 1340 ut
1393 1309 1503 1340 omnia
1515 1318 1576 1347 que
1591 1313 1679 1339 tuum
1695 1309 1837 1339 officium
1849 1310 2035 1348 exequendo
2048 1309 2203 1339 hactenus

1192 1364 1305 1394 fecisse
1331 1363 1508 1393 dinosceris
1533 1363 1667 1401 perinde
1695 1363 1759 1392 sint
1788 1367 1854 1392 rata
1877 1367 1905 1392 et
1926 1363 2032 1392 valida
2054 1371 2090 1392 ac
2117 1364 2143 1393 si
2166 1372 2203 1393 ex

1193 1418 1297 1447 causis
1318 1417 1468 1456 predictis
1487 1416 1830 1446 excommunicationis
1847 1417 2039 1445 seutentiam
2057 1416 2105 1445 vei
2121 1416 2203 1445 irre-

1191 1470 1370 1509 gularitatis
1404 1474 1511 1499 notam
1544 1469 1730 1499 nullatenus
1760 1469 1962 1499 iucurrisses.
1994 1470 2144 1508 Insuper,
2177 1470 2203 1498 si

1193 1524 1305 1562 quovis
1324 1523 1387 1554 alio
1408 1533 1481 1553 casu
1498 1523 1533 1552 in
1556 1522 1899 1553 excommunicationis
1917 1523 2125 1558 sententiam,
2147 1530 2204 1560 pro

1193 1586 1256 1615 qua
1275 1578 1354 1607 foret
1373 1577 1413 1606 ad
1436 1576 1544 1606 sedem
1559 1576 1762 1615 apostolicam
1782 1575 2026 1612 recurrendum,
2046 1575 2202 1604 hactenus

1192 1631 1336 1661 fortassis
1353 1629 1504 1660 incideris
1521 1629 1571 1659 vel
1589 1630 1622 1658 in
1641 1634 1803 1667 posterum
1820 1629 1964 1658 incidere
1983 1633 2010 1657 te
2029 1629 2202 1666 continget,

1194 1690 1228 1714 ut
1242 1685 1341 1723 possis
1351 1685 1441 1723 juxta
1453 1684 1587 1712 sormam
1602 1682 1734 1712 ecclesie
1746 1692 1800 1721 per
1813 1682 1976 1720 proprium
1988 1682 2203 1711 confessorem

1193 1739 1313 1768 absolvi
1327 1742 1357 1767 et
1368 1746 1462 1776 super
1474 1736 1721 1774 irregularitate,
1735 1736 1763 1765 si
1777 1745 1873 1774 quam
1890 1735 2083 1765 contraxisse
2098 1735 2206 1765 dinos-

1194 1792 1275 1823 ceris
1304 1792 1474 1827 hactenus,
1504 1790 1663 1830 predictus
1692 1790 1855 1819 confessor
1884 1792 1987 1818 tecum
2019 1788 2205 1827 dispensare

1193 1843 1307 1875 valeat.
1325 1842 1516 1872 fraternitati
1533 1846 1585 1871 tue
1602 1841 1712 1871 eadem
1728 1841 1916 1871 auctoritate
1931 1840 2081 1869 duximus
2098 1839 2205 1869 indul-

1193 1896 1346 1934 gendum.
1365 1895 1457 1925 Nulli
1474 1903 1565 1932 ergo,
1587 1900 1659 1934 etc.,
1677 1900 1785 1924 nostre
1801 1893 2033 1929 concessionis,
2053 1898 2111 1922 etc.
2130 1893 2202 1922 Dat.

1194 1950 1277 1989 apud
1294 1949 1568 1985 Urbemveterem,
1590 1949 1685 1978 nonis
1701 1948 1849 1984 octobris,
1867 1955 1952 1977 anno
1970 1947 2070 1976 tertio.
2088 1958 2102 1973 ι)

1263 2116 1384 2144 4403

1228 2179 1386 2205 Licentiam
1406 2177 1538 2204 concedit
1558 2165 1762 2209 transferendi,
1785 2175 1956 2201 durantibus
1978 2175 2110 2209 treuguis
2129 2175 2204 2200 inter

1193 2229 1367 2255 christianos
1383 2231 1411 2254 et
1431 2227 1582 2253 soldanum
1605 2225 1785 2257 Babiloniae,
1801 2224 1935 2251 victualia
1950 2227 1978 2250 et
1993 2224 2047 2250 alia
2063 2223 2202 2257 quaedam

1194 2276 1379 2303 mercimonia
1401 2276 1435 2302 de
1450 2276 1537 2302 Terra
1554 2275 1658 2301 Sancta
1674 2275 1701 2301 in
1720 2273 1924 2300 Alexandriam
1942 2276 1970 2299 et
1991 2273 2044 2299 alia
2068 2271 2203 2298 Sarrace-

1193 2334 1295 2353 norum
1310 2326 1372 2352 loca
1388 2325 1504 2360 Egypti.
1521 2324 1604 2358 (Rea.
1623 2323 1666 2357 45,
1683 2331 1708 2349 c.
1730 2322 1778 2348 102
1793 2323 1845 2355 (l),
1864 2322 1882 2348 s.
1902 2321 1950 2348 174
1967 2323 2018 2353 vo.)

1723 2114 1851 2147 Orvieto,
1868 2113 1898 2140 Ἥ
1918 2113 2035 2139 octobre
2055 2112 2130 2139 1290.

1232 2430 1346 2459 Eidem.
1369 2440 1382 2455 ιι
1402 2428 1451 2457 Ad
1468 2426 1700 2466 promotionem
1723 2425 1844 2463 negotii
1865 2424 1961 2454 Terre
1979 2423 2094 2453 Sancte
2113 2421 2202 2452 solli-

1193 2483 1265 2513 citis
1280 2482 1395 2512 studiis
1410 2481 1629 2515 intendentes,
1649 2488 1752 2518 nuper
1767 2479 1917 2508 duximus
1940 2476 2145 2506 statuendum
2168 2479 2203 2505 ut

1193 2535 1303 2566 nullus
1320 2543 1419 2569 arma,
1438 2542 1549 2573 equoS,
1566 2533 1699 2569 ferrum,
1716 2532 1908 2569 lignamina,
1927 2529 2075 2560 victualia
2092 2533 2122 2558 et
2140 2528 2202 2558 alia

1191 2597 1316 2628 queque
1333 2587 1543 2617 mercimonia
1559 2588 1592 2616 in
1609 2585 1839 2627 Alexandriam
1855 2583 1905 2613 vel
1922 2583 1986 2613 alia
2002 2582 2069 2612 loca
2087 2581 2203 2611 Sarra-

1192 2651 1344 2672 cenorum
1361 2645 1443 2670 terre
1460 2640 1576 2678 Egypti
1592 2639 1725 2675 deferre,
1740 2638 1865 2667 mittere
1878 2636 1928 2666 vel
1939 2640 2075 2674 portare,
2090 2643 2145 2664 seu
2163 2634 2202 2663 de

1191 2695 1334 2735 portibus
1350 2695 1427 2730 suis,
1440 2698 1475 2723 ut
1490 2693 1610 2723 eisdem
1627 2692 1823 2727 deferantur,
1837 2689 2003 2720 extrahere
2014 2687 2064 2717 vel
2077 2686 2202 2717 extrahi

1193 2748 1386 2787 permittere,
1411 2751 1465 2776 aut
1485 2747 1530 2776 eis
1555 2745 1635 2775 alias
1660 2744 1817 2774 auxilium
1839 2743 1889 2772 vel
1905 2743 2045 2771 favorem
2062 2744 2201 2779 prestare

1193 2809 1320 2840 quoquo
1335 2801 1429 2830 modo
1440 2802 1612 2838 presumat,
1625 2799 1659 2828 in
1673 2806 1726 2827 eos
1739 2797 1795 2835 qui
1809 2800 1917 2826 contra
1931 2794 2062 2824 fecerint
2077 2800 2202 2822 excom-

1191 2854 1422 2884 municationis
1433 2852 1591 2883 sententia
1604 2849 1806 2890 promulgata
1818 2853 1847 2878 et
1861 2848 1933 2878 aliis
1943 2846 2094 2885 gravibus
2110 2844 2203 2884 penis

1190 2907 1331 2937 indictis.
1360 2906 1441 2936 Cum
1471 2909 1577 2935 autem
1605 2902 1860 2933 intellexerimus
1884 2900 1968 2939 quod
1997 2899 2082 2928 inter
2109 2902 2139 2927 te
2166 2905 2202 2926 ac

1189 2960 1268 2991 alios
1284 2959 1475 2990 christianos
1495 2958 1533 2987 de
1554 2957 1696 2996 partibus
1717 2954 1799 2991 illis⁷
1820 2963 1856 2984 ex
1878 2957 1964 2992 parte
1980 2960 2064 2988 una,
2087 2955 2117 2980 et
2139 2949 2202 2980 sol·

1222 3081 1255 3111 (1)
1270 3080 1322 3104 Pas
1337 3080 1370 3104 de
1387 3079 1464 3109 chap.
1485 3078 1535 3102 101.

2024 3129 2054 3156 81
