2477 3637
188 400 247 429 674
934 383 1169 417 REGISTRES
1191 383 1246 413 DE
1268 380 1452 413 NICOLAS
1474 381 1531 411 IV.

193 462 420 495 Canium-tensis
441 459 576 489 diocesis.
593 456 673 486 Cum
689 463 725 485 eo
740 454 903 493 dispensat
921 457 955 482 ut
972 451 1136 482 ecclesiam
1152 449 1191 479 de

193 517 339 550 Laniare,
351 511 583 543 Londoniensis
597 509 760 543 dioecesiS,
771 512 844 537 ante
859 505 1007 545 generale
1019 504 1192 535 concilium

193 569 417 608 Lugdunense.
431 570 461 594 et
474 563 638 593 ecclesiam
655 562 693 591 de
707 559 891 595 Monketon,
907 563 975 597 post
990 558 1075 588 idem
1090 556 1193 587 conci·

192 624 272 653 lium
291 624 441 659 receptas,
460 626 538 656 quas
555 617 625 646 sine
643 613 831 653 apostolicae
853 612 936 642 sedis
955 610 1193 650 dispensatione

193 674 325 706 insimul
353 671 509 706 detinuit,
533 668 670 699 retinere
695 667 797 696 valeat
819 674 883 696 una
906 674 979 695 cum
1003 663 1194 694 canonicatu

192 734 223 759 et
244 724 422 767 praebenda
439 732 520 763 quae
538 723 571 751 in
589 720 722 751 ecclesia
738 718 955 749 Londoniensi
977 717 1108 755 adeptus
1127 719 1192 752 est;

192 779 375 814 dummodo,
390 778 427 808 ad
445 776 615 807 arbitrium
632 774 708 804 boni
726 773 803 809 viri,
823 775 1051 814 congruentem
1073 773 1192 808 partem

193 835 353 864 fructuum
374 841 410 862 ex
433 829 599 869 praedictis
620 826 762 858 ecclesiis
778 829 996 865 perceptorum
1012 824 1046 853 in
1063 822 1195 853 eviden-

195 893 256 917 tem
279 883 463 915 earumdem
482 882 652 912 utilitatem
669 882 842 910 convertat.

235 953 247 966 u
275 936 458 968 Laudabilis
472 933 723 966 conversationis
739 935 806 962 et...
823 948 862 952 —
875 930 946 960 Dat.
964 933 999 959 ut
1016 937 1121 967 supra.
1141 940 1154 954 υ

265 1135 514 1166 4686-4688
757 1130 884 1163 Orvieto‚
902 1129 936 1155 24
953 1135 1031 1155 mars
1049 1126 1125 1153 1291.

232 1201 368 1228 Athen-tus
380 1197 551 1225 monasterio
563 1195 684 1222 Sanctae
700 1193 804 1220 Mariae
819 1193 854 1219 de
869 1191 1050 1223 Castellione,
1064 1189 1198 1216 Parmen-

194 1251 237 1278 sis
252 1249 402 1281 dioecesis,
421 1246 592 1281 praeficitur.
608 1244 689 1277 (Rea.
707 1243 749 1276 46,
766 1251 791 1269 c.
809 1242 852 1273 95,
870 1242 889 1268 f.
908 1241 939 1267 1S
957 1241 1007 1272 vo.)

234 1366 361 1399 Alberw,
377 1363 476 1392 abbati
492 1360 671 1390 monasterii
684 1358 790 1388 Sancte
804 1358 900 1386 Marie
914 1357 948 1385 de
959 1355 1146 1391 Castellione,
1159 1354 1199 1383 ad

195 1426 355 1448 romanam
375 1416 526 1445 ecclesiam
548 1414 633 1442 nullo
648 1412 745 1441 medio
758 1411 953 1448 pertinentis,
970 1409 1089 1438 ordinis
1103 1408 1134 1437 S.
1151 1407 1200 1436 Be-

197 1471 318 1505 nedicti,
332 1468 506 1498 Parmensis
520 1467 657 1496 diocesis.
677 1464 796 1494 Eodem
808 1462 1002 1493 monasterio
1013 1470 1067 1500 per
1078 1460 1200 1491 obitum

195 1523 341 1562 Gregorii
366 1525 513 1557 vacante,
535 1520 617 1550 duae
641 1519 772 1548 fuerunt
789 1518 821 1547 in
841 1525 878 1547 eo
898 1515 1083 1552 electiones,
1102 1514 1201 1544 altera

198 1576 347 1607 videlicet
364 1575 402 1605 de
419 1574 566 1609 Alberto,
586 1572 685 1602 altera
709 1572 747 1601 de
763 1569 947 1610 Raynaldo,
967 1569 1111 1608 ejusdem
1131 1575 1199 1597 mo-

198 1630 329 1660 nasterii
354 1626 590 1663 monachis,i11
615 1624 772 1655 discordia
798 1623 984 1654 celebratae.
1008 1614 1202 1659 Hujusmodi

196 1689 303 1714 autem
323 1681 447 1719 negotio
462 1681 501 1710 ad
520 1679 628 1710 sedem
646 1678 852 1718 apostolicam
870 1675 1032 1712 devoluto,
1048 1672 1202 1713 praedicti

197 1735 349 1767 Albertus
364 1739 394 1764 et
410 1734 567 1764 Robertus
577 1732 643 1772 juri
666 1731 727 1762 sibi
750 1740 787 1761 ex
809 1730 919 1760 eadem
944 1728 1098 1759 electione
1114 1735 1202 1757 com-

199 1789 318 1830 petenti
349 1788 586 1818 renuntiarunt.
617 1786 724 1822 Quare
750 1793 829 1823 papa
853 1783 1002 1814 eumdem
1033 1781 1202 1812 Albertum

199 1842 356 1883 praedicto
373 1840 566 1871 monasterio
581 1839 728 1869 abbatem
747 1837 902 1876 praeficit.

240 1909 253 1923 u
268 1893 544 1925 Pastoralisoffieii
556 1892 686 1922 nobis...
699 1908 738 1913 —
749 1891 821 1920 Dat.
832 1890 914 1929 apud
925 1889 1201 1925 Urbemveterem,

199 1959 266 1979 vtttt
282 1947 434 1979 kalendas
449 1945 577 1985 aprilis.
594 1953 681 1974 anno
697 1947 818 1982 quarto.
839 1955 852 1970 »

239 2003 277 2032 In
297 2011 324 2031 e.
354 2010 396 2030 m.
427 2023 448 2030 ..
474 1999 572 2038 priori
597 2002 627 2028 et
653 1997 825 2028 conventui
848 1996 992 2035 ejusdem
1017 1993 1203 2025 monasterii

200 2055 330 2086 mandat
352 2058 386 2084 ut
410 2053 568 2092 praedicto
587 2051 693 2081 abbati
713 2050 855 2080 debitam
876 2049 1091 2080 obedientiam
1113 2055 1204 2086 prae-

200 2109 304 2139 beant.

244 2162 283 2191 In
322 2170 349 2191 e.
383 2169 426 2190 m.
462 2158 622 2189 universis
660 2157 803 2187 vassallis
840 2157 983 2196 ejusdem
1019 2154 1205 2185 monasterii

202 2214 332 2245 mandat
351 2218 386 2243 ut
403 2213 507 2243 eidem
526 2211 618 2242 solita
636 2211 801 2241 fidelitatis
820 2211 1002 2249 juramenta
1024 2214 1055 2238 et
1076 2207 1205 2238 servitia

204 2271 371 2307 praestent.

273 2457 389 2486 4883
770 2454 896 2487 Orvieto,
913 2454 947 2481 26
963 2462 1039 2481 mars
1055 2453 1132 2481 1291.

239 2520 422 2556 Dispensatio
452 2519 633 2546 matrimonii.
659 2519 741 2551 (Rae.
759 2519 806 2549 46,
824 2526 850 2545 c.
868 2519 916 2550 96,
934 2518 952 2544 s.
970 2518 1002 2545 18
1019 2524 1063 2550 v⁰;
1082 2517 1204 2549 Po‘r‘rn„

203 2571 312 2604 23627.)

253 2686 417 2716 Venerabili
431 2685 527 2722 fratri
541 2707 560 2715 ..
574 2686 704 2722 episcopo
717 2685 882 2714 Ausarensz‘
897 2683 1067 2713 committit
1083 2687 1117 2713 ut
1132 2691 1206 2712 cum

207 2740 365 2770 Mattliaeo
392 2738 552 2777 quondam
572 2738 654 2767 Budi
672 2741 700 2768 et
721 2737 840 2775 Draga,
859 2741 933 2767 nata
955 2736 1115 2775 quondam
1135 2737 1206 2766 An-

207 2793 311 2830 dreae,
329 2792 449 2822 civibus
466 2791 712 2825 Auserensibus,
730 2790 936 2828 dispensetut
952 2790 984 2819 in
1001 2789 1208 2820 matrimonio

207 2846 290 2885 quod
316 2845 409 2881 olim,
433 2845 618 2882 ignorantes
642 2843 908 2883 impedimentum
930 2852 1015 2880 esse,
1040 2847 1206 2873 contraxe-

210 2904 284 2929 runt
299 2906 463 2928 remanere
479 2897 614 2934 valeant,
637 2906 703 2927 non
721 2897 866 2926 obstante
883 2900 996 2935 quarto
1011 2896 1208 2935 consangui-

210 2952 318 2981 nitatis
336 2951 433 2989 gradu
451 2959 512 2988 quo
528 2950 689 2989 conjuncti
705 2954 789 2979 sunt.

252 3018 264 3030 u
285 3005 396 3033 petitio
411 3003 516 3033 dilecti
533 3003 629 3033 filii...
645 3020 682 3024 —
697 3003 768 3033 Dat.
781 3002 863 3041 apud
876 3002 1147 3039 Urbemveterem,
1162 3014 1207 3034 vu

211 3056 362 3087 kalendas
377 3056 506 3095 aprilis,
523 3065 607 3086 anno
624 3060 746 3095 quarto.
766 3068 778 3082 n

1343 447 1462 477 4890
1844 443 1972 476 Orvieto,
1989 443 2023 471 23
2038 451 2116 470 mars
2132 443 2210 471 1291.

1310 508 1494 544 Dispensatio
1519 507 1703 535 matrimonii.
1723 507 1803 540 (Rsu.
1822 507 1871 541 ts,
1887 514 1913 534 c.
1930 506 1992 539 962,
2008 506 2028 533 s.
2046 506 2077 534 18
2094 512 2141 540 νος
2158 505 2279 542 Pori-m,

1274 557 1384 591 23617.)

1315 653 1417 682 Eidem
1425 651 1597 682 committit
1609 655 1726 681 utcum
1738 651 1940 689 Drasingone
1948 649 1987 680 de
1997 649 2130 681 Chersio
2137 653 2167 679 et
2175 649 2283 681 Gruba
2326 680 2333 681 a

1276 705 1314 735 de
1326 705 1424 742 Arho,
1440 704 1632 735 Auserensis
1651 703 1818 740 dioecesis,
1835 703 1997 742 dispenset
2015 707 2049 733 ut
2067 703 2102 732 in
2118 702 2282 734 matrimo-

1277 758 1332 789 nio
1350 758 1435 798 quod
1449 758 1538 795 olim,
1558 758 1744 796 ignorantes
1767 757 2038 796 impedimentum
2055 765 2136 794 esse,
2158 760 2282 788 contra-

1277 815 1394 842 xerunt
1415 815 1446 841 et
1474 811 1508 841 in
1533 819 1596 850 quo
1616 810 1701 841 filios
1722 814 1930 850 procrearunt
1953 818 2119 840 remanere
2138 809 2282 848 valeant,
2305 819 2330 851 '.'

1277 872 1463 903 quanquam
1479 863 1641 903 quondam
1658 863 1812 894 Silvester
1831 863 2011 899 Johaunis‚
2037 862 2182 901 ejusdem
2201 862 2284 894 Gru-

1277 917 1335 948 bae
1351 917 1497 952 maritus,
1515 916 1618 947 eidem
1638 916 1835 954 Drasingoni
1853 917 1945 946 tertio
1964 920 1995 946 et
2015 919 2128 955 quarto
2148 923 2283 946 consan-

1277 969 1445 1008 guinitatis
1461 969 1561 1008 gradu
1576 970 1768 1009 conjunctus
1784 973 1862 1000 erat.

1320 1035 1334 1050 «
1356 1023 1470 1053 Petitio
1486 1022 1595 1053 dilecti
1611 1022 1709 1052 filii...
1729 1039 1767 1044 -
1783 1022 1856 1052 Dat.
1876 1021 1960 1061 apud
1975 1022 2250 1060 Urbemveterem‚
2265 1029 2303 1052 x·

1278 1076 1433 1107 kalendas
1447 1076 1571 1116 aprilis,
1588 1085 1674 1107 anno
1689 1079 1812 1115 quarto.
1832 1087 1846 1103 »
2319 1067 2326 1079 ”

1349 1243 1465 1272 4691
1852 1240 1980 1274 Orvieto,
1997 1241 2030 1268 15
2045 1247 2122 1267 mars
2139 1239 2216 1278 1291.

1315 1305 1434 1333 collatio
1449 1305 1593 1333 beneficii.
1609 1305 1693 1339 (Rae.
1711 1305 1754 1338 46,
1772 1313 1797 1331 c.
1814 1304 1858 1336 97,
1874 1304 1894 1330 f.
1912 1304 1944 1331 18
1960 1303 2011 1337 νο.)

1322 1425 1342 1434 ..
1360 1390 1485 1432 sacriste
1499 1402 1616 1432 ecclesie
1636 1401 1804 1431 Vasatensis
1816 1399 1947 1430 mandat
1961 1403 1997 1430 ut
2010 1408 2029 1429 a
2045 1398 2240 1439 Raymundo
2249 1398 2288 1430 de
2311 1428 2322 1440 ,Ι

1281 1454 1429 1490 Pinibus,
1447 1453 1563 1484 cleric-o
1580 1453 1615 1483 in
1631 1452 1812 1483 minoribus
1835 1452 2002 1482 ordinibus
2018 1451 2205 1488 constituto,
2224 1450 2306 1484 Va-.,

1282 1508 1417 1538 satensis
1440 1507 1611 1544 dioecesis,
1640 1507 1696 1546 qui
1723 1505 1892 1536 ecclesiam
1915 1505 1954 1536 de
1978 1504 2118 1544 Regula,
2144 1504 2290 1544 ejusdem
2322 1503 2326 1507 ’

1282 1561 1455 1597 dioecesis,
1479 1560 1599 1599 recepit
1628 1568 1688 1590 nec
1712 1568 1745 1590 se
1769 1559 1809 1589 ad
1833 1559 2087 1598 presbyteratum
2109 1557 2294 1597 promoveri,

1282 1615 1367 1648 fecit.
1385 1619 1509 1654 recepta
1523 1614 1666 1654 ejusdem
1685 1613 1837 1644 ecclesiae
1852 1612 1953 1643 libera
1967 1612 2193 1651 resignatione,
2205 1620 2288 1643 eam÷
2302 1633 2311 1640 .

1283 1669 1357 1699 dem
1373 1668 1540 1699 ecclesiam
1557 1668 1586 1698 ei
1600 1677 1712 1698 rursus
1727 1667 1881 1697 conferat.
2303 1650 2310 1660 ’

1325 1734 1339 1749 «
1359 1722 1453 1752 Lecta
1469 1730 1575 1752 coram
1594 1721 1724 1751 nobis...
1741 1737 1781 1742 —
1803 1719 1876 1750 Dat.
1903 1719 1988 1759 apud
2010 1719 2292 1758 Urbemveterem,
2323 1716 2326 1723 ’

1283 1775 1391 1805 idibus
1409 1774 1535 1811 martii,
1556 1782 1642 1804 anno
1657 1777 1779 1813 quarto.
1799 1784 1813 1800 »

1354 1940 1472 1970 4692
1855 1937 1982 1972 orviem,
1998 1937 2032 1965 28
2048 1944 2125 1964 mars
2141 1936 2219 1964 1291.
2251 1920 2254 1924 ’
2306 1926 2313 1934 ’

1320 2003 1506 2038 Dispensatio
1517 2011 1604 2038 super
1617 2002 1729 2029 defectu
1746 2001 1892 2028 natalium.
1905 2000 1989 2034 (REG-
2002 1999 2046 2034 46,
2059 2007 2084 2027 c.
2096 1999 2154 2033 972,
2165 1999 2186 2026 s.
2198 1999 2230 2028 19
2242 1996 2312 2042 10.λῇ

1333 2100 1502 2129 Venerabili
1511 2099 1608 2138 fratri
1623 2121 1644 2129 ..
1654 2098 1874 2135 archiepiscopo
1885 2096 2102 2126 cantuariensi
2115 2080 2302 2134 mandat'uti'
2315 2118 2318 2125 .

1286 2162 1359 2183 cum
1366 2153 1384 2183 J
1387 2152 1471 2183 ohan
1477 2161 1517 2182 ne
1525 2152 1563 2182 de
1571 2151 1687 2182 Sancto
1696 2150 1848 2186 Max-tino,
1858 2149 2053 2188 presbytero,
2066 2151 2186 2178 rectore
2193 2143 2301 2178 eccle?

1287 2207 1353 2236 siae
1367 2206 1407 2236 de
1427 2205 1595 2242 Becstede,
1617 2203 1826 2235 Cicestrensis
1849 2202 2022 2239 dioecesis,
2049 2210 2124 2232 cum
2143 2209 2206 2240 quo
2223 2188 2310 2240 jan]

1287 2259 1409 2290 dudum
1429 2259 1488 2289 suit
1507 2259 1728 2297 dispensatum
1743 2260 1795 2293 ut,
1815 2264 1881 2286 non
1901 2255 2046 2286 obstante
2063 2253 2185 2284 defectu
2201 2248 2294 2284 nata-v

1285 2313 1368 2343 lium
1384 2321 1479 2351 quem
1496 2311 1535 2342 de
1553 2311 1688 2341 diacono
1703 2310 1831 2349 genitus
1848 2313 1877 2340 et
1895 2308 1999 2340 soluta
2014 2307 2149 2347 patitur,
2167 2306 2208 2337 ad
2221 2307 2295 2339 ome.-

1287 2376 1344 2396 nes
1376 2366 1506 2397 ordines
1537 2365 1714 2404 promoveri
1749 2368 1779 2394 et
1816 2363 2064 2394 ecclesiasticum
2099 2359 2301 2393 beneficium

1287 2420 1427 2459 recipere
1449 2422 1562 2458 posset,
1580 2427 1690 2448 rursus
1708 2417 1870 2456 dispenset
1888 2420 1922 2447 ut
1943 2418 2148 2455 personatum
2171 2413 2221 2444 vel
2241 2410 2308 2459 tsi-⁷v

1287 2473 1441 2512 gnitatem
1455 2497 1462 2508 ,
1482 2471 1652 2511 episcopali
1675 2471 1838 2502 dumtaxat
1855 2473 1983 2509 excepta
1994 2493 2001 2506 ,
2018 2468 2162 2499 obtinere
2179 2465 2265 2498 valea
2283 2500 2286 2501 ⁷

1330 2539 1344 2554 «
1364 2526 1515 2565 Exposuit
1527 2525 1620 2556 nobis
1638 2525 1809 2555 dilectus...
1826 2541 1864 2546 —
1884 2524 1957 2554 Dat.
1979 2522 2063 2562 apud
2083 2521 2306 2558 Urbemveteq-

1288 2588 1356 2610 rem
1367 2604 1374 2617 ,
1391 2589 1410 2609 v
1426 2578 1579 2609 kalendas
1595 2577 1720 2617 aprilis,
1740 2586 1826 2608 anno
1843 2580 1968 2616 quarto.
1988 2587 2001 2603 ι)

1857 2741 1983 2773 Orvieto,
2002 2741 2035 2768 15
2051 2747 2127 2767 mars
2143 2738 2220 2778 1291.

1326 2807 1368 2834 De
1384 2807 1585 2834 reformatione
1601 2805 1750 2841 hospitalis
1766 2803 1975 2832 Stelliferorum
1989 2802 2088 2831 Sancti
2103 2799 2249 2829 Francisci
2260 2798 2281 2828 i'
2293 2836 2298 2844 ἱ
2311 2815 2313 2817 v

1290 2856 1367 2883 Pede
1378 2856 1484 2883 Montis
1496 2855 1662 2890 pragensis.
1676 2855 1756 2887 (Rea.
1769 2854 1813 2886 46,
1826 2862 1851 2881 c.
1862 2853 1905 2885 98,
1920 2853 1939 2880 f.
1955 2852 1988 2881 19
1998 2860 2039 2884 r⁰;
2052 2851 2171 2886 Por-rii„
2181 2849 2278 2894 236004
2317 2891 2322 2900 a

1331 2953 1449 2982 vaccas
1466 2951 1540 2989 ficas
1560 2973 1579 2980 ..
1599 2951 1700 2980 abbati
1716 2949 1895 2979 monasterii
1913 2949 1946 2978 aa
1961 2948 2072 2984 Scala,
2093 2933 2321 3000 Cisteroiemisfj

1291 3006 1420 3042 ordinis,
1432 3005 1593 3042 Praqensis
1602 3004 1738 3040 diocesis,
1751 3007 1777 3032 et
1785 3002 1930 3040 magistro
1942 3001 2096 3030 Bernardo
2107 3000 2141 3030 de
2150 2998 2301 3037 Camena-{-
2313 3030 2316 3040 Ι
