2342 3652
938 363 1165 403 naumann
1186 364 1342 404 Annas.

95 436 129 466 id
144 444 235 474 opem
252 434 389 464 libenter
407 439 437 464 et
451 444 580 474 operam
597 436 793 474 impendatis
805 460 812 473 ,
830 446 867 466 ea
883 438 972 468 vobis
988 439 1099 468 fidutia

96 497 204 519 secura
215 488 448 518 committimus
460 497 522 526 que
533 492 650 518 statum
664 489 769 527 ipsum
785 491 971 528 contingere
987 491 1097 521 dinos-

93 546 220 573 cuntur.
242 541 372 571 Dudum
389 541 546 580 siquidem
563 541 671 571 dilecti
695 542 752 571 filii
772 543 883 573 fratres
902 544 1095 583 StephauuS,

93 595 133 626 de
149 594 322 633 Crispeyo,
344 594 478 629 Petrus,
506 594 543 623 de
567 594 752 631 Lenthona,
779 596 903 633 Guido,
928 597 966 625 de
983 597 1098 627 Sancto

93 647 233 683 Gelasio,
253 646 462 682 Guillelmus,
481 647 520 676 de
540 647 657 677 Sancto
675 648 875 685 Theobaldo‚
893 655 923 679 et
939 650 1097 679 Guichar-

92 700 167 736 dus,
195 699 234 729 de
260 699 400 738 Flaheyo
429 700 627 737 prioratuum
656 701 797 738 priores,
827 703 1025 732 Jocerandus
1053 703 1096 732 du

89 754 191 793 Sars,
218 752 422 783 hostellarius
452 758 482 782 et
500 753 743 783 ebdomedarius
766 755 896 792 majoris
921 756 1031 792 misse,
1060 765 1096 786 ac

89 807 270 846 Stephanus
283 806 322 836 de
335 806 467 836 Brueria
477 831 484 843 ,
497 806 719 837 Cluniaceusis
734 808 919 838 monasterii
932 808 1094 844 monachi,

89 860 274 899 diligentius
289 860 487 890 attendentes
501 861 585 898 quod
602 860 760 890 nonnulla
773 865 899 897 statuta,
917 870 979 900 que
994 862 1094 892 felicis

89 914 314 944 recordationis
335 913 507 951 Gregorius
527 923 606 952 papa
626 914 734 949 VIIII,
756 915 957 952 predecessor
974 919 1092 951 noster,

88 976 184 1007 super
199 967 424 997 reformatione
446 966 669 996 Cluuiacensis
691 967 817 997 ordinis
840 967 959 1003 edidit,
981 972 1012 997 et
1032 977 1094 1006 que

87 1021 121 1052 in
146 1021 262 1051 virtute
285 1020 465 1050 obedientie
489 1020 650 1050 observari
675 1021 828 1059 precepit,
845 1021 880 1050 in
896 1021 1008 1051 ordine
1025 1022 1093 1060 ipso

87 1073 221 1104 minime
243 1074 469 1109 servabantur,
497 1078 563 1102 tum
587 1082 623 1103 ex
649 1074 729 1110 hoc,
754 1079 821 1103 tum
842 1075 937 1103 etiam
961 1084 996 1104 ex
1019 1074 1092 1104 aliis

86 1127 178 1157 certis
188 1126 309 1162 causis,
326 1126 365 1156 ad
377 1126 484 1156 sedem
499 1126 707 1165 apostolicam
718 1127 930 1165 appellarunt.
946 1127 1092 1166 Cumque

85 1183 210 1218 propter
236 1179 296 1209 hoc
320 1180 441 1218 priores
467 1184 497 1209 et
520 1180 671 1210 monachi
694 1180 868 1218 supradicti
890 1181 930 1210 ad
955 1181 1091 1210 eandem

85 1233 191 1264 sedem
205 1232 414 1272 personaliter
432 1234 658 1269 accessissent,
676 1242 734 1263 nos
749 1257 754 1268 ,
774 1234 813 1263 ad
829 1234 1089 1264 reformationem

85 1289 116 1317 et
124 1285 386 1324 tranquillitatem
398 1286 584 1315 monasterii
593 1291 624 1315 et
634 1286 758 1316 ordinis
768 1287 952 1317 eorumdem
960 1292 1090 1325 paterne

84 1338 313 1370 sollicitudinis
336 1338 442 1368 studio
466 1339 687 1374 intendentes,
714 1339 899 1378 hujusmodi
926 1340 1089 1378 negotium

83 1391 206 1423 dilectis
225 1391 303 1421 filiis
327 1392 442 1422 nostris
465 1392 592 1422 Matheo
605 1415 612 1428 ‚
637 1392 721 1422 tituli
742 1394 849 1422 Sancti
868 1394 1033 1423 Laurentii
1054 1394 1087 1423 in

83 1445 234 1482 Damaso,
261 1450 292 1475 et
317 1445 467 1483 Hugoni,
497 1436 581 1476 tituli
608 1447 720 1476 Sancte
746 1447 866 1477 Sabine
895 1448 1088 1486 presbyteris

51 1498 62 1502 “
81 1498 310 1535 cardinalibus,
325 1499 549 1529 commisimus
564 1499 777 1536 audiendum,
795 1501 862 1539 qui,
877 1501 966 1539 juxta
983 1505 1089 1531 nostre

82 1552 315 1583 commissionis
338 1552 474 1583 formam
494 1553 529 1582 in
553 1562 589 1582 eo
607 1553 742 1583 sollicite
758 1554 964 1592 procedentes
978 1577 986 1590 ‚
1004 1555 1089 1584 inter

81 1610 184 1636 cetera
204 1606 395 1636 ordinarunt
418 1611 452 1636 ut
478 1606 637 1645 prioribus
665 1612 695 1636 et
718 1607 886 1636 monachis
913 1608 1006 1646 ipsis,
1035 1617 1088 1646 pro

83 1658 171 1689 factis
186 1663 217 1689 et
228 1659 325 1689 etiam
341 1660 498 1689 faciendis
514 1660 554 1689 ab
570 1660 616 1689 eis
632 1660 667 1689 iu
683 1661 823 1698 predicto
840 1661 966 1698 negotio
982 1670 1087 1700 sump-

82 1712 164 1742 tibus
177 1737 184 1749 ,
200 1712 290 1743 mille
314 1717 345 1743 et
369 1713 506 1743 ducente
523 1713 604 1743 libre
622 1715 842 1743 turonensium
863 1723 1032 1753 parvorum
1048 1715 1088 1744 ab

81 1765 191 1796 eodem
213 1767 407 1797 monasterio
431 1767 480 1797 vel
502 1767 614 1797 ordine
636 1767 846 1797 solverentur.
870 1768 935 1798 Nos
957 1774 1063 1798 autem
1077 1791 1084 1805 ,

77 1819 204 1858 prefatis
216 1820 374 1859 prioribus
386 1824 417 1850 et
429 1821 596 1850 monachis
612 1821 652 1851 ad
666 1823 821 1860 prioratus
837 1827 866 1852 et
880 1822 1086 1852 administra-

77 1872 175 1902 tiones
190 1881 316 1910 eorum,
343 1874 496 1912 exigente
511 1876 657 1911 justitia,
686 1875 853 1911 restitutis,
878 1876 1009 1905 sollicite
1030 1876 1086 1905 ad-

75 1930 232 1956 vertentes
251 1927 337 1965 quod
361 1927 549 1966 huJusmodi
563 1929 697 1966 pecunie
713 1930 874 1967 quantitas
893 1939 948 1968 pro
964 1930 1083 1959 eisdem

73 1978 162 2009 factis
184 1984 215 2009 et
229 1980 325 2009 etiam
346 1981 502 2011 faciendis
522 1982 670 2020 expensis
692 1983 800 2012 minus
823 1983 986 2012 sufficiens
1003 1983 1083 2012 exis-

73 2032 173 2070 tebat,
196 2034 346 2071 pretactis
364 2034 524 2072 prioribus
545 2035 644 2065 dictos
664 2036 839 2073 prioratus,
862 2045 916 2074 pro
937 2038 1084 2075 expensis

75 2085 212 2123 eisdem,
234 2096 337 2125 usque
358 2087 398 2116 ad
423 2088 485 2118 duo
501 2088 590 2118 milia
606 2088 762 2118 librarum
779 2090 921 2128 ejusdem
940 2095 1082 2126 monete,

64 2137 173 2169 'libere
187 2139 373 2178 obligandi,
400 2141 554 2179 predictis
577 2142 664 2171 mille
684 2147 713 2172 et
728 2142 873 2172 ducentis
893 2144 1082 2182 computatis

75 2191 109 2222 iu
133 2192 194 2230 eis,
220 2193 347 2232 plenam
374 2194 516 2232 benigue
539 2196 757 2225 concessimus
784 2196 976 2227 facultatem.
1001 2196 1082 2226 Cum

75 2249 179 2275 aulem
190 2246 340 2284 prelibati
355 2248 478 2286 priores
494 2256 548 2286 pro
558 2248 783 2279 reformatione
794 2249 918 2279 ordinis
928 2249 1082 2279 antedicti

75 2298 211 2338 dampna
233 2301 343 2338 gravia
367 2305 398 2330 et
423 2301 550 2331 labores
576 2311 639 2331 non
666 2303 804 2332 modicos
827 2312 862 2332 ac
888 2303 1082 2342 multiplices

75 2353 238 2391 angustias
256 2353 444 2391 tolerarint,
463 2360 493 2384 et
509 2355 579 2385 ideo
593 2356 727 2394 dignum
744 2357 783 2386 sit
798 2362 828 2386 et
843 2357 958 2387 rationi
970 2366 1080 2388 conso-

76 2414 154 2436 num
168 2407 351 2437 dinoscatur
368 2414 401 2438 ut
416 2409 456 2438 ab
472 2409 657 2447 hujusmodi
671 2411 914 2448 gravaminibus
931 2421 985 2450 per
1001 2420 1080 2441 eun-

76 2459 147 2490 dem
158 2461 306 2490 ordinem
323 2461 507 2492 releventur
519 2487 525 2499 ,
540 2463 724 2493 discretioni
737 2469 838 2493 vestre
851 2473 902 2502 per
911 2465 1080 2503 apostolica

77 2513 188 2552 scripta
214 2514 356 2545 districte
387 2516 591 2554 precipiendo
623 2517 813 2546 mandamus
841 2522 1009 2556 quatenus,
1040 2519 1079 2548 ad

75 2564 193 2597 honum
209 2572 240 2597 et
253 2568 420 2606 pacificum
434 2573 549 2598 statum
564 2570 687 2599 ordinis
704 2575 734 2600 et
754 2571 941 2601 monasterii
958 2572 1078 2610 predic-

77 2623 193 2656 torum,
215 2626 306 2659 prout
332 2623 433 2652 teneri
456 2623 645 2659 noscimini,
679 2624 825 2653 solertius
852 2625 1076 2661 intendentes,

75 2673 212 2711 predicta
235 2674 298 2705 duo
323 2676 414 2705 milia
440 2676 597 2705 librarum
624 2677 847 2706 turonensium
871 2678 994 2707 facietis
1018 2678 1077 2718 (1),

75 2733 169 2764 quam
190 2728 250 2757 cito
265 2729 395 2758 comode
413 2730 483 2759 fieri
508 2730 642 2768 poterit,
660 2731 727 2769 jam
747 2730 839 2760 dictis
858 2731 1018 2770 prioribus
1039 2732 1080 2762 ab

74 2778 186 2809 ordine
204 2786 378 2812 memorato
396 2782 544 2820 persolvi.
568 2782 822 2813 Contradictores
838 2789 895 2814 etc.
918 2785 989 2814 Non
1006 2785 1078 2815 obs—

77 2834 160 2863 tante
175 2833 203 2863 si
217 2833 378 2872 aliquibus
394 2844 412 2865 a
428 2836 501 2866 sede
515 2835 684 2874 apostolica
700 2837 740 2865 sit
756 2836 916 2866 indultum
929 2839 1012 2876 quod
1029 2839 1077 2867 in-

77 2884 224 2917 terdici...
251 2887 408 2917 Volumus
426 2894 530 2918 tamen
548 2889 633 2927 quod
651 2889 771 2928 priores
793 2890 853 2927 ipsi
869 2890 958 2928 juxta
976 2900 1078 2929 quan-

78 2937 196 2968 titatem
221 2940 403 2970 reddituum
430 2946 459 2971 et
483 2947 694 2980 proventuum
725 2943 920 2980 prioratuum
947 2952 1077 2973 suorum

106 3048 201 3079 (1)Ms.
219 3058 224 3074 :
240 3053 381 3079 facientes.

2126 381 2179 412 351

1179 440 1384 470 contribuant
1400 442 1434 470 in
1451 443 1581 474 eisdem.
1597 444 1649 474 Sic
1665 454 1739 484 ergo
1754 447 1788 476 in
1806 446 1864 477 hoc
1880 447 2053 485 diligenter
2068 453 2098 478 et
2112 449 2182 478 effi-

1180 493 1294 521 caciter
1306 502 1360 523 vos
1374 494 1490 525 habere
1505 497 1611 536 sicque
1628 498 1786 529 mandatis
1800 501 1916 530 nostris
1926 501 2054 530 obedire
2065 503 2181 531 curetis

1180 549 1215 574 ut
1229 554 1283 575 vos
1301 547 1443 583 ejusdem
1467 549 1590 580 ordinis
1608 560 1716 589 pacem
1735 552 1881 583 stabilem
1899 557 1928 583 et
1949 555 2090 592 quietem
2105 555 2180 584 dilir—

1179 605 1253 634 gere
1269 607 1323 635 per
1339 599 1485 630 effectum
1501 603 1605 640 operis
1619 605 1807 641 ostendatis,
1828 615 1950 645 nosque
1970 612 2070 637 vestre
2095 608 2179 638 solli-

1179 649 1332 680 citudinis
1361 653 1502 684 studium
1533 661 1563 685 et
1590 657 1768 688 devotionis
1797 660 1945 690 affectum
1972 661 2087 691 exinde
2116 671 2179 692 non

1177 702 1338 735 immerito
1366 708 1638 740 commendemus
1669 711 1740 741 Dat.
1770 713 1870 743 Rome
1885 738 1890 750 ‚
1921 714 2006 752 apud
2031 714 2179 744 Sanctam

1179 756 1315 787 Mariam
1332 760 1503 798 Majorem,
1521 771 1540 791 v
1556 763 1628 793 idus
1640 765 1798 802 J'anuarii,
1816 775 1900 796 anno
1916 768 2064 799 secundo.
2084 781 2097 795 v>

1202 938 1204 940 ’
1250 946 1366 975 ¹983

1211 1007 1395 1043 Dispensatio
1411 1012 1593 1039 matrimonii.
1614 1013 1695 1044 (Rso.
1713 1014 1756 1047 44,
1773 1023 1797 1040 c.
1816 1015 1876 1047 751,
1895 1016 1912 1041 f.
1929 1016 1979 1042 278
1996 1019 2043 1048 r0.)

1492 948 1856 985 sainte-Marie-Majeure,
1874 953 1888 979 8
1901 954 2013 987 janvier
2032 954 2107 981 1290.

1221 1110 1388 1140 Venerabili
1405 1114 1499 1148 fratri
1516 1136 1534 1142 ..
1552 1115 1682 1151 episcopo
1698 1115 1814 1144 Astertsz‘
1836 1117 2005 1146 committit
2024 1122 2180 1156 quatenus

1173 1171 1248 1193 cum
1277 1164 1379 1194 nobili
1405 1166 1473 1195 viro
1498 1166 1700 1203 Johannino,
1734 1173 1808 1198 nato
1835 1169 2017 1208 Maynfredi
2042 1171 2177 1208 Pellem,

1173 1217 1298 1254 militis,
1320 1222 1350 1248 et
1375 1219 1476 1249 nobili
1499 1220 1634 1250 muliere
1660 1221 1910 1260 Benvengnata,
1934 1223 2001 1253 filia
2018 1225 2178 1263 quondam

1173 1270 1330 1300 Obertarii
1362 1271 1436 1302 dicti
1470 1273 1611 1309 Rotarii‚
1644 1276 1788 1304 Asteusis
1817 1276 1981 1312 dioecesis,
2016 1277 2178 1316 dispenset

1173 1328 1206 1353 ut
1221 1325 1254 1354 in
1269 1325 1475 1356 matrimonio
1491 1327 1575 1365 quod
1595 1327 1672 1357 olim
1689 1351 1696 1365 ,
1714 1329 1897 1366 ignorantes
1915 1330 2177 1368 Benvengnatam

1172 1382 1283 1415 quarta
1309 1378 1394 1408 linea
1417 1381 1621 1417 conjunctam
1640 1390 1707 1411 esse
1731 1382 1879 1412 Florinae
1894 1407 1900 1419 ,
1916 1383 2002 1412 filiae
2016 1385 2176 1422 quondam

1173 1430 1408 1462 Brandrachini
1428 1433 1467 1462 de
1489 1433 1622 1471 Solario,
1640 1443 1776 1473 quacum
1794 1436 2001 1466 Johanninus
2017 1437 2175 1475 sponsalia

1171 1486 1345 1521 contraxit,
1372 1486 1426 1515 sed
1451 1496 1563 1525 quam,
1598 1487 1727 1525 langore
1756 1489 1929 1519 incurabili
1956 1489 2173 1523 laborantem,

1170 1538 1203 1566 in
1221 1538 1390 1568 mulierem
1404 1547 1468 1568 non
1485 1539 1585 1575 duxit,
1603 1544 1840 1578 contraxerunt,
1855 1551 2021 1572 remanere
2037 1543 2173 1573 valeant.

1213 1604 1226 1619 α
1243 1593 1388 1631 Exposita
1403 1594 1492 1623 nohis
1503 1594 1645 1624 dilecti...
1660 1612 1699 1616 -—
1713 1596 1783 1626 Dat.
1800 1596 1910 1631 Rome,
1927 1597 2010 1634 apud
2024 1596 2174 1627 Sanctam

1170 1646 1306 1676 Mariam
1321 1647 1492 1686 Majorem,
1512 1657 1544 1677 vt
1560 1648 1633 1677 idus
1647 1649 1804 1686 januarii,
1825 1657 1910 1678 anno
1927 1649 2075 1679 secundo.
2101 1662 2112 1676 ιι

1244 1819 1360 1848 1984

1204 1881 1388 1916 Dispensatio
1399 1890 1488 1916 super
1498 1883 1611 1909 deiectu
1623 1883 1768 1909 natalium.
1777 1883 1858 1913 (Rae.
1873 1884 1948 1917 44‚c.
1963 1885 2022 1915 752,
2035 1885 2052 1910 f.
2064 1884 2115 1911 278
2127 1891 2170 1914 ψη

1168 1930 1234 1957 ΕΑΡ.
1252 1939 1288 1957 nu
1302 1930 1399 1961 Tuam,
1418 1930 1456 1962 ΙΙ,
1474 1931 1548 1964 365.)

1479 1819 1833 1854 Sainte-Marie-Majeure,
1851 1821 1882 1847 13
1894 1821 2008 1855 janvier
2026 1822 2101 1849 1290.

1207 2034 1327 2062 Danieli
1352 2034 1386 2062 de
1402 2033 1550 2072 Erkinqeh
1558 2043 1584 2062 m
1600 2043 1695 2071 supra
1710 2035 1807 2063 Lz'sam
1820 2059 1825 2070 ‚
1840 2036 2010 2072 presbytero
2024 2060 2030 2070 ,
2048 2037 2169 2065 Atreba-

1168 2087 1258 2116 tensis
1283 2087 1415 2116 diocesis.
1440 2099 1451 2113 α
1473 2087 1515 2116 Ea
1534 2096 1595 2125 que
1611 2087 1811 2117 honestatem
1834 2089 1961 2127 sapiunt
1984 2093 2013 2118 et
2035 2089 2170 2118 salutem

1166 2140 1342 2178 respiciunt
1357 2140 1540 2170 animarum
1556 2141 1695 2178 benigno
1708 2141 1814 2171 favore
1830 2144 2051 2180 prosequimur
2063 2147 2092 2171 et
2107 2143 2170 2172 illis

1166 2193 1313 2231 precipue
1335 2202 1397 2232 qne
1419 2193 1458 2222 de
1482 2193 1652 2232 apostolice
1677 2194 1760 2224 sedis
1787 2195 1973 2224 auctoritate
1996 2195 2169 2233 procedunt

1164 2246 1302 2276 libenter
1314 2247 1472 2276 adicimus
1488 2247 1649 2285 apostolici
1665 2248 1855 2277 muniminis
1871 2248 2066 2278 firmitatem.
2086 2249 2168 2279 Sane

1164 2301 1271 2339 petitio
1294 2304 1347 2330 tna
1373 2301 1463 2330 nobis
1485 2300 1625 2330 exhibita
1652 2302 1832 2331 continebat
1857 2302 1960 2340 quod,
1990 2307 2017 2331 te
2046 2303 2167 2332 dudum

1164 2355 1300 2392 primam
1318 2353 1496 2383 clericalem
1514 2359 1676 2383 tonsuram
1692 2355 1855 2384 dumtaxat
1871 2355 2018 2391 habente,
2034 2361 2063 2385 et
2079 2365 2168 2394 expo-

1164 2411 1259 2437 nente
1285 2406 1385 2436 felicis
1409 2407 1639 2436 recordationis
1661 2407 1803 2437 Honorio
1831 2417 1928 2446 pape,
1954 2408 2166 2446 predecessori

1163 2465 1282 2495 nostro,
1303 2460 1398 2498 quod,
1415 2459 1487 2489 licet
1502 2459 1579 2489 olim
1595 2460 1728 2495 Aelidis‚
1747 2465 1847 2490 mater
1865 2466 1926 2495 tua,
1945 2470 2016 2491 curn
2029 2461 2165 2499 quodam

1161 2514 1294 2549 Jacobo,
1312 2513 1408 2549 laico,
1430 2514 1496 2543 viro
1516 2522 1571 2543 suo
1584 2536 1591 2549 ‚
1610 2514 1687 2543 dum
1710 2514 1849 2553 viveret,
1873 2515 2112 2544 matrimonium
2130 2515 2165 2543 in

1162 2567 1292 2597 ecclesie
1313 2567 1393 2595 facie
1417 2566 1560 2603 legitime
1585 2568 1808 2603 contraxisset,
1838 2572 1867 2597 et
1889 2568 1965 2597 dicti
1990 2569 2162 2606 conjuges,

1162 2626 1328 2659 postquam
1345 2620 1477 2649 insimul
1495 2629 1548 2658 per
1564 2629 1666 2650 annos
1682 2621 1835 2659 plurimos
1850 2621 2041 2657 habitarant‚
2059 2621 2164 2659 plures

1161 2674 1243 2703 filios
1264 2677 1491 2711 procreassent,
1510 2673 1676 2711 dictusque
1693 2674 1740 2702 vir
1758 2679 1800 2704 te.
1820 2683 1915 2712 quem
1927 2683 2028 2703 unum
2044 2683 2079 2703 ex
2097 2684 2163 2713 pre-

1162 2728 1252 2757 dictis
1270 2726 1344 2755 filiis
1362 2727 1541 2764 reputabat,
1565 2727 1678 2756 affectu
1706 2731 1834 2765 paterno
1849 2752 1854 2762 ,
1875 2727 1954 2756 sicut
1969 2727 2046 2757 alios
2062 2727 2162 2764 filios,

1162 2780 1356 2815 nutrivisset‚
1383 2779 1456 2817 quia
1477 2783 1581 2808 tamen
1599 2779 1737 2817 predicta
1758 2784 1872 2815 mater,
1894 2779 2030 2818 quadam
2052 2781 2114 2817 die,
2136 2786 2163 2810 te

1162 2841 1304 2863 seorsum
1336 2831 1464 2861 trahens
1476 2854 1485 2868 ,
1517 2831 1573 2861 tibi
1601 2833 1752 2861 secretius
1785 2832 1937 2862 indicavit
1965 2833 2048 2871 quod
2078 2834 2160 2872 ipsa,

1161 2887 1299 2926 predicto
1320 2885 1389 2915 viro
1410 2885 1554 2921 vivente,
1576 2890 1604 2914 te
1622 2890 1775 2922 genuerat
1797 2886 1834 2915 de
1855 2886 1993 2924 quodam
2016 2887 2114 2917 nobili
2134 2892 2161 2917 et

1161 2940 1280 2974 soluto,
1307 2944 1357 2969 tu,
1387 2947 1482 2976 quem
1503 2947 1540 2967 ex
1557 2937 1616 2967 hoc
1629 2939 1695 2976 jam
1722 2939 1879 2977 inceperat
1899 2941 2161 2970 tuavconscientia

1161 2991 1341 3022 remordere
1355 3015 1360 3025 ,
1378 2995 1410 3019 ut
1427 2995 1478 3019 tue
1490 2999 1583 3029 super
1601 2990 1660 3020 hoc
1673 2990 1766 3020 saluti
1783 2991 1964 3021 consuleres
1975 3017 1982 3028 ,
1999 2993 2038 3022 ad
2054 2992 2160 3022 sedem

1160 3044 1362 3084 apostolicam
1378 3043 1559 3078 accessisti,
1579 3043 1618 3073 ab
1636 3043 1745 3073 eodem
1762 3043 1979 3082 predecessore
1996 3044 2161 3075 humiliter
