2342 3652
10 0 63 59 «ῃ

918 368 1152 408 TnoisinMn
1172 369 1329 408 ANNnn.

113 465 125 478 ι
147 449 332 481 Devotionis
354 453 406 478 tue
429 447 613 486 precibus...
640 464 677 468 -
703 447 775 476 Dat.
799 446 880 484 apud
903 445 1082 476 Urbemve-

76 510 184 539 terem,
202 512 220 532 x
236 500 389 531 kalendas
401 499 491 539 julii,
510 507 596 529 anno
614 500 716 529 tertio.
736 510 751 525 »

147 674 264 704 3034
656 671 784 705 Orvieto,
805 671 835 698 18
851 672 918 698 aout
937 671 1013 698 1‘290.

115 738 246 766 Facultas
261 736 412 763 alienandi.
429 735 514 768 (Res.
532 735 574 765 45,
593 743 618 761 c.
632 735 692 763 336.
705 734 724 761 f.
739 735 770 760 {54
783 741 826 767 r03
846 733 963 764 Porru,
976 732 1086 765 23360.)

163 839 338 877 quar-diano
357 842 381 866 et
400 837 554 873 fratribus
572 841 735 865 conventus
749 835 858 865 Sancte
871 836 965 864 ,narie
980 835 1013 863 de
1035 834 1085 862 Ve-

81 895 180 930 nonis,
193 891 310 921 ordinis
320 892 489 925 minorum,
506 890 674 919 Castellum
688 890 821 928 diocesis,
833 888 978 918 concedit
991 887 1088 917 licen-

81 948 155 978 tiam
178 944 339 975 vendendi
361 947 435 973 ante
459 946 612 972 statutum
638 948 760 980 tempus
778 941 888 971 domos
911 945 940 970 et
963 949 1086 979 posses-

81 1000 185 1030 siones
214 998 290 1036 ipsis
316 1006 335 1026 a
362 995 539 1031 Palmeria,
565 995 674 1024 relicta
699 994 841 1024 Thomae
868 993 1023 1030 Mudacii,
1049 993 1088 1022 de

80 1051 233 1088 venetiis,
251 1059 425 1080 concessas.

124 1118 137 1133 ι
152 1104 298 1134 Exhibita
311 1103 402 1133 nobis
417 1106 557 1132 vestra...
574 1118 613 1125 —
626 1101 695 1130 Dat.
711 1101 793 1140 apud
810 1101 1086 1139 Urhemveterem,

81 1168 121 1190 xv
133 1157 285 1188 kalendas
301 1156 497 1195 septembris=
517 1163 603 1185 anno
619 1155 720 1185 tertio.
742 1167 755 1181 »

149 1328 406 1359 3⁰35-3040

116 1392 280 1428 Stephanus
290 1391 528 1425 archiepiscopus
537 1389 727 1416 Cassellensis
739 1389 932 1416 confirmatur.
948 1389 1029 1421 (Res.
1042 1389 1085 1423 45,

660 1326 786 1357 Orvieto,
806 1326 835 1353 ‘21
854 1329 922 1354 aout
939 1328 1014 1354 1290.

67 1449 108 1470 'c.
124 1441 185 1473 337,
201 1442 221 1468 f.
237 1440 271 1468 64
287 1445 335 1473 v⁰;
354 1439 472 1474 Poma,
488 1439 598 1470 23363.)

130 1542 295 1573 Venerabili
332 1543 429 1578 fratri
456 1540 624 1578 Stephano,
652 1540 871 1578 archiepiscopo
900 1541 1086 1572 Cassellensi.

83 1596 278 1627 Electionem
308 1595 394 1634 ejus,
422 1598 497 1623 tunc
525 1593 743 1622 archidiaconi
767 1593 1025 1623 Clendelacensis
1054 1595 1088 1623 in

85 1649 214 1680 ecclesia
229 1647 443 1682 Dublinensi,
462 1646 501 1676 ad
515 1646 821 1684 archiepiscopatum
839 1646 1087 1684 Cassellensem,

82 1711 137 1742 per
151 1703 271 1733 obitum
292 1701 396 1730 David
412 1705 576 1730 vacantem
588 1723 598 1737 ,
614 1709 632 1729 a
649 1723 669 1730 ..
687 1700 824 1736 decano,
841 1700 999 1737 Galfrido,
1019 1700 1089 1730 the-

83 1755 225 1786 saurario
243 1754 455 1792 Corkagensi,
474 1758 505 1783 et
524 1753 657 1783 Nicolao
680 1753 816 1788 Maclin,
837 1752 1090 1783 Cassellensibus

83 1808 262 1844 canonicis,
279 1807 411 1847 capituli
432 1807 737 1846 compromissariis‚
757 1796 889 1843 factam,
909 1807 1088 1836 confirmat.

127 1875 141 1890 ι
154 1861 309 1892 Militanti
323 1861 454 1891 ecclesie
469 1861 693 1898 disponente...
713 1876 752 1882 —
768 1860 839 1889 Dat.
856 1860 941 1898 apud
958 1860 1091 1890 Urbem—

85 1920 232 1953 veterem,
250 1925 292 1945 xii
310 1914 466 1945 kalendas
482 1914 681 1952 septembris,
699 1922 784 1943 anno
803 1915 905 1943 tertio.
926 1926 939 1940 »

123 1970 161 2000 In
181 1979 209 2000 e.
235 1978 279 1999 m.
309 1992 329 1999 ..
353 1969 473 1998 decano
498 1973 528 1997 et
547 1967 686 2007 capitulo
709 1967 918 1997 Cassellensis
943 1969 1091 1997 ecclesiae

86 2023 214 2054 mandat
231 2027 390 2062 quatenus
409 2022 515 2052 eidem
531 2021 769 2060 archiepiscopo
786 2021 924 2050 debitam
939 2020 1090 2051 obedien-

85 2077 162 2108 tiam
178 2076 360 2115 praebeant.

123 2130 161 2161 In
177 2139 204 2160 e.
229 2138 272 2159 m.
294 2129 378 2159 clero
398 2133 429 2158 et
454 2128 569 2167 populo
589 2128 724 2158 civitatis
742 2132 772 2157 et
792 2127 945 2157 dioecesis
963 2127 1089 2158 Cassel-

83 2183 192 2214 lensis.
968 2207 970 2211 ,

123 2237 162 2268 111
183 2246 212 2267 e.
229 2246 273 2267 m.
290 2235 453 2266 universis
470 2234 616 2265 vassallis
631 2234 783 2264 ecclesiae
798 2234 1017 2264 Cassellensis.

124 2291 161 2320 In
180 2299 207 2320 e.
226 2299 270 2319 m.
288 2289 446 2319 universis
463 2288 676 2326 suffraganeis
698 2287 907 2318 Cassellensis
928 2286 1088 2317 ecclesiae.

124 2343 162 2374 In
178 2352 205 2373 e.
225 2352 268 2373 m.
298 2365 318 2374 ..
341 2351 449 2380 regem
470 2341 608 2380 Angliae
630 2345 720 2379 rogat
739 2346 773 2370 ut
792 2341 895 2370 eidem
917 2340 1091 2379 archiepis-

85 2404 159 2436 mpo
173 2396 312 2426 favorem
330 2404 424 2426 suum
440 2396 598 2435 praebeat.

156 2561 268 2592 3⁰4!
653 2560 787 2593 Orvieto‚
806 2561 843 2586 1·r
858 2560 925 2586 aout
944 2559 1018 2586 1290.

122 2623 305 2659 Dispensatio
322 2623 506 2650 matrimonii.
525 2623 608 2656 (Rae.
627 2624 670 2654 45,
685 2631 710 2649 c.
729 2622 788 2653 338,
806 2623 825 2649 f.
841 2622 874 2649 65
890 2624 937 2654 ιώ.)

130 2747 150 2756 ..
163 2727 337 2763 patriarche
351 2726 546 2762 Antiocheno,
562 2726 812 2755 administratori
827 2726 943 2754 ecclesie
956 2725 1092 2754 larinen-

87 2777 141 2816 ιε’-ς,
170 2779 342 2809 committit
367 2783 525 2817 quatenus
550 2787 623 2808 cum
655 2778 755 2808 nobili
781 2778 848 2808 viro
877 2777 1031 2807 Riccardo
1055 2777 1094 2807 de

88 2831 189 2861 Auria
222 2835 252 2861 et
282 2831 383 2862 nobili
416 2831 551 2861 muliere
579 2831 711 2861 Petrina
743 2831 781 2860 de
813 2831 943 2867 Castro,
971 2830 1094 2860 civibus

89 2883 321 2923 Januensibus,
351 2884 511 2924 dispenset
537 2888 571 2914 ut
594 2885 627 2914 in
653 2884 858 2914 matrimonio
884 2884 970 2922 quod
997 2883 1092 2920 olim,

81 2936 274 2975 'ignorantes
292 2947 325 2967 se
343 2942 455 2977 quarto
472 2938 760 2975 consanguinitatis
774 2937 874 2975 gradu
891 2937 1094 2974 conjunctos,

90 2995 330 3028 contraxerunt,
348 2995 378 3022 et
394 2992 428 3021 in
445 3000 507 3030 quo
524 2991 632 3030 plures
651 2990 730 3021 filios
749 2995 972 3029 procrearunt,
991 2999 1095 3019 rema-

90 3051 165 3074 nere
183 3044 317 3074 valeant.

2113 380 2173 410 499

1209 456 1221 470 α
1245 444 1362 475 Petitio
1388 446 1495 475 dilecti
1516 445 1614 475 filii...
1637 462 1675 468 —-
1696 446 1766 475 Dat.
1789 445 1871 484 apud
1892 445 2172 491 Urbemveterem¹

1166 497 1313 527 kalendis
1329 500 1466 537 augusti,
1484 508 1568 529 anno
1587 499 1687 529 tertio.
1708 495 1727 525 »⁸

1240 677 1491 705 3042-3043

1206 739 1251 765 Ad
1267 740 1441 780 solutionem
1458 739 1620 766 debitorum
1638 739 1855 775 Ebredunensis
1870 741 2020 767 ecclesiae.
2035 741 2118 773 (Rea.
2132 742 2174 776 45,

1169 796 1195 814 c.
1214 788 1274 819 339,
1291 788 1310 813 s.
1328 788 1360 814 65
1379 788 1424 821 μὴ)

1750 677 1876 708 Orvieto,
1897 678 1923 704 11
1943 678 2102 706 aout1290.

1210 890 1401 927 Raymundo,
1416 890 1636 927 archiepiscopo
1652 890 1870 925 Etr-edunensi,
1885 890 2017 927 fructus,
2034 891 2177 921 redditus

1170 947 1201 973 et
1216 947 1386 982 proventus
1405 943 1499 981 primi
1513 943 1591 972 anni
1607 943 1752 972 omniurn
1769 943 1997 972 beneficiorum
2016 944 2177 974 eeclesias-

1170 997 1305 1026 ticorum
1332 997 1365 1025 in
1392 996 1615 1025 Ehredunensi
1634 996 1796 1033 provincia
1819 1005 1873 1033 per
1892 996 2065 1025 triennium
2085 1006 2176 1027 vaca-

1173 1054 1334 1085 turorum,
1354 1049 1393 1078 ad
1412 1049 1603 1078 solutionem
1622 1048 1801 1078 debitorum
1820 1048 2057 1078 Ebredunensis
2075 1050 2175 1079 eccle-

1170 1102 1235 1132 siae
1252 1102 1491 1138 convertendos,
1510 1101 1664 1131 concedit.

1211 1166 1224 1182 ι
1238 1155 1328 1184 Circa
1337 1154 1552 1193 quarumlibet
1562 1153 1807 1184 eeclesiarum„
1820 1171 1855 1176 -
1868 1154 1939 1183 Dat.
1951 1154 2034 1192 apud
2044 1154 2177 1184 Urbem·

1170 1213 1322 1245 veterem,
1342 1217 1373 1237 111
1390 1208 1461 1237 idus
1476 1208 1614 1245 augusti,
1632 1215 1718 1236 anno
1734 1207 1836 1238 tertio.
1857 1219 1868 1233 n

1211 1262 1249 1291 In
1266 1270 1292 1291 e.
1312 1270 1355 1290 m.
1374 1284 1393 1290 ..
1411 1260 1542 1294 decano,
1556 1283 1577 1289 ..
1592 1260 1770 1299 praeposito
1787 1264 1817 1288 et
1831 1282 1850 1288 ..
1865 1259 2012 1289 sacristae
2029 1259 2178 1290 ecclesiae

1171 1315 1382 1354 Vapincensis
1400 1313 1529 1343 maudut
1545 1317 1701 1351 quatenus
1718 1313 1821 1342 eidem
1838 1312 2074 1351 archiepiscopo
2092 1322 2180 1351 prae-

1171 1369 1269 1399 dictos
1288 1368 1431 1398 redditus
1454 1372 1483 1397 et
1506 1371 1679 1405 proventus
1703 1366 1828 1404 integre
1851 1365 2032 1394 ministrari
2049 1366 2176 1396 faciant.

1243 1547 1494 1576 3⁰44—305’7
1752 1544 1878 1576 Orvieto,
1899 1545 1926 1570 11
1946 1545 2012 1571 aout
2032 1545 2107 1571 1290.

1207 1611 1417 1645 Indulgentiae.
1435 1609 1518 1642 (Rau.
1537 1609 1580 1638 45,
1595 1616 1620 1634 c.
1639 1607 1699 1638 340,
1716 1607 1736 1634 f.
1754 1607 1788 1634 65
1805 1608 1852 1640 ro.)

1216 1713 1364 1742 Universis
1385 1711 1500 1741 Christi
1521 1711 1659 1748 fidelibus
1678 1715 1829 1747 presentes
1850 1710 1966 1738 litteras
1986 1710 2178 1747 inspecturis.

1173 1765 1414 1803 Indulgentiam
1439 1764 1534 1793 unius
1554 1763 1631 1792 anni
1653 1768 1683 1792 et
1703 1772 1741 1792 XL
1757 1762 1882 1791 dierum
1901 1762 2047 1791 concedit
2063 1762 2108 1791 eis
2125 1763 2179 1801 qui

1174 1819 1339 1849 ecclesiam
1361 1817 1399 1847 de
1421 1817 1666 1854 Villarisarnay‚
1692 1815 1861 1845 Bemensis
1877 1815 2046 1849 dioecesis,
2064 1816 2095 1844 in
2119 1817 2180 1844 As-

1174 1871 1364 1910 sumptionis
1380 1871 1489 1900 beatae
1503 1870 1622 1899 Mariae
1635 1874 1665 1899 et
1680 1868 1713 1898 S.
1733 1868 1852 1903 Pontii,
1867 1869 1901 1897 in
1919 1868 2010 1906 cujus
2026 1868 2178 1898 honorem

1174 1926 1285 1957 eadem
1304 1924 1436 1954 ecclesia
1460 1928 1640 1953 constructa
1662 1927 1724 1956 est,
1743 1922 1965 1951 festivitatibus
1987 1927 2017 1950 et
2039 1931 2092 1960 per
2113 1927 2181 1952 octo

1175 1980 1242 2009 dies
1258 1982 1425 2017 sequentes
1441 1977 1650 2008 visitaverint.

1215 2046 1229 2059 (ι
1246 2033 1318 2062 Vite
1333 2031 1513 2071 perempnis
1525 2030 1662 2068 gloria...
1676 2046 1715 2050 ——
1726 2029 1798 2060 Dat.
1810 2028 1894 2067 apud
1909 2028 2180 2065 Urhemveterem,

1174 2096 1208 2116 111
1226 2086 1299 2115 idus
1314 2085 1451 2123 augusti,
1470 2092 1555 2113 anno
1574 2083 1676 2113 tertio.
1697 2094 1709 2108 r,

1773 2161 1898 2191 Orvieto,
1917 2161 1931 2187 5
1947 2161 2014 2187 aout
2032 2160 2108 2187 1290.

1213 2227 1250 2256 In
1262 2236 1289 2256 e.
1303 2235 1346 2255 111.
1360 2224 1493 2254 eisdem.
1510 2223 1651 2253 Eandem
1666 2222 1901 2260 indulgentiam
1913 2222 2058 2252 concedit
2068 2222 2112 2251 eis
2124 2222 2181 2260 qui

1173 2280 1336 2310 ecclesiam
1361 2278 1469 2308 Sancti
1494 2276 1679 2316 Maymhodi
1702 2276 1741 2305 de
1762 2275 2037 2313 Montebelgardo,
2063 2275 2179 2305 Bisun-

1175 2336 1258 2364 tinae
1276 2333 1440 2368 dioecesis,
1454 2332 1488 2360 in
1502 2332 1579 2361 festo
1593 2331 1703 2360 Sancti
1715 2330 1901 2369 Maymbodi
1917 2334 1946 2358 et
1963 2338 2016 2367 per
2031 2334 2099 2359 octo
2112 2329 2180 2358 dies

1173 2392 1341 2426 sequentes
1365 2385 1573 2415 visitaverint.
1595 2384 1666 2413 Dat.
1686 2384 1769 2421 apud
1791 2383 2068 2417 Urbemveterem,
2087 2382 2180 2411 nonis

1173 2441 1310 2478 augusti,
1329 2447 1414 2469 anno
1433 2438 1534 2468 tertio.
1555 2449 1568 2464 n

1730 2514 1857 2546 Orvieto,
1876 2515 1908 2542 30
1921 2515 2015 2549 juillet
2031 2514 2108 2542 1290*

1214 2582 1251 2610 ln
1276 2590 1302 2610 e.
1330 2589 1371 2609 m.
1397 2579 1530 2609 eisdem.
1557 2578 1698 2607 Eandem
1719 2577 1954 2614 indulgentiam
1972 2575 2116 2606 concedit
2135 2576 2182 2605 eis

1175 2636 1229 2673 qui
1245 2633 1411 2664 ecclesiam
1434 2632 1550 2661 Beatae
1570 2630 1692 2660 Mariae
1713 2630 1750 2660 de
1769 2622 1965 2668 Janarzayo,
1986 2629 2183 2658 pictavensis

1176 2687 1345 2723 dioecesis,
1371 2687 1404 2714 in
1434 2685 1543 2714 beatae
1571 2684 1690 2713 Mariae
1719 2683 1943 2712 festivitatibus
1973 2687 2003 2711 et
2032 2691 2085 2719 per
2114 2686 2183 2711 octo

1175 2740 1243 2770 dies
1271 2742 1439 2778 sequentes
1467 2736 1673 2766 visitaverint.
1698 2736 1770 2765 Dat.
1795 2740 1825 2765 ut
1844 2744 1955 2773 snpra,
1975 2744 2008 2763 111
2027 2733 2181 2764 kalendas

1176 2793 1315 2831 augusti,
1332 2800 1417 2822 anno
1434 2791 1536 2821 tertio.
1555 2802 1568 2816 »

1731 2867 1858 2898 Orviem,
1878 2867 1909 2893 12
1921 2867 2017 2901 Juillet
2033 2866 2110 2894 1290.

1217 2935 1255 2964 In
1277 2942 1302 2963 e.
1328 2942 1372 2962 m.
1396 2932 1527 2962 eisdem.
1556 2931 1696 2961 Eandem
1719 2929 1952 2968 indulgentiam
1973 2928 2117 2959 concedit
2137 2928 2183 2958 eis

1178 2989 1233 3027 qui
1250 2986 1413 3017 ecclesiam
1435 2985 1543 3016 Sancti
1562 2984 1715 3014 Germani
1733 2983 2045 3019 Autisiodorensem,
2063 2981 2098 3010 in
2115 2981 2182 3010 sin-

1178 3040 1261 3079 gulis
1284 3040 1391 3070 beatae
1413 3038 1547 3075 Mariae,
1565 3037 1598 3068 S.
1615 3036 1770 3067 Germani
1795 3040 1824 3065 et
1846 3036 1878 3066 S.
1902 3035 2012 3073 Eligii,
2031 3035 2064 3064 in
2090 3035 2184 3073 quus
