2342 3652
914 371 1139 411 nnumen
1162 369 1318 409 ΑΝΝΕΕ.
2099 364 2155 414 309

75 451 122 480 bis
136 449 277 487 exposita
292 448 474 477 continebat
486 447 570 486 quod
583 446 716 481 dudum,
735 446 927 476 monasterio
943 445 1074 475 Farensi

74 502 229 533 abbatisse
245 501 402 539 regimine
417 500 564 529 destituto
575 522 583 536 ‚
601 500 662 529 due
678 498 860 534 electiones,
879 508 942 528 una
959 498 1074 528 videli-

75 560 123 586 cet
140 555 177 584 de
197 559 235 590 te,
253 558 282 583 et
299 553 363 583 alia
378 553 415 583 de
433 552 574 582 Beatrice
590 552 628 581 de
645 552 773 581 Actiaco
788 575 794 587 ,
812 551 889 581 dicti
915 555 1073 581 monaste-

77 610 116 640 rii
131 607 335 643 monialibus,
353 607 484 636 fuerunt
498 615 517 635 a
533 604 725 634 monialibus
743 605 875 643 predicti
889 604 1075 634 monasterii

74 663 114 693 ad
131 661 219 692 illius
235 661 378 698 regimen
397 658 520 689 abbatie
538 658 571 687 in
590 657 749 687 discordia
766 657 931 687 celebrate.
951 657 1074 695 Hujus-

76 715 159 746 modi
175 719 281 745 autem
297 713 490 743 electionum
508 711 645 749 negotio,
662 719 718 748 per
734 710 979 749 appellationem
998 710 1077 739 Her-

75 768 256 807 mengardis
275 767 313 797 de
330 767 499 796 Suessione
515 774 551 795 ac
571 764 721 795 Johanne
738 764 776 793 de
796 764 968 802 Crispeyo,
991 763 1074 801 ejus-

75 823 147 853 dem
172 819 358 850 monasterii
384 818 592 852 monialium,
619 826 696 856 que,
723 825 763 846 ne
792 820 825 845 tu
852 815 1016 853 eligereris
1043 816 1076 844 in

74 875 265 906 abbatissam
291 873 392 912 ipsius
414 871 620 907 monasterii,
645 874 754 900 contra
779 874 807 899 te
826 869 992 899 obiciendo
1017 868 1076 898 cri-

75 929 183 964 mina,
201 927 239 957 ad
260 927 367 956 sedem
383 925 588 964 apostolicam
605 923 820 963 appellarant,
845 923 884 952 ad
904 923 1077 961 predictam

75 981 181 1012 sedem
196 980 340 1018 legitime
353 978 510 1014 devoluto,
526 986 584 1008 nos
597 978 630 1006 in
649 977 765 1015 prefato
782 976 907 1014 negotio
923 975 1078 1005 dilectum

77 1034 180 1064 filium
200 1038 345 1063 nostrum
363 1033 392 1062 J.
409 1055 417 1069 ,
439 1032 553 1062 Sancte
574 1030 675 1060 Marie
695 1030 729 1059 in
746 1030 807 1058 Via
826 1029 889 1058 lata
908 1029 1079 1058 diaconum

75 1086 283 1123 cardinalem,
297 1086 445 1115 dedimus
460 1084 602 1123 partibus
614 1084 803 1113 auditorem.
817 1082 961 1121 Cumque
976 1082 1079 1111 nomi-

77 1145 169 1171 natus
193 1139 388 1174 cardinalis,
414 1143 580 1177 postquam
603 1137 663 1166 sibi
687 1136 828 1166 constitit
850 1145 904 1174 per
930 1135 1080 1174 producta

77 1193 240 1232 negotium
263 1193 367 1231 ipsum
391 1191 475 1230 apud
494 1191 629 1221 eandem
645 1190 751 1219 sedem
770 1198 824 1227 per
839 1188 957 1218 dictam
972 1178 1080 1226 appel-

75 1247 227 1278 lationem
244 1246 386 1284 legitime
402 1244 587 1275 devolutum
604 1244 712 1279 fuisse,
726 1251 762 1272 ac
773 1242 855 1280 apud
869 1251 938 1271 eam
955 1242 1081 1271 tractari

78 1305 108 1332 et
123 1299 289 1330 terminari
305 1298 434 1335 debere,
453 1298 605 1337 prefatam
628 1296 803 1326 Beatricem
822 1300 852 1325 et
871 1304 923 1324 eas
945 1304 1007 1334 que
1025 1303 1081 1324 sua

76 1353 242 1385 crederent
264 1352 416 1381 interesse
437 1350 556 1389 pluries
581 1354 611 1380 et
628 1349 840 1389 peremptorie
855 1348 895 1378 ad
911 1348 1081 1386 proceden-

77 1407 154 1438 dum
167 1407 200 1436 in
218 1406 300 1435 dicto
317 1405 444 1442 negotio
459 1405 494 1433 in
513 1403 678 1434 audientia
694 1402 820 1442 publica
835 1403 925 1432 citari
945 1403 1079 1438 faceret,

79 1464 113 1491 ut
129 1464 176 1490 est
190 1459 289 1489 moris
303 1482 310 1494 ,
329 1457 500 1496 nullusque
520 1466 574 1496 pro
597 1457 672 1496 ipsis
698 1457 732 1485 iu
757 1461 872 1485 statuto
895 1455 934 1484 ad
955 1456 1012 1485 hoc
1036 1456 1082 1485 eis

79 1514 214 1544 termino
244 1517 274 1542 et
300 1516 368 1551 post
392 1512 487 1540 etiarn
514 1510 685 1549 expectatis
714 1510 835 1539 diutius
863 1513 1080 1548 compareret,

28 1563 31 1569 “
78 1568 162 1598 idem
175 1565 347 1596 cardinalis
363 1564 542 1595 Beatricem
554 1568 584 1593 et
594 1564 674 1593 alias
688 1563 854 1602 predictas,
873 1568 964 1601 prout
978 1567 1081 1598 erant,

79 1620 237 1659 reputavit
253 1619 366 1648 merito
382 1623 584 1648 contumaces
599 1642 605 1654 ,
623 1622 653 1647 et
669 1617 724 1646 lite
740 1626 834 1655 super
854 1616 958 1646 oblato
973 1615 1082 1646 libello

79 1682 184 1704 coram
204 1681 240 1702 eo
254 1680 310 1710 pro
327 1676 413 1710 parte
430 1675 492 1705 tua,
510 1671 543 1700 in
563 1679 625 1709 quo
641 1671 725 1700 inter
741 1670 802 1699 alia
821 1670 985 1708 petebatur
1002 1669 1082 1698 elec-

80 1727 199 1757 tionem
214 1726 252 1755 de
269 1730 298 1755 te
314 1725 427 1754 factam
448 1729 599 1763 tanquam
618 1724 803 1754 canonicam
822 1723 1027 1759 confirmari,
1048 1732 1083 1753 ac

79 1778 265 1818 hujusmodi
281 1777 469 1808 electionem
489 1782 704 1816 presumptam
721 1777 759 1806 de
781 1777 924 1806 Beat1·icc
943 1776 1083 1816 predicta

77 1832 194 1863 cassari
209 1833 243 1861 in
259 1831 487 1861 contumatiam
508 1831 604 1869 partis
620 1830 751 1860 adverse
764 1853 771 1866 ,
792 1830 900 1859 habita
923 1838 978 1868 pro
1001 1830 1081 1867 legi-

78 1886 154 1916 time
175 1889 366 1917 contestata.
385 1889 415 1914 et
436 1893 453 1913 a
475 1884 625 1914 ,Iohanne
649 1884 687 1913 de
709 1885 860 1918 Ancona,
883 1888 1084 1922 procuratore

77 1943 129 1969 tuo
141 1939 176 1968 in
189 1938 271 1968 dicto
284 1937 421 1975 negotio,
437 1947 492 1976 per
512 1943 540 1966 te
555 1937 593 1967 de
608 1937 740 1966 veritate
756 1937 890 1966 dicenda
902 1937 1083 1976 juramento

77 1996 211 2031 recepto,
227 1991 312 2021 idem
325 1991 511 2031 cardinalis,
525 1991 660 2028 cognitis
671 1991 771 2029 ipsius
786 1991 905 2028 negotii
920 2000 974 2020 seu
990 1999 1084 2020 cause

76 2045 211 2082 meritiS‚
229 2049 259 2074 et
270 2045 354 2084 juris
368 2044 480 2075 ordine
498 2054 552 2083 per
567 2044 678 2074 omnia
693 2045 869 2080 observato,
888 2045 976 2082 prius
992 2053 1009 2073 a
1026 2053 1083 2074 no-

76 2099 125 2130 bis
145 2099 238 2138 petita
257 2103 287 2128 et
302 2099 430 2128 obtenta
450 2098 579 2128 licentia
599 2098 638 2127 de
662 2098 821 2128 sententia
838 2098 871 2127 in
888 2098 972 2127 dicta
989 2107 1083 2127 causa

76 2162 131 2183 seu
146 2153 273 2191 negotio
290 2152 490 2191 proferenda,
511 2156 542 2182 et
557 2152 660 2182 citatis
678 2152 817 2190 partibus
836 2152 875 2181 ad
891 2152 992 2190 ipsam
1009 2160 1083 2181 sen-

78 2207 210 2236 tentiam
231 2206 446 2240 audiendam,
470 2211 618 2244 presente
643 2205 725 2235 dicto
745 2205 908 2240 Johanne,
935 2211 964 2235 et
986 2205 1084 2235 altera
1118 2232 1120 2234 ,

79 2265 165 2300 parte
180 2259 311 2289 absente
323 2282 331 2296 ,
351 2268 405 2298 per
427 2260 655 2289 contumatiam
677 2259 877 2297 hujusmodi,
895 2259 1085 2289 electionem

78 2313 118 2344 de
134 2318 162 2344 te
179 2314 310 2350 factam,
326 2314 401 2351 quia
418 2314 544 2343 invenit
559 2322 629 2343 eam
647 2314 832 2343 canonicam
851 2319 880 2343 et
896 2314 934 2343 de
950 2322 1085 2352 persona

80 2367 205 2406 ydonea
222 2367 374 2396 canonice
390 2367 592 2402 celebratam,
614 2366 847 2396 sententialiter
863 2368 1082 2403 confirmavit3

81 2419 234 2450 electione
252 2420 351 2458 ipsius
375 2420 528 2449 Beatricis
551 2425 701 2459 tanquam
727 2429 789 2450 non
814 2421 967 2450 canonica
993 2421 1084 2458 peni-

83 2477 132 2504 tus
149 2473 284 2509 irritata,
304 2478 394 2512 prout
412 2474 445 2502 in
462 2475 677 2503 instrumento
694 2473 819 2512 publico
839 2474 913 2503 inde
931 2474 1083 2510 consecto,

80 2525 180 2564 ipsius
195 2525 366 2556 cardinalis
383 2526 487 2563 sigillo
505 2527 642 2562 munito,
660 2526 786 2564 plenius
804 2527 995 2556 continetur.
1021 2527 1086 2556 Nos

81 2579 187 2617 igitur,
203 2580 265 2609 tuis
278 2579 562 2618 supplicationibus
579 2580 739 2616 inclinati,
758 2580 943 2618 hujusmodi
961 2585 1087 2609 seuten-

84 2633 158 2662 tiam
177 2633 251 2662 dicti
267 2633 437 2663 cardinalis
454 2634 584 2672 provide
600 2634 707 2669 latam,
726 2639 825 2662 ratam
844 2639 873 2663 et
891 2638 1013 2671 gratam
1030 2634 1087 2663 ha-

62 2702 65 2705 v
83 2685 192 2716 bentes
205 2710 212 2724 ,
230 2695 299 2716 eam
316 2687 499 2716 auctoritate
520 2687 689 2725 apostolica
711 2688 938 2716 confirmamus
965 2692 993 2717 et
1017 2696 1085 2726 pre-

83 2740 180 2769 sentis
207 2741 315 2778 scripti
342 2741 516 2779 patronicio
541 2742 799 2776 communimus,
826 2746 967 2770 tenorem
988 2741 1088 2778 ipsius

88 2792 299 2822 instrumenti
322 2793 359 2822 de
378 2793 474 2823 verbo
494 2794 532 2823 ad
557 2794 687 2823 verbum
712 2794 909 2832 presentibus
926 2794 1025 2823 inseri
1045 2794 1089 2822 ta-

83 2845 219 2881 cientes‚
238 2847 294 2885 qui
315 2847 384 2876 talis
400 2852 446 2877 est
465 2860 470 2876 :

125 2911 137 2925 ι
155 2899 193 2928 In
211 2901 341 2929 nomine
360 2901 499 2930 Domini.
519 2901 649 2930 Dudum
668 2900 861 2930 monasterio
879 2900 1020 2935 Farensi,
1039 2908 1089 2929 or-

88 2962 100 2977 n
124 2952 210 2986 dinis
226 2953 333 2982 Sancti
353 2954 525 2990 Benedicti,
547 2954 722 2983 Meldensis
737 2954 880 2988 diocesis,
895 2957 1024 2981 vacante
1037 2962 1090 2990 per

89 3016 102 3031 n
126 3004 257 3035 liberam
274 3008 522 3045 resignationem
538 3008 702 3043 Haonisis,
721 3006 800 3036 olim
817 3007 974 3036 abbatisse
991 3006 1091 3044 ipsius

89 3069 102 3083 υ
126 3060 329 3096 monasterii,
347 3061 460 3090 saetam
476 3061 508 3089 in
526 3061 676 3090 manibus
698 3061 779 3089 bone
797 3059 951 3089 memorie
967 3058 1091 3088 domini

1158 456 1172 471 »
1194 445 1369 481 Johannis,
1389 446 1561 476 Meldensis
1580 448 1733 485 episcopi,
1750 452 1780 477 et
1793 448 1833 477 ab
1851 447 1996 485 episcopo
2017 448 2085 486 ipso
2105 457 2153 478 re-

1160 509 1173 524 »
1197 502 1318 535 ceptam
1331 520 1340 534 ,
1357 499 1418 528 due
1436 499 1605 530 electiones
1621 501 1655 529 iu
1672 500 1782 530 eodem
1799 501 2009 535 monasterio,
2032 509 2095 530 una
2116 500 2155 531 de

1157 561 1169 575 ›
1197 550 1359 588 quondam
1378 552 1539 589 Jobanna,
1568 553 1717 591 priorissa
1733 553 1771 582 de
1793 542 1934 589 Gumba,
1961 553 2156 583 Senonensis

1160 614 1173 629 r»
1198 603 1351 640 diocesis,
1374 610 1404 633 et
1426 605 1487 634 alia
1509 605 1548 635 de
1571 606 1733 644 quondam
1754 606 1939 644 Helisaudi,
1962 606 2156 637 monialibus

1158 667 1170 682 ι
1198 656 1273 686 dicti
1296 659 1496 694 monasterii,
1515 659 1548 688 in
1565 659 1722 689 discordia
1737 659 1891 690 celebrate
1908 661 2054 697 fuerunt;
2074 661 2158 690 inter

1161 721 1174 735 n
1198 718 1277 747 quas
1304 719 1398 748 super
1419 711 1510 741 dictis
1536 712 1743 742 electionibus
1769 714 1934 751 questione
1961 714 2103 750 suborta,
2128 718 2158 743 et

1161 774 1175 789 n
1199 763 1284 792 inter
1300 772 1352 794 eas
1367 764 1554 803 aliquandiu
1570 765 1708 803 litigato,
1729 771 1862 804 utraque
1884 767 2025 804 ipsarum
2041 767 2156 797 electa-

1163 827 1175 842 ιι
1200 825 1291 852 rum,
1309 816 1392 846 dicta
1411 818 1576 856 questione
1594 819 1766 856 pendente,
1785 820 1869 848 viam
1891 820 2039 849 universe
2054 820 2159 849 carnis

1163 880 1176 895 n
1200 869 1346 904 intravit,
1370 870 1485 908 quibus
1507 870 1714 900 ecclesiastice
1739 871 1861 900 traditis
1884 872 2056 910 sepulture,
2076 873 2159 910 prio-

1163 932 1177 947 »
1201 921 1281 951 rissa
1297 926 1326 951 et
1342 926 1517 952 conventus
1533 923 1608 952 dicti
1624 924 1808 953 monasterii
1823 948 1829 960 ,
1851 924 1902 953 die
1921 924 1960 953 ad
1976 924 2161 962 eligendum

1163 985 1177 999 n
1202 974 1330 1012 prefixa,
1352 978 1382 1004 et
1397 975 1435 1004 ad
1453 975 1554 1013 ipsam
1571 976 1655 1005 diem
1670 977 1786 1006 vocatis
1805 977 1946 1015 personis
1961 986 2022 1015 que
2037 977 2162 1007 fuerant

1163 1038 1178 1053 »
1203 1028 1372 1063 evocande,
1389 1028 1528 1066 predicta
1541 1029 1592 1058 die
1607 1033 1723 1059 statuta
1737 1029 1940 1065 adveniente,
1957 1030 2060 1067 ipsam
2076 1030 2163 1060 diem

1130 1084 1133 1086 ’
1164 1092 1177 1107 n
1203 1081 1368 1110 communi
1391 1090 1548 1111 consensu
1570 1086 1819 1120 prorogaverunt
1841 1087 1870 1111 et
1896 1083 2164 1112 continuaverunt

1166 1145 1179 1160 n
1202 1134 1236 1162 in
1253 1134 1339 1163 diem
1358 1135 1502 1173 proximo
1519 1136 1783 1174 subsequentem,
1801 1136 1835 1164 in
1854 1144 1916 1174 quo
1934 1136 1984 1165 die
2000 1139 2164 1174 prorogato

1165 1201 1178 1215 r>
1203 1189 1327 1228 pulsata
1340 1198 1494 1228 campana
1509 1191 1548 1220 ad
1564 1190 1738 1229 capitulum
1754 1191 2013 1229 congregandum
2025 1214 2032 1227 ,
2051 1195 2081 1221 et
2098 1191 2165 1229 ipso

1165 1255 1178 1269 >1
1203 1243 1339 1281 capitulo
1354 1248 1564 1281 congregato,
1583 1244 1782 1282 presentibus
1804 1244 1955 1273 omnibus
1976 1244 2031 1282 qui
2048 1243 2167 1274 debue-

1166 1307 1178 1321 n
1203 1300 1289 1331 runt,
1308 1296 1478 1326 voluerunt
1496 1302 1523 1327 et
1540 1301 1711 1336 potuerunt
1724 1297 1853 1327 comode
1867 1297 2029 1334 interesse,
2050 1297 2167 1335 placuit

1165 1363 1179 1378 »
1203 1350 1364 1381 universis
1381 1354 1409 1379 et
1428 1350 1566 1388 singulis
1581 1351 1620 1380 ad
1640 1351 1855 1389 provisionem
1868 1351 1968 1388 ipsius
1981 1351 2166 1380 monasterii

1167 1417 1179 1430 n
1205 1413 1260 1443 per
1277 1404 1361 1433 viam
1382 1404 1530 1433 scrutinii
1546 1404 1725 1442 procedere,
1743 1404 1914 1442 assumptis
1931 1408 1960 1433 et
1976 1404 2082 1434 electis
2097 1413 2165 1434 Octo

1166 1469 1180 1483 »
1205 1457 1347 1496 personis
1375 1466 1436 1496 que
1461 1461 1580 1487 secreto
1609 1462 1639 1486 et
1667 1457 1830 1495 sigillatim
1855 1461 2071 1487 scrutarentur
2096 1460 2167 1486 vota

1166 1523 1180 1538 r»
1204 1516 1392 1540 cunctorum
1423 1515 1452 1540 et
1486 1520 1522 1540 ea
1549 1511 1582 1539 in
1613 1511 1737 1549 scriptis
1761 1511 1944 1548 redigerent
1973 1514 2004 1540 et
2030 1519 2102 1540 mox
2132 1510 2169 1539 in

1167 1577 1180 1591 x»
1205 1565 1370 1594 communi
1388 1564 1597 1603 publicarent,
1613 1574 1674 1603 que
1691 1573 1834 1603 persone,
1850 1565 2029 1594 secedentes
2047 1564 2079 1593 in
2096 1572 2165 1602 par-

1168 1631 1179 1643 u
1205 1622 1286 1653 tem,
1313 1617 1498 1655 diligenter,
1526 1619 1644 1648 secreto
1676 1622 1706 1647 et
1735 1617 1899 1655 sigillatim
1929 1621 2064 1647 scrutate
2091 1621 2167 1646 sunt

1168 1684 1180 1699 r,
1205 1675 1276 1701 vota
1301 1675 1488 1701 cunctorum
1509 1676 1538 1701 et
1563 1680 1598 1701 ea
1620 1672 1653 1700 in
1670 1671 1794 1710 scriptis
1812 1671 1936 1700 redacta
1952 1670 2166 1700 incontinenti

1167 1736 1180 1751 n
1205 1725 1237 1754 in
1249 1725 1413 1754 communi
1423 1724 1636 1763 publicarunt.
1649 1725 1741 1753 Prius
1754 1729 1858 1753 tamen
1871 1732 1967 1762 quam
1981 1723 2166 1761 hujusmodi

1167 1790 1180 1804 υ
1205 1778 1284 1808 foret
1304 1778 1497 1808 scrutinium
1519 1777 1712 1817 publicatum
1726 1800 1733 1814 ‚
1759 1777 1993 1815 Hemengardis
2011 1777 2049 1806 de
2072 1776 2167 1807 Sues-

1167 1843 1181 1858 »
1206 1831 1294 1861 sione
1311 1835 1341 1861 et
1355 1831 1505 1861 Johanna
1520 1831 1559 1860 de
1575 1831 1733 1869 Crispeio,
1751 1830 1906 1860 moniales
1921 1831 2020 1868 ipsius
2041 1838 2167 1859 monas-

1168 1898 1180 1911 ι)
1206 1885 1293 1922 terii,
1318 1889 1427 1915 contra
1449 1885 1662 1922 Margaretarn
1677 1907 1684 1921 ,
1703 1884 1875 1913 monialem
1892 1888 1922 1913 et
1938 1883 2169 1912 thesaurariam

1168 1951 1181 1966 η
1205 1939 1305 1978 ipsius
1330 1938 1540 1974 monasterii,
1564 1947 1604 1967 ne
1627 1937 1797 1975 eligeretur
1821 1937 1856 1966 in
1879 1937 2069 1966 abbatissam
2092 1936 2169 1965 dicti

1166 2005 1177 2020 ›
1206 1992 1403 2028 monasterii,
1421 1991 1552 2030 objectis
1568 1992 1596 2020 ei
1611 1991 1804 2030 quibusdam
1819 1990 2010 2020 criminibus
2023 1990 2056 2018 in
2071 1989 2168 2027 scrip-

1168 2059 1181 2073 »
1206 2046 1261 2082 tis,
1278 2045 1318 2075 ad
1335 2045 1442 2075 sedem
1459 2045 1664 2084 apostolicam
1685 2044 1902 2083 appellarunt,
1921 2048 1950 2073 et
1969 2052 2042 2073 cum
2065 2047 2170 2072 essent

1168 2111 1181 2125 »
1205 2099 1239 2128 in
1256 2100 1406 2129 universo
1423 2099 1605 2136 octuaginta
1623 2107 1674 2128 sex
1694 2106 1826 2136 persone
1844 2098 1877 2126 in
1894 2097 2045 2127 electione
2062 2104 2170 2125 vocem

1168 2166 1181 2180 »
1207 2153 1380 2189 babentes,
1401 2162 1437 2182 ex
1456 2153 1572 2191 quibus
1592 2161 1645 2181 sex
1668 2152 1795 2181 vocibus
1815 2151 1880 2180 suis
1900 2150 2171 2180 renuntiaverunt

1169 2218 1182 2232 n
1207 2214 1364 2244 expresse,
1382 2205 1538 2244 publicato
1554 2204 1720 2240 scrutinio,
1737 2204 1883 2242 apparuit
1901 2207 1930 2232 et
1945 2202 2083 2232 constitit
2101 2206 2171 2230 vota

1169 2271 1182 2285 »
1207 2258 1398 2297 eligentium
1418 2259 1450 2287 in
1472 2259 1613 2288 diversas
1640 2257 1737 2287 fuisse
1760 2257 1882 2292 divisa,
1910 2255 2119 2294 quadraginta
2143 2259 2172 2283 et

1170 2324 1182 2338 n
1208 2318 1276 2342 octo
1293 2322 1329 2342 ex
1344 2313 1389 2341 eis
1405 2313 1438 2340 in
1457 2311 1628 2350 predictam
1646 2311 1870 2348 Margaretam,
1884 2309 2125 2343 thesaurariam,
2141 2311 2170 2336 et

1170 2378 1183 2392 ³>
1208 2365 1399 2404 quibusdam
1423 2374 1458 2394 ex
1478 2365 1610 2403 reliquis
1630 2365 1663 2393 in
1687 2364 1863 2393 Beatricem
1883 2363 1920 2392 de
1936 2362 2084 2396 Actiaco,
2102 2368 2170 2389 mo-

1171 2432 1184 2446 »
1210 2419 1310 2448 niales
1335 2419 1409 2448 dicti
1434 2418 1631 2451 monasterii,
1650 2416 1861 2453 dirigentibus
1878 2420 1947 2444 vota
1964 2423 2038 2450 sua;
2057 2418 2086 2442 et
2104 2416 2172 2450 post

1172 2486 1184 2499 1>
1207 2472 1392 2511 hujusmodi
1412 2471 1661 2509 publicationem
1684 2470 1852 2499 collatione
1875 2473 1995 2502 secuta,
2019 2467 2171 2496 discretus

1172 2538 1184 2552 n
1210 2525 1259 2554 vir
1282 2526 1377 2554 frater
1401 2524 1574 2559 imbertus,
1602 2524 1686 2561 prior
1708 2522 1814 2552 Sancti
1840 2521 1967 2550 Eusebii
1994 2518 2172 2548 Autisiodo-

1173 2590 1185 2605 n
1210 2578 1322 2608 rensis.
1342 2586 1425 2606 unus
1442 2586 1477 2605 ex
1495 2575 1722 2605 scrutatoribus
1746 2574 1905 2613 predictis,
1924 2573 1960 2601 de
1980 2572 2127 2601 mandato
2143 2575 2173 2600 et

1173 2644 1185 2658 ›»
1211 2631 1373 2661 voluntate
1399 2629 1546 2658 omnium
1569 2637 1775 2666 personarum
1801 2636 1861 2665 que
1889 2628 2114 2655 consenserant
2137 2624 2171 2652 in

1173 2698 1185 2712 n
1212 2686 1293 2714 dicto
1314 2683 1484 2717 scrutinio,
1503 2683 1603 2719 ipsam
1624 2682 1665 2719 (l)
1684 2681 1887 2717 Margaritam
1906 2678 2002 2715 clegit
2019 2679 2051 2706 in
2075 2677 2172 2706 abba-

1175 2751 1187 2765 »
1215 2739 1322 2768 [issam
1344 2735 1531 2765 monasterii
1560 2734 1752 2771 supradicti,
1778 2737 1808 2761 et
1832 2732 1983 2768 magister
2006 2730 2173 2759 «Iohannes

1175 2806 1186 2818 »
1213 2790 1324 2821 Felicii
1343 2790 1381 2818 de
1398 2788 1517 2823 Trecis,
1535 2787 1706 2816 canonicus
1726 2785 1904 2819 Belnensis,
1923 2784 2088 2813 Trecensis
2106 2783 2172 2812 dio-

1175 2858 1187 2872 »
1213 2846 1304 2879 cesis,
1321 2843 1359 2872 de
1376 2842 1537 2872 voluntate
1554 2845 1583 2869 et
1598 2840 1747 2868 mandato
1763 2843 1950 2868 cunctarum
1967 2845 2173 2876 personarum

1175 2911 1188 2925 n
1213 2907 1273 2936 que
1298 2899 1523 2926 consenserant
1545 2895 1575 2922 in
1597 2893 1752 2922 scrutinio
1773 2893 1805 2921 in
1834 2892 1950 2921 dictam
1980 2891 2173 2925 Beatiicem,

1175 2965 1188 2977 n
1213 2951 1307 2988 elegit
1340 2950 1371 2977 iu
1399 2948 1589 2977 abbatissam
1622 2945 1807 2975 monasterii
1839 2944 2026 2981 memorati,
2060 2944 2176 2982 quibus

1207 3063 1236 3093 'li
1256 3062 1303 3085 ΜΞ..
1323 3069 1326 3083 ῑ
1348 3063 1373 3083 ξι,
1392 3062 1490 3088 ι’]ἰείιηι4
